3976 6340
255 264 391 323 1181

1358 262 1928 331 RECOGNITIONES.
1968 294 2036 305 —
2066 263 2432 323 PROlEMlA.

3355 268 3498 325 “82

252 376 429 428 cuitus
472 391 503 429 a
539 373 800 430 Clemente
840 378 1157 449 conscripti,
1186 381 1451 449 Περιόδοι
1493 382 1817 453 καλούμεναι

1926 376 2157 432 homines
2209 377 2279 431 ad
2326 386 2668 433 assertionem
2725 389 3027 453 aogmatum
3075 398 3290 438 suorum
3311 424 3327 449 ,
3399 388 3498 441 sub

252 465 504 535 Πέτρου.
536 465 652 531 Quo
688 467 741 520 in
772 468 933 533 libro,
977 471 1159 539 paucis
1190 471 1324 525 veris
1369 472 1566 526 relictis
1589 515 1604 537 ,
1633 484 1820 528 cratera

252 568 676 626 supposuerant;
704 558 1141 627 quemadmodum
1167 558 1404 616 Clemens
1449 563 1557 632 ipse
1584 564 1822 618 omnibus

251 648 375 702 illos
419 648 591 703 modis
627 651 891 721 redarguit
923 652 990 706 iis
1033 652 1274 721 epistolis
1307 653 1678 719 circularibus,
1707 672 1824 728 qua:

254 738 321 792 ab
347 756 407 794 eo
435 741 663 810 scriptae,
693 742 746 795 in
781 745 1133 798 sacrosanctis
1165 743 1415 799 Ecclesiis
1443 747 1711 817 leguntur.
1739 745 1825 800 Ea:

255 834 446 903 quibus
481 844 686 888 constat
714 835 863 907 longe
899 836 964 889 ab
994 836 1082 903 iis,
1109 854 1228 906 qua:
1266 837 1321 891 in
1350 836 1681 894 Circuilibus
1712 839 1822 894 illis

254 923 352 979 sub
384 924 499 994 ejus
548 928 756 981 nomine
786 928 1091 982 adulterina
1126 938 1366 997 exstant,
1400 930 1543 984 illius
1576 932 1731 1000 fidem
1762 948 1824 987 ac

256 1033 551 1071 sermonem
586 1019 936 1075 abhorruisse.
969 1019 1178 1076 Etenim
1204 1021 1558 1091 virginitatem
1586 1023 1822 1079 Clemens

254 1110 460 1176 docuit,
488 1109 581 1164 isti
614 1111 888 1180 repudiant
921 1128 940 1166 :
963 1113 1054 1166 ille
1085 1111 1284 1179 Eliam,
1311 1112 1564 1167 Davidem
1592 1126 1639 1168 et
1665 1114 1819 1170 Sam-

257 1218 474 1265 sonem,
519 1220 795 1274 omnesque
840 1204 1119 1275 prophetas
1157 1206 1523 1269 commendat,
1564 1204 1829 1263 Ebionito

257 1293 607 1348 detestantur.
641 1294 816 1360 Quare
846 1295 899 1348 in
928 1294 1261 1352 Circuitibus
1292 1297 1411 1350 istis
1447 1313 1600 1350 suum
1641 1297 1711 1352 ad
1742 1299 1827 1353 in-

253 1386 501 1440 stitutum
537 1389 1001 1441 accommodarunt
1024 1389 1221 1455 omnia,
1245 1405 1306 1442 ac
1328 1389 1391 1443 de
1410 1387 1568 1443 Petro
1587 1387 1827 1461 plurima

249 1471 521 1525 mendacia
557 1472 942 1542 conﬁnxerunt.
989 1471 1303 1542 Cujusmodi
1345 1483 1421 1528 est
1463 1474 1597 1528 inter
1638 1484 1829 1530 cratera

249 1563 400 1617 illum
455 1565 786 1619 castimonia:
833 1582 998 1620 causa
1050 1565 1273 1628 lavisse,
1323 1566 1462 1637 quod
1508 1568 1601 1621 isti
1655 1568 1830 1639 facere

248 1666 643 1713 consueverunt.
677 1657 809 1712 Tum
834 1657 898 1711 ab
928 1659 1180 1713 animatis
1218 1660 1479 1724 omnibus,
1506 1671 1555 1716 et
1576 1662 1825 1718 carnibus

1926 471 2157 526 uirorum
2203 479 2509 526 sanctorum
2552 474 2762 528 nomine
2808 485 3057 545 tanquam
3113 477 3325 547 facilius
3383 495 3497 534 cre-

1926 563 2097 618 denda
2154 564 2485 618 inseruerunt
2545 581 2639 631 ea,
2696 583 2812 637 qua:
2873 568 2958 622 illi
2995 586 3087 623 nec
3141 570 3364 624 sensisse
3404 587 3500 626 nes

1928 655 2202 724 scripsisse
2253 655 2497 709 censendi
2543 666 2685 713 sunt.
2748 660 2805 713 In
2866 660 3184 731 praefatione
3214 678 3345 717 vero
3385 678 3501 720 sua

1926 746 2242 801 earumdem
2287 747 2553 805 librorum
2607 748 3078 820 interpretationis
3123 754 3238 809 haec
3292 755 3495 811 habet:

1928 835 2066 891 Sunt
2097 845 2147 890 et
2177 836 2419 908 quaedam
2448 837 2511 892 de
2545 839 2775 909 ingenito
2803 840 2913 895 Deo
2946 843 3218 914 genitoque
3246 844 3497 913 disserta,

1924 936 1973 981 et
2012 928 2076 981 de
2115 929 2240 983 aliis
2279 931 2571 997 nonnullis,
2621 948 2759 1003 qute,
2790 943 2848 986 ut
2870 934 3003 989 nihil
3039 938 3265 1005 amplius
3299 938 3497 1005 dicunt,

1925 1032 2254 1074 excesserunt
2296 1021 2700 1090 intelligentiam
2748 1036 3007 1082 nostram.
3058 1026 3187 1082 Haec
3213 1044 3336 1099 ergo
3378 1038 3500 1084 tan-

1925 1126 2084 1179 quam
2105 1126 2265 1179 supra
2295 1114 2426 1166 uires
2457 1127 2598 1166 meas
2626 1122 2829 1179 essent,
2858 1115 2982 1171 aliis
3006 1133 3274 1172 reservare
3304 1121 3496 1187 malui,

1925 1218 2084 1270 quant
2112 1204 2282 1255 minus
2306 1204 2463 1271 plena
2489 1203 2743 1272 proferre.
2794 1205 3008 1270 Quibus
3054 1206 3145 1263 ille
3178 1211 3500 1278 posteriori-

1928 1291 2032 1347 bus
2070 1292 2253 1348 verbis
2304 1309 2417 1348 non
2464 1293 2703 1350 obscure
2754 1295 2954 1361 innuit,
2998 1297 3114 1352 haec
3164 1301 3347 1355 omnia
3376 1317 3406 1355 a
3440 1317 3501 1358 se

1928 1383 2170 1446 omissa.
2222 1398 2323 1439 nec
2355 1383 2547 1440 Latine
2603 1384 2835 1443 reddita.
2883 1386 3075 1444 Varios
3132 1388 3356 1462 insuper
3409 1392 3500 1449 ille

1929 1476 2119 1531 habuit
2165 1478 2572 1549 manuscriptos
2618 1479 2864 1545 codices,
2914 1495 2945 1534 a
2974 1496 3033 1537 se
3065 1482 3298 1538 invicem
3342 1484 3501 1559 [iunge

1928 1570 2197 1635 diversos,
2230 1577 2394 1640 atque
2425 1570 2480 1624 in
2507 1570 2836 1641 quibusdam
2859 1574 3149 1638 nonnulla,
3177 1589 3240 1628 ac
3268 1589 3333 1631 ea
3361 1592 3500 1646 prae-

1929 1663 2117 1718 sertim
2162 1678 2284 1733 qua:
2314 1662 2382 1718 de
2413 1663 2899 1721 transformatione
2934 1666 3119 1722 vultus
3157 1665 3499 1724 Faustiniani

249 1745 555 1817 reliquoque
602 1748 779 1812 omni,
824 1747 962 1818 quod
1012 1766 1170 1803 carne
1216 1760 1436 1815 constet,
1470 1752 1821 1816 abstinuisse;
1854 1734 1895 1788 Β
1924 1752 2203 1819 dicuntur,
2250 1767 2359 1806 non
2399 1755 2711 1809 occurrisse
2760 1757 3056 1810 observat:
3090 1754 3249 1819 Puto,
3296 1757 3497 1827 inquit,

249 1841 494 1909 quoniam
517 1840 580 1893 ab
612 1841 676 1894 iis
704 1850 813 1895 tam
847 1840 1014 1895 Ebion
1039 1841 1169 1895 olim
1190 1859 1351 1913 quam
1381 1844 1534 1898 hodie
1564 1843 1824 1899 Ebionita:

245 1949 430 1987 omnes
467 1931 772 1988 abhorrent.
817 1931 897 1987 Re
922 1943 1103 1988 autem
1137 1949 1284 1999 vera,
1324 1935 1380 1990 in
1403 1935 1490 1991 his
1520 1936 1677 1992 libris
1698 1937 1823 1991 dili-

243 2032 439 2095 genter
481 2023 807 2079 observatur
864 2022 1083 2079 Petrum
1144 2040 1310 2081 mane
1361 2026 1585 2084 lavisse.
1632 2029 1691 2083 ln
1735 2029 1823 2085 his

240 2115 412 2170 etiam
427 2113 624 2171 Petrus
648 2114 856 2171 dixisse
886 2114 1057 2171 fertur
1078 2116 1156 2169 "z
1184 2114 1353 2171 Panis
1384 2118 1511 2172 mihi
1534 2119 1680 2174 solus
1703 2137 1822 2175 cum

244 2208 421 2271 oliuis,
467 2216 517 2263 et
561 2224 686 2263 raro
729 2208 889 2262 etiam
932 2223 1050 2261 cum
1104 2207 1331 2263 oleribus
1385 2210 1440 2264 in
1474 2226 1573 2264 usu
1612 2220 1711 2267 est.
1762 2210 1822 2267 lu

242 2300 333 2357 his
364 2299 597 2371 denique
624 2300 882 2357 Christus
935 2302 1087 2357 solus
1128 2301 1331 2371 ubique
1351 2318 1517 2359 verus
1549 2301 1820 2374 Propheta

248 2391 426 2450 fuisse
478 2394 767 2450 asseritur.
817 2392 991 2448 Porro
1043 2393 1088 2448 si
1136 2391 1474 2464 Epiphanius
1531 2397 1818 2459 nonnulla,

245 2500 371 2555 qua
399 2487 457 2540 in
486 2484 574 2541 his
604 2485 760 2540 libris
810 2484 1034 2539 minime
1063 2494 1383 2550 occurrunt,
1441 2487 1697 2542 retulisse
1740 2487 1823 2542 vi-

242 2570 461 2637 deatur,
497 2571 589 2627 ille
617 2573 863 2644 proiecto
896 2574 951 2629 in
976 2575 1226 2629 diversos
1253 2574 1322 2628 ab
1346 2575 1434 2641 iis,
1475 2576 1678 2646 quibus
1706 2576 1821 2632 Ru-

241 2666 393 2724 ﬁnus
422 2682 575 2725 suam
603 2668 772 2726 edidit.
804 2671 1132 2735 versionem,
1168 2669 1389 2728 codices
1437 2673 1698 2731 incidisse
1736 2676 1821 2732 di-

240 2758 460 2815 cendus
487 2766 587 2815 est.

772 2850 1170 2907 ARTICULUS
1207 2852 1297 2910 IV.

459 2941 727 3014 Sententia
756 2943 934 3014 Rufini
962 2955 1009 2999 et
1034 2945 1213 3000 Photii
1234 2946 1298 3002 de
1322 2947 1402 3002 his
1436 2948 1608 3004 libris.

316 3032 514 3105 Opinio
562 3036 809 3105 ejusdem
866 3051 1083 3142 quoque
1110 3037 1295 3092 Ruﬁni
1347 3049 1451 3105 est,
1496 3041 1599 3097 hos
1646 3041 1817 3098 libros
1842 3078 1888 3142 ϐ

242 3144 276 3183 a
300 3128 581 3185 Clemente
611 3128 857 3184 Romano
878 3128 1136 3201 pontifice
1179 3140 1459 3202 exaratos,
1487 3148 1691 3207 eosque
1719 3134 1817 3191 de-

240 3227 503 3290 pravatos
530 3219 697 3275 luisse
727 3221 794 3275 ab
825 3220 1132 3289 haereticis;
1164 3224 1257 3278 sed
1288 3225 1442 3293 plura
1473 3241 1635 3295 quam
1662 3234 1816 3298 putat

241 3309 601 3382 Epiphanius,
646 3313 877 3382 integra,
902 3320 956 3367 et
984 3313 1052 3368 ab
1084 3314 1202 3383 ipso
1231 3314 1511 3372 Clemente
1537 3332 1664 3373 vere
1688 3335 1815 3389 pro-

241 3403 409 3468 fecta,
437 3404 492 3457 in
525 3404 593 3458 iis
617 3418 717 3458 suo
748 3411 989 3472 tempore
1028 3404 1339 3460 occurrisse
1386 3412 1641 3461 testatur.
1683 3406 1814 3477 Ejus

237 3495 435 3558 verba,
466 3495 592 3549 licet
622 3495 785 3565 paulo
812 3494 1132 3563 prolixiora,
1167 3496 1295 3565 quia
1328 3496 1395 3550 ad
1426 3512 1539 3551 rem
1567 3505 1813 3554 nostram

240 3603 355 3642 non
389 3603 580 3658 parum
637 3583 867 3649 iaciunt,
899 3588 987 3642 hic
1011 3587 1425 3643 transcrilienda
1453 3605 1573 3645 esse
1604 3590 1817 3661 putavi-

242 3695 372 3737 mus
400 3680 465 3731 “:
500 3679 770 3742 Clemens,
818 3678 1033 3749 inquit,
1085 3680 1445 3749 apostolorum
1500 3682 1813 3750 discipulus,

240 3774 335 3842 qui
365 3771 617 3826 Romana:
649 3771 899 3827 Ecclesia:
930 3783 1048 3842 post
1088 3775 1353 3843 apostolos
1386 3784 1436 3828 et
1466 3774 1736 3845 episcopus
1765 3785 1815 3830 et

240 3871 454 3934 martyr
476 3864 711 3931 prtefuit,
752 3862 911 3919 libras
936 3862 1122 3930 edidit,
1149 3866 1238 3936 qui
1268 3863 1446 3919 Greece
1482 3866 1817 3934 appellantur

260 3954 723 4027 ’Λναγνωρισμός,
747 3954 799 4009 id
836 3952 1343 4026 estRecognitio;in
1386 3956 1570 4027 quibus
1608 3974 1725 4010 cum
1753 3973 1818 4011 ex

241 4063 473 4118 persona
500 4044 642 4100 Petri
668 4047 893 4115 apostoli
916 4045 1160 4101 doctrina
1194 4048 1349 4118 quasi
1382 4064 1497 4101 vere
1526 4050 1817 4116 apostolica

244 4137 300 4190 in
337 4154 494 4207 quam
527 4138 769 4205 plurimis
798 4148 1111 4205 exponatur,
1146 4140 1202 4192 in
1230 4139 1492 4210 aliquibus
1532 4141 1609 4194 ita
1634 4140 1817 4195 Euno-

242 4230 341 4285 mii
364 4228 552 4299 dogma
571 4230 850 4292 scribitur,
882 4239 938 4284 ut
979 4231 1111 4287 nihil
1137 4231 1285 4284 aliud
1310 4248 1467 4303 quam
1495 4233 1604 4302 ipse
1633 4232 1816 4288 Euno-

242 4323 384 4375 mius
428 4322 699 4389 disputare
742 4323 1010 4387 credatur,
1045 4321 1246 4377 Filium
1290 4323 1388 4377 Dei
1424 4336 1721 4379 creaturam
1748 4343 1814 4381 ea:

1924 1842 2062 1913 quod
2093 1853 2142 1897 te
2169 1859 2273 1898 non
2304 1843 2469 1898 lateat
2491 1843 2773 1900 Clementis
2804 1846 2960 1915 hujus
2990 1847 3044 1900 in
3068 1845 3250 1901 erco
3265 1848 3499 1917 ejusdem

1923 1935 2094 2004 operis
2144 1932 2544 2003 'Avayvcbaewv,
2590 1934 2686 1989 hoc
2733 1944 2810 1990 est
2852 1935 3327 2008 Recognitionum,
3361 1940 3500 1996 duas

1921 2025 2175 2080 editiones
2226 2024 2428 2091 haberi,
2473 2035 2522 2081 et
2561 2026 2666 2081 duo
2706 2043 2926 2096 corpora
2972 2045 3085 2083 esse
3134 2029 3410 2096 librorum,
3442 2032 3499 2087 in

1922 2118 2214 2188 aliquantis
2245 2117 2454 2188 quidem
2482 2117 2714 2186 diversa,
2740 2120 2797 2173 in
2830 2120 3015 2173 multis
3060 2130 3232 2175 tamen
3266 2122 3498 2192 ejusdem

1921 2209 2252 2264 narrationis
2281 2226 2301 2266 :
2326 2208 2547 2279 denique
2578 2225 2701 2279 pars
2728 2199 2941 2263 .ultima
2987 2212 3146 2281 hujus
3199 2215 3393 2283 operis,
3443 2217 3503 2271 in

1918 2315 2023 2370 qua
2048 2298 2111 2354 de
2139 2301 2606 2371 transformatione
2638 2302 2869 2357 Simonis
2892 2303 3137 2373 refertur,
3162 2306 3217 2359 in
3240 2322 3344 2362 uno
3372 2324 3496 2361 cor-

1916 2405 2041 2458 pore
2073 2390 2315 2456 habetur,
2363 2393 2420 2447 in
2470 2393 2577 2447 alio
2622 2411 2724 2448 non
2760 2393 3003 2450 habetur.
3048 2394 3230 2451 Monet
3263 2397 3500 2468 denique

1918 2481 2205 2551 epistolam
2252 2481 2546 2539 Clementis
2602 2484 2667 2539 ad
2688 2482 2950 2540 Iacobum
3002 2484 3224 2545 fratrem
3256 2487 3497 2555 Domini,

1920 2585 2043 2640 quae
2085 2570 2215 2626 huic
2255 2572 2408 2643 operi
2456 2572 2676 2644 praeﬁxa
2717 2584 2854 2640 erat,
2903 2590 2933 2631 a
2962 2592 3021 2632 se
3051 2576 3226 2634 fuisse
3272 2587 3500 2650 prseter-

1923 2662 2151 2718 Inissam
2176 2682 2190 2719 :
2218 2662 2517 2733 Epistolam
2555 2682 2683 2720 sane
2725 2666 2781 2719 in
2811 2684 2916 2737 qua
2958 2668 3095 2723 idem
3128 2668 3388 2738 Clemens,
3428 2672 3498 2726 ad

1918 2753 2183 2809 Iacobum
2215 2756 2436 2825 fratrem
2454 2756 2669 2811 Domini
2698 2758 3022 2816 scribens....
3052 2760 3169 2815 ideo
3199 2762 3318 2817 huic
3354 2766 3499 2833 operi

1919 2863 2024 2902 non
2048 2847 2375 2916 prtcmisi....
2398 2848 2522 2919 quia
2550 2857 2601 2903 et
2632 2858 2857 2919 tempore
2882 2854 3141 2920 posterior
3169 2866 3270 2920 est,
3298 2866 3347 2911 et
3371 2856 3497 2911 olim

1920 2954 1953 2991 a
1982 2954 2063 2991 me
2103 2938 2449 3007 interpretata
2480 2948 2637 3010 atque
2661 2940 2825 2995 edita.

1988 3027 2215 3086 Photius
2254 3044 2407 3094 vero,
2441 3031 2535 3102 qui
2576 3032 2763 3101 plures
2802 3034 2967 3088 etiam
3017 3033 3287 3092 habuerat
3332 3038 3497 3108 hujus

1918 3119 2101 3190 operis
2142 3120 2363 3178 codices
2403 3137 2569 3176 manu
2595 3131 2874 3190 exaratos,
2898 3123 2967 3179 de
3006 3141 3071 3180 eo
3100 3128 3180 3182 sic
3205 3126 3395 3183 deﬁnit
3416 3130 3494 3183 “:

1919 3214 2162 3284 Epistola
2211 3216 2508 3287 prwﬁgitur
2558 3226 2812 3287 tanquam
2862 3215 2931 3270 ad
2966 3215 3224 3274 Iacobum
3274 3222 3497 3291 fratrem

1916 3305 2153 3372 Domini,
2179 3316 2228 3361 et
2250 3306 2360 3362 haec
2384 3324 2546 3378 neque
2569 3307 2772 3373 eadem,
2805 3325 2967 3379 neque
2996 3319 3053 3364 ut
3080 3312 3144 3365 ab
3173 3319 3352 3369 eodem
3374 3331 3498 3385 pro-

1914 3396 2074 3467 fecta,
2098 3396 2190 3452 sed
2230 3400 2286 3452 in
2322 3399 2473 3454 libris
2500 3400 2773 3454 nonnullis
2812 3400 2977 3454 veluti
3015 3419 3046 3455 a
3072 3402 3233 3458 Petro
3258 3407 3496 3476 apostolo

1916 3495 1984 3544 ad
2005 3489 2266 3545 Iacobum
2308 3494 2514 3547 missa:
2540 3495 2593 3548 in
2637 3494 2764 3549 aliis
2808 3512 2994 3551 rursus
3033 3506 3287 3570 tanquam
3322 3499 3495 3555 aCle—

1916 3590 2084 3636 mente
2106 3582 2175 3636 ad
2195 3581 2548 3642 Jacobum....
2573 3584 2761 3638 harum
2790 3586 2941 3654 prior
2965 3587 3196 3642 ostendit
3218 3588 3493 3657 ipsummet

1917 3674 2137 3729 Petrum
2168 3692 2249 3730 res
2280 3692 2312 3730 a
2342 3693 2398 3731 se
2436 3686 2611 3745 gestas
2657 3680 3066 3747 conscripsisse,
3100 3689 3149 3734 et
3169 3677 3371 3734 Iacobo
3401 3697 3492 3735 eas

1914 3767 2212 3837 postulanti
2262 3768 2473 3822 misisse
2519 3783 2539 3823 :
2582 3768 2755 3823 altera
2813 3787 2931 3824 vero
2973 3771 3132 3840 refert
3176 3769 3491 3827 Clementem

1916 3855 2064 3910 Petri
2108 3857 2268 3926 jussu
2330 3857 2541 3913 easdem
2597 3875 2678 3913 res
2740 3869 2913 3930 gestas
2973 3860 3166 3915 litteris
3224 3861 3488 3929 proditas,

1913 3961 2190 4022 postquam
2243 3951 2334 4005 ille
2374 3950 2492 4021 jam
2552 3952 2621 4005 ad
2679 3952 3038 4007 immortalem
3096 3957 3491 4024 commigrasset

1914 4039 2692 4106 vitam,Jacobotransmisisse.
2748 4041 2831 4095 Ex
2855 4060 2957 4113 quo
2999 4044 3300 4113 conjectura
3344 4046 3493 4114 capi-

1916 4146 2003 4189 tur
2022 4136 2184 4201 fuisse
2213 4152 2295 4190 res
2317 4144 2492 4204 gestas
2518 4134 2576 4192 S.
2598 4134 2743 4189 Petri
2772 4135 2986 4200 editas;
3008 4147 3061 4190 at
3092 4153 3214 4190 cum
3238 4138 3489 4205 temporis

1916 4229 2296 4299 longinquitate
2323 4228 2560 4297 periisset
2593 4230 2785 4292 altera,
2819 4228 2972 4282 illam
3001 4228 3288 4284 Clementis
3319 4229 3490 4284 solam

1915 4298 2248 4389 perdurasse.
2297 4317 2365 4371 In
2406 4318 2647 4371 omnibus
2699 4318 2835 4371 enim
2886 4317 3054 4380 libris.
3105 4336 3232 4389 quos
3283 4319 3490 4390 quidem

243 4412 410 4467 nullis
434 4414 760 4468 exstantibus
788 4430 1112 4471 asseverans.
1136 4414 1268 4472 Tum
1289 4413 1473 4468 deinde
1497 4417 1656 4470 etiam
1681 4417 1816 4470 illud
1846 4418 1891 4475 ι)
1919 4411 2049 4465 mihi
2092 4411 2262 4465 videre
2301 4410 2521 4480 contigit
2559 4408 2692 4480 (non
2729 4425 2928 4479 paucos
2974 4409 3094 4463 illos
3132 4411 3330 4479 certe),
3373 4420 3489 4479 post

241 4504 496 4557 adulterii
519 4520 680 4574 genus
711 4505 979 4569 inseritur,
1014 4514 1071 4557 ut
1100 4514 1347 4558 naturam
1372 4505 1573 4560 diaboli
1597 4517 1816 4562 ecetera-

239 4612 464 4667 rumque
494 4595 793 4650 dtemonum
833 4612 936 4649 non
972 4597 1232 4667 propositi
1276 4596 1661 4668 voluntatisque
1698 4617 1815 4653 ma-

243 4689 387 4752 litia,
430 4689 519 4742 sed
559 4699 774 4757 excepta
814 4705 876 4742 ac
912 4698 1159 4759 separata
1210 4700 1468 4745 creatura:
1503 4691 1812 4759 produxerit

240 4779 499 4844 qualitas,
535 4779 625 4848 qui
655 4777 833 4847 utique
870 4777 923 4831 in
954 4778 1155 4831 caeteris
1197 4795 1400 4832 omnem
1442 4780 1813 4835 rationabilem

240 4871 498 4925 docuerat
565 4869 714 4923 liberi
777 4869 990 4922 arbitrii
1044 4869 1299 4938 facultate
1344 4870 1619 4929 donatam.
1680 4870 1818 4927 Sunt

236 4966 405 5021 etiam
436 4962 693 5021 nonnulla
732 4962 882 5016 libris
913 4962 1028 5031 ejus
1060 4963 1285 5024 inserta,
1317 4980 1434 5033 qua:
1462 4965 1819 5020 ecclesiastica

240 5057 426 5126 regula
462 5056 673 5111 omnino
705 5071 809 5109 non
848 5054 1055 5121 recipit.
1110 5052 1270 5119 Quid,
1290 5056 1819 5126 quwso,apostolicus

238 5150 346 5210 uir,
391 5149 495 5201 imo
521 5162 648 5216 pene
691 5145 965 5215 apostolus
1007 5161 1112 5202 non
1140 5161 1202 5198 ea
1231 5144 1417 5198 scribit
1450 5163 1562 5215 qua:
1591 5149 1823 5217 apostoli

238 5240 460 5302 dicunt;
499 5238 583 5291 cui
613 5236 819 5291 Paulus
854 5235 1123 5305 apostolus
1155 5235 1513 5289 testimonium
1541 5236 1686 5291 dedit
1726 5238 1814 5293 di—

239 5348 405 5389 cens:
436 5349 455 5381 (
481 5330 613 5385 Cum
646 5329 906 5384 Clemente
945 5337 993 5384 et
1032 5326 1365 5396 adjutoribus
1416 5330 1544 5382 meis
1587 5332 1812 5394 caeteris,

238 5439 467 5492 quorum
499 5423 712 5477 nomina
738 5429 859 5475 sunt
896 5420 948 5473 in
988 5418 1121 5477 libro
1168 5418 1323 5482 uitta;
1350 5439 1368 5469 ι
1401 5430 1450 5473 et
1489 5421 1686 5476 scribat
1718 5423 1813 5478 hoc

238 5515 382 5585 quod
423 5515 575 5571 libris
618 5516 736 5570 vita:
776 5515 1099 5569 contrarium
1128 5514 1350 5568 estlAn
1390 5516 1443 5573 ia
1477 5516 1650 5585 potius
1692 5534 1808 5571 ore-

244 5604 471 5662 dendum
518 5617 626 5672 est,
680 5606 816 5676 quod
869 5622 1030 5676 supra
1078 5601 1344 5671 diximus,
1395 5606 1535 5675 quod
1585 5607 1810 5666 peruersi

321 5752 368 5789 "
398 5750 517 5810 Lib.
543 5768 618 5811 vn
643 5751 830 5827 Recog.
909 5754 956 5787 ⁸ο
981 5752 1101 5813 Lib.
1132 5752 1207 5809 De
1232 5751 1400 5808 adult.
1433 5750 1521 5806 lib.
1564 5748 1778 5819 Origen.

1917 4504 2155 4557 diuersas
2218 4502 2341 4555 illas
2387 4501 2677 4571 epistolas,
2722 4512 2876 4570 atque
2928 4502 3293 4569 inscriptiones
3351 4501 3488 4557 idem

1920 4596 2133 4650 omnino
2188 4595 2299 4647 sine
2355 4594 2649 4648 variatione
2680 4592 2776 4645 hoc
2812 4594 2978 4661 operis
3037 4594 3248 4647 initium
3283 4596 3486 4662 reperi:

1922 4706 1939 4739 ι
1972 4686 2078 4756 Ego
2107 4685 2348 4740 thmcns
2367 4726 2381 4747 ,
2409 4703 2428 4736 ι
2471 4694 2521 4738 et
2549 4699 2666 4753 qua:
2695 4683 2878 4738 ordine
2908 4685 3145 4753 deinceps
3175 4694 3482 4755 sequuntur.

1919 4778 2183 4847 Refertum
2211 4786 2287 4831 est
2320 4785 2492 4829 autem
2516 4775 2613 4829 hoc
2637 4789 2763 4843 opus
2797 4774 3040 4828 absurdis
3065 4775 3216 4843 nugis
3244 4792 3346 4829 non
3374 4776 3487 4829 sine

1919 4868 2160 4937 plurimis
2190 4882 2255 4921 ex
2284 4867 2399 4920 Arii
2427 4866 2672 4934 opinione
2699 4865 2752 4917 in
2775 4863 2977 4918 Filium
3007 4864 3481 4934 blasphemiis......

1919 4957 2049 5013 liber
2079 4968 2252 5013 tamen
2284 4958 2535 5011 Actorum
2561 4956 2704 5010 Petri
2726 4957 3094 5027 perspicuitate
3119 4973 3181 5009 ac
3205 4958 3482 5028 gravitate,

1922 5050 2093 5105 adhuc
2120 5051 2354 5121 puritate
2381 5058 2431 5105 et
2462 5050 2778 5103 vehementia
2813 5050 3035 5119 aliisque
3065 5049 3319 5103 orationis
3344 5047 3485 5101 doti-

1922 5143 2037 5206 bus,
2070 5160 2247 5197 rerum
2288 5144 2412 5197 item
2446 5144 2713 5196 variarum
2753 5141 2996 5197 doctrina
3032 5150 3235 5195 tantum
3265 5139 3484 5196 Consti-

1920 5236 2157 5290 tutiones
2205 5244 2456 5303 superat,
2510 5234 2661 5288 nulla
2705 5242 2762 5287 ut
2803 5232 2897 5287 hos
2945 5235 3082 5287 inter
3121 5233 3478 5302 comparatio,

1919 5329 1989 5381 ad
2028 5344 2315 5382 sermonem
2369 5325 2509 5397 quod
2562 5327 2770 5389 attinet,
2816 5325 2934 5394 ﬁeri
2993 5323 3291 5381 debeat.....
3326 5323 3483 5379 Hune

1918 5420 2233 5476 Clementem
2283 5420 2511 5473 alterum
2554 5435 2587 5471 a
2610 5416 2768 5471 Petro
2801 5414 2946 5469 urbis
2968 5414 3146 5469 Romte
3185 5417 3479 5485 episcopum

1915 5512 2079 5581 fuisse
2136 5511 2350 5582 quidam
2378 5518 2675 5571 autumant,
2708 5506 2806 5561 alii
2833 5523 2950 5561 vero
2978 5517 3259 5578 quartum;
3288 5506 3477 5561 Linum

1913 5606 2050 5659 enim
2086 5603 2469 5657 etAnacletum
2509 5603 2644 5655 inter
2684 5608 2959 5670 utrumque
2998 5601 3266 5670 pontiﬁces
3313 5599 3477 5658 exsti-

1856 5747 1893 5780 ⁶¹
1937 5744 2186 5801 Biblioth.
2218 5744 2337 5801 cod.
2366 5759 2491 5799 εχει.
