3976 6340
587 452 728 506 Hinc
755 448 977 518 colligas
1011 445 1067 498 in
1103 439 1356 496 omnibus
1388 435 1562 490 Pbotii
1599 432 1880 490 codicibus
1914 431 2052 487 idem
2088 445 2152 486 ac

587 547 645 601 in
671 542 830 599 editis
860 536 1065 593 nostris
1095 532 1264 599 fuisse
1293 529 1475 599 operis
1506 526 1670 595 hujus
1704 525 1941 579 initium.
1982 521 2152 577 Porro

589 645 766 691 autem
798 630 999 691 nullus,
1033 625 1108 679 uti
1136 622 1443 692 opinamur,
1479 618 1582 675 sibi
1623 617 1781 672 facile
1807 614 2152 688 persuadebit

588 726 691 779 hoc
723 722 863 776 idem
891 731 1031 787 opus
1059 714 1126 767 ab
1153 709 1525 766 eruditissimo
1559 708 1651 762 illo
1681 707 1799 761 viro
1834 705 2002 760 fuisse
2031 705 2152 761 Cle-

586 816 755 872 menti
786 811 1187 882 adjudicatum;
1218 812 1277 858 ut
1303 811 1425 872 pote
1452 800 1546 869 qui
1587 800 1717 853 illud
1745 800 1919 868 ipsum
1952 801 2147 851 absur-

586 911 671 965 dis
699 907 857 978 nugis
886 913 939 961 et
960 902 1287 955 Arianorum
1318 892 1668 963 hlaspheniiis
1706 892 1981 963 oppletum
2027 905 2151 947 esse

584 1009 832 1058 testetur.

1115 1128 1510 1187 ARTICULUS
1546 1125 1610 1181 V.

587 1230 867 1288 Sententia!
890 1226 1237 1281 recentiorum
1271 1232 1541 1276 auctorum
1564 1218 1625 1270 de
1645 1217 1724 1269 his
1750 1214 1920 1278 libris,
1945 1222 1993 1268 et
2026 1210 2150 1284 quid

999 1296 1061 1349 de
1087 1296 1270 1349 iisdem
1294 1295 1361 1347 sit
1388 1288 1735 1345 sentiendum.

655 1414 839 1484 Neque
901 1427 1027 1467 vero
1076 1410 1403 1479 scriptorum
1450 1406 1816 1460 recentiorum
1869 1399 2151 1456 sententia

583 1508 765 1562 minus
804 1520 965 1575 quam
1015 1502 1386 1572 antiquiorum
1424 1514 1454 1552 a
1500 1513 1559 1553 se
1608 1496 1839 1550 invicem
1886 1491 2152 1548 dissident

580 1613 877 1668 secumque
906 1594 1246 1649 discordant.
1294 1590 1523 1658 Quidam
1570 1589 1711 1643 enim
1746 1602 1775 1640 a
1806 1584 1987 1639 Ruﬁni
2036 1582 2153 1652 opi-

586 1694 745 1747 nione
784 1707 890 1745 non
921 1691 1080 1759 longe
1135 1688 1335 1741 abeunt
1359 1725 1373 1749 ,
1412 1692 1469 1739 ut
1511 1682 1834 1736 Lambertus
1878 1676 2144 1732 Gruterus
2177 1678 2217 1731 Β

584 1783 890 1839 Venradius
914 1826 928 1849 ,
962 1781 1053 1850 qui
1086 1778 1152 1833 de
1187 1778 1273 1832 his
1308 1776 1464 1831 libris
1504 1776 1583 1831 sic
1630 1773 1797 1829 sentit
1832 1790 1846 1827 :
1880 1768 2149 1836 Quantum

584 1875 651 1929 ad
697 1873 1149 1944 liecognitionum
1208 1868 1655 1924 Clementinarum
1726 1865 1885 1917 libros
1938 1861 2146 1921 attinet,

580 1985 668 2022 eos
720 1983 831 2019 vere
864 1964 1116 2020 Clementi
1149 1972 1330 2015 nostro
1361 1958 1589 2023 ascribo,
1626 1956 1832 2013 tametsi
1874 1960 2147 2020 corruptos

576 2078 688 2116 esse
718 2074 1020 2129 agnoscam,
1063 2065 1118 2108 ut
1150 2055 1351 2107 dicetur
1402 2052 1566 2121 infra.
1614 2048 1679 2102 Et
1708 2054 1854 2103 certe
1886 2045 2147 2116 quasdam

581 2154 671 2208 ille
704 2159 853 2206 notat
880 2148 1282 2218 corruptiones,
1313 2145 1508 2216 quibus
1551 2158 1616 2198 ea
1659 2140 1840 2195 omnia
1874 2138 2149 2207 subjungit

581 2261 702 2316 qua:
733 2246 798 2300 de
832 2241 1168 2297 Faustiniani
1196 2240 1377 2293 vultus
1420 2234 1899 2292 transformatione
1948 2230 2147 2284 ibidem

582 2338 853 2407 leguntur.
908 2333 1137 2400 Quidam
1164 2342 1343 2385 autem
1395 2345 1518 2384 cum
1552 2325 1883 2382 Bellarmino
1924 2321 1991 2377 ad
2022 2320 2149 2391 Epi-

581 2428 764 2499 phanii
787 2427 1110 2483 sententiam
1131 2425 1304 2495 magis
1334 2423 1636 2485 inclinant;
1668 2427 1830 2488 atque
1849 2417 1949 2472 hos
1980 2415 2148 2472 libros

580 2520 650 2575 ab
708 2510 977 2575 haereticis
1034 2517 1176 2572 foede
1232 2522 1520 2583 cozruptos
1564 2527 1686 2567 esse
1715 2516 1987 2564 asserunt.
2042 2505 2148 2560 Sed

580 2611 924 2666 communior
970 2609 1203 2664 aliorum
1250 2606 1477 2675 hujusce
1527 2602 1787 2673 temporis
1832 2599 2149 2654 crilicorum

580 2704 763 2774 opinio
792 2703 1124 2758 Clementem
1160 2700 1423 2752 librorum
1453 2696 1669 2749 illorum
1720 2700 1994 2747 auctorem
2024 2705 2149 2744 esse

581 2804 763 2866 negat,
824 2794 1159 2863 aﬂirmatque
1208 2791 1329 2844 illos
1369 2788 1435 2845 ab
1461 2786 1644 2856 aliquo
1695 2783 1919 2840 secundi
1963 2781 2146 2838 saaculi

581 2888 847 2957 scriptore
885 2884 1055 2939 fuisse
1104 2883 1446 2951 depravatos,
1496 2892 1699 2949 eosque
1745 2878 1978 2949 repletos
2026 2888 2148 2929 esse

584 2977 800 3043 fabulis,
836 2980 1016 3048 nugis,
1050 2976 1303 3037 somniis,
1338 2972 1661 3035 mendaciis,
1691 2978 1853 3042 atque
1875 2968 2144 3026 sermoni-
2173 3006 2217 3065 α

580 3073 684 3126 bus
716 3069 1286 3141 disputationibusque
1320 3067 1541 3137 ineptis,
1582 3065 1835 3121 absurdis
1862 3073 1917 3120 et
1942 3063 2147 3119 ridicu-

581 3164 684 3230 lis;
716 3179 779 3218 ac
808 3163 1040 3233 denique
1064 3163 1117 3217 in
1152 3162 1219 3216 iis
1254 3161 1476 3229 reperiri
1511 3160 1873 3230 fragmentum
1904 3174 1970 3213 ex
2004 3158 2147 3213 libro

580 3255 909 3311 Bardesanis
958 3254 1121 3325 Syri,
1170 3252 1435 3306 adversus
1480 3250 1723 3323 Abydam
1775 3261 2151 3305 astronomum

585 3349 765 3413 edito,
815 3346 1036 3401 totidem
1076 3345 1257 3401 verbis
1302 3343 1713 3414 transcriptum.
1760 3341 2148 3413 Fragmentum

580 3450 759 3497 autem
791 3440 917 3495 illul
949 3437 1131 3513 abhis
1164 3436 1347 3492 verbis
1377 3437 1566 3506 incipit
1600 3436 1645 3467 “
1678 3454 1690 3489 :
1717 3433 1950 3505 Denique
1985 3433 2149 3504 primi

581 3532 755 3599 Seres,
789 3535 875 3603 qui
904 3531 1056 3586 initio
1088 3528 1229 3585 orbis
1266 3539 1441 3592 terrae,
1478 3535 1584 3585 etc.

651 3625 769 3680 Jam
799 3640 927 3681 vero
957 3624 1023 3679 de
1049 3623 1136 3678 his
1169 3623 1328 3677 libris
1371 3620 1501 3694 quid
1546 3620 1913 3685 sentiendum,
1945 3620 2028 3675 vel
2059 3620 2149 3675 cui

580 3718 822 3791 opinioni
855 3715 1237 3773 adhaerendum
1261 3714 1355 3778 sit,
1393 3716 1440 3770 si
1471 3722 1716 3784 rogetur,
1751 3714 1995 3769 dicemus
2025 3714 2147 3771 illos

576 3829 647 3870 eo
679 3811 860 3877 modo,
880 3826 989 3881 quo
1017 3824 1185 3872 nunc,
1218 3816 1270 3862 et
1314 3822 1344 3860 a
1380 3814 1460 3862 tot
1506 3807 1722 3864 saeculis
1748 3814 2148 3877 repraesentan-

580 3914 692 3971 tur,
744 3903 813 3959 ab
862 3901 1141 3957 Clemente
1191 3899 1441 3954 Romano
1504 3899 1780 3969 profectos
1835 3915 1946 3953 non
2001 3914 2143 3955 esse.

577 3994 807 4051 Constat
838 3994 985 4049 enim
1005 4008 1343 4064 quaecunque
1374 3992 1441 4048 de
1471 3992 1772 4046 mutatione
1794 3993 1976 4047 vultus
2004 3989 2147 4045 Fau-

578 4086 828 4151 stiuiani,
877 4095 931 4141 et
978 4093 1164 4155 postea
1210 4084 1283 4138 ibi
1334 4092 1649 4148 narrantur,
1700 4084 1920 4140 omnino
1955 4083 2147 4138 ﬁctilia

573 4197 723 4245 esse,
773 4188 827 4235 et
859 4186 1043 4249 aperte
1079 4176 1234 4233 falsa.
1282 4175 1348 4230 Et
1392 4190 1520 4231 vero
1565 4176 1651 4230 vel
1701 4176 1817 4230 sola
1860 4173 2153 4229 mendacia

574 4288 700 4344 quae
723 4270 885 4326 Petro
905 4270 1273 4340 apostolorum
1302 4266 1536 4338 principi
1570 4266 1769 4321 ibidem
1802 4266 2141 4333 tribuuntur,

1472 227 1531 283 S.
1566 224 1969 283 CLEMENTIS
2001 225 2020 280 l
2053 218 2218 278 ROM.
2257 215 2455 272 l’ONT.
2491 214 2714 270 OPERA
2757 214 2983 271 DUBlA.

2254 427 2473 482 Simone
2504 423 2659 495 Mago
2684 424 2842 493 longe
2875 420 3238 476 subtiliorem?
3262 420 3387 486 Quid
3414 439 3525 501 vero
3541 425 3593 480 de
3615 429 3699 497 ejus

2251 519 2464 574 ratione
2493 514 2731 578 vivendi,
2766 528 2924 567 mane
2954 511 3227 582 surgendi,
3284 512 3618 581 disputationes
3640 520 3701 573 in-

2250 609 2510 667 stituendi
2534 617 2588 663 et
2615 604 2935 667 ordinandi,
2976 604 3034 658 in
3076 605 3232 659 urbes
3263 603 3704 679 ingrediendi,atquc

2251 705 2319 759 ab
2347 703 2417 758 iis
2438 702 2529 772 qui
2560 699 2815 770 baptizati
2848 714 2955 752 non
2977 705 3153 759 erant,
3189 713 3300 753 sese
3333 702 3594 767 separandi.
3629 704 3702 759 dici

2249 794 2465 866 potest?
2490 791 2681 847 Nonne
2713 791 2826 847 haec
2864 790 3049 844 omnia
3078 790 3253 859 cperis
3282 789 3429 857 hujus
3458 794 3705 862 suppositio-

2249 901 2373 941 nem
2403 884 2684 940 evidenter
2714 882 2988 954 arguunt?
3017 879 3155 947 Quid
3178 880 3346 934 adhuc
3376 884 3525 953 magis
3553 884 3706 938 fabulo-

2250 992 2371 1033 sum
2404 991 2567 1047 quam
2603 989 2666 1031 ea
2695 973 2993 1046 disputatio
3030 988 3135 1044 qua
3166 972 3357 1044 singuli
3393 976 3609 1043 apostoli,
3638 994 3705 1033 suo

2249 1071 2452 1142 quique
2508 1068 2735 1131 ordine,
2798 1076 2989 1122 contra
3039 1065 3331 1137 Caipham,
3384 1064 3703 1132 Samaritanus,

2253 1161 2513 1226 Scribas,
2568 1160 2817 1229 aliosque
2876 1158 3087 1214 Iudaeos
3135 1157 3431 1213 decertasse
3475 1158 3707 1230 ﬁnguntur?

2253 1253 2495 1323 Denique
2522 1253 2577 1307 in
2610 1258 2724 1307 toto
2766 1252 2858 1305 illo
2892 1265 3054 1320 opere
3092 1251 3267 1305 nullas
3309 1250 3705 1319 deprehendimus,

2248 1346 2369 1415 ejus
2416 1345 2505 1401 cui
2558 1344 2873 1407 ascribitur,
2934 1343 3190 1396 nimirum
3241 1341 3507 1398 Clementis
3542 1339 3707 1400 Romani

2250 1436 2547 1510 pontiﬁcis,
2597 1437 2971 1507 apostolorum
2998 1434 3274 1506 discipuli,
3316 1445 3458 1490 notas
3494 1436 3707 1507 nullosque

2251 1531 2617 1586 characteres.
2666 1529 2821 1595 Quod
2855 1528 3075 1600 quidem
3106 1544 3174 1584 ex
3212 1528 3325 1585 sola
3353 1543 3498 1599 quam
3529 1527 3707 1585 dedimus

2254 1622 2415 1692 hujus
2440 1623 2619 1693 operis
2651 1621 2857 1692 analysi
2896 1621 3123 1678 cuilibet
3163 1636 3316 1693 aequo
3360 1635 3521 1676 rerum
3541 1622 3709 1677 estima-

2249 1714 2357 1770 tori
2390 1713 2549 1770 facile
2575 1714 2918 1786 probabitur.

2764 1803 3164 1863 ARTICULUS
3194 1803 3281 1859 Vl.

2252 1897 2396 1952 Num
2441 1897 2640 1979 aliquid
2661 1896 2983 1979 a.Clemente
3006 1897 3294 1967 profectum
3336 1896 3411 1950 Itis
3436 1897 3485 1979 in
3524 1896 3634 1949 libris
3653 1913 3709 1979 ξιτ

2315 1969 2507 2051 persitg
2528 1967 2587 2024 et
2618 1970 2734 2040 quis
2774 1986 2953 2027 eorum
2992 1979 3197 2035 auctor,
3228 1984 3289 2020 ac
3324 1984 3421 2038 quo
3447 1977 3626 2035 tempore
3639 1967 3708 2019 sint

2319 2049 2521 2107 scripti.

2322 2130 2540 2197 Verum,
2580 2132 2817 2203 inquies,
2866 2133 3075 2187 nihilne
3123 2129 3270 2202 quod
3294 2130 3361 2185 ab
3383 2130 3488 2200 ipso
3514 2128 3709 2183 Clemmte

2246 2224 2551 2294 profectum
2579 2225 2671 2289 sit,
2703 2233 2817 2281 toto
2854 2227 2906 2280 in
2932 2241 3095 2297 opere
3128 2226 3393 2294 reliquum
3424 2230 3497 2278 est
3520 2221 3709 2291 amplius?

2249 2314 2319 2371 Ut
2350 2317 2477 2372 huic
2522 2317 2812 2387 quaestioni
2860 2317 2952 2370 ﬁat
3001 2319 3162 2381 satis,
3196 2316 3563 2371 animadvertas
3606 2314 3708 2366 velim

2247 2424 2313 2464 cx
2345 2406 2411 2463 iis
2440 2423 2560 2479 quae
2608 2410 2937 2481 protulimus
2982 2411 3258 2464 rationum
3291 2407 3551 2461 momentis
3572 2404 3707 2472 colligi,

2246 2516 2339 2556 eos
2387 2517 2418 2555 a
2463 2517 2593 2557 vero
2638 2503 2795 2573 longe
2846 2503 3105 2556 aberrare
3163 2500 3257 2571 qui
3308 2498 3564 2553 maximam
3601 2496 3711 2562 hujus

2247 2594 2426 2662 aperis
2472 2602 2715 2664 partem,
2765 2595 2941 2664 iisque
2987 2599 3202 2647 tantum
3256 2606 3375 2662 qum
3423 2589 3707 2642 hereticorum

2248 2685 2513 2754 pravitate
2554 2686 2768 2757 adjecta
2806 2694 2955 2751 sunt,
3001 2686 3268 2756 exceptis,
3316 2680 3551 2740 Clementi
3584 2684 3711 2734 nostro

2247 2777 2663 2847 adjudicandam
2694 2795 2815 2835 esse
2845 2781 3204 2835 arbitrantur.

2315 2868 2393 2924 De
2444 2868 2729 2940 Epiphanii
2779 2884 2959 2927 autem
3014 2871 3309 2933 sententia,
3356 2885 3468 2942 quae
3514 2865 3711 2921 haereticos

2250 2974 2421 3030 pauca
2448 2962 2533 3017 his
2563 2963 2617 3017 in
2650 2963 2824 3031 libris,
2855 2979 2885 3017 a
2915 2962 3196 3019 Clemente
3223 2962 3639 3033 scriptis,.intacta
3654 2972 3711 3010 re-

2248 3052 2474 3124 liquisse
2515 3057 2851 3125 pronuntiat,
2888 3058 3021 3111 certi
3064 3057 3273 3127 aliquid
3318 3056 3523 3111 deﬁnire
3563 3048 3715 3110 difﬁcile

2246 3153 2349 3201 est.
2401 3146 2538 3202 Cum
2582 3149 2725 3203 enim
2768 3150 3008 3221 epistolze
3047 3151 3252 3220 quibus
3300 3149 3525 3204 Clemens
3568 3144 3619 3198 de
3659 3140 3714 3195 sui

2246 3239 2430 3309 operis
2477 3239 2622 3295 facta
2683 3242 2751 3296 ab
2794 3242 3062 3297 haereticis
3113 3243 3457 3313 corruptione
3496 3248 3716 3305 conquere

2248 3329 2431 3395 batur,
2482 3332 2550 3387 ad
2593 3349 2696 3388 nos
2753 3334 3123 3405 pervenerint,
3174 3333 3419 3389 divinare
3458 3332 3611 3399 utique
3644 3340 3716 3380 non

2247 3438 2539 3492 possumus
2569 3440 2689 3495 qua:
2723 3426 2831 3482 sint
2864 3426 2953 3481 illa
2982 3442 3157 3498 pauca
3190 3443 3312 3498 qua:
3333 3424 3543 3480 haeretici
3572 3423 3717 3488 integra

2246 3515 2607 3585 reliquerunt.
2644 3516 2987 3589 Quapropter
3024 3520 3132 3573 nisi
3165 3534 3231 3574 ea
3286 3532 3448 3588 pauca
3473 3516 3591 3570 clare
3613 3509 3716 3580 sigil-

2245 3606 2509 3678 latimque
2541 3608 3002 3674 demonstrantur,
3048 3610 3213 3665 nobis
3256 3609 3463 3665 facilius
3499 3603 3717 3679 persuade-

2246 3698 2393 3752 bitur
2424 3699 2560 3753 nihil
2603 3700 2658 3754 in
2700 3709 2814 3756 toto
2854 3717 3019 3771 Opere
3066 3718 3292 3767 sanum,
3336 3701 3426 3757 sed
3459 3698 3609 3753 omnia
3637 3708 3717 3749 cor-

2246 3797 2411 3859 rupta
2454 3806 2576 3847 esse
2613 3799 2665 3846 et
2695 3791 3009 3863 depravata.
3055 3792 3331 3849 Caeterum
3378 3797 3421 3849 si
3468 3788 3718 3862 Epiphanius

2247 3898 2421 3953 pauca
2476 3884 2723 3954 quadam
2782 3902 2883 3943 suo
2935 3894 3180 3957 tempore
3234 3888 3441 3943 sincera
3482 3893 3529 3940 et
3554 3881 3716 3954 genuina

2246 3978 2592 4046 compererit,
2624 3978 2714 4033 ille
2734 3979 2790 4033 in
2814 3980 2971 4044 alios,
3004 3984 3070 4034 ab
3098 3981 3193 4047 iis,
3218 3982 3312 4053 qui
3332 3996 3469 4036 nunc
3488 3981 3718 4048 supersum.

2247 4071 2463 4127 codices
2489 4074 2887 4144 manuscriptos
2929 4072 3192 4130 incidisse
3239 4073 3383 4129 haud
3424 4071 3646 4127 immerito
3667 4065 3720 4118 vi-

2246 4161 2427 4219 detur.

2316 4252 2486 4311 Porro
2515 4266 2693 4311 autem
2722 4258 2970 4328 quamvis
2998 4258 3269 4323 auctoris,
3303 4273 3331 4311 a
3370 4272 3470 4327 quo
3497 4268 3608 4325 opus
3632 4248 3717 4303 illud

577 4365 633 4420 id
679 4363 1038 4418 invictissime
1079 4361 1477 4415 demonstrant.
1523 4357 1708 4428 Neque
1741 4358 1906 4412 etiam
1947 4365 2141 4411 caetera

2176 4340 2562 4417 Dcorruptum
2612 4349 2844 4418 prodiit,
2903 4363 3102 4405 nomen
3155 4350 3417 4406 hactenus
3468 4344 3718 4415 incognitum

576 4458 783 4522 omnia,
821 4472 943 4526 quae
971 4455 1022 4508 in
1058 4454 1268 4524 reliquo
1305 4468 1469 4523 opere
1514 4452 1763 4522 legimus,
1796 4450 1969 4521 magis
2019 4450 2143 4506 Cle-

577 4551 745 4607 menti
777 4547 1141 4618 adjudicanda
1180 4546 1339 4602 nobis
1380 4545 1651 4600 videntur.
1700 4542 1837 4597 Nam
1882 4543 1987 4597 iter
2033 4541 2141 4597 Ma-

578 4643 781 4705 thidiaa,
813 4642 1067 4710 illiusque
1099 4654 1223 4693 cuin
1273 4636 1400 4693 ﬁliis
1448 4637 1563 4693 suis
1610 4634 1799 4690 Niceta
1848 4642 1905 4693 et
1948 4634 2141 4703 Aquila

577 4733 940 4803 naufragium,
974 4732 1051 4787 illi
1082 4730 1299 4785 tandem
1350 4727 1561 4782 fortuiti
1606 4740 1896 4793 occursus,
1944 4725 2142 4796 quibus

578 4841 700 4882 sese
723 4825 953 4880 invicem
983 4838 1047 4878 ae
1078 4829 1285 4893 patrem
1307 4836 1467 4875 suum
1491 4817 1902 4874 Faustinianum
1935 4818 2144 4887 ipsum-

576 4932 685 4988 que
711 4916 1045 4971 Clementem
1077 4914 1364 4985 agnovisse
1383 4912 1657 4975 feruntur,
1694 4912 1859 4982 plane
1890 4910 2143 4964 fabulosa

575 5016 633 5064 et
657 5008 828 5079 gratis
853 5006 976 5060 ﬁcta
1009 5013 1159 5062 sunt.
1205 5003 1312 5059 Fac
1342 5013 1521 5059 tamen
1554 5018 1617 5058 ea
1648 5017 1769 5058 esse
1815 5002 2100 5057 verissima
2126 5017 2142 5067 ;

575 5099 709 5172 quid
775 5106 956 5154 autem
1019 5098 1191 5167 magis
1240 5111 1270 5150 a
1322 5094 1801 5151 verisimilitudine
1845 5092 2143 5154 abhorret,

576 5206 743 5263 quam
792 5191 954 5246 verba
995 5198 1049 5244 et
1087 5203 1367 5247 sermones
1409 5202 1548 5257 quos
1596 5184 1790 5241 Petrus
1832 5184 1897 5239 ad
1930 5200 2060 5241 suos
2089 5192 2144 5239 et

576 5282 647 5339 ad
694 5284 950 5354 populum
994 5281 1255 5336 habuisse
1316 5279 1670 5351 perhibetur?
1737 5277 1911 5344 Quam
1960 5277 2147 5331 multa:

574 5377 742 5441 enim,
779 5375 920 5429 Deus
944 5374 1102 5435 bone,
1138 5372 1210 5425 ibi
1261 5379 1559 5426 occurrunt
1587 5385 1763 5439 nugae,
1795 5367 2031 5438 ineptire.
2063 5367 2148 5422 fa-

580 5467 750 5525 bulae!
783 5483 946 5538 quam
973 5465 1146 5521 muita
1178 5465 1425 5535 puerilia,
1449 5463 1781 5535 perridicula
1813 5472 1866 5518 et
1897 5463 2135 5519 insulsa!

578 5572 739 5629 quam
786 5558 944 5613 multi
983 5573 1195 5614 errores
1234 5565 1397 5626 atque
1432 5556 1748 5612 mendacia?
1793 5570 1954 5625 quam
2002 5554 2142 5613 belle

720 5715 764 5746 "
799 5713 954 5785 Apud
985 5713 1182 5769 Euseb.
1213 5714 1306 5769 lib.
1344 5730 1395 5768 vi
1428 5712 1603 5784 Priap.
1638 5713 1877 5783 cvangel.

2246 4447 2409 4511 atque
2439 4441 2833 4513 incompertum
2867 4442 3052 4507 fuerit,
3085 4444 3216 4514 quia
3241 4450 3417 4498 tamen
3447 4440 3559 4495 illud
3588 4437 3719 4491 Gnate

2243 4534 2479 4603 primum
2505 4534 2828 4604 composuit,
2858 4549 2982 4589 eum
3027 4534 3279 4590 Graecum
3313 4533 3572 4605 quemdam
3600 4526 3721 4582 homio

2245 4644 2369 4683 nem
2399 4626 2569 4683 fuisse
2599 4642 2728 4682 vero
2766 4638 2913 4683 certe
2942 4635 3028 4683 est
3065 4644 3329 4699 perquam
3369 4624 3671 4683 simillimum.
3692 4615 3723 4669 lt

2245 4732 2410 4788 porro
2465 4717 2786 4774 dialecticus
2839 4718 2941 4772 fuit
2985 4718 3407 4790 disputatorque
3458 4715 3722 4771 acerrimus.

2246 4814 2339 4884 qui
2385 4814 2564 4868 varias
2603 4813 3050 4882 philosophorum
3095 4813 3403 4883 opiniones,
3433 4807 3722 4875 astrologiam.

2246 4905 2651 4977 mythologiam,
2688 4920 2878 4959 omnes
2928 4920 3268 4975 paganorum
3309 4903 3506 4957 fabulas
3542 4892 3725 4965 allegori-

2245 5014 2445 5067 casque
2486 5012 2672 5053 earum
2716 4996 3211 5068 interpretationes,
3265 5012 3329 5050 ac
3370 4994 3534 5048 varias
3569 4984 3723 5041 tandem

2246 5089 2517 5143 variorum
2542 5088 2862 5159 populorum
2895 5089 3060 5159 leges,
3110 5102 3320 5153 mores,
3354 5078 3725 5140 consuetudine-sv

2247 5199 2353 5253 que
2397 5183 2641 5252 apprime
2702 5181 2952 5236 callebat.
3002 5178 3109 5234 Sed
3162 5180 3255 5235 ille
3314 5177 3646 5233 hmreticorum
3683 5180 3724 5218 ac

2251 5275 2520 5345 praecipue
2550 5272 2927 5327 Ebionitarum
2968 5273 3250 5328 erroribus
3295 5271 3504 5327 omnino
3534 5264 3722 5319 addictus

2249 5374 2384 5430 erat.
2417 5375 2578 5437 atque
2604 5382 2699 5422 eos
2728 5365 2784 5420 in
2811 5365 2927 5421 suis
2975 5364 3444 5419 lucubrationibus
3492 5356 3663 5411 facilius
3685 5358 3722 5400 ut

2252 5461 2585 5531 prepinaret,
2634 5460 2851 5515 easdem
2883 5459 3139 5513 ementito
3160 5455 3473 5515 Clementis,
3512 5440 3720 5520 apostolo-

2251 5569 2370 5609 rum
2407 5552 2693 5625 discipuli,
2720 5566 2917 5624 magno
2943 5552 3161 5610 nomine
3179 5548 3403 5607 inscribi
3434 5543 3594 5600 voluit.
