3976 6340
235 355 371 411 H85

1308 352 1639 412 RECOGNI’i
1655 356 1875 412 IONES.
1910 385 1984 398 —-
2020 354 2375 413 PROUSMIA.

3328 356 3459 414 1186

301 449 545 541 Denique
576 484 685 541 quo
730 475 975 540 tempore
1002 468 1223 525 eosdem
1266 470 1387 528 illos
1429 472 1598 527 libros
1628 472 1682 526 in
1716 473 1798 526 lu-
1825 482 1871 537 Α
1902 473 1969 528 iis
2000 489 2093 544 qm
2124 474 2247 528 illos
2269 473 2530 536 citarunt,
2575 472 2712 529 varii
2760 472 2901 527 tituh
2930 472 3298 543 praeﬁguntur.
3342 475 3461 529 Ali-

229 582 349 621 cem
392 564 509 635 ipse
556 563 821 627 emiserit,
872 563 1034 633 paulo
1086 563 1379 634 proclivius
1420 571 1505 619 est
1548 564 1793 619 deﬁnire.

230 657 433 712 Verum
466 657 746 711 enimvero
775 670 897 710 cum
914 653 1178 725 Origenes
1198 672 1306 711 non
1328 655 1505 711 solum
1528 656 1650 712 illos
1662 658 1797 711 cita-

237 751 392 814 Veriz,
428 748 523 805 sed
552 750 773 819 longum
802 750 963 804 etiam
997 764 1064 803 ex
1110 749 1178 804 iis
1213 749 1621 819 transcripserit
1653 748 1798 819 frag-

231 850 499 905 mentum,
515 849 728 895 constat
744 842 961 895 eosdem
986 838 1218 911 Origene
1240 842 1358 910 ipso
1381 856 1502 895 esse
1523 844 1799 912 antiquio-

229 950 343 990 res.
368 932 483 986 Non
516 941 717 987 temere
753 934 916 1004 igitur
942 934 1018 986 illi
1054 934 1293 989 secundo
1322 934 1575 989 Ecclesiae
1598 936 1798 990 saeculo

236 1030 289 1083 in
327 1030 521 1098 vulgus
570 1028 839 1097 prodiisse
881 1027 1159 1082 dicuntur.
1210 1026 1363 1091 Quod
1411 1026 1630 1097 quidem
1672 1028 1798 1084 inde

182 1136 185 1137 '
234 1137 429 1175 rursus
463 1119 775 1174 conﬁrmari
829 1126 1027 1189 potest,
1072 1118 1219 1189 quod
1253 1118 1591 1175 Bardesanes
1625 1119 1797 1191 Syrus

234 1213 384 1267 aliud
411 1227 649 1283 quoque,
680 1212 759 1266 uti
797 1212 1054 1278 diximus,
1090 1210 1452 1281 fragmentum
1476 1226 1583 1265 non
1616 1212 1796 1267 minus

234 1305 546 1375 prolixum,
598 1305 653 1357 in
690 1319 850 1359 suum
884 1300 1151 1359 adversus
1216 1299 1547 1356 Marcionem
1597 1305 1795 1360 librum

232 1397 535 1451 transtulit.
576 1396 710 1449 Nam
758 1396 1092 1451 Bardesanes
1138 1396 1230 1451 ille
1280 1396 1427 1450 hunc
1451 1397 1700 1453 eumdem
1731 1399 1797 1454 li-

230 1488 393 1541 brum
417 1488 531 1542 sub
557 1486 768 1542 Soteris
795 1486 1133 1557 pontificatu,
1165 1486 1326 1557 paulo
1348 1494 1473 1557 post
1498 1489 1795 1545 secundum

230 1580 492 1634 saeculum
521 1579 757 1633 medium
799 1579 1036 1633 Antonio
1077 1579 1392 1648 imperatori
1440 1586 1791 1653 nuncupavit.

226 1668 353 1726 Jam
382 1687 515 1741 ergo
552 1671 855 1741 pervulgati
894 1682 1052 1725 erant
1096 1670 1174 1725 illi
1222 1671 1649 1743 Recognitionum
1676 1676 1795 1731 Cle-

228 1764 594 1820 mentinarum
626 1763 768 1817 libri.

745 1875 1142 1934 ARTICULUS
1179 1877 1288 1935 Vll.

229 1967 380 2023 Nam
407 1968 604 2043 bilibri
644 1970 713 2022 ad
743 1986 873 2043 nos,
921 1972 1101 2041 quales
1139 1971 1203 2043 ab
1242 1980 1457 2028 auctore
1494 1975 1797 2043 prodierunt

301 2042 653 2111 pervenerint;
686 2056 748 2093 ac
778 2040 842 2095 de
874 2040 1055 2095 eorum
1092 2042 1357 2111 utilitate,
1394 2040 1565 2099 titulis
1587 2056 1636 2100 et
1678 2048 1796 2101 edi-

302 2110 550 2166 tionibus.

302 2223 572 2280 Ceterum
605 2224 659 2279 bi
690 2225 838 2291 libri,
866 2228 1235 2297 quamtumvis
1263 2227 1555 2284 adulterini
1596 2228 1798 2285 fuerint

222 2324 286 2370 et
330 2317 597 2387 corrupti,
636 2317 704 2372 ad
752 2334 853 2374 nos
874 2327 1056 2375 tamen
1104 2322 1295 2391 quales
1343 2323 1414 2378 ab
1452 2330 1675 2379 auctore
1696 2339 1799 2379 suo

226 2410 422 2479 scripti
453 2409 669 2466 fuerant
702 2427 811 2466 non
842 2428 1157 2483 pervenere.
1185 2413 1328 2469 Nulli
1352 2416 1618 2486 siquidem
1651 2430 1799 2473 nunc

224 2511 529 2558 occurrunt
558 2520 747 2559 eorum
782 2504 951 2560 Graeci
984 2488 1202 2563 codices
1232 2509 1623 2580 manuscripti,
1658 2525 1798 2580 quos

227 2590 335 2651 suo
367 2604 609 2667 tempore
637 2596 948 2667 frequentes
981 2597 1150 2655 fuisse
1205 2598 1434 2655 Rufinus
1462 2598 1798 2672 Photiusque

228 2697 504 2744 testantur
525 2688 571 2720 “
610 2700 622 2740 :
657 2690 829 2744 solam
860 2689 1125 2746 habemus
1157 2691 1319 2760 hujus
1344 2691 1526 2761 operis
1551 2691 1797 2747 Latinam

228 2780 538 2835 versionem
559 2780 766 2844 Ruﬁni,
798 2782 892 2851 qui
938 2782 1145 2852 plures,
1190 2791 1250 2836 ut
1285 2784 1617 2850 monuimus,
1648 2784 1798 2839 locos

228 2887 294 2925 se
326 2871 597 2936 omisisse,
641 2888 743 2928 nec
790 2872 982 2927 Latine
1016 2873 1242 2929 reddere
1285 2876 1525 2930 voluisse
1567 2875 1799 2946 ingenue

224 2962 519 3019 confessus
548 2970 652 3019 est.
693 2963 759 3017 Et
787 2981 845 3020 re
869 2965 1089 3035 quidem
1122 2983 1247 3022 vera
1288 2967 1590 3025 Gotelerius
1621 2970 1675 3023 in
1700 2985 1796 3025 sua

228 3055 427 3109 horum
456 3057 720 3113 librorum
739 3058 979 3113 editione
1008 3074 1074 3114 ex
1106 3060 1282 3116 tribus
1303 3076 1438 3116 mss.
1470 3060 1794 3127 Sorbonico,

227 3144 494 3203 Thuaneo
522 3190 536 3215 ,
571 3157 626 3203 et
670 3149 1063 3205 Candeleriauo
1114 3152 1353 3207 restituit
1408 3153 1792 3225 fragmentum,

1897 567 2114 637 quando
2136 567 2278 622 enim
2299 564 2580 621 Clementis
2606 566 2922 638 Recognitio,
2946 567 3028 621 vel
3046 565 3459 637 Recognitiones,

1900 657 2184 713 Clementis
2218 658 2585 724 Itinerarium,
2614 659 2744 713 liber
2774 658 3088 713 ltinerarius
3114 658 3464 714 Prwdicatio—

1900 752 1981 803 nis
2022 750 2189 817 Petri,
2229 750 2509 805 Clementis
2549 762 2714 821 gesta,
2744 751 2827 805 vel
2864 750 3127 817 Historia,
3170 761 3263 805 aut
3297 750 3464 806 Chro-

1899 843 2039 904 nica,
2069 844 2153 896 vel
2191 841 2473 909 Narratio,
2517 844 2809 913 aliquando
2853 859 2981 897 vero
3021 843 3163 896 Petri
3220 844 3461 913 Periodi,

1898 936 1981 989 vel
2012 934 2299 998 Circuitus,
2326 936 2407 989 vel
2433 936 2883 1002 ltinerarium,vel
2908 936 3069 989 Actus
3099 938 3460 1006 appellantur.

1898 1027 1936 1081 li
1971 1044 2137 1098 porro
2166 1044 2230 1083 ex
2271 1028 2485 1083 duobus
2530 1043 2663 1084 mss.
2720 1044 2843 1083 cum
2900 1029 3068 1083 variis
3120 1044 3462 1086 summorum

1898 1121 2258 1189 quorumdam
2288 1120 2601 1191 pontiﬁcum
2652 1120 2929 1190 epistolis,
2983 1130 3209 1176 curante
3254 1120 3464 1177 Joanne

1901 1211 2189 1275 Sichardo,
2234 1227 2377 1266 anno
2414 1213 2552 1267 1526
2579 1212 2718 1283 typis
2753 1213 2880 1267 editi
2906 1223 3050 1269 sunt.
3077 1212 3268 1269 Postea
3297 1214 3462 1268 Lam-

1897 1304 2084 1359 bertus
2143 1302 2407 1358 Gruterus
2457 1304 2760 1359 Venradius
2811 1306 3029 1360 eosdem
3088 1322 3280 1360 rursus
3321 1307 3467 1377 typis

1898 1396 2137 1459 excudit,
2172 1397 2414 1466 atquein
2443 1397 2523 1450 eis
2567 1397 2814 1466 quaedam
2854 1412 2913 1451 se
2954 1396 3272 1451 emendasse
3314 1396 3465 1450 afﬁr-

1900 1497 2032 1543 mat.
2095 1488 2296 1542 Verum
2347 1504 2470 1543 cum
2519 1489 2608 1542 ille
2650 1489 2750 1545 has
2789 1488 3194 1542 emendationcs
3244 1504 3351 1541 non
3396 1503 3465 1542 es

1899 1581 2290 1650 manuscriptis
2323 1596 2381 1636 se
2408 1582 2658 1635 hausisse
2687 1580 2904 1645 dixerit,
2934 1596 3028 1635 eas
3054 1580 3169 1634 suis
3194 1579 3464 1635 duntaxat

1901 1673 2235 1740 coniecturis
2260 1673 2473 1727 videtur
2501 1672 2671 1727 fuisse
2696 1681 3001 1728 assecutus.
3050 1672 3125 1725 Ex
3154 1673 3257 1727 hac
3282 1682 3467 1731 tamen

1898 1764 2137 1819 editione
2184 1766 2239 1818 in
2288 1765 2616 1818 Bibliotheca
2660 1764 2997 1834 Lugdunensi
3034 1764 3087 1817 hi
3119 1764 3240 1818 libri
3272 1779 3469 1818 rursus

1828 1857 1872 1920 B
1899 1856 2089 1911 emissi
2115 1856 2326 1911 suntin
2362 1857 2561 1911 lucem.
2604 1856 2909 1911 Cotelerius
2952 1865 3133 1911 autem
3172 1858 3295 1912 illos
3339 1873 3466 1912 cum

1897 1950 2156 2019 operibus
2197 1948 2444 2015 Patrum,
2491 1949 2585 2019 qui
2632 1950 2971 2019 temporibus
3012 1950 3327 2020 apostolicis
3366 1948 3468 2004 flo-

1898 2051 2147 2109 ruerunt,
2176 2042 2443 2113 publicari
2481 2043 2678 2107 voluit,
2734 2042 2985 2112 hancque
3028 2044 3319 2097 editionem
3361 2057 3468 2111 ope

1898 2150 1995 2190 sex
2046 2150 2178 2190 mss.
2212 2134 2501 2199 codicum,
2553 2133 2817 2190 Sorbonaa
2852 2135 3134 2197 nimirum,
3177 2131 3466 2198 Thuaneo,

1898 2225 2044 2281 Petri
2066 2225 2397 2293 Candelerii,
2448 2224 2633 2297 Regis,
2688 2225 2835 2281 Petri
2873 2225 3058 2289 Petili,
3101 2233 3155 2281 et
3197 2224 3465 2280 Carmelio

1900 2328 2079 2374 tarum
2134 2318 2604 2374 Discalceatorum
2656 2334 2715 2374 se
2770 2319 3067 2373 adornasse
3117 2318 3462 2374 testiﬁcatur.

1896 2411 2078 2467 Alium
2105 2418 2366 2482 praeterea
2395 2412 2662 2479 codicem,
2684 2419 2810 2467 ante
2838 2427 3010 2466 annos
3033 2411 3468 2482 quadringentos

1899 2512 2225 2570 exaratum,
2277 2520 2345 2560 ex
2392 2504 2724 2560 bibliotheca
2778 2502 3090 2559 Colbertina
3144 2518 3311 2574 penes
3361 2516 3467 2557 nos

1899 2596 2211 2654 habuimus.

2398 2705 2795 2764 ARTICULUS
2833 2706 2969 2763 Vill.

1900 2802 1977 2857 De
2007 2802 2166 2856 variis
2196 2802 2249 2855 in
2278 2801 2371 2855 hos
2404 2801 2570 2855 libros
2596 2802 2735 2854 notis
2762 2809 2811 2854 et
2832 2781 3303 2863 observationibus,
3331 2797 3467 2854 etde

2150 2872 2273 2927 aliis
2305 2872 2454 2927 libris
2486 2874 2552 2925 ab
2581 2872 2760 2925 eodem
2795 2880 3009 2923 auctore
3037 2869 3214 2925 editis.

1972 2964 2237 3021 Gruterus
2278 2965 2527 3035 quaedam
2577 2965 2633 3018 in
2669 2965 2768 3018 hos
2812 2962 2987 3017 libros
3013 2961 3187 3017 edidit
3233 2962 3465 3025 scholia,

1900 3074 2023 3128 qua:
2044 3073 2144 3112 nec
2174 3057 2355 3127 magni
2385 3064 2515 3111 sunt
2537 3055 2818 3119 momenti,
2850 3070 2949 3109 nec
2979 3054 3161 3107 multa:
3191 3054 3461 3108 utilitatis.

1903 3149 2293 3206 AtCotelerius
2336 3149 2608 3204 doctiores
2655 3147 3011 3216 utilioresque
3054 3146 3111 3200 in
3155 3146 3255 3201 hos
3298 3145 3467 3200 libros

226 3241 380 3308 quod
410 3240 543 3295 illud
576 3242 753 3311 ipsum
800 3257 923 3299 esse
971 3251 1145 3314 putat,
1192 3260 1303 3315 quo
1353 3255 1546 3302 auctor
1584 3256 1793 3315 noster,
1826 3226 1868 3284 (ἶ
1902 3243 2123 3313 scripsit
2176 3249 2334 3297 notas
2384 3249 2438 3296 et
2483 3239 2891 3296 observationes
2917 3276 2935 3301 ,
2983 3238 3185 3307 quibus
3224 3236 3467 3291 auctoris

224 3338 373 3387 teste
410 3329 628 3397 Rufino,
675 3332 738 3387 de
774 3335 1005 3405 ingenito
1054 3336 1157 3390 Deo
1186 3338 1458 3408 genitoque
1501 3339 1796 3408 disseruit;

226 3429 397 3493 atque
426 3423 549 3479 ideo
585 3425 731 3495 quod
759 3426 978 3483 Arionis
1008 3426 1233 3493 faveret,
1270 3430 1339 3484 ab
1363 3431 1553 3486 eodem
1598 3431 1799 3486 Ruﬁno

233 3514 309 3571 de
338 3515 608 3571 industria
640 3516 816 3571 fuerat
846 3520 1293 3589 praetermissum.
1346 3520 1612 3578 Prazterea
1643 3523 1688 3579 si
1721 3524 1798 3579 ei-

225 3607 355 3662 dem
403 3606 597 3663 Ruﬁno
640 3608 940 3681 Photioque
970 3613 1101 3668 fides
1132 3612 1394 3667 habeatur
1427 3654 1441 3677 ,
1469 3613 1524 3667 hi
1558 3615 1682 3669 libri
1730 3616 1798 3670 ab

231 3698 593 3755 Eunomianis
618 3710 673 3756 et
710 3702 946 3766 Arianis,
973 3703 1292 3774 primigenio
1330 3703 1546 3757 illorum
1578 3714 1798 3761 auctore

225 3791 393 3859 longe
417 3794 830 3861 posterioribus,
858 3795 1136 3863 depravati
1165 3804 1294 3849 sunt
1314 3805 1367 3850 et
1399 3797 1707 3852 adulterati.

304 3883 646 3956 Quapropter
694 3889 943 3957 quamvis
994 3888 1155 3941 iidem
1208 3887 1333 3942 libri
1388 3889 1640 3943 maximae
1690 3889 1800 3945 sint

224 3979 605 4049 antiquitatis,
657 3979 833 4033 cautis
874 3988 1055 4034 tamen
1121 3979 1587 4050 prudentibusque
1627 3982 1798 4037 oculis

225 4070 445 4140 legendi
474 4080 621 4137 sunt,
665 4071 865 4141 quippe
906 4071 1000 4141 qui
1048 4071 1116 4126 ab
1158 4072 1225 4128 iis
1270 4073 1364 4144 qui
1398 4089 1617 4132 errores
1667 4092 1799 4131 suos

225 4178 457 4232 quoquo
477 4164 691 4217 tandem
724 4164 885 4219 modo
911 4164 1267 4219 disseminare
1297 4168 1599 4233 tentabant,
1633 4170 1798 4223 varils

223 4255 571 4325 temporibus
635 4268 881 4325 neqmter
946 4260 1191 4328 corrupti
1261 4257 1483 4314 fuerint.
1561 4259 1799 4316 Possunt

223 4356 417 4401 tamen
440 4347 733 4417 aliquibus,
770 4362 877 4401 non
901 4350 1125 4403 omnino
1160 4349 1618 4421 imprudentibus,
1660 4369 1798 4409 non-

223 4439 370 4494 nihil
425 4441 692 4495 utilitatis'
724 4441 930 4497 idcirco
976 4442 1227 4511 adferre,
1274 4445 1419 4514 quod
1468 4445 1799 4503 Christiana:

221 4531 511 4602 religionis
539 4534 784 4603 apologia
816 4534 924 4589 sint
954 4543 1007 4590 et
1036 4535 1301 4603 defensio,
1326 4553 1433 4608 qua
1474 4537 1671 4594 fabulae
1696 4556 1796 4610 pa-

222 4640 521 4694 ganorum,
537 4626 863 4690 idololatria,
890 4628 1178 4699 cultusque
1202 4629 1462 4686 falsorum
1484 4634 1792 4702 numinum,

220 4727 396 4786 atque
423 4732 610 4771 eorum
639 4718 731 4788 qui
761 4721 925 4775 astris
954 4721 1301 4778 influentibus
1330 4722 1546 4778 fatalem
1588 4725 1797 4779 homini

222 4808 613 4862 necessitatem
650 4811 853 4881 imponi
886 4811 1073 4867 dicunt
1106 4854 1122 4880 ,
1151 4829 1371 4869 errores
1410 4816 1798 4887 impugnantur

220 4907 287 4953 et
313 4899 687 4956 destruuntur.
736 4901 844 4958 Nec
890 4905 1053 4959 etiam
1083 4904 1304 4962 inutiles
1328 4908 1552 4962 omnino
1586 4907 1652 4963 iis
1676 4924 1798 4965 esse

221 5000 488 5061 poterunt
521 4994 613 5062 qui
649 4996 827 5050 varias
871 4997 1316 5068 philosophorum
1357 4999 1661 5068 opiniones,
1698 5016 1797 5053 va-

1900 3344 2083 3390 textus
2115 3334 2407 3403 corrigitur
2430 3342 2483 3386 et
2503 3332 2786 3386 enodatur.
2809 3329 2990 3383 Monet
3010 3338 3187 3381 tamen
3215 3327 3465 3397 majorem

1900 3428 2352 3499 Rccognitionum
2412 3434 2641 3496 partem,
2685 3422 2823 3494 quod
2869 3420 2936 3474 ad
2983 3420 3239 3472 humanas
3290 3418 3467 3486 potius

1899 3521 2209 3589 disciplinas
2245 3527 2497 3586 spectent,
2543 3531 2701 3586 quam
2743 3516 2811 3568 ad
2862 3512 3195 3582 theologiam,
3228 3511 3366 3563 notis
3396 3509 3466 3563 il-

1898 3613 2185 3667 lustratum
2206 3628 2259 3664 se
2288 3626 2391 3664 non
2420 3610 2591 3663 ivisse.
2632 3606 2752 3661 Non
2796 3620 3001 3676 paucas
3046 3611 3226 3657 tamen
3285 3601 3340 3655 in
3374 3616 3463 3656 res

1870 3738 1875 3745 -
1898 3703 2305 3776 philosophicas
2326 3700 2495 3757 edidit
2519 3698 3041 3754 animadversiones.
3064 3693 3249 3765 Neque
3277 3692 3465 3747 forsan

1896 3794 2005 3851 alia
2034 3796 2187 3866 plura
2220 3794 2290 3848 ab
2314 3809 2379 3848 eo
2410 3794 2697 3849 observata
2732 3791 3028 3847 lectoribus
3070 3788 3252 3843 minus
3280 3793 3467 3842 essent

1895 3887 2137 3958 jucunda
2159 3896 2212 3942 et
2227 3887 2403 3954 utilia,
2426 3887 2473 3941 si
2497 3900 2527 3938 a
2542 3884 2822 3956 proposito
2844 3882 3084 3938 auctoris
3106 3890 3254 3936 textu
3284 3878 3468 3934 rarius

1899 3981 2292 4052 digrederetur.

1971 4073 2149 4128 Unum
2183 4072 2271 4128 his
2302 4071 2557 4127 omnibus
2589 4067 2922 4133 addendum,
2950 4079 3143 4134 nempe
3185 4072 3463 4117 auctorem

1899 4175 2170 4229 nostrum,
2199 4165 2244 4219 si
2270 4164 2432 4218 ﬁdem
2481 4163 2718 4232 aliquam
2764 4166 3057 4221 mereatur,
3097 4156 3283 4225 plures
3327 4152 3463 4207 alios

1898 4273 1966 4312 ex
1997 4258 2066 4313 iis
2089 4272 2212 4327 quae
2238 4272 2268 4310 a
2298 4255 2459 4310 Petro
2486 4253 2733 4307 audierat
2782 4251 2954 4305 libros
2994 4243 3317 4302 confecisse.
3352 4242 3464 4300 llos

1899 4357 2081 4405 autem
2108 4350 2197 4404 ille
2228 4356 2483 4404 accurate
2502 4355 2784 4399 enumerat
2806 4343 2923 4411 (lib.
2971 4356 3009 4406 ι,
3040 4354 3123 4404 ιιι,
3153 4338 3229 4406 v),
3263 4333 3463 4388 librum

1898 4440 1975 4494 De
2004 4457 2121 4494 vero
2158 4438 2447 4510 Propheta,
2489 4438 2687 4493 librum
2742 4434 2819 4488 De
2862 4430 3211 4503 prwﬁnitione
3261 4425 3373 4489 Dei,
3404 4430 3462 4479 et

1831 4540 2081 4626 Ddecem
2102 4534 2239 4588 alios
2269 4533 2337 4587 ab
2377 4532 2561 4593 editis,
2613 4528 3047 4598 Recognitionnm
3085 4523 3463 4626 libros-,‘qtilo-

1901 4642 2023 4681 rum
2044 4626 2255 4697 singula
2277 4627 2480 4696 promit
2496 4630 2815 4693 argumenta
2841 4638 2857 4674 :
2878 4619 3015 4671 alios
3045 4623 3227 4669 autem
3252 4609 3466 4666 libellos

1900 4738 1967 4777 ex
2010 4720 2154 4776 Petri
2206 4720 2271 4774 ad
2306 4718 2698 4788 discipulorum
2745 4726 2969 4768 suorum
3004 4710 3347 4773 interrogata
3378 4714 3468 4754 rc-

1901 4816 2119 4885 sponsis
2150 4813 2499 4883 compositos.
2533 4808 2725 4864 Utrum
2754 4816 2935 4861 tamen
2965 4802 3020 4855 hi
3046 4800 3169 4854 libri
3197 4798 3251 4851 in
3288 4796 3466 4885 lucem

1902 4882 2198 4977 aliquando
2254 4882 2441 4959 emissi
2494 4903 2699 4957 fuerint
2753 4898 2837 4953 vel
2889 4910 3030 4948 vana
3087 4882 3466 4944 tantummodo

1904 4999 2188 5054 mendacis
2214 4998 2497 5067 scriptoris
2524 4992 2889 5049 ostentatione
2928 4988 3052 5041 ficte
3090 4980 3466 5067 fallaciterque

219 5083 343 5137 rios
386 5084 723 5141 diversorum
770 5066 1103 5159 populorum
1132 5104 1313 5146 mores
1349 5066 1803 5148 consuetudines-
1901 5090 2275 5154 venditantur,
2302 5066 2355 5143 in
2382 5087 2630 5143 dubium.
2653 5083 2847 5138 merito
2884 5074 3125 5135 revocari
3164 5075 3363 5143 potest.
3395 5066 3465 5118 At

218 5192 338 5246 que
418 5187 580 5249 atque
646 5181 963 5252 allegoricas
1030 5181 1340 5239 fabularum
1410 5186 1800 5257 explicationes

220 5270 504 5327 voluerint
534 5273 834 5332 addiscere.

305 5363 400 5421 llis
442 5366 595 5422 libris
634 5378 688 5423 et
738 5368 789 5422 in
841 5372 1231 5441 manuscriptis
1269 5372 1586 5439 codicibus,
1647 5383 1700 5431 et
1729 5376 1798 5430 ab

301 5522 348 5553 ⁸³
386 5519 441 5576 ln
474 5522 727 5580 Bibliollc.
759 5527 883 5581 cod.
909 5527 1012 5581 11?.
1037 5535 1091 5582 ct
1124 5528 1251 5586 M5.

1903 5184 1947 5239 si
1973 5180 2266 5253 aliquando
2296 5179 2614 5252 prodierunt
2643 5177 2698 5231 in
2721 5173 3020 5245 publicum,
3045 5168 3103 5221 hi
3147 5179 3258 5219 non
3283 5159 3465 5215 minus

1900 5294 2063 5350 quam
2094 5278 2169 5331 illi
2198 5277 2264 5332 de
2304 5274 2507 5345 quibus
2552 5272 2815 5326 hactenus
2864 5260 3294 5335 disputavimus,
3335 5266 3467 5323 διειδ-

1904 5373 2065 5445 positi
2098 5378 2223 5426 sunt
2250 5378 2301 5426 et
2328 5362 2639 5423 adulterini.
