3976 6340
511 326 648 382 H87

1367 319 1425 377 S.
1467 318 1864 378 CLEHEN‘I‘IS
1901 319 1921 374 l
1960 319 2127 378 ROM.
2167 317 2368 375 ΡΟΝΤ.
2411 315 2641 374 OPERA
2680 313 2906 373 DUBlA.

3632 308 3767 363 “83

513 469 3749 506 ______________._____________.____—————————————

1136 611 1251 727 J.
1358 611 1484 722 B.
1572 605 2343 721 COTELERII
2427 598 3107 721 JUDlClUM

1561 834 1650 889 DE
1713 832 1941 891 LlBRlS
2003 827 2529 890 RECOGNITION
2541 826 2666 884 UH.

1215 998 1434 1070 (Patres
1463 997 1761 1068 apostolici,
1785 1003 1828 1048 t.
1853 994 1898 1060 Ι,
1925 1010 1980 1066 p.
2013 993 2141 1060 490,
2169 985 2595 1048 ed.Amstaelod.
2621 987 2780 1052 Πει,
2813 986 3022 1059 ita—fol.)

581 1306 854 1371 Quantum
888 1319 952 1358 ex
981 1318 1040 1357 re
1068 1317 1208 1372 Ipsa,
1236 1307 1483 1356 veterum
1524 1299 1874 1365 testimoniis,
1904 1314 1967 1354 ac
1993 1314 2080 1354 re-
2113 1304 2156 1358 Α
2191 1294 2468 1350 Chronicis
2523 1292 2834 1349 Clementis.
2903 1288 3135 1344 Ruﬁnus
3193 1303 3321 1343 vero
3375 1302 3649 1358 peroraris
3702 1282 3774 1338 ad

505 1397 817 1452 centiorum
846 1394 1066 1464 judiciis
1087 1394 1342 1464 colligere
1369 1393 1513 1459 licet,
1546 1392 1671 1446 libri
1715 1391 1806 1446 isti
1850 1390 2084 1463 pseude-

510 1489 762 1560 pigraphi
786 1497 914 1544 sunt
941 1495 994 1542 et
1025 1485 1340 1558 apocryphi,
1367 1485 1607 1540 secundo
1633 1483 1833 1539 saeculo
1864 1497 2086 1553 compo-

513 1582 661 1636 sitia
690 1582 808 1636 viro
832 1581 992 1635 docto
1020 1579 1238 1650 quidem
1268 1579 1424 1647 juxta
1462 1592 1532 1631 ac
1572 1577 1798 1635 diserto.
1819 1574 1914 1631 sed
1958 1575 2084 1645 phi-

511 1675 742 1744 losopho
800 1674 970 1744 magis
1030 1679 1084 1727 et
1145 1671 1419 1742 pbilologo
1477 1684 1641 1739 quam
1700 1667 1975 1738 theologo,
2029 1665 2084 1718 in

513 1767 891 1839 excogitandis
945 1774 1124 1821 autem
1166 1762 1666 1832 connectendisque
1708 1759 1849 1816 ﬁctis
1892 1773 2082 1814 narra»

508 1862 756 1917 tionibus
799 1861 958 1931 plane
1014 1858 1155 1913 rudi.
1203 1856 1362 1928 Isque
1431 1855 1651 1910 videtur
1701 1853 2087 1925 plerarumque

514 1963 609 2010 aut
636 1956 828 2010 saltem
856 1950 1217 2024 quorumdam
1249 1948 1684 2020 apocrypborum
1707 1961 1928 2017 parens,
1966 1958 2088 2015 quae

511 2062 714 2102 nomen
765 2045 910 2100 Petri
963 2045 1046 2100 vel
1095 2043 1392 2099 Clementis
1443 2040 1848 2113 praeferebant:
1904 2037 2086 2108 qualia

506 2140 679 2194 etiam
709 2138 873 2192 Actus
907 2136 1076 2199 Petri,
1126 2133 1381 2188 Doctrina
1410 2133 1580 2196 Petri,
1613 2130 1886 2185 Iudicium
1914 2129 2083 2192 Petri,

514 2236 860 2305 Apocalypsis
907 2250 1002 2290 seu
1047 2232 1313 2287 Revelatio
1358 2231 1526 2294 Petri,
1568 2228 1889 2283 Prwdicatio
1914 2225 2084 2291 Petri,

518 2327 861 2398 Evangelium
923 2325 1093 2391 Petri,
1166 2324 1513 2387 Clementina,
1564 2330 1730 2393 atque
1783 2320 2086 2389 Disputatio

520 2420 664 2475 Petri
705 2430 753 2474 et
805 2418 1044 2488 Apionis.
1101 2417 1312 2484 Quibus
1358 2431 1506 2472 nunc
1542 2414 1680 2470 addc
1701 2428 1767 2470 ex
1791 2421 2086 2484 conspectu

509 2511 754 2582 Operum
802 2511 869 2565 Β.
928 2510 986 2565 Ρ.
1017 2509 1246 2564 Joannis
1302 2509 1582 2564 Michaelis
1638 2507 1916 2565 Vanslebii
1964 2509 2085 2565 0rd.

516 2604 963 2667 Praedicatorum,
1023 2602 1322 2671 Epistolam
1365 2600 1513 2656 Petri
1542 2600 1610 2655 ad
1634 2600 1949 2658 Clementem
1982 2603 2090 2657 lin-

516 2717 621 2772 gua
654 2699 986 2770 Ethiopica.
1034 2697 1362 2754 Inscribitur
1390 2711 1528 2768 Opus
1554 2712 1620 2752 ex
1643 2703 1756 2751 toto
1778 2706 1832 2751 et
1860 2713 1926 2752 ex
1956 2713 2086 2768 par-

512 2797 688 2858 tibus,
741 2793 904 2862 idque
957 2792 1043 2846 vel
1084 2806 1113 2844 a
1143 2790 1447 2855 Clemente,
1495 2791 1580 2846 vel
1628 2806 1657 2844 a
1687 2790 1869 2847 Petro.
1894 2791 1937 2845 A
1967 2791 2090 2848 Cle-

517 2892 705 2940 mente
749 2890 1000 2946 vocatur,
1059 2881 1340 2937 Clementis
1389 2880 1785 2954 Recognitiones
1825 2890 1881 2939 et
1936 2882 2092 2938 Reco-

513 2977 1039 3048 gnitio;Clementis
1115 2973 1484 3039 Itinerarium,
1563 2973 1743 3040 Gesta,
1825 2974 2088 3038 Historia,

520 3069 797 3134 Ηίθεοι-ἔω,
829 3068 1092 3125 Chronica
1125 3088 1144 3132 ,'
1168 3075 1222 3122 et
1248 3066 1505 3122 Clemens.
1529 3066 1575 3121 Α
1598 3066 1784 3132 Petro,
1817 3063 1965 3124 Petri
1989 3067 2093 3121 Pe-

515 3162 658 3218 riodi
702 3170 756 3219 et
801 3162 1146 3216 Itinerarium
1177 3177 1196 3226 ;
1229 3161 1378 3216 Petri
1407 3162 1592 3228 Actus,
1627 3175 1724 3232 per
1756 3160 2092 3216 Clementem

519 3257 752 3319 scilicet,
785 3256 875 3310 alii
905 3256 975 3311 ab
1004 3255 1230 3310 Actibus
1279 3253 1429 3310 Petri
1487 3255 1644 3326 quasi
1674 3253 1836 3310 Petro
1863 3262 2050 3309 actore
2075 3270 2090 3320 ;

518 3362 571 3406 et
601 3351 902 3420 Disputatio
933 3350 1080 3404 Petri
1109 3367 1228 3403 cum
1255 3349 1475 3419 Apione,
1532 3355 1681 3405 recte
1703 3348 1846 3403 enim
1870 3355 2095 3419 putatur

521 3457 647 3512 pars
673 3457 798 3497 esse
831 3441 1033 3511 operis.
1081 3441 1264 3496 Codex
1309 3439 1634 3496 Oxoniensis
1666 3458 1679 3495 :
1713 3439 1778 3496 Β.
1805 3437 2092 3494 Clementis

525 3533 746 3588 Romani
783 3531 1128 3588 Itinerarium
1167 3536 1234 3588 ad
1277 3532 1537 3589 Iacobum
1587 3533 1808 3604 fratrem
1853 3532 2089 3589 Domini.

520 3627 939 3681 Carmelitarum
991 3626 1445 3683 discalceatorum
1489 3626 1546 3682 in
1586 3626 1689 3682 hac
1720 3627 1893 3682 urbe:
1930 3625 2094 3680 Itine-

521 3718 726 3772 rarinm
749 3715 1052 3772 Clementis.
1081 3717 1426 3774 Bibliotheca;
1463 3716 1738 3774 Thuanea:
1769 3736 1784 3773 :
1811 3716 1967 3772 Liber
1988 3715 2093 3772 lti-

521 3811 764 3864 nerarius
799 3809 1209 3865 Prwdicationis
1239 3810 1404 3865 Petri.
1444 3809 1546 3866 Ms.
1583 3808 1650 3866 ν.
1681 3810 1752 3865 cl.
1782 3809 1930 3865 Petri
1957 3812 2096 3866 Can-

521 3903 760 3960 delerii:
813 3901 972 3958 Gesta
1033 3903 1340 3958 Clementis.
1398 3902 1565 3974 Regis
1609 3903 2089 3968 Christianissimi,

2185 1387 2602 1443 translationem
2639 1400 2796 1441 suam
2852 1382 3379 1438 Commentariorum
3425 1379 3683 1450 Origeuis
3718 1380 3774 1432 iu

2186 1480 2483 1551 Epistulam
2509 1479 2576 1534 ad
2602 1476 2878 1533 Romanos
2911 1492 3016 1531 non
3047 1475 3265 1545 quidem
3281 1473 3438 1542 juxta
3471 1471 3773 1533 editiones.

2187 1589 2374 1628 verum
2401 1589 2468 1628 ex
2499 1571 2708 1642 optimo
2739 1585 2843 1625 ms.
2894 1567 3233 1624 bibliotheca:
3271 1565 3540 1639 Thuanae,
3575 1565 3659 1619 sic
3689 1564 3777 1618 lo-

2188 1666 2411 1737 quitur:
2442 1665 2574 1720 Post
2631 1664 2727 1718 hoc
2779 1679 2909 1717 sane
2957 1671 3107 1716 uocat
3155 1677 3247 1715 nos
3281 1675 3434 1728 opus,
3467 1656 3614 1728 quod
3646 1658 3775 1712 olim

2188 1759 2397 1830 quidem
2439 1758 2733 1822 iniunctum
2773 1765 2874 1818 est.
2922 1755 3011 1810 sed
3063 1771 3200 1809 nunc
3226 1771 3257 1806 a
3285 1752 3438 1806 beato
3474 1750 3774 1805 Gaudentio

2188 1854 2428 1922 episcopo
2475 1851 2818 1906 vehementius
2852 1855 3180 1918 perurgetur,
3236 1843 3530 1900 Clementis
3573 1843 3772 1898 scilicet

2189 1947 2416 2002 Romani
2468 1945 2718 2014 episcopi,
2773 1944 3137 2012 apostolorum
3186 1940 3389 1993 comitis
3453 1954 3517 1991 ac
3565 1953 3774 1991 succes-

2189 2040 2352 2104 s0ris,
2381 2038 2445 2094 de
2489 2038 2855 2109 Recognitione
2899 2035 3040 2102 libri,
3085 2044 3140 2086 ut
3190 2034 3244 2087 in
3271 2031 3530 2086 Latinum
3564 2040 3772 2083 vertan-

2191 2143 2296 2188 tur.
2333 2131 2401 2186 In
2445 2147 2546 2202 quo
2600 2146 2770 2200 opere,
2822 2128 2946 2182 bene
2999 2127 3118 2181 novi
3169 2123 3306 2196 quod
3345 2123 3592 2178 laborem
3628 2122 3772 2174 labor

2189 2225 2542 2294 multiplicata
2585 2232 2727 2277 sorte
2773 2221 3040 2288 suscipiet.
3095 2217 3443 2287 Satisfaciam
3469 2232 3607 2269 sane
3639 2215 3692 2267 in
3718 2230 3769 2266 eo

2190 2318 2377 2372 amicis
2420 2317 2569 2372 meis.
2616 2314 2767 2369 Dabo
2822 2313 2978 2367 titulo
3033 2329 3218 2366 nomen
3285 2327 3489 2372 meum,
3541 2307 3767 2362 aucturis

2187 2410 2532 2465 nihilominus
2585 2407 2838 2463 vocabulo
2889 2413 3242 2475 permanente.
3283 2401 3430 2455 Nam
3455 2398 3766 2469 RuﬁniCle-

2189 2521 2334 2560 mens
2381 2505 2715 2560 inscribetur.
2752 2499 2976 2557 Accedit
3018 2499 3086 2554 ad
3140 2496 3380 2553 nominis
3422 2496 3767 2556 varietatem,

2191 2596 2364 2652 multo
2411 2595 2638 2665 majoris
2689 2592 2953 2648 momenti
3003 2588 3289 2644 diversitas
3338 2593 3532 2640 textus
3567 2600 3634 2638 ac
3663 2574 3772 2652 pirr-

2188 2688 2371 2743 versio
2404 2707 2417 2745 :
2447 2688 2597 2742 varie
2646 2686 2847 2758 quippe
2875 2693 2932 2740 et
2958 2681 3177 2738 miseris
3224 2678 3401 2734 modis
3445 2678 3768 2738 distractus,

2190 2781 2423 2844 divisus,
2481 2778 2862 2849 interpolatus,
2921 2781 3139 2837 auctus,
3189 2772 3458 2831 minutus.
3523 2767 3769 2836 atquein

2189 2871 2574 2943 compendium
2624 2871 2879 2926 redactus
2929 2866 3052 2934 fuit,
3082 2881 3183 2922 nec
3212 2880 3320 2919 non
3355 2879 3458 2934 per
3486 2862 3772 2915 haereticos

2191 2972 2504 3035 corruptus,
2530 2962 2752 3017 insertis
2779 2958 2966 3014 multis
3007 2957 3288 3013 erroribus
3317 2971 3333 3021 ;
3363 2968 3607 3024 quorum
3648 2966 3776 3021 par-

2190 3071 2297 3118 tem
2353 3061 2546 3117 tollere
2592 3057 2747 3113 labor
2803 3054 3017 3112 exstitit
3040 3067 3168 3109 cum
3212 3049 3394 3104 Ruﬁni
3426 3045 3775 3116 interpretis,

2191 3164 2304 3211 tum
2325 3155 2470 3209 illius
2501 3152 2596 3223 qui
2626 3150 2910 3222 Epitomen
2940 3148 3093 3203 fecit.

2263 3246 2444 3302 Ruﬁni
2494 3243 2721 3308 Torani,
2760 3243 2896 3305 sive,
2945 3247 3008 3294 ut
3052 3238 3147 3293 alii
3192 3235 3489 3308 appellant,
3518 3232 3777 3290 Turauii.

2196 3339 2472 3404 Torannii,
2541 3336 2832 3401 Turranii,
2897 3332 3175 3404 Tyrannii,
3227 3346 3351 3386 esse
3389 3326 3780 3400 praefationem

2193 3449 2318 3490 cum
2345 3430 2597 3503 sequenti
2623 3430 2873 3484 versione
2916 3426 3092 3498 stylus
3120 3425 3340 3489 clamat,
3363 3420 3780 3488 ostenduntque

2195 3524 2530 3590 Gennadius,
2563 3521 2882 3586 Adbelmus,
2935 3518 3260 3575 Anastasius
3291 3512 3779 3571 Bibliotheca-ius,

2195 3627 2359 3691 atque
2389 3617 2506 3688 ipse
2531 3614 2764 3670 Ruﬁnus
2797 3631 2812 3669 :
2845 3612 3086 3682 itemque
3134 3608 3582 3664 Excalceatorum
3642 3603 3783 3659 Car-

2195 3711 2502 3767 melitarum
2534 3707 2693 3771 liber,
2726 3704 2923 3776 quisic
2961 3701 3154 3772 incipit
3187 3718 3203 3755 :
3256 3698 3432 3759 Ruﬁni
3478 3694 3784 3766 presbyteri

2193 3804 2440 3875 prwfatio
2468 3800 2536 3855 ad
2577 3798 2928 3854 Gaudentium
2981 3795 3276 3864 pontiﬁcem
3326 3793 3381 3846 in
3421 3789 3785 3844 Itinera-istst

2197 3895 2499 3959 Clementis,
2525 3893 2590 3948 ab
2610 3909 2668 3948 eo
2688 3906 2753 3946 ex
2782 3889 2962 3945 Graeco
2987 3890 3039 3943 in
3076 3887 3325 3941 Latinum
3355 3899 3692 3939 conuersum.
3720 3879 3787 3934 Et

521 4003 576 4050 et
600 3993 864 4050 Sorbonaa
901 4003 1126 4059 nostrae,
1157 4002 1320 4061 atque
1363 3972 1511 4050 Petri
1557 3993 1720 4051 Petiti
1771 3997 2093 4068 typographi
2123 4015 2167 4073 ο
2198 3996 2324 4061 post
2356 3987 2755 4060 praelationem,
2791 3981 3199 4050 Clementisque
3228 3977 3294 4032 ad
3325 3975 3593 4031 Iacobum
3662 3972 3787 4040 epi-

520 4088 654 4159 regii
684 4107 697 4144 :
727 4087 971 4142 Historia
1019 4085 1324 4145 Clementis.
1373 4088 1533 4144 Liber
1584 4087 1966 4144 Monachensis
2009 4089 2092 4144 bi-

519 4178 847 4236 bliothecae:
882 4178 940 4235 S.
986 4179 1246 4252 Martyris
1303 4179 1584 4236 Clementis
1643 4182 1873 4252 episcopi
1912 4183 2093 4238 Roma:

524 4271 582 4326 S.
616 4271 764 4327 Petri
790 4273 1039 4343 discipuli
1067 4272 1326 4327 Narratio
1375 4274 1540 4328 missa
1581 4273 1650 4328 ad
1685 4273 1946 4329 Iacobum
1980 4276 2095 4344 fra-

524 4373 655 4418 trem
687 4364 923 4429 Domini,
949 4368 1245 4437 episcopum
1298 4367 1807 4437 Hierosolymorum.
1856 4366 2095 4424 Ioannes

522 4455 899 4513 Antiochenus
935 4460 988 4512 in
1017 4457 1332 4528 Appendice
1384 4457 1603 4512 concilii
1651 4456 2004 4523 Basileensis,
2036 4455 2092 4512 in

2199 4082 2421 4145 stolam,
2446 4080 2709 4151 scriptum
2736 4077 2899 4132 habet
2933 4095 2946 4131 :
2974 4073 3249 4129 Itinerarii
3291 4066 3574 4125 Clementis
3633 4065 3790 4120 Petri

2201 4175 2426 4244 apostoli
2488 4171 2803 4228 successoris
2870 4167 3002 4223 liber
3039 4166 3241 4237 primus
3299 4161 3483 4231 incipit
3513 4177 3544 4212 a
3581 4157 3789 4228 Ruﬁno

2202 4265 2494 4321 traductus.
2525 4263 2680 4331 Quod
2710 4263 2756 4319 si
2784 4260 2910 4332 quis
2947 4258 3203 4329 obiecerit
3248 4254 3533 4325 epistolam
3559 4249 3788 4305 Paulini

2199 4361 2290 4425 47,
2323 4360 2369 4415 is
2398 4372 2722 4429 responsum
2767 4354 2900 4410 feret
2925 4367 3026 4409 nec
3052 4352 3201 4406 illam
3245 4364 3368 4404 esse
3408 4346 3660 4402 indubia
3690 4362 3789 4399 au-

2201 4451 2493 4516 ctoritatis,
2522 4465 2620 4506 nec
2635 4449 2691 4504 in
2708 4462 2772 4504 ea
2811 4445 3140 4502 mentionem
3173 4443 3287 4498 ﬁeri
3318 4440 3784 4511 Recognitionn.

525 4626 3782 4670 ______________________.._—————————-

1283 4850 1466 4964 DE
1545 4846 2215 4966 AUCTORE
2295 4831 3003 4958 ANONYMO

1045 5084 2067 5183 RECOGNITIONUM
2143 5074 3238 5178 CLEMENTINARUM.

603 5280 928 5358 (Gutum,
984 5279 1100 5339 Vet.
1152 5281 1309 5339 Patr.
1365 5283 1433 5348 Il,
1491 5296 1665 5346 xxx“,
1702 5294 1768 5335 ex
1821 5277 2067 5333 Historia
2095 5275 2384 5402 Lititgrpria
2414 5271 2735 5346 Aquileiensi
2767 5270 2833 5329 γ.
2863 5272 2926 5328 C.
2954 5269 3098 5326 Iusti
3143 5265 3462 5335 Fontanini,
3512 5264 3608 5322 lib.
3651 5286 3714 5328 τε.

2011 5364 2132 5402 can.
2239 5377 2278 5402 ,ι

2011 5364 2132 5420 cap.
2165 5364 2278 5417 10.;

1723 5624 2097 5689 SYNOPSIS
2129 5622 2507 5686 CAPITUM.

599 5748 643 5820 l.
673 5747 1323 5820 Auctorsﬂecognitionum
1350 5749 1675 5820 inquiritur;

603 5818 666 5878 Il.
720 5818 968 5889 Ejusdem
1001 5813 1134 5876 nitas
1164 5813 1437 5878 statuitur}
1477 5817 1585 5876 Cur
1611 5834 1736 5877 onus
1760 5817 1912 5874 titulo
1940 5815 2366 5889 Rccognitionum
2400 5813 2730 5886 inscriptum.
