3976 6340
219 334 357 394 1189

1327 339 1896 400 BECOGNITIONES.
1930 375 2000 384 —-
2033 342 2395 400 PROOEMIA.

3339 347 3466 402 11⁸111

290 450 382 531 111ζ
419 451 658 531 Censura
717 453 1082 526 Gelasiipapa!
1104 455 1168 510 de
1192 454 1668 526 Recognitionibus.
1732 459 1916 530 Opem
1970 461 2216 530 pretium.
2269 458 2466 513 Auctor
2497 457 2806 514 catholicus.
2854 461 3064 531 Aliquot
3125 457 3467 514 recentiorum

354 521 640 590 judmium.

291 589 381 646 IV.
409 593 804 672 llecognitiones
835 594 1048 652 ercas
1072 607 1190 666 post
1219 614 1400 651 earum
1434 601 1857 667 translationem,
1885 617 1917 655 a
1971 600 2204 656 Paulino
2237 599 2450 655 Nolano
2492 601 2698 669 [rustra
2731 609 3007 665 tentatum,
3030 601 3251 672 Ruﬁnus
3284 600 3472 655 Latine

362 666 635 721 convertit.

291 730 355 786 V.
400 733 605 813 [togata
636 747 834 791 sancta:
857 735 1072 803 Salviae,
1123 737 1300 808 Ruﬁni
1327 739 1562 809 pra'fecti
1615 743 1864 811 prcatorio
1904 745 2127 808 sororis,
2180 760 2311 813 opus
2348 743 2669 813 aggreditur,
2709 741 2846 812 quod
2880 740 3171 798 Gaudentio
3214 743 3468 797 Brixiano

362 806 602 878 episcopo
634 819 922 878 nuncupat.

429 875 587 952 (erus
619 872 951 952 profat'ionis
985 887 1264 952 auctor_,et
1289 878 1719 952 Recognitionum
1745 886 2022 952 interpres,
2050 878 2296 952 Ruﬁnus.

438 942 770 1022 [ἐμίαν-’1111111
795 951 940 1022 locus
965 951 1108 1002 circa
1140 942 1848 1020 Clementis-Recognitiones
1874 942 2204 1022 expenditur.

294 1013 427 1070 \lll.
469 1015 547 1070 De
579 1019 804 1087 epistola
847 1019 1277 1090 Recognitionum
1335 1024 1486 1075 libris
1539 1013 1768 1078 adnexa.
1795 1013 1980 1094 Operis
2004 1023 2163 1078 editio
2194 1022 2452 1094 quomodo
2483 1025 2762 1077 adornata.

1809 1198 1882 1210 -φ

288 1325 330 1382 l.
371 1324 523 1381 Libri
556 1326 978 1399 Recognitionum
1013 1331 1177 1385 alium
1204 1327 1363 1401 plane
1384 1347 1414 1386 a
1440 1338 1634 1386 sancto
1668 1330 1788 1386 Cle-
1814 1335 1861 1392 Α
1890 1337 1995 1384 tem
2020 1330 2151 1385 illuc
2181 1346 2306 1386 eum
2336 1332 2655 1388 convolasse
2678 1332 3056 1389 animadvertit
3085 1335 3313 1392 Huetius
3333 1336 3472 1408 (25).

216 1427 420 1483 mente,
479 1427 602 1488 post
644 1418 864 1475 Petrum
933 1423 1096 1478 tertio
1141 1423 1228 1478 vel
1275 1432 1472 1492 quarto
1535 1422 1795 1478 Romanae

217 1509 478 1564 Ecclesia:
510 1512 784 1580 pontifice,
815 1514 1172 1569 architectum
1214 1515 1538 1571 habuerunt.
1566 1515 1646 1570 Ad
1675 1515 1794 1585 ejus

215 1611 431 1658 atatem
465 1606 609 1675 quod
642 1605 852 1665 attinet.
891 1623 1012 1662 eum
1039 1617 1165 1662 ante
1203 1606 1487 1679 Origenem
1543 1607 1796 1665 floruisse

217 1692 273 1746 in
301 1703 583 1764 comperto
611 1703 713 1751 est.
747 1694 1011 1767 Origenes
1038 1697 1206 1762 enim,
1249 1699 1340 1768 qui
1375 1698 1478 1753 sub
1503 1696 1795 1768 Elagabalo

215 1783 414 1840 ﬂorere
443 1787 628 1856 erepit,
661 1787 872 1858 primus
926 1790 1170 1844 omnium
1228 1790 1539 1845 testimonia
1579 1805 1645 1845 ex
1677 1789 1791 1854 illo,

211 1881 479 1948 tanquam
505 1879 901 1950 scriptorejam
927 1888 1078 1945 noto,
1121 1889 1175 1938 et
1237 1882 1522 1938 Clementis
1573 1883 1796 1939 nomine

217 1970 442 2039 quidem
473 1971 754 2036 distincto,
786 1973 953 2028 semel
988 1983 1148 2043 atque
1174 1974 1370 2030 iterum
1418 1973 1619 2044 promit
1655 1973 1792 2045 (18).

217 2058 586 2127 Quamobrem
617 2062 941 2118 Clementini
971 2063 1153 2134 operis
1206 2061 1398 2118 artifex
1446 2063 1675 2135 Origene
1701 2062 1795 2132 ju-

215 2152 345 2207 nior
398 2154 504 2209 dici
557 2170 668 2209 non
708 2163 907 2225 potest,
956 2157 1051 2211 sed
1088 2157 1250 2226 paulo
1279 2155 1462 2210 senior
1494 2172 1509 2223 ;
1541 2154 1686 2226 quod
1711 2154 1798 2209 ni-

217 2241 422 2295 mirum
447 2240 514 2294 ad
545 2248 762 2311 tempus
790 2242 1104 2312 scriptionis
1131 2241 1386 2312 pertinet.
1437 2240 1576 2296 Ante
1601 2240 1796 2313 Orige-

211 2348 367 2399 1111111,
402 2351 499 2390 seu
553 2335 772 2390 tertium
827 2334 1035 2390 Christi
1076 2334 1293 2389 Domini
1329 2334 1609 2399 saeculum,
1634 2349 1796 2389 nemo

216 2442 463 2498 unquam
517 2426 914 2496 Recognitiones
964 2428 1222 2492 laudavit,
1276 2442 1436 2481 nemo
1499 2426 1797 2482 Clementi-

217 2530 420 2572 norum
471 2519 800 2572 mentionem
869 2516 1015 2573 fecit.
1101 2516 1251 2572 Libri
1303 2525 1584 2572 auctorem
1632 2517 1796 2573 tertio

216 2607 442 2678 demum
473 2606 677 2662 Christi
711 2608 907 2662 saeculo
935 2607 1157 2674 vixisse,
1177 2608 1286 2663 duo
1311 2607 1570 2678 produnt.
1589 2605 1791 2671 Unum,

218 2699 373 2768 quod
419 2713 485 2752 ex
538 2697 866 2753 Bardesanis
922 2697 1045 2770 Syri
1101 2699 1318 2771 dialogo
1363 2699 1439 2754 De
1468 2699 1580 2770 fato
1606 2709 1796 2753 contra
1831 2687 1874 2743 Β

219 2788 454 2845 Abidam
496 2790 851 2860 astrologum,
910 2790 1164 2844 laciniam
1213 2791 1352 2846 bene
1380 2791 1595 2861 longam
1627 2790 1798 2845 sulfu-

221 2890 408 2946 ratus,
457 2896 609 2936 suam
657 2880 804 2938 fecit.
862 2882 1133 2951 Alterum,
1161 2882 1308 2953 quod
1342 2882 1411 2938 de
1439 2883 1661 2938 civitate
1689 2883 1801 2936 Ro.

219 2989 410 3037 mana,
469 2973 728 3028 universo
783 2974 902 3028 orbi
962 2974 1261 3041 dominata,
1319 2990 1430 3030 non
1460 2976 1694 3031 obscure
1720 2976 1802 3031 lo-

219 3076 444 3136 quatur.
500 3065 664 3137 Atqui
716 3067 1055 3123 Bardesanes
1079 3071 1184 3123 sub
1215 3068 1284 3124 Μ.
1310 3067 1530 3124 Aurelio
1556 3068 1802 3140 Augusto

218 3159 407 3215 ﬂoruit
452 3160 598 3214 circa
650 3175 852 3214 annum
900 3161 1023 3225 171,
1047 3162 1137 3215 cui
1161 3161 1446 3231 Dialogum
1472 3176 1631 3217 suum
1659 3178 1801 3216 nun-

220 3247 470 3318 cupavit.
524 3248 806 3304 Caracalla
862 3264 995 3304 vero
1046 3249 1192 3304 circa
1224 3264 1427 3304 annum
1451 3249 1578 3316 215,
1609 3259 1800 3321 gentes

221 3337 477 3394 liontano
535 3340 762 3411 imperio
811 3341 1106 3411 subiectas,
1152 3343 1500 3413 prapriisque
1530 3350 1690 3397 antea
1721 3343 1800 3397 le-

216 3430 389 3500 gibus
413 3445 566 3494 usas,
592 3431 647 3484 in
681 3429 844 3486 Urbis
871 3446 1054 3486 rerum
1085 3431 1318 3486 dominae
1359 3432 1506 3501 jura,
1530 3432 1804 3487 constitu-

217 3524 376 3578 tione
414 3523 580 3589 edita,
612 3524 824 3593 primus
863 3525 1105 3580 omnium
1139 3525 1575 3595 transirejussit.
1609 3525 1687 3579 Ex
1716 3525 1804 3581 his

219 3616 594 3687 perspicimus
634 3625 970 3689 quantOpere
1022 3618 1301 3684 fallantur,
1341 3619 1432 3689 qui
1479 3617 1804 3676 Clementini

221 3709 516 3779 scriptoris
572 3717 785 3766 aetatem
841 3711 1040 3766 saeculo
1091 3726 1132 3764 ιι
1174 3710 1443 3782 praefinire
1492 3712 1802 3768 voluerunt.

224 3800 436 3856 Horum
472 3818 665 3874 agmen
707 3803 861 3858 ducit
917 3802 1232 3860 Blondellus
1271 3803 1407 3875 (19),
1442 3803 1803 3862 cuiaccesse-

221 3902 360 3949 runt
389 3893 693 3950 Cotelerius
718 3895 828 3967 (20)
851 3902 904 3950 et
928 3893 1162 3951 Grabius
1202 3895 1339 3967 (21-).
1369 3896 1596 3951 Cunctis
1623 3902 1805 3951 tamen

223 3988 298 4042 ad
342 3987 483 4042 hanc
533 3987 775 4044 eamdem
822 3989 1148 4044 sententiam
1176 3990 1461 4060 prteiverat
1495 3989 1683 4046 Sixtus
1713 3989 1806 4048 Se-

220 4081 422 4137 nensis
463 4080 599 4151 (22).

305 4171 368 4226 11.
403 4171 710 4229 Dodwellus
733 4185 1043 4246 compactos
1065 4184 1252 4232 censet
1270 4175 1664 4247 Recognitiones
1692 4177 1807 4250 (25)

221 4263 377 4321 inter
401 4281 530 4321 ann.
564 4282 684 4321 certe
716 4268 955 4337 vulgaris
983 4267 1088 4323 218
1107 4275 1162 4324 et
1197 4269 1325 4325 251.
1356 4269 1551 4326 Verius
1579 4270 1810 4328 dixisset

220 4357 377 4413 inter
404 4374 532 4413 ann.
560 4358 660 4413 211
697 4359 897 4414 et2l7.
929 4359 1140 4415 Etenim
1191 4376 1334 4416 anno
1375 4361 1474 4417 211
1529 4365 1682 4419 solus
1708 4363 1810 4420 im-

224 4465 428 4521 perare
472 4451 638 4522 coepit
679 4450 979 4515 Caracalla,
1037 4468 1208 4518 novze,
1271 4469 1436 4525 quam
1478 4454 1613 4520 dixi,
1673 4470 1811 4510 con-

227 4543 763 4612 stitutionisauctor,
802 4543 854 4598 in
884 4544 1316 4616 Recognitionum
1368 4546 1524 4602 libris
1555 4547 1807 4602 laudatae.

226 4635 360 4690 Mox
407 4636 595 4692 eodem
639 4653 783 4714 anno
823 4639 949 4702 217,
977 4637 1265 4694 Caracalla
1287 4640 1575 4696 occiditur.
1611 4636 1706 4696 His
1733 4656 1814 4696 re-

225 4728 456 4796 pellitur
486 4729 760 4784 maximus
790 4729 936 4784 Petri
971 4729 1150 4784 Allixii
1181 4731 1390 4802 lapsus,
1443 4732 1644 4787 aientis
1673 4731 1810 4802 (24),

233 4817 813 4893 pseudo-Clementem
850 4819 1053 4876 vixisse
1092 4838 1194 4874 non
1221 4822 1313 4874 diu
1343 4833 1465 4877 ante
1497 4823 1811 4892 Sulpicium,

227 4920 363 4964 ante
391 4927 550 4980 quem
579 4920 758 4968 tamen
792 4929 854 4967 cc
898 4929 1071 4970 annos
1108 4915 1265 4970 vixit.
1290 4913 1572 4986 Origenes,
1599 4916 1809 4985 primus

229 5003 670 5073 Recognitionum
744 5022 945 5075 praaco,
1001 5005 1295 5062 Caracallaa
1367 5007 1502 5062 iram
1573 5008 1807 5078 fugiens.

227 5097 567 5151 Alexandria
595 5098 650 5152 in
681 5097 1024 5154 Palaestinam
1069 5100 1245 5169 primo
1288 5101 1540 5157 secessit.
1589 5100 1681 5157 Bis
1709 5115 1810 5155 au-

316 5267 428 5334 (18)
461 5266 712 5337 Origen.,
758 5276 889 5322 tom.
927 5283 997 5337 Vm
1047 5265 1338 5323 Comment.
1392 5269 1448 5322 in
1491 5268 1702 5330 Genes.,
1745 5266 1810 5321 ad
1844 5277 1888 5331 ι)

235 5353 364 5409 cap.
400 5353 437 5402 1,
476 5336 581 5403 14ξ
611 5336 952 5409 in_Pltilocal.
985 5353 1105 5409 cap.
1129 5341 1221 5404 22,
1251 5350 1304 5394 et
1334 5339 1387 5393 in
1421 5339 1710 5394 Comment.
1745 5338 1811 5392 ad

236 5408 437 5462 Matth.
473 5424 623 5468 xxvr,
660 5407 713 5462 6.
1053 5407 1066 5409 ⁷

311 5478 452 5550 (19)
490 5477 790 5550 Blondell.,
850 5476 1158 5550 Prolegom.
1218 5478 1285 5533 ad
1359 5479 1810 5550 pseudo-Isidor.,

236 5548 367 5619 pag.
400 5548 496 5619 59,7
518 5559 570 5601 et
601 5549 829 5619 Censu_r.
861 5548 1036 5619 Epist.
1069 5550 1093 5602 1
1125 5549 1320 5614 Clem.,
1352 5548 1475 5619 pag.
1503 5550 1592 5603 28.

232 5617 432 5743 48130)
472 5618 705 5673 Coteler.
764 5617 940 5673 Judic.
1008 5617 1075 5674 de
1130 5620 1254 5675 libr.
1319 5617 1629 5691 Recognit.,
1688 5634 1807 5690 pag.

309 5728 424 5843 ᾖξε)
465 5759 1075 5843 Crab.HSpicil.-tont.__l_,
1111 5781 1234 5836 pag.
1267 5769 1526 5831 277-279.

310 5829 427 5901 (ἶὶέ)
471 5831 608 5889 Sixt.
645 5829 798 5898 Scin,
833 5836 972 5894 Bibl.
1007 5829 1211 5895 lib-tt:
1430 5852 1432 5854 ·

1831 4038 1878 4100 C

1895 1418 2055 1476 Prius
2111 1420 2370 1492 Origenis
2420 1423 2523 1477 iter
2579 1424 2631 1478 in
2675 1422 3043 1490 Palaestinam,
3087 1428 3175 1481 ubi
3210 1427 3474 1484 Caesarea:

1895 1511 2084 1583 pedem
2111 1512 2247 1576 ﬁxit,
2273 1522 2574 1585 sanctoque
2607 1515 2916 1571 Alexandro
2969 1516 3469 1590 Hierosolymorum

1904 1613 2162 1668 episcopo
2212 1600 2481 1667 innotuit,
2528 1601 2596 1655 ab
2655 1600 2846 1656 Huetio
2881 1603 3117 1673 illigatur
3167 1618 3312 1656 anno
3367 1602 3472 1655 Do-

1908 1690 2044 1746 mini
2073 1691 2200 1747 215.
2235 1691 2310 1747 Ex
2346 1692 2450 1748 hoc
2494 1694 2707 1758 itinere,
2752 1705 2875 1765 post
2905 1713 3103 1752 caesum
3134 1697 3471 1754 Caracallam

1904 1799 2050 1838 anno
2086 1784 2212 1850 217,
2241 1784 2500 1856 Origenes
2543 1785 2931 1858 Hierosolymis
2969 1791 3345 1845 Alexandriam
3393 1807 3475 1845 re-

1905 1874 2054 1942 dux,
2109 1892 2290 1932 secum
2348 1877 2742 1949 Recognitiones
2801 1881 2988 1935 tulisse
3043 1882 3303 1937 dicendus
3355 1891 3469 1946 est,

1907 1966 2050 2020 unde
2108 1967 2222 2037 ipse
2278 1969 2491 2024 illarum
2546 1971 2840 2027 sententias
2894 1972 3008 2026 suis
3054 1972 3473 2030 Commentariis

1907 2059 2232 2128 admiscuit;
2263 2079 2498 2133 quorum
2529 2075 2652 2121 octo
2680 2067 2888 2135 priores
2924 2075 3100 2121 tomos
3131 2067 3184 2120 in
3217 2067 3469 2122 Genesim

1908 2151 2180 2208 Eusebius
2234 2168 2299 2207 ex
2345 2163 2494 2209 torno
2524 2171 2711 2209 eorum
2747 2170 2892 2210 nono
2921 2157 3157 2211 ostendit
3191 2157 3302 2227 (26)
3344 2157 3471 2212 Ale-

1907 2245 2148 2299 xandriae
2188 2243 2358 2302 fuisse
2411 2247 2785 2317 conscriptos,
2826 2257 2880 2302 et
2932 2250 3149 2318 quidem
3189 2260 3306 2320 post
3346 2248 3470 2306 Ori-

1905 2339 2058 2408 genis
2096 2339 2198 2392 iter
2235 2338 2366 2392 illud
2426 2339 2661 2408 primum
2721 2342 2772 2396 in
2814 2341 3176 2398 Palmstinam.
3220 2342 3473 2413 Recogni-

1911 2438 2076 2482 ttones
2115 2444 2246 2484 vero
2285 2428 2340 2482 in
2396 2427 2682 2486 Palaestina
2722 2434 3107 2496 concinnatus,
3149 2450 3270 2488 cum
3310 2420 3472 2488 Blon-

1906 2521 2048 2577 dello
2088 2521 2245 2576 facile
2281 2521 2577 2586 credimus,
2617 2524 3052 2593 quandoquidem
3094 2526 3146 2579 in
3189 2525 3295 2580 illis
3336 2526 3474 2579 thro-

1907 2631 2005 2668 nus
2055 2612 2551 2683 Hierosolymitante
2597 2614 2848 2670 Ecclesia:
2900 2633 3062 2688 supra
3113 2627 3337 2673 caeteros
3375 2634 3471 2673 ex-

1909 2709 2136 2763 tollitur.

1976 2801 2243 2854 Czeterum
2276 2800 2427 2869 operi
2461 2815 2527 2855 ex
2553 2809 2873 2871 argumento
2899 2816 3002 2855 vox
3043 2800 3471 2870 Recognitionum

1908 2892 2154 2948 adhaesit.
2186 2891 2486 2962 Recognitio
2508 2893 2672 2958 enim,
2698 2893 2809 2947 sive
2835 2893 3068 2962 Agnitio,
3096 2908 3161 2947 ex
3187 2893 3474 2948 Aristotele

1908 2986 1963 3042 in
1993 2988 2120 3042 Arte
2153 2989 2378 3058 poetica,
2412 2987 2607 3052 oritur,
2638 3003 2756 3042 cum
2792 2987 3039 3042 homines
3081 2988 3208 3042 olim
3243 2986 3382 3042 inter
3414 3002 3473 3041 se

1909 3079 2370 3152 coniunctissimi,
2407 3079 2623 3134 tandem
2671 3080 2871 3134 multos
2910 3089 3032 3150 post
3071 3094 3232 3134 casus
3266 3079 3319 3134 in
3365 3087 3473 3134 tra-

1909 3171 2104 3241 goadiis
2151 3180 2206 3225 et
2249 3171 2534 3226 comoediis
2582 3185 2640 3225 se
2679 3180 2870 3224 mutuo
2915 3178 3022 3226 nec'
3053 3171 3273 3240 apinalo
3305 3186 3476 3241 agno-

1911 3271 2089 3318 scunt.
2120 3262 2196 3318 lta
2231 3264 2388 3334 plane
2417 3263 2472 3317 in
2502 3263 2606 3318 hac
2644 3260 3170 3332 pseudo-Clementis
3196 3277 3475 3317 commen-

1909 3355 2113 3409 tatione
2157 3354 2549 3419 Faustiniano,
2585 3353 2857 3409 Mathidize
2894 3369 2960 3409 ac
3001 3352 3162 3418 ﬁliis,
3207 3351 3496 3420 Clementi,

1905 3436 2111 3494 Fausto
2143 3447 2197 3493 et
2221 3437 2484 3495 Faustino
2518 3440 2808 3511 contingit.
2855 3438 3043 3509 Itaque
3101 3453 3226 3494 cum
3279 3439 3480 3493 inscri-

1906 3526 2114 3597 ptione,
2174 3526 2404 3581 formam
2463 3528 2628 3582 etiam
2679 3528 2944 3598 poeticam
2996 3542 3134 3597 opus
3180 3528 3479 3598 accepisse,

1905 3633 2037 3674 vero
2067 3632 2329 3688 perquam
2361 3618 2540 3674 simile
2575 3617 2633 3672 fit
2665 3617 2942 3673 Dodwello
2976 3618 3111 3690 (27).

1978 3710 2066 3768 111.
2109 3709 2359 3768 Gelasius
2413 3710 2650 3782 pontifex
2706 3711 2762 3766 in
2814 3712 3047 3768 Decreto
3099 3712 3356 3783 genuino,
3412 3727 3480 3766 ex

1906 3804 2199 3861 veterrimo
2258 3805 2450 3860 codice
2499 3803 2786 3868 Vaticano,
2827 3805 2956 3858 olim
2986 3819 3015 3857 a
3052 3820 3138 3860 me
3166 3805 3313 3859 edito
3343 3803 3480 3875 (28),

1907 3897 2052 3952 hanc
2097 3910 2388 3951 censuram
2438 3895 2504 3951 de
2547 3893 3006 3966 Recognitionibus
3050 3911 3080 3950 a
3117 3895 3315 3950 Ruﬁno
3343 3910 3481 3949 con-

1908 3987 2085 4043 versis
2163 3986 2580 4058 pronuntiavit:
2635 3985 3016 4053 ltinerarium,
3079 3989 3286 4042 nomine
3331 3987 3483 4041 Petri

1909 4079 2156 4149 apostoli,
2210 4079 2348 4150 quod
2389 4078 2690 4150 appellatur
2765 4081 2937 4134 sancti
2992 4079 3294 4143 Clementis,
3354 4095 3483 4149 apo-

1909 4173 2184 4244 cryphum.
2239 4171 2432 4229 Nullus
2487 4173 2597 4238 hic,
2645 4183 2703 4228 ut
2747 4175 2802 4229 in
2852 4175 3067 4229 caeteris
3124 4173 3480 4239 editionibus,

1909 4265 2179 4320 librorum
2217 4280 2480 4322 numerus
2515 4266 2839 4336 explicatur,
2882 4266 3009 4336 quia
3040 4266 3087 4320 is
3118 4265 3384 4334 pendebat
3416 4280 3484 4320 ex

1911 4358 2142 4414 arbitrio
2195 4358 2567 4416 librariorum.
2638 4359 2912 4424 Gelasius,
2968 4359 3140 4414 sancti
3199 4357 3483 4413 Clementis

1915 4467 2054 4522 opus
2101 4449 2319 4521 quidem
2364 4450 2642 4519 appellari,
2675 4467 2788 4505 non
2817 4468 2946 4514 esse,
2980 4449 3155 4515 dixit;
3187 4450 3345 4520 eique
3381 4465 3472 4519 pu-

1911 4543 2109 4598 blicam
2154 4542 2444 4597 lectionem
2496 4551 2550 4599 et
2596 4543 2918 4598 canonicam
2973 4542 3356 4598 auctoritatem
3387 4557 3488 4595 vo-

1910 4634 2107 4688 cabulo
2136 4634 2418 4704 apocryphi
2455 4633 2813 4704 abjudicavit.
2863 4634 3140 4690 Gelasium
3169 4634 3224 4688 in
3252 4633 3488 4688 concilio

1911 4725 2158 4782 Romano
2213 4741 2319 4781 ιιι
2376 4726 2759 4796 episcoporum
2813 4725 2894 4782 sic
2940 4725 3307 4790 deﬁnientem,
3363 4724 3488 4780 Cle-

1913 4819 2185 4876 mentinas
2248 4817 2644 4888 Recognitiones
2686 4833 2717 4873 a
2774 4816 2974 4873 Ruﬁno
3037 4819 3331 4874 translatas
3381 4816 3487 4873 sub

1916 4915 2139 4969 nomine
2192 4911 2468 4966 Itinerarii
2553 4911 2848 4974 indicasse,
2906 4911 3052 4966 haud
3101 4910 3481 4966 dubitandum.

1916 5006 2034 5061 Non
2061 5005 2182 5061 ideo
2213 5015 2393 5060 tamen
2441 5008 2650 5074 privata
2701 5006 3000 5062 auctoritas
3053 5005 3194 5075 apud
3221 5006 3485 5075 plurimos

1918 5099 2177 5155 Ecclesia:
2232 5098 2438 5153 Latina:
2488 5100 2786 5170 scriptores
2827 5099 2937 5155 illis
2963 5098 3150 5154 deluit.
3180 5096 3255 5153 De
3284 5096 3489 5152 Graecis

1989 5274 2100 5352 (2'6)
2141 5273 2353 5338 Dodw.,
2416 5273 2646 5331 Dissert.
2709 5290 2763 5328 vr
2818 5276 2871 5328 in
2924 5275 3093 5342 Iren.,
3150 5275 3178 5348 §
3228 5293 3305 5343 ιι,
3361 5295 3486 5352 pag.

1916 5345 2100 5486 “(524)
2142 5416 2329 5479 Allix.,
2359 5415 2536 5469 Diatr.
2571 5416 2635 5470 de
2673 5433 2798 5472 ann.
2828 5427 2877 5470 et
2907 5435 3073 5474 mens.
3103 5419 3272 5473 natal.
3305 5418 3486 5485 Dom,

1918 5488 2304 5632 paggiﬂuet.
2365 5558 2670 5629 Origenian.
2730 5559 2824 5614 lib.
2877 5575 2916 5624 1,
2962 5560 3130 5628 capit.
3177 5560 3232 5623 2,
3266 5561 3321 5626 4,
3357 5558 3488 5632 §vr,

1916 5628 2374 5769 paféﬁ‘fEuseb"
2409 5700 2550 5756 Hist.
2593 5701 2743 5760 eccl..
2769 5701 2862 5756 lib.
2897 5717 2974 5764 vr,
3003 5716 3121 5770 cap.
3153 5700 3240 5755 19.

1993 5770 2105 5838 (27)
2144 5769 2359 5841 l_)odw.,
2395 5771 2432 5826 ι.
2469 5789 2538 5826 c..
2574 5787 2696 5841 pag.
2722 5771 2844 5825 444.

1988 5841 2104 5914 (28)
2143 5839 2374 5899 Fontan.
2413 5839 2622 5914 Antiqq.
2652 5839 2841 5910 'llort.,
2867 5857 3021 5912 pagg.
3055 5841 3313 5898 517-551.
