3976 6340
614 321 748 379 “Si

1460 310 1518 370 S.
1558 306 1953 367 CLEMENTIS
1991 308 2008 362 l
2048 306 2213 363 ROM.
2251 304 2453 363 ΡΟΝΤ.
2494 303 2715 361 OPERA
2758 303 2970 359 DUBIA.
3596 312 3681 372 ma

610 453 724 495 non
758 434 965 503 ίοψιοιι,
1000 426 1222 499 (verum
1251 426 1355 481 hac
1388 427 1454 482 de
1483 444 1542 483 re
1580 443 1703 481 mox
1734 425 2000 497 agendum
2043 422 2070 497 §
2104 441 2178 489 v1,
2206 435 2254 492 Α
2282 425 2397 495 quis
2441 422 2684 492 fallatur,
2739 418 2997 490 ejusmodi
3046 416 3150 470 Ita'c
3203 424 3309 471 sunt
3346 422 3531 477 numeris
3567 442 3684 487 notati

613 529 707 583 ubi
737 526 805 580 de
835 520 1013 576 Rufini
1070 519 1319 573 versione
1375 516 1613 587 Latina.)
1675 515 1941 572 Cancrum
1974 514 2073 568 hos
2104 513 2167 566 li-

611 619 763 683 bros,
815 625 1123 683 quanquam
1176 608 1516 678 apocryphos,
1571 608 1625 664 id
1674 614 1756 663 est
1812 605 2040 676 publica:
2073 619 2168 658 au-

612 704 889 760 ctoritatis
920 705 1190 769 expertes,
1222 713 1344 752 cum
1376 699 1487 752 sint
1511 698 1756 752 maximas
1798 694 2163 765 antiquitatis,

608 814 717 853 non
772 809 967 865 parum
1019 792 1228 845 fructus
1287 791 1493 845 idcirco
1542 789 1755 845 adferre
1813 803 1994 858 posse,
2043 802 2165 841 cum

608 888 856 958 Nourryo
904 885 1016 955 (29)
1072 884 1359 938 sentimus.
1439 881 1575 935 Nam
1652 880 1979 936 Christianae
2043 880 2168 934 reli-

607 980 784 1051 gionis
828 976 1086 1045 Apologia
1117 982 1282 1040 sunt;
1314 980 1366 1027 et
1401 973 1685 1043 gentilium
1717 971 1928 1035 fabulae,
1959 971 2169 1025 cultus-

610 1087 715 1141 que
773 1068 1001 1130 ethnici,
1051 1065 1255 1135 fatique
1303 1074 1638 1120 assertorum
1688 1080 1924 1127 errores,
1983 1063 2040 1117 in
2087 1064 2167 1118 eis

603 1163 936 1219 refutantur.
968 1161 1151 1231 Neque
1178 1160 1370 1213 inutile
1399 1174 1535 1229 opus
1563 1159 1630 1211 iis
1669 1172 1789 1211 esse
1820 1156 2040 1227 poterit,
2074 1156 2168 1226 qui

607 1252 1057 1323 philosophorum
1115 1251 1421 1320 opiniones,
1480 1248 1722 1318 gentium
1783 1262 1984 1308 mores,
2035 1261 2168 1299 con-

608 1340 923 1397 suetudines
973 1341 1397 1409 allegoricasque
1424 1338 1727 1392 fabularum
1779 1338 2167 1407 explicationes

610 1435 751 1487 scire
783 1431 1074 1485 voluerint.
1108 1430 1215 1484 Nec
1247 1446 1377 1485 sane
1409 1429 1567 1484 facile
1611 1437 1756 1484 esset
1810 1428 2040 1497 plurima
2065 1427 2168 1480 La-

613 1524 852 1577 tinorum
909 1522 1027 1575 loca
1088 1522 1410 1591 intelligere,
1475 1522 1523 1577 si
1572 1521 1653 1575 his
1707 1519 2167 1589 Recognitionibus

608 1628 937 1668 careremus.
983 1611 1093 1665 Hoc
1136 1613 1297 1666 etiam
1346 1612 1545 1665 fatetur
1590 1620 1779 1666 auctor
1834 1610 2167 1681 praefationis

611 1704 677 1759 ad
709 1721 902 1758 novam
947 1702 1201 1759 Colelcrii
1252 1703 1567 1767 editionem,
1616 1704 1709 1772 qui
1758 1704 1892 1759 alias
1924 1704 1990 1758 de
2015 1698 2164 1759 more

2278 516 2388 570 suis
2414 515 2564 571 locis.
2599 523 2654 566 ut
2678 516 2793 587 quis
2819 511 3088 566 observare
3133 511 3301 567 possit.
3331 509 3387 565 lli
3426 515 3533 567 nazvi
3553 531 3575 569 a
3596 518 3680 573 ϐω.

2276 618 2395 659 tero
2425 602 2707 672 explicati,
2757 615 2849 654 sea:
2904 613 3129 653 numero
3157 609 3291 662 sunt,
3325 602 3406 670 qui
3442 606 3550 673 apud
3576 608 3688 678 ipsum

2274 697 2445 752 videri
2474 703 2723 765 possunt.
2751 693 2830 765 (In
2855 693 3097 749 eamdem
3113 692 3309 748 Gruteri
3329 700 3585 753 sententiam
3596 703 3689 759 ride-

2272 790 2353 843 sis
2390 805 2509 859 qute
2557 788 2787 844 inferius
2816 803 2879 842 ex
2929 785 3149 841 Marano
3189 788 3295 844 viro
3335 790 3589 848 doctissimo
3613 807 3691 853 sunt

2276 877 2555 942 adnotata,
2587 878 2679 933 ubi
2717 893 2896 934 sermo
2918 877 2981 931 de
3020 876 3339 933 Clementinis
3362 881 3471 951 (55).
3501 882 3693 943 Postrem

2273 970 2396 1024 loco
2420 970 2776 1041 adjungamus
2806 966 3051 1040 Ilugonis
3093 968 3257 1025 Grotii
3292 970 3351 1027 de
3368 972 3442 1027 his
3463 973 3584 1031 libris
3601 978 3687 1046 judl

2272 1060 2417 1114 cium
2448 1060 2557 1131 (54)
2586 1080 2599 1114 ;
2635 1059 3083 1129 Recognitionum,
3144 1060 3245 1122 ait,
3273 1062 3350 1129 qui
3389 1061 3583 1116 dicuntur
3604 1068 3690 1129 libri,

2270 1162 2489 1205 eatenus
2543 1150 2682 1220 apud
2733 1168 2813 1205 me
2869 1152 3061 1212 valent,
3108 1160 3342 1219 quatenus
3388 1154 3567 1205 aliorum
3599 1155 3693 1210 dictis

2271 1254 2584 1314 congruunt.
2618 1242 2945 1302 theroauin
2992 1244 3149 1311 probo
3197 1243 3455 1298 cardinalis
3477 1245 3635 1298 Barosii
3657 1249 3694 1304 de

2275 1339 2338 1390 iis
2364 1337 2643 1407 judicium,
2672 1338 2762 1407 qui
2790 1352 2855 1389 ex
2905 1335 3216 1404 Epiphanio,
3264 1334 3429 1405 Ruﬁno
3451 1336 3627 1405 aliisque,
3646 1339 3696 1391 li-

2273 1430 2365 1492 cit,
2404 1428 2513 1481 illis
2574 1428 2722 1481 libris
2774 1427 3006 1497 plurima
3054 1428 3212 1497 fuisse
3245 1438 3428 1491 assuta,
3465 1438 3504 1480 et
3539 1430 3631 1481 inter
3660 1448 3697 1483 es

2275 1536 2450 1574 omnes
2477 1520 2601 1573 illas
2632 1519 2845 1588 fabulas
2870 1519 2932 1573 de
2961 1521 3048 1583 iis,
3101 1536 3213 1589 qua:
3249 1518 3475 1575 Cwsarea
3500 1520 3628 1590 {scisse
3648 1520 3699 1575 di-

2274 1611 2414 1663 citur
2439 1610 2629 1664 Petrus
2659 1619 2843 1664 contra
2873 1608 3159 1664 Simonem.

2345 1704 2611 1759 Carterum
2639 1703 2881 1757 omnium
2931 1702 3103 1757 ferme
3148 1702 3384 1757 ordinum
3424 1700 3699 1757 catholicorum

608 1809 711 1849 suo
741 1809 848 1846 non
885 1809 1055 1862 pauca
1096 1808 1378 1863 perperam
1412 1793 1568 1850 dicit.
1624 1793 1915 1850 Librorum
1960 1796 2170 1867 analysi
2202 1783 2244 1838 Β
2272 1796 2570 1863 scriptores
2625 1791 2891 1847 Clementi
2954 1788 3201 1845 Romano
3251 1789 3575 1858 Recogritious
3602 1788 3700 1858 sbju-

610 1884 936 1953 pertexenda
974 1885 1410 1954 superscdemus,
1476 1901 1601 1939 cum
1632 1886 1686 1941 id
1712 1888 2029 1959 praestiterit
2060 1888 2177 1943 lau-

609 1976 774 2031 datus
797 1975 1078 2047 Nourryus
1108 1976 1223 2048 (50)
1265 1976 1399 2047 (vide
1427 1978 1630 2049 supra).

680 2068 941 2133 Quamvis
974 2078 1151 2125 autem
1182 2071 1475 2141 genuinum
1504 2082 1557 2125 et
1585 2070 1905 2141 primarium
1936 2070 2177 2142 Recogni-

612 2160 814 2213 tionum
846 2160 1130 2225 artificem,
1191 2162 1441 2216 doctrina
1502 2178 1795 2233 rerumque
1834 2163 2095 2218 varietate
2122 2172 2176 2219 et

608 2252 763 2321 copia
799 2252 1075 2308 abundare
1103 2269 1213 2307 non
1256 2253 1614 2320 difliteamur;
1660 2254 2041 2325 philosophum
2089 2261 2176 2309 ta-

608 2358 731 2396 men
762 2358 821 2397 se
848 2343 1097 2411 prodere,
1152 2359 1311 2399 nemo
1364 2359 1470 2397 non
1521 2343 1706 2398 videt:
1757 2351 1811 2397 at
1858 2344 2174 2399 catholicum

607 2441 773 2495 certe,
814 2433 1061 2503 quamvis
1085 2434 1415 2504 philologum
1448 2435 1620 2505 magis
1644 2450 1805 2505 quam
1841 2436 2170 2508 theologum.

604 2520 861 2578 Cotelerii
892 2525 1057 2580 verba
1113 2542 1221 2581 non
1254 2527 1561 2596 prmteribo,
1621 2527 1787 2583 totius
1837 2536 2174 2583 commenta-

606 2616 775 2671 tionis
824 2624 1143 2687 argumenta
1173 2618 1439 2688 complexi
1468 2618 1523 2671 in
1555 2634 1667 2673 suae
1691 2618 1948 2675 editionis
1978 2619 2174 2689 prafa-

608 2706 778 2770 tione,
841 2708 933 2761 ubi
982 2715 1139 2763 vocat
1189 2717 1469 2777 syntagma
1516 2708 1836 2778 theologicis,
1884 2708 2169 2775 historicis,

607 2798 980 2869 philosophisic
1010 2810 1059 2853 et
1091 2801 1420 2871 astrologicis
1452 2800 1603 2855 rebus
1634 2802 1904 2869 refertum.
1938 2800 2172 2856 Accedat

605 2892 771 2947 etiam
797 2892 1070 2956 Barthius,
1097 2893 1190 2963 qui
1225 2894 1394 2947 libros
1434 2893 1508 2945 ait
1542 2892 1651 2962 (51)
1685 2893 1928 2962 antiquos
1969 2909 2101 2959 esse,
2120 2902 2171 2947 et

609 2983 865 3037 bonarum
891 3001 1063 3037 rerum
1119 2984 1317 3053 plenos.
1376 2981 1604 3038 Eosdem
1651 2999 2024 3052 saepenumero
2049 2986 2171 3039 illu—

610 3082 785 3139 strat,
843 3082 896 3130 et
952 3076 1065 3129 acri
1111 3076 1274 3130 etiam
1332 3088 1564 3129 censura
1621 3075 1972 3145 perstringit,
2028 3087 2169 3131 vetus

2274 1884 2481 1940 dicant.

2350 1974 2530 2029 Primo
2560 1987 2625 2028 ex
2651 1971 3006 2026 cardinalium
3061 1976 3245 2023 senatu
3286 1966 3700 2036 Baronius,prudeu-

2275 2068 2349 2121 tia
2385 2075 2438 2121 et
2469 2066 2731 2135 gravitate
2759 2061 3119 2117 admirandus
3167 2060 3297 2133 (55).
3328 2058 3699 2113 Baroniumsuhse—

2273 2157 2460 2231 quitur
2488 2156 2843 2212 Bellartninus
2868 2154 3000 2225 (56).

2345 2247 2424 2303 Ex
2454 2249 2639 2303 ordine
2666 2250 3023 2318 episcoporum
3040 2243 3271 2301 Carolus
3292 2241 3470 2297 Bovius
3486 2238 3701 2295 Ostunensis

2275 2343 2505 2396 antistes
2533 2341 2669 2411 (57).

2346 2432 2423 2487 Ex
2499 2432 2683 2486 ordine
2761 2429 3189 2486 Prtedicatorum
3260 2427 3543 2483 Franciscus
3594 2422 3702 2477 Victo-

2273 2524 2357 2578 ria
2407 2521 2541 2594 (58).

2344 2616 2420 2670 Ex
2449 2614 2761 2685 presbyteris
2784 2612 3063 2669 Socielatis
3090 2610 3219 2665 Iesu
3238 2611 3525 2665 Benedictus
3549 2607 3705 2661 Pennus

2274 2710 2409 2783 (59),
2435 2708 2674 2763 Joannes
2704 2706 2937 2763 Lorinus
2970 2706 3108 2776 (40),
3141 2704 3389 2760 Nicolaus
3419 2697 3704 2767 Serarius(ll),

2271 2802 2543 2856 Antonius
2570 2799 2905 2855 Possevinus
2936 2798 3072 2870 (42).

2342 2893 2418 2947 Ex
2449 2892 2734 2946 Academia
2762 2889 3074 2945 Lovaniensi
3122 2889 3357 2945 Joannes
3389 2887 3550 2942 Driedo
3572 2883 3654 2952 115).

2342 2985 2419 3039 Ex
2464 2985 2749 3040 Academia
2777 2984 3071 3038 Parisiensi
3124 2982 3328 3038 Natalis
3350 2980 3475 3035 Beda
3499 2980 3598 3049 (il).

2340 3075 2430 3133 IV.
2462 3077 2620 3133 Nune
2648 3093 2776 3133 vero
2801 3077 2868 3131 de
2906 3075 3102 3131 Latina
3137 3076 3530 3147 Recognitionum
3550 3069 3709 3125 versione

605 3166 961 3236 fragmentum
992 3167 1292 3238 appellans,
1319 3176 1372 3222 ct
1399 3167 1588 3223 Latine
1640 3183 1989 3233 conversum,
2048 3184 2172 3223 eum
2200 3152 2241 3209 Ο
2276 3170 2563 3239 agendum.
2600 3168 2861 3224 Paulinus
2909 3168 3155 3223 Nolanus
3207 3165 3446 3220 Ruﬁnum
3485 3179 3537 3219 ex
3553 3158 3713 3216 cmnobio

606 3259 850 3313 nondum
878 3276 1036 3329 genus
1066 3258 1270 3312 dicendi
1313 3258 1656 3312 barbarismis
1692 3258 1971 3313 admodum
2002 3260 2173 3327 inqui-

606 3360 791 3403 natum
818 3361 970 3415 esset,
1009 3368 1099 3405 nec
1143 3353 1355 3404 mistam
1393 3352 1518 3406 olim
1557 3346 1842 3405 Gothorum
1870 3360 1961 3405 aut
1988 3351 2172 3405 talium

606 3442 835 3496 illuviem
888 3442 1049 3507 oleat,
1094 3443 1191 3497 etsi
1251 3443 1360 3497 suis
1414 3444 1572 3496 etiam
1624 3443 1782 3497 nazvis
1834 3460 1937 3497 non
1971 3451 2170 3498 careat.

607 3533 742 3588 Rem
770 3534 1070 3599 concludit,
1104 3534 1353 3589 bonorum
1388 3536 1707 3589 monitorum
1742 3536 1919 3605 gratia
1950 3550 2009 3591 se
2036 3535 2169 3589 talia

607 3625 839 3679 libenter
865 3628 1187 3696 perlegere:
1222 3637 1351 3692 tam,
1394 3626 1590 3697 inquit,
1635 3626 1697 3680 de
1738 3643 1917 3680 eorum
1958 3627 2174 3682 veritate

608 3716 800 3779 securi,
832 3733 988 3785 quam
1020 3717 1066 3769 si
1090 3716 1390 3786 Apuleium,
1425 3727 1516 3771 aut
1554 3716 1891 3786 Apollonium
1920 3718 2171 3789 aliquem,

607 3806 684 3859 vel
711 3805 1091 3859 Pltilostratum
1122 3807 1455 3862 volueramus.
1499 3806 1665 3862 Recte
1693 3806 1909 3876 quidem
1941 3807 2016 3861 ita
2046 3824 2175 3863 cen-

607 3905 690 3951 set
723 3897 975 3953 Barthius
1006 3897 1073 3952 de
1099 3900 1326 3955 veritate
1354 3899 1634 3963 historica,
1667 3900 1712 3953 si
1736 3898 1879 3953 hanc
1901 3898 2172 3954 interdum

608 3997 843 4061 Spectes.
869 3989 986 4059 Non
1019 3992 1092 4045 ita
1149 3991 1216 4046 de
1245 3990 1518 4063 dogmate,
1568 3994 1636 4047 de
1690 4007 1799 4063 quo
1833 3991 1989 4047 aliter
2012 3990 2173 4045 Lam-

606 4084 795 4137 bertns
824 4080 1089 4139 Gruterus
1122 4083 1232 4155 (52)
1263 4102 1277 4139 :
1326 4082 1602 4154 Nusquam
1633 4100 1758 4147 non,
1780 4084 1976 4153 inquit,
1996 4081 2051 4136 in
2079 4081 2174 4135 hoc

615 4174 750 4229 libro
779 4174 1078 4243 defenditur
1107 4177 1323 4230 liberum
1342 4177 1565 4231 hominis
1603 4178 1903 4243 arbitrium,
1930 4176 2175 4245 baptismi

604 4275 653 4321 et
685 4268 1013 4322 eucharistia:
1062 4271 1158 4333 vis,
1202 4271 1480 4325 necessitas
1513 4288 1575 4325 ac
1624 4271 1874 4342 dignitas.
1908 4269 2174 4325 Prwterea

607 4361 822 4414 trinitas
900 4379 1243 4431 personarum
1309 4363 1465 4416 unius
1538 4354 1668 4427 Dei,
1750 4361 2174 4432 providentiaque

608 4461 944 4508 astruuntur.
986 4453 1212 4508 Docetur
1238 4454 1358 4507 item
1388 4470 1491 4508 non
1534 4454 1907 4508 contemnenda
1932 4470 2043 4509 esse
2073 4454 2172 4508 mi-
2206 4497 2246 4521 η
2276 4454 2381 4507 tius
2410 4454 2675 4507 consortio
2732 4461 2820 4505 tuo
2863 4449 3130 4521 perfruar.
3187 4446 3330 4500 Nam
3358 4440 3577 4518 quomodo
3616 4432 3707 4504 proli

608 4546 795 4598 recula
827 4544 894 4598 ad
926 4555 1219 4616 martyrum
1244 4545 1484 4616 sepulcra
1509 4546 1671 4601 edita.
1702 4544 1805 4601 Sed
1827 4554 1948 4600 sunt
1970 4545 2051 4599 hic
2084 4554 2169 4599 ta-

609 4651 725 4689 men
769 4636 871 4692 loci
899 4636 1134 4709 quidam,
1167 4638 1327 4693 veluti
1373 4638 1528 4704 nazvi,
1581 4655 1711 4709 quos
1751 4639 1895 4707 pium
1930 4638 2170 4693 lectorem

608 4726 860 4782 relcaute
905 4728 1087 4798 legere,
1135 4731 1212 4784 uel
1263 4739 1529 4801 suspectos
1578 4730 1768 4789 habere
1819 4740 2038 4800 Oportet.
2090 4728 2172 4783 Ne

679 4862 1045 4929 (Ξ91Νοιητη
1092 4872 1287 4937 Appar.
1346 4866 1415 4920 ad
1446 4865 1587 4923 Bibl.
1630 4865 1773 4931 PP.,
1804 4874 1936 4922 tom.
1982 4864 2023 4930 1,
2059 4864 2175 4920 Dis-

605 4943 881 5009 ser_t_.__XI_,_
907 4943 1011 4989 art.
1045 4936 1251 5009 7,_pag.
1275 4939 1401 4993 225.

685 5003 804 5078 (511)
830 5003 1060 5078 _l_\'onrr.,
1095 5003 1233 5078 lfch
1257 5024 1380 5078 pag.
1409 5007 1533 5063 211.

684 5039 804 5190 lilii
830 5039 1573 5138 ὴέῖνῖἰιῖῗᾸὲιῖὲἓέἻῗὺΪὲὶζτ.
1602 5090 1721 5146 cap.
1747 5076 1801 5131 5.

684 5143 773 5190 132
838 5144 1299 5190 Crtller_-Drmfnt
1365 5148 1429 5190 ml
1501 5152 1801 5190 Clamanti

683 5143 795 5213 (ὖῖ)
838 5144 1077 5210 Grntet‘.,
1106 5148 1318 5206 Pmlal.
1365 5148 1431 5201 ad
1501 5143 1751 5207 Clement.
1798 5147 1927 5202 edit.
1977 5144 2167 5201 Colon.

602 5210 836 5284 Agripp.
863 5214 1021 5284 1569.

679 5280 1184 5359 (55)’1ηΡι·,οαξηιίὶε
1211 5287 1278 5342 ad
1311 5286 1657 5349 Clementiae,
1691 5287 1919 5346 huiusce
1950 5283 2099 5341 Patr.
2127 5294 2170 5341 t.

605 5349 673 5408 11.
706 5354 881 5408 initio.
919 5354 1074 5408 Eon.

658 5389 673 5414 ,
706 5356 881 5415 initio.
919 5356 1074 5410 Eon.

683 5423 796 5496 (51)
823 5423 996 5496 (ξνοιη
1026 5427 1161 5496 Opp.
1196 5435 1328 5481 tom.
1360 5426 1448 5487 111,
1479 5430 1600 5495 pag.
1632 5426 1757 5481 188.

687 5494 797 5568 (ὅᾷ)
828 5492 1047 5560 Baron.,
1073 5492 1139 5549 ad
1185 5513 1314 5568 ann.
1340 5498 1427 5563 54,
1455 5492 1714 5568 ἕόἁιηι
1756 5504 1977 5568 θιλεῦχει
1999 5508 2168 5563 ςλδιιιι.

621 5560 703 5628 tl,
738 5560 858 5632 εχ,
885 5580 1013 5622 ann.
1044 5568 1135 5633 41,
1180 5567 1206 5638 §
1266 5560 1427 5622 xxxvi
1452 5560 1624 5623 fana.
1667 5568 1758 5631 51,
1808 5565 1835 5637 §
1872 5582 1965 5620 LIII
1985 5560 2013 5634 ;’
2040 5581 2169 5623 ann.

618 5631 738 5689 102,
787 5631 813 5699 §
847 5650 980 5690 χιιι.

725 5672 738 5689 .
787 5650 813 5697 9
847 5650 980 5690 xxn.

690 5701 801 5778 (515)
834 5703 1107 5761 Bellorum.
1141 5707 1216 5761 De
1240 5711 1421 5777 script.
1451 5708 1600 5771 cccl.,
1625 5723 1746 5778 pag.
1772 5707 1860 5771 52,
1883 5715 1935 5762 et
1963 5707 2057 5762 lib.
2108 5721 2146 5760 Il

614 5769 688 5825 De
726 5770 871 5828 Rom.
907 5786 1073 5843 pont.,
1105 5794 1224 5850 cap.
1248 5779 1301 5838 2.

2272 3260 2449 3315 Pineti
2504 3259 2731 3315 Romam
2764 3261 2991 3324 iturum,
3042 3275 3143 3330 per
3188 3259 3395 3312 litteras
3441 3250 3714 3309 humanissime

2271 3354 2525 3409 salutavit
2557 3352 2693 3425 (15),
2751 3353 2941 3423 gratiis
2995 3351 3178 3406 amico
3232 3349 3443 3411 habitis,
3473 3344 3587 3417 quod
3621 3337 3715 3397 sede

2269 3444 2475 3501 Graecis
2532 3444 2730 3500 litteris
2763 3443 3025 3498 attentius
3070 3442 3438 3513 perdiscendis
3463 3433 3715 3493 communis-

2271 3545 2374 3601 set,
2407 3546 2695 3606 postquam
2738 3534 2988 3587 Latinam
3033 3529 3273 3603 Operum
3328 3529 3483 3585 sancti
3523 3518 3715 3578 Clementis

2272 3628 2340 3683 ab
2370 3643 2429 3684 se
2457 3626 2775 3681 adornatam
2824 3623 3144 3689 editionem,
3201 3622 3269 3677 ad
3311 3619 3531 3675 eumdem
3552 3611 3717 3667 Ruﬁnum

2269 3717 2673 3773 transmiserat.
2715 3714 2811 3769 Vir
2833 3721 3056 3769 sanctus
3101 3721 3157 3768 et
3187 3708 3582 3767 modestissimus
3613 3704 3717 3770 impe-

2270 3808 2411 3863 ritiae
2438 3822 2551 3863 sua:
2578 3806 2785 3884 tribuit,
2814 3804 2959 3876 quod
2991 3803 3195 3858 alicubi
3237 3817 3445 3859 sensum
3469 3797 3717 3889 magis

2270 3900 2457 3961 verba,
2488 3899 2690 3969 quippe
2746 3898 2813 3951 ab
2868 3911 2927 3950 se
2983 3911 3095 3950 non
3153 3896 3441 3954 intellecta,
3474 3887 3716 3943 converterit.

2274 3990 2379 4046 Sed
2408 3990 2695 4045 Paulinum
2728 3991 2906 4060 ipsum
2963 3988 3278 4059 loquentem
3323 3984 3599 4040 audiamus:
3625 3975 3711 4028 Sunt

2274 4083 2469 4154 inquit,
2500 4082 2637 4153 quod
2667 4082 2949 4136 admonere
2975 4080 3217 4151 dignaris
3257 4080 3437 4148 affectu
3460 4073 3553 4137 illo,
3578 4083 3645 4140 quo
3662 4076 3719 4115 ﬂ“

2270 4179 2404 4231 sicut
2429 4187 2476 4232 te
2501 4176 2702 4247 diligis,
2746 4185 2803 4229 ut
2845 4173 3080 4229 studium
3127 4173 3186 4225 in
3218 4170 3406 4226 Craacis
3431 4167 3584 4222 litteris
3608 4170 3719 4214 atus-

2273 4272 2377 4324 tius
2407 4286 2636 4333 sumam,
2666 4268 2881 4323 libenter
2910 4266 3109 4335 accipio
3133 4280 3151 4318 :
3174 4264 3264 4318 sed
3291 4264 3484 4331 implere
3506 4274 3585 4311 non
3605 4251 3719 4307 talea;

2272 4365 2376 4417 nisi
2407 4363 2543 4433 forte
2573 4361 2834 4416 desideria
2884 4376 2999 4413 mea
3048 4358 3268 4427 adjuvat
3296 4355 3544 4413 Dominus,
3584 4344 3718 4433 ut

2276 4555 2417 4599 ctum
2444 4560 2628 4613 capere
2676 4554 2856 4613 potero
2907 4542 3161 4597 sermonis
3195 4539 3373 4610 ignoti,
3404 4536 3447 4590 si
3477 4532 3584 4587 desit
3616 4545 3639 4579 a
3666 4538 3723 4593 σν

2274 4637 2521 4709 ignorata
2580 4636 2922 4691 condiscam?
2978 4631 3148 4688 Credo
3202 4632 3337 4685 enim
3379 4628 3431 4680 in
3479 4619 3723 4709 translatich

2274 4708 2443 4785 sancti
2468 4728 2771 4792 Clementis,
2805 4736 2995 4797 praeter
3024 4725 3160 4778 alias
3212 4721 3401 4793 ingenii
3441 4718 3526 4772 mei
3559 4708 3725 4779 delet”?

2343 4867 2456 4939 (57)
2486 4867 2640 4939 βαι,
2669 4863 2888 4920 Praefat.
2920 4862 2985 4939 ad
3015 4861 3195 4939 Qonst.
3227 4866 3417 4939 apost._
3530 4931 3541 4939 Δ
3587 4914 3683 4939 MA;

2344 4925 2457 5005 (58)
2489 4925 2725 5001 Victor.,
2760 4944 2891 4989 tom.
2920 4934 2984 4998 11,
3016 4931 3209 4986 Relect.
3236 4944 3345 4993 xu,
3374 4925 3444 4979 De
3470 4931 3559 4976 art.
3584 4927 3725 4985 ιιωφι..

2337 5025 2500 5063 XXXV.

2276 5007 2304 5081 ὅ
2337 5025 2686 5146 ῗέὂῖᾖθτθῐη
2727 5076 2779 5130 in
2820 5072 3025 5136 Cenes,
3058 5070 3153 5126 lib.
3199 5085 3261 5132 tt,
3294 5071 3472 5139 quzest.
3514 5062 3556 5125 1,
3581 5048 3727 5129 ινδ-⁸⁵

2272 5149 2399 5203 edit.
2434 5150 2458 5201 1
2494 5146 2653 5201 Rom.

2343 5218 2456 5287 (ιθ)
2485 5218 2694 5281 Lorin.,
2725 5218 2778 5271 in
2809 5218 3130 5287 Act._opost.
3162 5222 3284 5287 cap.
3316 5223 3424 5267 xix,
3446 5202 3560 5287 5-1::

2345 5270 2455 5357 (11)
2485 5270 2694 5351 δεητξξ
2730 5270 2895 5357 tom.
2930 5284 2972 5348 1,
2995 5270 3311 5353 ὀρυεθ.’ἀα
3346 5270 3521 5345 «post,
3546 5270 3569 5338 ᾗ
3598 5280 3626 5325 l.
3651 5271 3725 5329 1³³8·

2272 5359 2361 5422 27,
2388 5359 2517 5412 edit.
2545 5357 2782 5427 Mogunt.
2810 5356 2964 5410 1611.

2288 5490 2299 5500 _
2344 5428 2454 5500 (42)
2485 5427 2796 5500 Possev.,in
2829 5430 3081 5500 Apparet.

2345 5481 2457 5568 (45)
2511 5481 2727 5560 Βτίεόζξ
2753 5481 2919 5568 toni:
2955 5496 2975 5548 1
3004 5492 3126 5568 ρο-
3154 5492 3284 5546 eccl.
3337 5488 3519 5568 ᾴρςίριη
3558 5482 3662 5546 part.
3693 5481 3725 5525 τι

2273 5556 2367 5625 111).
2398 5556 2471 5630 tv,
2503 5583 2622 5637 cap.
2654 5556 2715 5631 5,
2745 5567 2836 5621 fol.
2863 5563 2932 5628 A,
2955 5564 3089 5637 edit_.
3111 5563 3313 5637 bovan.
3343 5556 3487 5611 1572.

2343 5620 2470 5709 (44),
2488 5620 2856 5709 βεᾶςίξὶοριὲ.
2886 5620 3231 5709 .I'ac_.Al"al_7r.2
3245 5644 3463 5709 propos.
3477 5620 3585 5709 105.

2342 5693 2457 5765 ἷιίῦἳ
2489 5693 2726 5766 Paulina
2755 5706 2925 5775 Epist.
2974 5704 3065 5770 46,
3101 5705 3167 5757 al.
3204 5693 3294 5765 47,
3318 5693 3521 5753 uitaui.
