3976 6340
230 292 370 356 1193

1368 298 1935 363 BECOGNlTlONES.
1971 338 2037 347 ——
2067 306 2427 363 PROOEMIA.

3330 314 3466 373 1194

228 432 341 479 nes,
372 414 507 468 hanc
555 421 604 468 te
649 410 978 482 potissimum
1033 412 1309 481 imperitia:
1348 429 1476 470 meae
1532 419 1802 486 penuriam
1835 431 1875 482 Α
1908 420 1996 474 cui
2028 420 2273 476 eamdem
2307 421 2424 490 ipse
2460 420 2849 492 spoponderat,
2877 421 3072 477 Brixiae
3101 424 3157 478 in
3180 424 3307 480 sede
3328 424 3469 481 Gau-

222 506 607 571 considerasse,
666 504 804 575 quod
854 503 1039 575 aliqua
1077 505 1131 558 in
1172 506 1357 575 quibus
1415 508 1700 578 intelligere
1725 510 1800 563 vel

218 600 510 669 exprimere
530 598 684 651 verba
712 614 814 651 non
843 599 1009 667 potui,
1061 614 1216 652 sensu
1245 599 1418 667 potius
1457 601 1795 673 apprehenso,

221 691 298 746 vel
330 700 384 743 ut
412 690 583 744 verius
614 690 813 750 dicam.
879 690 1094 750 opinata
1134 688 1529 744 transtulerim:
1560 707 1661 763 quo
1684 709 1799 745 ma-

217 783 298 852 gis
322 797 443 851 egeo
476 779 844 834 misericordia
881 780 997 843 Dei,
1022 788 1078 831 ut
1100 780 1385 848 pleniorem
1416 781 1546 834 mihi
1606 782 1682 835 tui
1705 793 1794 836 co-

214 875 361 943 piam
394 874 632 935 tribuat;
659 874 783 942 quia
811 888 906 940 pro
934 872 1134 925 divitiis
1172 873 1272 925 erit
1303 874 1550 941 pauperi,
1609 884 1667 925 ut
1695 875 1796 926 mi-

217 980 310 1018 ras
347 980 381 1017 a
409 963 589 1017 divitis
619 979 800 1017 mensa
853 962 1119 1025 cadentes,
1178 964 1332 1017 arido
1363 963 1593 1033 famelici
1617 965 1791 1020 cordis

218 1070 309 1106 ore
334 1053 597 1122 colligere.
649 1051 725 1107 De
753 1052 1036 1107 Clemente
1086 1051 1335 1107 Romano
1383 1054 1670 1109 Paulinum
1702 1056 1791 1110 hic

215 1143 368 1213 loqui
395 1159 502 1197 non
528 1150 613 1198 est
635 1158 736 1198 cur
785 1145 1076 1214 quisquam
1106 1144 1317 1201 dubitet
1359 1163 1482 1202 cum
1508 1147 1790 1204 lleriberto

220 1233 543 1305 Rosweydo.
595 1233 707 1289 Suo
754 1236 901 1290 enim
943 1237 989 1289 is
1031 1238 1251 1291 nomine
1305 1238 1374 1291 ab
1417 1236 1788 1295 Alexandrino

218 1328 473 1396 aliisque,
508 1326 650 1396 apud
678 1335 890 1382 veteres
914 1330 1354 1384 antonomastice
1396 1346 1455 1386 se
1482 1330 1788 1402 distingue-

210 1419 330 1475 bat.
350 1418 600 1483 Ruﬁnus,
632 1420 724 1489 qui
750 1418 1121 1475 Clementinas
1137 1419 1528 1492 Recognitiones
1545 1422 1598 1476 in
1614 1424 1785 1480 libros

212 1527 248 1567 ι
271 1512 559 1566 distinctas
613 1526 719 1564 una
747 1526 871 1566 cum
908 1513 1030 1568 aliis
1074 1513 1211 1568 bene
1258 1516 1443 1570 multis
1471 1514 1783 1572 Graecorum

208 1602 498 1658 codicibus
537 1614 604 1656 ex
653 1602 873 1658 Oriente
925 1619 1111 1659 secum
1167 1607 1445 1674 attulerat,
1488 1608 1545 1663 in
1573 1608 1783 1663 Italiam

213 1695 407 1758 redux,
436 1686 668 1749 Paulino
731 1696 930 1765 hospiti
979 1696 1419 1766 interpretandas
1475 1700 1786 1755 commoda-

210 1794 388 1841 verat.
450 1786 555 1841 Sed
610 1786 874 1841 Paulinus
923 1788 1428 1857 interpretationem
1485 1806 1793 1862 aggressus,

211 1879 462 1933 ultimam
486 1879 536 1933 ei
562 1894 781 1933 manum
808 1894 1152 1949 nequaquam
1192 1883 1477 1952 imposuit,
1510 1885 1656 1954 quod
1679 1884 1796 1939 Ru-

210 1970 361 2025 ﬁnus
386 1985 452 2025 ex
484 1972 785 2041 speeimine
818 1973 885 2026 ad
920 1989 979 2027 se
1027 1974 1199 2029 misso
1220 2013 1235 2039 ,
1263 1990 1381 2030 eam
1422 1977 1605 2032 minus
1633 1992 1801 2032 accu-

210 2071 334 2119 rate
355 2063 665 2119 confectam
718 2063 1191 2133 deprehendisset,
1242 2076 1493 2122 sanctum
1523 2069 1702 2123 virum
1728 2072 1785 2123 ut

212 2156 396 2226 majus
431 2156 674 2209 studium
706 2156 760 2209 in
785 2156 991 2212 Grmeis
1040 2158 1236 2214 litteris
1264 2169 1507 2228 poneret,
1539 2161 1796 2218 benevole

213 2248 482 2304 hortatus.
501 2248 625 2303 llaec
655 2251 835 2304 omnia
860 2250 1018 2305 nobis
1042 2251 1220 2321 prodit
1237 2250 1518 2307 Paulinus.
1538 2251 1769 2325 Roswey
1786 2285 1801 2294 -

209 2336 319 2392 dus
343 2345 523 2392 monet
555 2340 608 2393 in
641 2339 807 2407 notis,
838 2340 1087 2411 Ruﬁnum
1119 2342 1195 2396 vel
1224 2342 1513 2397 Paulinum
1536 2344 1789 2414 interpre-

214 2430 466 2483 tationem
486 2431 850 2500 interpolasse,
885 2433 962 2487 vel
1004 2432 1068 2487 de
1109 2450 1238 2488 novo
1287 2432 1641 2491 Clementinas
1669 2438 1792 2491 illos

212 2524 450 2578 vertisse.
488 2522 581 2577 Vir
606 2525 801 2580 doctus
835 2522 888 2579 in
920 2541 979 2579 re
1010 2527 1158 2579 clara
1208 2524 1411 2582 haerere
1443 2544 1553 2582 non
1583 2528 1788 2586 debuit.

213 2610 331 2668 Hoc
352 2614 496 2669 enim
528 2620 803 2686 posterius
852 2618 1221 2673 certissimum
1277 2625 1381 2674 est.
1437 2616 1622 2691 Neque
1643 2620 1793 2676 Rufi-

212 2720 324 2763 nus
349 2709 576 2763 alienam
604 2709 1137 2779 interpretationem,
1172 2718 1226 2764 et
1256 2712 1323 2765 ab
1368 2728 1428 2769 se
1451 2728 1560 2767 non
1594 2715 1793 2783 proba-

210 2806 354 2862 tam,
388 2800 491 2854 sibi
519 2807 854 2870 usurpasset.
889 2800 1040 2855 llane
1075 2799 1361 2874 Bosweydi
1397 2804 1790 2862 dubitationem

212 2892 353 2947 illud
385 2892 517 2945 satis
546 2893 823 2957 convellit,
865 2894 1010 2964 quod
1050 2894 1335 2959 Paulinus,
1370 2898 1550 2968 aliqua
1578 2901 1631 2953 in
1675 2900 1792 2969 qui-

136 3024 139 3027 .
213 2980 313 3035 bus
347 2982 634 3053 intelligere
693 2982 846 3037 verba
905 3001 1007 3037 non
1050 2986 1241 3052 potuit,
1289 3003 1445 3040 sensu
1494 2989 1668 3055 potius
1699 3004 1792 3058 apo

210 3074 467 3145 prehenso
497 3090 556 3135 se
611 3075 844 3130 vertisse
900 3075 1064 3131 dicat.
1102 3076 1332 3131 Ruﬁnus
1380 3092 1533 3141 vero,
1568 3096 1671 3133 non
1701 3096 1788 3133 so-
1815 3109 1855 3165 ρ

211 3165 325 3220 lum
349 3183 381 3219 a
411 3168 702 3231 sententiis,
757 3168 846 3221 sed
886 3184 977 3221 nec
1004 3185 1037 3222 a
1065 3169 1389 3223 sermonibus
1418 3170 1624 3239 quidem
1657 3171 1786 3225 satis
1816 3208 1819 3209 ν

207 3261 715 3330 elocutionibusque,
744 3276 802 3315 se
826 3260 1151 3316 discessisse
1175 3262 1461 3332 proﬁtetur
1486 3280 1499 3318 :
1531 3280 1649 3333 qua:
1679 3280 1783 3327 res,

212 3353 415 3424 inquit,
447 3353 681 3424 quamvis
714 3354 887 3406 minus
922 3363 1167 3407 ornatum
1195 3395 1207 3418 ,
1241 3356 1406 3425 magis
1436 3365 1606 3410 tamen
1637 3356 1791 3425 ﬁdele

208 3446 545 3502 narrationis
576 3446 746 3501 reddit
776 3447 1060 3518 eloquium.

282 3536 601 3593 V.Ruﬁnus
653 3537 799 3592 hunc
845 3554 957 3594 sua:
1010 3536 1361 3593 Clementinas
1410 3538 1787 3594 translationis

205 3632 456 3688 laborem
510 3640 848 3700 susceperat,
899 3642 1123 3701 rogatus
1172 3629 1300 3684 olim
1345 3642 1375 3683 a
1407 3639 1594 3685 sancta
1619 3629 1787 3686 Silvia

204 3722 633 3791 virgine,quam
660 3718 923 3776 Paulinus
978 3720 1163 3775 laudat
1215 3721 1463 3776 scribens
1519 3723 1586 3777 ad
1622 3721 1787 3777 Seve—

206 3828 335 3867 rum
370 3812 505 3883 (46),
534 3828 652 3867 eam
677 3820 929 3876 testatus,
981 3812 1265 3866 multorum
1308 3828 1371 3866 ea:
1405 3812 1615 3867 Oriente
1643 3831 1787 3867 mar-

207 3914 390 3973 tyrum
418 3905 676 3974 reliquias
706 3906 760 3958 in
791 3900 998 3957 italiam
1021 3904 1364 3960 convexisse.
1400 3904 1475 3959 De
1504 3906 1595 3960 illa
1628 3905 1784 3959 Ruﬁ-

204 4013 321 4053 nus
353 3997 408 4050 in
441 3999 665 4067 prologo
718 3998 900 4067 operis
948 3994 1273 4053 Clementini
1325 3996 1394 4051 ad
1422 3995 1783 4053 Gaudentium

202 4088 530 4145 Brixianum
577 4090 939 4159 episcopum':
994 4085 1130 4153 Nos,
1189 4090 1389 4159 inquit,
1438 4106 1567 4160 quos
1621 4100 1672 4145 et
1704 4093 1785 4145 in-

202 4185 350 4255 genii
380 4184 608 4236 tenuitas
632 4184 803 4236 minus
826 4191 1112 4250 promptos,
1142 4192 1191 4234 et
1221 4186 1425 4236 senecta
1456 4184 1572 4253 jam
1606 4185 1785 4237 tardos

202 4274 385 4328 reddit
410 4290 471 4327 ac
494 4290 693 4343 segnes,
713 4288 839 4341 opus
862 4272 998 4343 quod
1029 4273 1153 4326 olim
1184 4274 1488 4328 venerandae
1524 4275 1786 4328 memoria:

204 4364 383 4421 Silvia
407 4363 730 4433 injunxerat,
785 4371 844 4414 ut
879 4362 1193 4416 Clementem
1226 4366 1421 4415 nostra:
1453 4362 1645 4433 lingua:
1666 4363 1785 4416 red-

1902 512 2072 566 dentii
2104 512 2247 567 diem
2298 512 2547 577 obiisset,
2606 514 2698 568 ubi
2747 514 2867 584 ejus
2920 530 3121 586 corpus
3150 518 3381 587 quiescit
3411 518 3466 574 in

1897 597 2012 659 aede
2043 601 2229 659 Sancti
2258 602 2559 667 Laurentii,
2584 605 2951 676 recoliturque
2991 609 3251 662 memoria
3288 609 3375 663 die
3400 609 3467 664 15

1902 692 2214 747 Decembris
2245 692 2380 763 (47).
2408 691 2707 761 Palladius,
2726 693 2820 764 qui
2856 694 2912 749 in
2942 693 3183 749 Historia
3203 695 3468 752 Lausiaca

1896 795 1956 838 se
2008 796 2135 837 cum
2194 781 2360 838 Silvia
2410 793 2480 834 ιι
2535 798 2712 838 annos
2771 794 2963 853 agente
3010 782 3304 854 Egyptum
3365 799 3462 854 pe-

1899 872 2050 927 tiisse
2099 881 2328 927 testatur
2367 873 2515 945 (48),
2551 871 2822 939 Salvium,
2862 874 2996 927 alias
3044 871 3371 937 Silvaniari’t",
3410 880 3465 927 et

1898 963 2078 1033 Ruﬁni
2104 965 2437 1033 ex~prtcfecti
2484 981 2717 1019 sororem
2768 973 2946 1020 vocat.
2984 962 3042 1016 In
3080 962 3249 1017 veteri
3282 970 3465 1018 tamen

1899 1050 2145 1125 ejusdem
2194 1054 2451 1111 Historia:
2497 1072 2610 1111 sua:
2655 1055 2933 1121 versione,
2988 1071 3111 1125 qua:
3167 1054 3465 1111 Paradisus

1895 1146 2197 1202 Heraclidis
2229 1145 2568 1209 inscribitur,
2620 1160 2731 1198 non
2760 1140 3056 1197 Silvauiam
3088 1159 3179 1197 aut
3206 1141 3463 1206 Salvium,

1890 1240 1984 1295 sed
2016 1239 2238 1295 Silvium
2281 1238 2415 1293 dicit
2464 1232 2598 1308 (19).
2628 1232 2867 1306 Uterque
2915 1251 3044 1290 vero
3064 1275 3080 1302 ,
3111 1235 3387 1291 Palladius
3415 1245 3467 1290 et

1889 1332 2228 1397 Heraclides,
2258 1332 2414 1387 initio
2446 1332 2642 1403 cap‘tis
2690 1328 3075 1401 subsequentis
3117 1329 3175 1383 ll.
3230 1345 3313 1384 cc.
3367 1345 3467 1383 au-

1887 1431 2009 1479 ctor
2036 1434 2142 1489 est,
2178 1432 2427 1479 sanctam
2458 1416 2831 1493 Olympiadem
2879 1421 3126 1479 ecclesia:
3158 1418 3264 1474 (ΞΡ.
3289 1420 3472 1473 diaco-

1889 1520 2123 1581 nissam,
2176 1515 2357 1571 Silvia:
2415 1514 2665 1586 egregias
2718 1516 2952 1569 virtutes
3010 1514 3115 1568 sibi
3170 1512 3464 1569 imitandas

1893 1610 2272 1681 proposuisse.
2305 1609 2481 1661 Tanta
2537 1607 2795 1663 nimirum
2834 1605 3017 1660 Silviae
3050 1604 3151 1659 fuit
3196 1603 3465 1658 claritudo

1894 1712 1948 1759 et
1975 1703 2119 1758 fama
2147 1703 2479 1765 sanctitatis,
2525 1708 2585 1755 ut
2610 1701 2730 1755 aliis
2774 1701 2829 1754 in
2874 1700 3179 1769 exemplum
3212 1698 3461 1751 daretur!

1899 1794 2238 1852 Vocabulum
2284 1786 2636 1863 exoprtvfecti,
2685 1786 2872 1847 Graece
2915 1789 3008 1844 τοῦ
3038 1790 3145 1843 ἀπὸ
3190 1790 3465 1860 ἐπάρχων,

1897 1900 2009 1943 non
2047 1896 2132 1943 est
2154 1902 2253 1942 cur
2280 1881 2661 1941 'l‘illemontius
2712 1883 2780 1937 ad
2811 1888 3024 1951 temptts
3055 1881 3265 1934 itineris
3290 1880 3467 1933 Palla-

1897 1981 1973 2037 dii
1997 1996 2122 2036 cum
2152 1968 2321 2035 Silvia
2360 1980 2416 2034 in
2464 1978 2780 2049 Egyptttm,
2829 1976 2944 2030 sive
2983 1974 3052 2029 ad
3107 1988 3309 2027 annum
3339 1973 3464 2036 388,

1896 2071 2244 2128 referendum
2293 2072 2441 2126 dicat
2472 2070 2608 2141 (50),
2646 2084 2771 2124 cum
2816 2083 2943 2124 vere
2971 2064 3037 2120 ad
3084 2081 3285 2120 annum
3335 2064 3463 2127 420,

1897 2179 2006 2234 quo
2059 2162 2336 2218 Scribebat
2379 2160 2673 2223 Palladius,
2728 2157 2920 2214 referri
2970 2157 3184 2212 debeat.
3237 2155 3466 2210 Ruﬁnus

1896 2256 2064 2319 enim,
2090 2252 2272 2309 Silvia:
2303 2253 2490 2317 frater,
2508 2262 2561 2308 et
2578 2251 2869 2323 praefectus
2896 2250 3150 2320 praetorio
3177 2249 3230 2302 in
3247 2247 3467 2303 Oriente

1897 2347 2000 2401 sub
2027 2346 2261 2400 Arcadio
2295 2344 2561 2415 Augusto,
2613 2343 2872 2397 affectatae
2926 2340 3230 2407 tyrannidis
3275 2353 3466 2409 pinnas

1896 2437 2517 2506 luitConstantinopoli,
2554 2451 2585 2490 v
2615 2434 2736 2489 Kal.
2772 2433 3115 2495 Decembris,
3163 2449 3215 2486 a.
3256 2429 3313 2485 d.
3339 2430 3463 2492 595,

1895 2530 2140 2601 adeoque
2171 2537 2295 2600 post
2346 2543 2547 2583 annum
2579 2526 2706 2592 588,
2742 2542 2811 2581 ex
2861 2525 3224 2589 Philostorgio
3272 2523 3383 2595 (51)
3412 2529 3470 2578 et

1892 2636 1961 2679 os
1990 2620 2217 2677 Socrate
2247 2619 2591 2692 (52).Ruﬁno
2617 2618 2786 2673 fratre
2832 2617 3070 2679 sublato,
3107 2614 3280 2669 Silvia
3308 2628 3469 2669 soror

1895 2716 1947 2769 in
1979 2714 2182 2769 Italiam
2215 2713 2451 2782 trajecit,
2481 2712 2574 2767 ubi
2599 2711 2789 2767 aderat
2818 2725 2961 2763 anno
2997 2704 3121 2774 398,
3144 2716 3207 2763 ex
3239 2708 3468 2762 Paulino

1894 2807 2028 2876 (55).
2064 2804 2178 2861 11οε
2205 2804 2353 2860 enim
2402 2819 2546 2859 anno
2588 2812 2712 2874 post
2769 2801 2967 2855 festum
2985 2801 3307 2854 Sanctorum
3336 2813 3466 2868 apo-

1893 2899 2160 2954 stolorum
2188 2896 2337 2953 Petri
2371 2904 2424 2953 et
2446 2895 2623 2959 Pauli,
2681 2902 2739 2947 ut
2774 2894 3014 2947 diximus
3062 2893 3173 2963 (54)
3199 2891 3459 2945 Paulinus

1892 2989 2168 3044 Victorem
2204 2990 2261 3044 in
2305 2988 2658 3059 Aquitaniam
2690 2986 2756 3040 ad
2788 2984 3048 3040 Severum
3078 2982 3286 3037 dimisit
3342 2998 3465 3036 cum

1891 3081 2049 3134 citata
2072 3079 2299 3150 epistola
2332 3079 2420 3141 51,
2449 3080 2536 3132 cui
2558 3092 2656 3150 pro
2677 3076 3094 3131 consecratione
3127 3088 3280 3127 novae
3314 3072 3467 3129 basi-

1889 3173 2008 3227 licae
2034 3170 2239 3226 addidit
2266 3170 2590 3239 particulam
2620 3168 2983 3223 sanctissimze
3031 3166 3237 3230 erucis,
3262 3181 3328 3219 ex
3358 3163 3467 3219 Me-

1890 3264 2035 3321 lania
2064 3265 2429 3333 impetratam.
2458 3260 2564 3317 Sed
2598 3276 2707 3315 non
2758 3261 2833 3313 ita
2866 3257 3071 3313 addidit
3102 3266 3289 3311 Sacros
3317 3257 3468 3311 cine-

1890 3371 1978 3410 res
2006 3371 2035 3409 a
2062 3356 2266 3411 Severo
2295 3356 2585 3424 expetitos,
2628 3352 2827 3422 quibus
2878 3366 3066 3406 carere
3094 3362 3153 3405 se
3183 3350 3343 3405 dicit.
3370 3346 3467 3403 Vi-

1889 3453 2096 3503 ctorem
2140 3454 2321 3501 tamen
2352 3446 2449 3511 ait,
2483 3463 2625 3516 spem
2670 3445 2904 3514 ejusdem
2959 3442 3147 3512 gratia:
3200 3442 3464 3509 copiosam

1888 3538 2077 3592 habere
2129 3555 2161 3592 a
2211 3546 2398 3591 sancta
2455 3538 2649 3601 Silvia,
2690 3553 2806 3606 qua:
2862 3535 2945 3587 illi
2990 3534 3056 3588 de
3099 3533 3385 3587 multorum
3410 3535 3465 3587 in

1891 3629 2103 3687 Oriente
2149 3637 2443 3698 martyrum
2483 3626 2721 3697 reliquiis
2771 3625 3151 3695 spopondisset.
3186 3624 3327 3694 Ergo
3356 3623 3464 3678 Sil-

1886 3721 1972 3774 via
1993 3734 2058 3773 ex
2087 3716 2307 3773 Oriente
2344 3716 2399 3772 in
2444 3718 2655 3771 Italiam
2688 3714 2755 3769 ad
2791 3714 2925 3769 illud
2976 3722 3192 3783 tempus
3223 3722 3462 3767 reverte-

1884 3820 1989 3866 rat.
2016 3811 2130 3865 Hac
2159 3826 2286 3865 vero
2312 3811 2457 3865 circa
2488 3810 2646 3865 ﬁnem
2678 3809 2863 3865 saeculi
2917 3823 2968 3861 tv
3013 3807 3209 3861 Brixiae
3243 3806 3461 3860 demor-

1887 3914 2000 3968 tua,
2041 3902 2380 3959 Gaudentius
2411 3904 2564 3959 urbis
2610 3903 2903 3972 episcopus
2944 3900 3066 3970 jure
3106 3898 3447 3954 hereditario

1887 3998 2262 4054 Clementinas
2294 3997 2687 4067 Recognitiones
2743 3996 3015 4066 poposcit,
3060 4008 3199 4063 quas
3229 3991 3461 4047 Ruﬁnus

1886 4099 2076 4146 noster
2130 4088 2312 4145 Silviae
2371 4089 2572 4143 viventi
2622 4088 2830 4158 pridem
2874 4087 3261 4157 spoponderat.
3314 4082 3459 4138 Idem

1888 4182 2116 4238 Ruﬁnus
2164 4184 2265 4239 sub
2299 4186 2457 4237 linem
2514 4180 2881 4251 perorationis
2937 4177 3458 4233 commentariorum

1887 4272 2137 4343 Origeuis
2169 4275 2223 4327 in
2250 4272 2404 4326 Pauli
2435 4270 2732 4341 Epistolam
2763 4271 2829 4325 ad
2869 4270 3166 4333 Romanos,
3196 4270 3283 4323 his
3336 4284 3459 4323 ver-

1888 4365 1972 4419 bis
2006 4363 2162 4419 tidem
2189 4379 2341 4420 suam
2387 4363 2694 4417 Gaudentio
2747 4362 3121 4431 obligaverat:
3182 4357 3311 4412 Post
3362 4358 3457 4411 hoc

200 4454 476 4517 deremus,
502 4463 552 4508 et
588 4466 643 4506 tu
702 4452 942 4520 deinceps
969 4452 1090 4520 jure
1130 4450 1466 4506 hwreditario
1512 4454 1781 4523 poscebas,
1821 4470 1859 4523 ο
1887 4473 2016 4510 sane
2042 4465 2190 4509 vocat
2246 4472 2340 4508 nos
2382 4470 2530 4522 opus,
2574 4454 2710 4524 quod
2744 4454 2872 4507 olim
2926 4451 3132 4522 quidem
3161 4450 3455 4520 injunctum

203 4546 339 4600 licet
393 4544 588 4598 multas
617 4556 732 4611 post
764 4561 962 4605 moras,
1013 4550 1188 4595 tamen
1238 4543 1524 4611 aliquando
1550 4546 1783 4599 restitui-

201 4653 354 4693 mus.
388 4635 636 4689 Prwdam
687 4652 790 4689 non
845 4651 1081 4703 parvam,
1131 4635 1435 4691 Gracorum
1463 4634 1782 4691 bibliothecis

197 4737 467 4795 ereptam,
501 4736 799 4780 nostrorum
846 4726 1026 4779 usibus
1072 4734 1121 4779 et
1150 4726 1466 4780 utilitatibus
1514 4734 1785 4780 converta-

198 4836 356 4881 mus,
427 4826 483 4870 ut
540 4834 670 4889 quos
713 4819 941 4887 propriis
991 4834 1091 4870 non
1151 4832 1447 4885 possumus,
1498 4817 1781 4888 peregrinis

199 4911 512 4967 nutriamus
555 4911 841 4964 alimentis.
878 4908 1019 4962 Nam
1051 4918 1101 4962 et
1155 4909 1323 4963 solent
1353 4911 1595 4963 suaviora
1621 4909 1783 4964 videri

192 5005 508 5075 peregrina,
540 5002 800 5056 interdum
833 5012 883 5055 et
942 5003 1178 5056 utiliora.
1235 5002 1324 5055 Ait
1358 5000 1606 5067 Ruﬁnus,
1638 4996 1782 5055 Gau-

194 5098 458 5153 dentium
507 5094 844 5149 hwreditario
891 5094 1011 5164 jure
1062 5094 1132 5147 ab
1188 5110 1246 5149 se
1295 5094 1611 5163 poposcisse
1639 5093 1782 5147 hanc

196 5186 658 5251 translationem,
692 5194 977 5257 propterea
1011 5185 1157 5255 quod
1193 5194 1383 5240 sancta
1414 5182 1582 5239 Silvia
1606 5186 1778 5256 virgo,

291 5342 409 5413 (46)
440 5341 619 5406 Paul.,
646 5343 811 5413 epist.
839 5341 929 5403 31,
960 5340 1031 5413 al.
1065 5341 1152 5413 11.

187 5408 400 5540 “(53755
425 5408 713 5538 :olland.)
774 5411 895 5465 Act.
948 5410 1051 5465 SS.
1096 5410 1293 5480 April.,
1344 5418 1477 5465 tom.
1513 5408 1601 5475 Ill,
1652 5424 1777 5482 pag.

241 5487 332 5546 95,
368 5487 396 5546 ἃ
425 5487 478 5539 5.

306 5484 401 5622 18%
425 5484 680 5620 {Pallada
726 5552 868 5607 Hist.
893 5551 1081 5615 Laus.,
1112 5568 1233 5621 cap.
1266 5551 1386 5606 142.

306 5561 401 5622 48)
442 5561 680 5620 Pallad,
726 5561 868 5607 Hist.
893 5561 1081 5615 Laus.,
1112 5568 1233 5621 cap.
1266 5561 1386 5606 142.

277 5561 397 5693 (49)
426 5625 627 5679 Parad.
691 5623 930 5687 Heracl.,
961 5639 1083 5692 cap.
1120 5622 1211 5687 49.,
1243 5637 1363 5693 pag.
1394 5620 1528 5685 977,
1560 5620 1691 5677 edit.
1720 5622 1777 5689 2,

187 5695 476 5766 Bosweyd
487 5735 499 5750 .

285 5761 671 5838 t50)'Tillem.,
699 5766 858 5820 Mem.
890 5765 1039 5831 ecrl.,
1070 5774 1202 5821 tom.
1248 5764 1341 5831 XI,
1377 5780 1498 5836 pag.
1530 5761 1654 5824 639.

530 5862 805 5922 Parum.
851 5861 967 5922 Gn.
1009 5860 1055 5921 ι.

1887 4558 1963 4601 est
2031 4548 2082 4615 (a
2113 4545 2325 4615 Silvia).
2379 4546 2482 4601 Sed
2531 4560 2669 4599 nunc
2724 4545 2865 4615 (post
2909 4544 3090 4597 Silviae
3137 4540 3391 4611 mortem)
3421 4559 3455 4594 a

1886 4639 2036 4693 beato
2084 4637 2384 4692 Gaudentio
2438 4639 2678 4706 episcopo
2725 4636 3070 4691 vehementius
3125 4645 3451 4704 perurgetur,

1886 4728 2167 4784 Clementis
2196 4727 2393 4781 scilicet
2417 4726 2641 4781 Romani
2681 4727 2925 4795 episcopi,
2954 4726 3314 4795 apostolorum
3364 4741 3454 4778 co-

1885 4822 2027 4874 mitis
2052 4836 2070 4873 :
2093 4836 2314 4891 quorum
2340 4830 2397 4872 ut
2440 4819 2827 4874 successoribus
2867 4818 3049 4871 darem
3087 4816 3450 4887 cognitionem

1884 4910 2007 4965 libri
2035 4928 2067 4963 a
2097 4911 2322 4964 nobisin
2353 4910 2602 4964 Latinum
2638 4919 2925 4965 vertuntur.

1868 5024 1871 5027 λ
1954 4999 2295 5070 Roswcydus
2348 5001 2402 5054 in
2434 5000 2580 5056 nmis
2637 5001 2706 5055 ad
2758 5000 2972 5055 Paulini
3023 5001 3309 5070 epistolam
3361 4996 3451 5063 47,

1883 5098 2003 5159 Quae
2033 5090 2087 5143 in
2119 5102 2257 5144 nova
2286 5090 2523 5145 editione
2569 5099 2654 5147 est
2681 5090 2771 5155 46,
2834 5099 3061 5162 postque
3088 5105 3211 5149 eum
3244 5088 3452 5145 Cotele-

1884 5185 2001 5239 rius
2052 5184 2117 5238 ad
2149 5183 2579 5253 Recognitiones,
2630 5197 2783 5255 teque
2827 5186 3096 5256 ancipites
3122 5191 3269 5246 sunt,
3310 5180 3451 5235 Gau—

1957 5338 2067 5408 (Et)
2123 5337 2495 5409 Philostorg.,
2552 5340 2647 5396 lib.
2710 5354 2797 5406 rx,
2842 5354 2962 5410 cap.
3022 5342 3089 5405 5,
3153 5339 3285 5396 edit.
3344 5336 3451 5393 Go-

1882 5410 2050 5464 thot‘r.

1954 5478 2067 5549 (52)
2098 5477 2336 5550 Soerat.,
2362 5479 2458 5534 lib.
2494 5491 2547 5544 v,
2574 5494 2697 5550 cap.
2728 5482 2779 5536 1.

1954 5550 2066 5620 (55)
2097 5549 2355 5620 _Paulin.,
2381 5551 2551 5619 Epist.
2590 5549 2680 5614 51,
2716 5550 2789 5605 al.
2818 5552 2902 5605 11.

1955 5618 2067 5691 (54)
2096 5618 2364 5691 Famam.
2388 5618 2541 5676 Hist.
2590 5619 2776 5677 Litter.
2828 5622 3033 5691 Aquil.,
3080 5620 3178 5676 lib.
3214 5636 3288 5684 tv,
3320 5633 3435 5690 cap.

1882 5688 1935 5757 5,
1970 5689 2106 5762 5m,
2153 5706 2272 5763 pag.
2312 5690 2429 5751 194,

3051 5850 3130 5914 38

3130 6004 3155 6041 (ν
