3976 6340
206 298 338 356 H97

1297 291 1871 351 RECOGNITIONES.
1911 325 1982 336 --
2013 294 2374 375 ΡῐῖΟΟξϊΜΙΑ.

3331 301 3473 357 H98

202 416 383 472 minus
423 429 553 486 ergo
578 414 727 471 viros
770 415 1059 486 insigniter
1101 415 1317 479 doctos,
1352 414 1419 469 ad
1451 414 1558 467 alia
1596 428 1795 483 prope—
1820 422 1867 478 Α
1897 413 2154 484 theologo
2203 412 2459 484 Dionysio
2499 411 2723 468 Petavio
2753 411 2889 485 (79),
2921 410 3222 469 Photiat.os
3255 414 3477 469 codices

202 515 385 562 rantes
426 505 541 561 hare
591 505 849 577 fugerint,
891 522 1003 562 non
1045 514 1133 562 est
1190 504 1571 576 ambigendum
1605 523 1617 557 :
1650 504 1789 559 alias

202 615 313 654 rem
346 606 553 653 certam
601 614 701 669 pro
733 608 1046 654 commento
1086 613 1196 653 non
1239 598 1583 652 habuissent.
1620 594 1663 648 E
1700 594 1790 664 ju-

202 691 452 746 nioribus
502 688 833 754 Cotelerius,
887 688 1072 744 Ruﬁni
1119 703 1244 744 esse
1292 687 1663 758 praelationem
1721 685 1790 740 ad

201 783 569 839 Gaudentium
613 784 768 853 juxta
811 800 876 839 ac
914 784 1228 839 versionem
1276 780 1692 853 totius.operis,
1722 795 1791 835 ex

202 878 344 947 stylo
373 877 537 931 etiam
568 877 791 946 probari
836 878 912 930 ait
955 877 1109 948 (7i):
1143 883 1198 930 et
1231 874 1483 928 codicum
1526 872 1792 928 vetustio-

200 982 323 1020 rum
355 966 611 1036 przesidio
636 974 922 1037 utramque
948 967 1144 1021 Ruﬁno
1167 965 1429 1020 vindicat.
1463 962 1617 1019 Unus
1644 962 1793 1018 enim

200 1073 363 1128 quem
396 1058 603 1123 laudat,
655 1058 737 1113 sic
778 1058 972 1129 incipit
1010 1077 1023 1112 :
1085 1055 1268 1127 Ruﬁni
1326 1054 1616 1125 presbyteri
1656 1069 1795 1122 pra:-

200 1152 336 1221 fatio
399 1151 469 1205 ad
529 1149 887 1206 Gaudentium
947 1152 1251 1221 pontiﬁcem
1321 1151 1376 1203 in
1452 1146 1795 1202 Itinerarium

202 1244 519 1307 Clementis;
548 1245 614 1300 ab
646 1263 705 1301 eo
746 1263 810 1300 ex
847 1245 1030 1300 Gra'co
1076 1248 1131 1300 in
1171 1245 1423 1299 Latinum
1464 1260 1791 1299 conversum.

203 1340 268 1394 Et
324 1348 446 1411 post
499 1341 902 1411 przelationem,
964 1341 1368 1410 Clementisque
1414 1339 1482 1393 ad
1531 1336 1794 1392 Jacohum

200 1436 517 1505 epistolam,
570 1435 645 1489 ita
682 1434 843 1489 habet
883 1452 897 1490 :
958 1432 1235 1487 Itinerarii
1283 1431 1589 1495 Clementis,
1648 1427 1798 1484 Petri

201 1525 435 1593 apostoli
481 1526 822 1588 successoris,
869 1524 1000 1579 liber
1043 1525 1246 1594 primus
1290 1523 1498 1593 incipit,
1526 1539 1559 1575 a
1603 1520 1798 1590 Rufino

201 1619 505 1673 traductus.
536 1618 807 1673 Caeterum
842 1617 1208 1672 Bellarminus
1252 1615 1494 1686 agnovit,
1545 1613 1797 1670 Clemen-

201 1711 352 1766 tinas
389 1709 784 1781 Recognitiones
813 1724 842 1762 a
889 1708 1086 1762 Ruﬁno
1125 1722 1461 1762 conversas:
1494 1720 1646 1768 nam,
1696 1703 1799 1757 Ba-

201 1804 364 1857 ronio
387 1779 573 1872 judice
601 1802 736 1873 (72),
771 1818 919 1855 nemo
945 1808 1024 1855 est
1048 1800 1138 1870 qui
1158 1796 1403 1852 dubitare
1430 1795 1635 1858 debeat,
1671 1811 1791 1847 cum
1827 1779 1867 1836 Β

201 1894 512 1951 Gennadius
560 1895 654 1949 hoc
689 1894 862 1964 ipsum
892 1892 955 1947 de
986 1892 1175 1961 Ruﬁno
1210 1900 1449 1945 testetur.
1512 1888 1577 1941 Et
1610 1896 1791 1941 tamen

201 1988 498 2060 Dupinium
522 1986 710 2042 audire
731 1988 891 2042 nobis
913 1985 1181 2054 contingit
1207 1984 1342 2054 (75),
1375 1981 1599 2036 omnino
1630 1980 1792 2033 aliam

200 2082 532 2137 sententiam
596 2079 929 2135 Bellarmino
987 2078 1349 2139 tribuentem,
1408 2089 1529 2129 eam
1584 2071 1794 2127 scilicet

200 2189 370 2243 quam
414 2172 793 2228 refutavimus.
826 2171 938 2227 Nec
981 2172 1164 2225 minus
1195 2172 1372 2239 spisso
1413 2181 1600 2222 errore
1642 2170 1795 2219 tanto

202 2272 333 2320 ante
363 2265 632 2320 irretitum
677 2264 1140 2334 deprehendimus
1187 2259 1539 2316 Anastasium
1586 2256 1795 2311 Biblio—

203 2358 511 2412 thecarium
546 2356 601 2411 in
640 2356 870 2427 epistola
903 2355 1065 2410 modo
1094 2354 1353 2417 adducta,
1386 2367 1620 2424 cumque
1652 2350 1744 2406 illo
1765 2364 1797 2405 e

199 2450 521 2520 junioribus
551 2448 773 2503 Petrum
812 2447 1088 2502 Daniclem
1121 2447 1378 2502 lluetium
1409 2444 1543 2516 (74),
1579 2444 1797 2515 quando

204 2544 325 2599 haec
356 2544 541 2607 verba,
589 2541 791 2613 quibus
827 2539 1060 2594 Ruﬁnus
1112 2538 1485 2609 praal‘ationem
1532 2551 1687 2591 suam
1727 2534 1797 2588 ad

204 2634 572 2690 Gaudentium
598 2633 937 2703 auspicatur,
960 2642 1017 2684 ut
1048 2629 1363 2685 Clementem
1385 2636 1579 2683 nostra:
1604 2625 1799 2697 lingua:

202 2726 567 2789 redderemus,
599 2726 672 2778 ita
700 2729 1050 2793 acceperunt,
1076 2722 1229 2792 quasi
1250 2719 1641 2789 Recognitiones
1666 2717 1799 2787 ipsa:

202 2819 406 2875 Latine
466 2821 670 2888 scripta:
716 2818 953 2887 primum
1007 2814 1259 2876 fuissent,
1300 2811 1648 2881 postmodum
1704 2808 1800 2863 de—

204 2911 470 2982 perditus,
516 2920 570 2967 et
601 2910 818 2965 demum
862 2924 893 2962 a
931 2906 1130 2962 Rulino
1159 2922 1186 2960 e
1217 2903 1423 2959 Graecia
1476 2906 1532 2957 in
1579 2900 1799 2955 Latium

203 3005 498 3066 restitutaa,
556 3017 667 3056 non
697 3017 724 3055 e
775 2998 956 3053 Grmco
986 2997 1284 3052 translatm.
1320 2995 1390 3047 At
1427 2994 1586 3064 plane
1628 2990 1797 3053 aliud,

204 3110 320 3149 non
347 3095 451 3149 hoc
481 3095 703 3165 scripsit
728 3092 983 3155 Ruﬁnus,
1017 3090 1158 3160 apud
1191 3104 1352 3159 quem
1388 3086 1489 3141 viri
1524 3084 1669 3139 docti
1696 3083 1803 3152 pri-

202 3190 316 3243 mis
346 3194 557 3242 tantum
589 3186 821 3249 voculis,
853 3186 932 3238 uti
956 3184 1033 3249 lit,
1064 3183 1261 3252 raptim
1288 3179 1545 3251 perlectis
1576 3178 1631 3232 in
1652 3193 1806 3232 erro-

204 3293 330 3333 rem
363 3276 583 3331 adducti
613 3284 763 3331 sunt.

278 3365 398 3421 VII.
434 3365 545 3421 Nec
598 3366 815 3436 penitus
861 3365 1022 3420 nobis
1075 3359 1489 3435 praetereundus
1538 3366 1625 3414 est
1671 3356 1808 3410 alter

204 3457 529 3513 Bellarmini
554 3457 729 3521 locus,
757 3457 847 3511 ubi
887 3458 1000 3511 hinc
1051 3457 1117 3511 de
1157 3455 1514 3511 Clementinis
1555 3450 1809 3520 Recogni—

201 3546 446 3600 tionibus
488 3548 680 3601 scribit
713 3547 825 3618 (75)
862 3565 875 3600 :
914 3547 1065 3601 Teste
1087 3544 1403 3615 Epiphanio,
1446 3544 1634 3598 hmresi
1678 3556 1809 3601 xxx,

204 3642 459 3698 Clemens
484 3639 595 3709 ipse
638 3648 863 3693 testatur
904 3638 1182 3693 Circuitus
1228 3636 1397 3698 Petri,
1429 3653 1462 3688 a
1491 3651 1545 3689 se
1576 3632 1813 3687 conscri-

199 3743 358 3803 ptos,
394 3732 460 3786 ab
488 3733 751 3788 haereticis
782 3731 1096 3801 depravatos
1136 3730 1320 3800 fuisse.
1349 3727 1444 3781 Vir
1474 3732 1810 3797 purpuratus

200 3825 335 3881 hac
378 3826 563 3881 hausit
593 3842 625 3882 e
652 3826 866 3896 magnis
905 3822 1213 3877 Annalibus
1236 3819 1372 3892 (76).
1396 3818 1598 3874 Verum
1631 3816 1811 3871 Lucas

201 3920 541 3976 Holstenius
570 3934 681 3974 non
707 3919 814 3972 hoc
842 3917 1028 3971 dicere
1061 3914 1423 3986 Epiphanium
1453 3912 1681 3971 detexit,
1715 3908 1812 3964 sed

201 4032 273 4072 ex
304 4015 591 4084 encyclicis
619 4010 855 4082 epistolis
895 4009 1031 4064 beati
1077 4006 1360 4063 Clementis
1407 4020 1523 4076 qua:
1551 4004 1605 4057 in
1647 4001 1813 4056 eccleo

200 4109 309 4162 siis
351 4106 610 4176 leguntur,
640 4102 904 4157 Periodos
945 4102 1077 4154 istas
1116 4098 1372 4168 falsitatis
1410 4094 1668 4149 convinci.
1704 4091 1813 4146 Ne-

201 4219 317 4273 que
346 4201 483 4254 enim
507 4212 790 4267 congruere
810 4212 930 4248 cum
962 4192 1100 4265 stylo
1126 4193 1297 4247 sancti
1324 4189 1627 4251 Clementis,
1653 4202 1815 4256 neque

198 4313 341 4349 cum
370 4293 484 4364 ejus
511 4290 732 4346 docendi
755 4290 932 4343 modo.
961 4286 1143 4342 Verba
1174 4294 1302 4342 sunt
1326 4283 1590 4338 llolstenii
1619 4281 1674 4335 in
1708 4295 1812 4333 no-

200 4390 283 4442 tis
313 4402 457 4442 mss.
492 4385 558 4440 ad
590 4382 903 4438 Bellarmini
938 4379 1280 4449 Cat-alogum,
1322 4377 1376 4430 in
1406 4376 1594 4431 Museo
1622 4381 1814 4428 nostro

1892 508 2067 577 magis
2087 508 2257 563 fuisse
2270 507 2618 576 depravatos,
2637 521 2801 576 quam
2821 505 3281 577 sitinterpretat-io
3293 504 3478 561 Ruﬁni

1892 601 1989 671 qui
2015 616 2078 655 ea
2110 600 2415 663 sustulerit,
2445 615 2566 669 qua:
2594 600 2662 653 ab
2706 598 2999 662 haereticis,
3038 599 3340 667 praesertim
3368 597 3482 654 Eu-

1893 692 2192 757 nomianis,
2220 692 2451 762 ingesta,
2502 692 2641 747 idem
2683 689 2914 746 Ruﬁnus
2945 701 3230 746 monuerat
3263 691 3317 745 in
3344 706 3482 763 opu-

1894 784 2052 840 sculo
2094 783 2173 839 De
2223 783 2610 838 adulteratione
2663 785 2918 838 librorum
2966 783 3229 855 Origenis,
3281 785 3481 856 quippe

1894 892 2041 949 quae,
2064 876 2253 932 eodem
2275 875 2472 931 Ruﬁno
2501 884 2660 940 teste,
2685 876 3044 930 ecclesiastica
3065 876 3247 947 regula
3271 877 3481 931 omnino

1895 988 2001 1026 non
2042 971 2279 1047 recipiat.
2327 969 2435 1026 Sed
2470 971 2733 1026 memoria
2784 970 3138 1040 repetendum
3185 984 3289 1031 est,
3331 970 3482 1025 binas

1896 1062 2333 1133 Recognitionum
2383 1070 2597 1117 veteres
2652 1062 2904 1116 editiones
2937 1077 2966 1114 a
3012 1060 3209 1117 Ruﬁno
3251 1063 3484 1117 indicari

1897 1157 1953 1211 in
1981 1154 2301 1227 praefatione
2342 1154 2410 1209 ad
2451 1153 2815 1209 Gaudentium
2849 1173 2861 1208 :
2896 1154 3056 1217 Puto,
3106 1155 3306 1225 inquit,
3346 1160 3485 1225 quod

1897 1266 2003 1305 non
2038 1258 2087 1303 te
2119 1247 2433 1319 (Gaudenti)
2475 1247 2660 1309 lateat,
2706 1246 2989 1302 Clementis
3017 1248 3174 1316 hujus
3210 1248 3263 1300 in
3303 1245 3486 1301 Graeco

1896 1340 2131 1411 ejusdem
2156 1341 2327 1409 operis
2356 1339 2756 1407 Ἀναγνώσεων,
2779 1340 2873 1395 hoc
2900 1350 2976 1394 est
3008 1339 3485 1409 Recognitionum,

1899 1450 2036 1489 uuas
2067 1448 2357 1488 EDITIONES
2400 1432 2604 1496 haberi,
2640 1433 2694 1485 in
2740 1433 3033 1503 aliquantis
3070 1432 3277 1501 quidem
3322 1433 3491 1487 direr-

1900 1541 2026 1589 sas;
2059 1526 2112 1579 in
2149 1525 2331 1578 multis
2365 1534 2561 1589 tamen,
2601 1523 2838 1594 ejusdem
2876 1524 3225 1578 narrationis.
3256 1523 3489 1593 Denique

1900 1633 2025 1685 pars
2054 1616 2245 1669 ultima
2282 1615 2439 1684 hujus
2478 1620 2677 1685 operis,
2700 1618 2751 1669 in
2782 1633 2886 1686 qua
2920 1615 2983 1669 de
3020 1616 3492 1685 transformatione

1904 1706 2135 1762 Simonis
2168 1706 2417 1775 refertur,
2450 1706 2501 1758 in
2544 1722 2644 1760 uno
2676 1722 2918 1762 conpone
2958 1706 3201 1761 habetur.
3231 1705 3365 1759 Sunt
3392 1723 3491 1760 au-

1898 1810 2000 1854 tem
2022 1809 2072 1854 et
2102 1797 2347 1870 qua'dam
2378 1798 2433 1851 in
2463 1792 2713 1862 Urnooue
2745 1814 2987 1853 conpone
3027 1798 3092 1852 de
3122 1798 3352 1869 ingenito
3382 1797 3492 1851 Deo

1898 1892 2172 1963 genitoque
2197 1892 2452 1957 disserta,
2484 1900 2531 1943 et
2561 1890 2625 1945 de
2665 1891 2788 1944 aliis
2820 1891 3109 1953 nonnullis,
3143 1907 3280 1960 qtae,
3318 1899 3375 1942 ut
3405 1890 3491 1941 ni-

1900 1984 1976 2037 hil
1999 1985 2226 2055 amplius
2246 1986 2443 2048 dicam,
2464 1993 2797 2038 excesserunt
2815 1983 3211 2053 intelligentiam
3230 1991 3490 2037 nostram.

1899 2076 2018 2131 Jam
2043 2076 2270 2147 dispice,
2304 2092 2597 2148 quamnam
2622 2073 2947 2131 Clementinl
2978 2075 3162 2145 operis
3200 2073 3493 2129 editionem

1901 2169 2239 2242 Epiphanius
2268 2176 2320 2223 et
2359 2169 2587 2224 Photius
2617 2183 2852 2223 censura
2887 2168 3335 2237 perstrinxerint.
3370 2166 3491 2221 Non

1901 2268 2050 2316 certe
2078 2276 2239 2331 quam
2283 2260 2512 2316 Ruﬁnus
2538 2260 2727 2315 Latine
2757 2260 3046 2335 convertit.
3085 2258 3210 2313 Haec
3247 2259 3392 2314 enim
3425 2258 3495 2313 ab

1901 2355 2285 2411 haereticorum
2349 2355 2832 2426 depravationibus
2887 2363 3081 2421 vacat;
3139 2355 3497 2425 eamdemque

1903 2450 2067 2504 etiam
2099 2447 2285 2504 Graace
2323 2450 2585 2520 scriptam
2629 2460 2880 2513 vacasse,
2912 2464 3014 2503 nos
3053 2450 3276 2502 credere
3302 2448 3499 2517 jubent

1903 2541 2007 2595 viri
2035 2541 2210 2596 sancti
2237 2540 2500 2598 Paulinus
2532 2550 2587 2596 et
2607 2540 2965 2603 Gaudentius,
2992 2540 3220 2610 quieam
3243 2556 3339 2610 per
3360 2542 3500 2595 amio

1903 2648 2030 2687 cum
2056 2631 2211 2687 Latio
2249 2633 2556 2688 donandam
2595 2633 2944 2688 studuerunt.

1977 2723 2243 2779 Caeterum
2276 2721 2515 2779 Jacobus
2560 2721 2735 2778 Faber
2764 2724 2818 2777 in
2866 2722 3110 2791 margine
3162 2719 3501 2791 praafationis

1906 2813 2091 2871 Ruﬁni
2141 2809 2209 2870 ad
2259 2815 2645 2878 Gaudentium,
2686 2815 2781 2868 ubi
2830 2814 2894 2868 de
2938 2814 3172 2884 ingenito
3228 2816 3502 2885 genitoque

1909 2908 2019 2963 Deo
2060 2909 2260 2979 agitur,
2291 2908 2406 2963 haec
2448 2908 2612 2963 verba
2650 2908 2975 2962 adnotavit:
3004 2905 3143 2961 Pars
3185 2906 3284 2960 illa
3331 2905 3393 2960 de
3426 2908 3505 2960 in-

1908 3002 2082 3072 genito
2113 3001 2385 3071 genitoque
2416 3000 2548 3065 Deo,
2579 3001 2916 3071 cognoscitur
2939 2999 3003 3052 ab
3038 2998 3298 3053 Eunomia
3323 3011 3415 3052 aut
3436 2999 3502 3053 ab

1911 3092 2034 3146 aliis
2065 3093 2157 3163 qui
2191 3091 2442 3145 Eunomii
2470 3093 2824 3162 sequebantur
2855 3109 3082 3155 errores,
3114 3093 3335 3156 ritiata;
3368 3102 3425 3145 ut
3453 3102 3503 3146 et

1908 3184 2132 3253 epistola
2177 3182 2341 3236 Pauli
2389 3183 2457 3235 ad
2500 3183 2804 3238 Corinthios
2850 3201 2882 3236 a
2924 3182 3198 3238 Marciane
3255 3194 3506 3253 corrupta

1911 3262 2105 3345 fuerat.
2151 3275 2345 3332 Merito
2396 3277 2558 3344 igitur
2588 3276 2721 3328 illud
2754 3274 3007 3328 Eunomii
3055 3277 3505 3344 interpretandum

1910 3387 2013 3423 non
2043 3369 2164 3437 fuit,
2199 3378 2254 3421 ut
2292 3385 2451 3438 neque
2482 3367 2723 3420 Marcion
2753 3367 2805 3420 in
2838 3366 3029 3421 Paulo.
3063 3366 3210 3420 lstud
3256 3365 3504 3421 scholion

1913 3462 1967 3515 in
1995 3462 2209 3515 ceteris
2238 3460 2595 3521 cditionibus,
2635 3466 2688 3512 et
2721 3461 2775 3512 in
2809 3459 2925 3529 ipsa
2950 3458 3315 3525 Coteleriana,
3356 3456 3506 3511 desi-

1912 3554 2170 3620 deratur;
2202 3553 2417 3608 etiamsi
2464 3552 2521 3606 in
2561 3551 2878 3607 Coloniensi
2920 3550 3051 3605 anni
3084 3550 3221 3604 1547
3254 3550 3504 3605 scliolion

1912 3647 2190 3717 persimile
2232 3645 2299 3699 ad
2342 3661 2493 3697 oram
2535 3645 2808 3714 legeretur
2854 3644 2938 3698 his
2978 3643 3203 3697 verbis:
3238 3640 3507 3709 Corrupto

1914 3739 2024 3794 hazc
2056 3739 2219 3809 fuisse
2253 3739 2492 3806 suspicor
2522 3736 2585 3790 ab
2616 3735 2901 3791 Eunomia.
2927 3735 3367 3804 quemadmodum
3390 3734 3503 3801 epi—

1913 3832 2055 3887 stola
2100 3830 2263 3885 Pauli
2294 3829 2362 3883 ad
2417 3828 2722 3884 Corinthios
2761 3844 2795 3881 a
2832 3825 3124 3882 Marciane.
3160 3827 3284 3881 Haec
3328 3834 3510 3880 tamen

1913 3940 2033 3996 quae
2078 3923 2132 3977 in
2185 3923 2464 3977 Clemente
2516 3936 2637 3985 suo,
2672 3927 2731 3973 ut
2772 3920 2842 3974 ab
2898 3918 3171 3974 haereticis
3222 3923 3508 3989 corrupta.

1914 4016 2263 4088 prmtermisit
2304 4014 2557 4077 Ruﬁnus,
2604 4014 2829 4083 reliqua:
2855 4011 2974 4081 ejus
3024 4010 3265 4066 versioni
3306 4011 3511 4065 inserta

1914 4108 2115 4179 reperit
2138 4105 2441 4162 Cotelerius
2470 4105 2523 4159 in
2548 4104 2725 4159 tribus
2749 4102 3055 4166 codicibus,
3082 4100 3508 4163 Candeleriano,

1919 4201 2224 4256 Sorbonico
2253 4208 2308 4254 et
2349 4197 2580 4252 Thuano
2613 4216 2626 4250 :
2662 4205 2897 4265 suntque
2930 4194 3104 4248 decem
3148 4193 3324 4262 capita
3368 4192 3513 4246 inter

1917 4293 2153 4363 primum
2183 4300 2237 4344 et
2269 4290 2653 4344 duodecuuum
2686 4286 2897 4349 clausa,
2921 4284 2988 4339 de
3017 4284 3220 4354 quibus
3248 4284 3362 4338 ait:
3400 4282 3514 4338 Ne-

1918 4383 2026 4437 scio
2046 4381 2163 4453 quis
2188 4381 2372 4451 igitur,
2404 4377 2542 4450 quod
2576 4393 2607 4429 a
2631 4374 2821 4445 Rufino
2853 4375 3270 4444 prwtermissum
3313 4373 3512 4443 fuerat,

200 4486 527 4535 servatum.
568 4473 806 4543 Lapsum
851 4472 989 4526 tanti
1020 4471 1121 4525 νὶνὶ
1163 4468 1424 4532 iudicanti.
1469 4482 1538 4521 ne
1572 4466 1667 4520 υιιί
1696 4480 1815 4520 3111'
1848 4494 1890 4547 ι)
1918 4474 2019 4529 sibi
2067 4474 2310 4541 sumpsit,
2355 4480 2414 4525 ut
2454 4472 2908 4538 interpretaretur.
2972 4466 3087 4521 lloc
3139 4474 3512 4521 assumentum

202 4571 375 4643 plius
402 4569 472 4623 ob
493 4568 729 4623 dicentis
752 4566 1137 4620 auctoritatem
1176 4564 1247 4616 sit
1277 4575 1445 4616 causa
1468 4556 1811 4619 offensionis,

200 4674 273 4717 ut
301 4675 487 4731 nuper
513 4659 614 4713 fuit
639 4658 795 4712 alteri
836 4657 956 4710 viro
987 4656 1170 4718 docto,
1204 4668 1364 4723 quem
1406 4651 1688 4721 corrigens
1718 4663 1817 4702 no-

202 4756 441 4811 minare
470 4768 579 4808 non
614 4752 808 4814 debeo,
842 4765 912 4804 ne
941 4748 1235 4802 amicitiam
1267 4762 1388 4816 qua!
1423 4744 1556 4799 mihi
1585 4758 1710 4799 cum
1752 4757 1819 4798 eo

200 4844 541 4910 intercedit,
568 4843 763 4899 laedere
788 4841 991 4895 videar.
1024 4837 1166 4892 Idem
1197 4835 1536 4908 Epiphanius
1567 4832 1819 4888 Clemen-

198 4943 377 4996 tinos
433 4936 607 4991 libros
646 4933 819 4989 fuisse
869 4931 938 4985 ab
982 4928 1255 4984 Ebionitis
1306 4935 1596 4996 corruptos
1649 4930 1819 4979 testa-

199 5045 310 5089 tur
371 5028 508 5102 (77).
560 5026 790 5082 Photius
833 5023 995 5079 etiam
1041 5028 1203 5075 vocat
1243 5019 1356 5091 (78)
1388 5017 1640 5087 refertum
1690 5031 1820 5086 opus

199 5124 478 5183 absurdis
506 5122 681 5192 nugis,
715 5137 817 5174 non
842 5119 954 5171 sine
974 5113 1216 5185 pluribus
1246 5129 1309 5167 ea:
1338 5112 1456 5165 Arii
1494 5111 1738 5181 opinione
1767 5109 1823 5162 in

197 5224 438 5278 Filium
485 5216 841 5287 blasphemiis.
874 5211 1000 5267 Haec
1037 5217 1331 5265 suaserunt
1368 5207 1548 5278 magni
1584 5204 1822 5261 nominis

284 5427 419 5499 (7i)
459 5425 660 5488 Cotel.,
694 5423 751 5477 in
804 5420 982 5476 Judic.
1028 5418 1095 5473 de
1138 5416 1295 5472 libris
1348 5412 1642 5483 Recognit.,
1697 5427 1820 5485 pag.

190 5503 325 5557 684
366 5499 501 5554 edit.
534 5512 662 5551 nov.

285 5568 423 5637 (72)
462 5568 689 5630 Baron.,
722 5566 789 5620 ad
815 5580 945 5637 ann.
976 5560 1117 5637 ψει
1143 5557 1337 5637 §_xxtt.

284 5629 423 5709 (73)
466 5629 688 5709 Dupin.,
703 5648 847 5709 tom.
879 5634 942 5689 Ill
967 5629 1229 5709 unum.
1378 5698 1381 5705 ι

285 5697 423 5775 ίἸῆ
462 5697 646 5775 Ηυὲιη
677 5697 769 5762 ’Βε
798 5706 933 5761 clar.
959 5706 1203 5775 interpr.,
1240 5697 1514 5775 pag.'lbl.

283 5765 426 5857 (75$
464 5765 743 5846 Bellarm.,
770 5776 846 5833 De
867 5777 1047 5845 script.
1074 5765 1284 5841 ecclesi,
1309 5765 1375 5827 id
1398 5785 1527 5828 ann.
1558 5765 1647 5825 92.

1918 4566 2120 4637 prodit,
2168 4566 2224 4618 ni
2282 4563 2464 4631 fallor,
2508 4562 2814 4617 versionem
2867 4558 3048 4613 Ruﬁni
3098 4559 3402 4629 antiquitus
3448 4558 3516 4612 ad

1917 4659 2106 4714 Graeca
2137 4656 2468 4727 exemplaria
2504 4654 2841 4724 recognitum
2872 4660 2925 4706 et
2957 4652 3233 4707 collatam.

1989 4749 2128 4805 Vlll.
2156 4750 2310 4804 Nunc
2333 4748 2401 4802 ad
2424 4747 2712 4818 epistolam
2745 4743 3176 4814 Recognitiouum
3202 4742 3360 4796 libris
3386 4744 3518 4797 sub—

1915 4843 2118 4913 jectam
2169 4840 2541 4896 deveniamus.
2580 4839 2765 4891 Romae
2804 4853 2870 4890 ex
2921 4835 3130 4889 adibus
3173 4832 3365 4905 Populi
3408 4833 3518 4888 Ro-

1920 4935 2090 4998 mani,
2128 4949 2273 4988 anno
2323 4932 2480 4993 1591,
2516 4931 2840 5001 prodierunt
2886 4927 3130 4999 epistola
3155 4932 3516 4997 :summorum

1922 5027 2264 5101 pontiﬁcum,
2298 5025 2472 5080 tribus
2504 5023 2669 5077 tomis
2699 5022 2972 5099 distinctae
3002 5039 3015 5075 :
3052 5020 3106 5073 in
3138 5034 3373 5089 quorum
3406 5019 3509 5089 pri-

1923 5136 2014 5175 mo
2043 5128 2170 5175 ante
2205 5133 2396 5173 omnes
2419 5119 2555 5171 alias
2586 5123 2768 5171 exstat
2790 5130 2912 5185 quae
2940 5112 3142 5167 dicitur
3172 5110 3516 5166 Clementina

1925 5212 1993 5269 ad
2045 5210 2308 5266 Jacobum
2368 5209 2588 5264 fratrem
2650 5207 2863 5262 Donniui
2948 5204 3145 5259 Ruﬁno
3199 5204 3514 5273 interprete.

2002 5410 2115 5483 (76)
2150 5408 2377 5474 Baron.,
2423 5404 2490 5459 ad
2532 5420 2660 5460 ann.
2692 5404 2782 5477 41,
2832 5403 2859 5475 §
2928 5420 2981 5468 x,
3016 5410 3068 5457 et
3114 5401 3178 5455 ad
3228 5414 3357 5454 ann.
3398 5398 3514 5463 102,

1934 5482 1963 5554 5
2156 5549 2378 5676 Epiph.,
2418 5546 2560 5602 Ha’r.
2589 5562 2716 5608 xxx,
2758 5546 2784 5618 §
2812 5562 2900 5600 xv.

2004 5624 2119 5676 (78)
2157 5621 2200 5676 P
2241 5627 2345 5676 ot..
2379 5619 2521 5673 Bibl.
2557 5620 2679 5673 cod.
2714 5632 2872 5671 CXIII.

2004 5619 2119 5693 (78)
2157 5619 2345 5693 Phot.,
2379 5619 2521 5693 liibl.
2557 5620 2679 5693 cod.
2714 5632 2872 5693 exuit:

1937 5765 1968 5842 §
2156 5692 2367 5759 Petav.,
2394 5687 2791 5761 Dogm.Theol.,
2817 5687 2914 5743 lib.
2944 5701 2963 5742 t
3013 5685 3094 5742 De
3120 5684 3161 5742 Τ
3166 5687 3294 5754 rin.,
3321 5699 3441 5760 cap.
3462 5686 3517 5753 3,

2016 5781 2050 5821 u
2100 5806 2117 5823 .
