3976 6340
615 261 755 329 1199

1464 270 1521 327 S.
1554 267 1948 325 CLEMENTIS
1988 268 2008 324 I
2051 268 2218 330 ROM.
2262 271 2464 331 ΡΟΧΤ.
2509 273 2738 331 OPERA
2777 272 3002 329 DL’BIA.

3632 287 3724 344 1900

611 388 752 447 “llic
776 404 896 460 pag.
923 388 955 440 7
982 384 1289 476 adnectitur
1317 383 1501 476 spuria
1525 381 1939 476 appendixgcum
1967 381 2183 476 epigra-
2214 420 2258 476 Α
2284 384 2691 456 exemplaribus
2708 383 2910 439 Graecis
2927 399 3044 438 eam
3065 384 3218 439 libris
3242 384 3599 458 Recognitionum
3633 416 3727 469 pm.

611 481 716 553 phe
736 481 803 539 ad
828 492 980 534 oram
1011 494 1028 532 :
1062 474 1496 543 Compendiolum
1521 473 1644 542 ﬁdei
1677 473 2019 528 Christianae.
2043 472 2183 527 Lab-

610 572 766 635 beus.
813 569 905 640 qui
951 575 1096 622 tonio
1131 567 1153 621 I
1190 565 1571 629 Couciliorum,
1604 576 1726 634 pag.
1769 562 1858 627 89,
1910 562 2054 617 illam
2100 562 2185 617 in-

608 662 799 726 seruit,
825 662 891 715 de
930 659 1299 714 additameuto
1344 661 1417 711 ita
1447 656 1636 712 scribit
1670 674 1683 709 :
1719 654 1819 708 Hic
1850 652 2040 707 desinit
2071 654 2182 722 epi-

607 757 745 814 stola
767 757 819 809 in
847 753 1160 825 quibusdam
1181 750 1447 805 codicibus
1471 764 1491 803 :
1513 757 1702 803 cwtcra
1725 757 1845 802 sunt
1869 748 1978 801 vice
2001 761 2186 814 appen-

606 850 739 903 dicis
796 847 981 901 addita
1037 848 1180 899 circa
1233 859 1429 897 annum
1471 841 1597 908 800,
1645 850 1703 893 ut
1761 839 1984 893 videtur.
2037 837 2183 893 Idem

606 938 776 993 ferme
820 938 895 991 ait
948 935 1291 990 Mabillonius
1338 932 1474 1006 (80).
1507 930 1702 987 Petrus
1756 929 1971 985 Crabbe
2026 942 2184 984 assu-

604 1038 786 1083 mento
816 1027 1162 1097 conjunctam
1193 1025 1475 1095 epistolam
1500 1022 1806 1076 inseruerat
1827 1019 2020 1075 tomol
2051 1018 2185 1075 Con-

592 1121 868 1185 'ciliorum,
918 1134 1038 1189 pag.
1073 1117 1141 1172 14
1182 1116 1313 1171 edit.
1356 1114 1550 1171 Colon.
1583 1114 1741 1171 1558.
1770 1113 1839 1167 At
1884 1111 2181 1168 Sichardus

604 1215 662 1269 in
710 1215 887 1284 prima
940 1227 1038 1266 sua
1091 1209 1517 1280 Recognitionum
1570 1207 1811 1262 editione
1863 1206 1992 1261 anni
2040 1202 2180 1259 1526

603 1312 811 1376 quartae
841 1319 904 1359 ex
948 1302 1192 1371 epistolis
1237 1300 1553 1363 Clementis,
1585 1298 1937 1370 appendicem
1981 1297 2056 1351 ita
2097 1298 2183 1352 in-

603 1398 865 1466 scriptam
918 1394 1269 1463 subjecerat:
1314 1390 1690 1460 Compendium
1745 1390 1889 1459 ﬁdei.
1942 1390 2073 1455 Quae
2122 1389 2179 1443 in

602 1491 768 1544 altera
798 1488 916 1556 ejus
946 1487 1186 1541 editione
1223 1484 1350 1537 anni
1382 1483 1521 1538 1556
1549 1483 1653 1552 ipsi
1678 1482 1923 1551 epistola;
1950 1480 2179 1551 conjun-

602 1580 766 1649 gitur.
804 1577 1068 1631 Gruterus
1111 1589 1349 1645 quoque,
1395 1571 1720 1626 Sichardum
1762 1577 2002 1634 secutus,
2042 1583 2175 1623 con-

596 1670 778 1741 junxit
821 1676 946 1740 post
995 1664 1411 1723 Constitutioues
1484 1668 1830 1738 apostolicos,
1883 1678 2009 1733 pag.
2047 1662 2173 1726 545,

2289 478 2416 546 poni
2446 477 2687 531 solitam.
2715 476 3068 547 Postponitur
3096 485 3270 532 tamen
3293 481 3342 535 in
3376 484 3533 541 codice
3554 487 3730 553 Palatino

2286 568 2407 624 sine
2429 570 2613 637 spuria
2644 568 2961 639 appendice.
2994 567 3244 637 Epistolze
3272 570 3363 641 ipsi
3388 574 3568 631 additur
3588 581 3631 637 in
3656 587 3731 641 col.

2286 659 2615 714 lectionibus
2647 658 2923 714 Vaticanis
2965 658 3158 715 Isidori
3195 662 3311 717 cod.
3340 663 3449 732 629,
3487 666 3563 725 ιυι.
3591 672 3732 739 l2'l,et

2284 750 2408 805 cod.
2422 749 2544 813 650,
2591 751 2684 805 fol.
2718 751 2771 806 6.

2354 839 2494 907 Quin
2524 857 2654 913 ergo
2698 842 2992 899 Clementis
3022 845 3248 916 epistola
3286 847 3348 901 ad
3385 848 3603 907 Iacobum
3624 873 3731 927 quam

2284 928 2517 986 Ruﬁnus
2545 928 2791 986 Latinam
2826 932 2973 1001 fecit,
2997 950 3059 989 ea
3081 937 3151 990 sit
3167 952 3295 1005 pura
3311 947 3425 1007 puta
3440 956 3540 1009 qua:
3564 949 3732 1004 omnium

2283 1021 2539 1077 manibus
2562 1023 2773 1087 teritur,
2793 1023 2917 1092 jure
2949 1026 3148 1095 ambigi
3174 1029 3384 1096 nequit;
3414 1046 3499 1085 nec
3519 1038 3735 1091 sanedubi.

2283 1120 2362 1167 tat
2394 1114 2750 1169 Bellarminus
2780 1117 2913 1187 (84).
2950 1118 3183 1187 Ipsemet
3224 1119 3504 1178 Blondellus
3542 1126 3620 1182 hoc
3642 1129 3735 1185 idem

2283 1210 2419 1265 satis
2452 1212 2673 1274 evincit,
2707 1212 2957 1280 quamvis
2986 1228 3098 1267 sua:
3122 1222 3281 1268 sectae
3307 1216 3442 1271 virus
3464 1234 3653 1275 censura:
3673 1226 3736 1275 im-

2281 1301 2529 1357 misceat.
2560 1302 2863 1359 Cotelerius
2907 1318 3030 1358 cum
3092 1320 3213 1376 post
3261 1306 3603 1379 Reeognilianes
3639 1328 3736 1367 eam-

2281 1388 2401 1445 dem
2453 1393 2740 1463 epistolam
2795 1394 2980 1453 Graece
3012 1408 3063 1453 et
3091 1398 3279 1455 Latine
3321 1405 3429 1457 sine
3470 1406 3562 1457 ullo
3598 1407 3739 1461 addita-

2280 1489 2463 1534 mento
2496 1482 2777 1548 edidisset,
2810 1500 2933 1539 mox
2980 1486 3161 1541 Ruﬁni
3194 1489 3631 1559 interpretationem
3652 1498 3738 1551 sub-

2278 1570 2430 1640 jecit,
2464 1572 2531 1627 ad
2561 1581 2777 1629 veteres
2815 1574 3083 1631 editiones
3118 1584 3171 1631 et
3199 1578 3408 1634 codices
3434 1596 3546 1638 mss.
3572 1583 3622 1637 de
3643 1600 3741 1639 more

2281 1662 2553 1727 collatam,
2586 1672 2640 1719 et
2670 1665 2722 1718 in
2764 1669 2939 1737 capita
2974 1667 3045 1722 20
3073 1669 3379 1724 distinctam
3404 1691 3417 1725 :
3442 1684 3629 1741 quorum
3648 1674 3738 1728 duo-

600 1778 762 1833 quam
796 1770 975 1816 tamen
1036 1759 1211 1814 Faber
1267 1767 1391 1813 ante
1447 1757 1805 1826 disjunxerat.
1853 1752 2173 1810 Theodorus
2207 1758 2249 1817 B
2277 1754 2661 1810 devicesimum
2686 1758 2839 1812 citari
2867 1760 3179 1816 observavit
3203 1763 3256 1816 in
3276 1765 3495 1818 concilio
3524 1764 3741 1821 rl’asensi.

597 1851 912 1907 Bibliander
958 1851 1098 1904 libro
1140 1848 1428 1918 inscripto,
1475 1846 1782 1902 Christiana
1819 1854 1869 1898 et
1911 1843 2172 1899 catholica

596 1945 860 2007 doctrina,
892 1942 1118 1997 Basileze
1161 1956 1257 2011 per
1284 1939 1548 1994 Iacobum
1580 1937 1811 1991 Parcum
1862 1935 2020 1997 1550,
2050 1950 2173 2005 pag.

594 2035 722 2102 221,
754 2034 998 2090 eamdem
1031 2033 1316 2103 epistolam
1352 2030 1542 2099 Ruﬁno
1577 2030 1875 2098 interprete
1921 2026 2175 2089 inseruit,

596 2130 690 2184 sed
723 2128 901 2181 ablata
935 2124 1252 2195 appendice.
1286 2122 1361 2176 Ea
1387 2133 1568 2177 tamen
1608 2123 1724 2176 sine
1755 2119 1973 2174 nomine
2008 2118 2177 2173 inter-

594 2221 783 2290 pretis,
846 2228 899 2273 et
956 2218 1074 2272 sine
1122 2215 1421 2286 appendice
1475 2215 1679 2269 dudum
1734 2213 1945 2267 inserta
2001 2210 2179 2265 fuerat

593 2328 716 2383 pag.
750 2311 780 2364 7
823 2311 1047 2365 alterius
1094 2309 1241 2372 libri,
1285 2308 1365 2375 sic
1404 2301 1686 2378 pramotati
1726 2324 1740 2360 :
1776 2303 2031 2373 Epistolte
2075 2303 2179 2356 ali-

590 2410 715 2474 quot
741 2402 993 2465 illustres,
1022 2417 1203 2471 graves
1227 2408 1275 2453 et
1311 2399 1553 2464 eruditur,
1578 2408 1730 2452 extra
1763 2394 2045 2449 bibliorum
2087 2411 2178 2447 ca-

590 2507 774 2544 nonem
800 2490 940 2551 licet,
966 2489 1273 2558 apostolica:
1320 2498 1495 2542 tamen
1528 2496 1578 2542 et
1597 2486 1719 2557 pice.
1761 2484 2013 2555 Augusta?
2050 2484 2178 2540 Vin-

589 2580 1380 2653 delicorum,perAlexandrum
1410 2579 1815 2649 ll’eyssenhorm
1844 2577 2000 2641 15:29,
2032 2577 2087 2630 in
2120 2576 2199 2634 8'-

664 2671 906 2727 Primam
963 2672 1105 2728 inter
1160 2671 1425 2740 epistolas
1486 2667 1919 2741 pseudo-Isidori
1975 2674 2178 2721 temere

592 2762 805 2827 statuit,
841 2761 933 2832 qui
962 2774 1080 2815 eam
1128 2759 1415 2813 virulentis
1460 2755 1609 2812 notis
1636 2756 1702 2810 de
1731 2766 1882 2810 more
1931 2754 2174 2824 contigit,

589 2851 928 2908 Blondellus.
958 2849 1158 2917 Quanti
1202 2864 1322 2904 eam
1356 2847 1547 2903 fecerit
1589 2845 1917 2901 Franciscus
1961 2844 2182 2900 Turria.

592 2960 719 3008 nus,
752 2943 879 2998 inde
925 2949 1141 2998 constat
1181 2941 1327 3011 quod
1371 2954 1489 2995 eam
1531 2946 1585 2993 et
1630 2953 1737 3008 pro
1758 2950 1886 2993 vera
1926 2945 2167 2998 tueatur,

591 3044 646 3092 et
684 3035 890 3090 Latinae
919 3033 1160 3089 versioni
1207 3032 1548 3095 roborandre,
1582 3044 1650 3087 ex
1690 3029 1879 3085 codice
1899 3028 2173 3083 Vaticano

590 3128 843 3182 Graecum
875 3123 996 3195 ejus
1027 3134 1338 3181 contextum
1366 3138 1475 3178 non
1498 3122 1665 3177 semel
1697 3122 1921 3176 advocet
1947 3119 2081 3191 (81).
2106 3120 2173 3172 At
2201 3101 2244 3160 (ἶ

590 3219 851 3276 Ruﬁnum
873 3217 1146 3273 versionis
1184 3224 1463 3271 auctorem
1490 3229 1633 3278 esse,
1665 3228 1789 3267 cum
1829 3220 2010 3267 careat
2051 3212 2173 3281 pro-

592 3309 729 3384 logo,
760 3323 869 3361 non
901 3307 1138 3361 admittit
1170 3304 1305 3377 (82).
1339 3304 1473 3369 Quis
1499 3318 1628 3359 vero
1656 3304 1892 3374 ignorat,
1916 3300 2172 3354 Rulinum

591 3400 928 3470 longioribus
974 3408 1183 3453 tantum
1214 3396 1527 3451 Graecorum
1573 3396 1816 3465 scriptis,
1861 3409 1971 3448 non
2022 3393 2171 3447 brevi

590 3508 655 3547 ac
684 3491 918 3562 simplici
938 3492 1207 3562 epistolae,
1233 3506 1298 3545 ex
1322 3487 1586 3543 Gennadii
1608 3488 1899 3551 sententia,
1929 3484 2171 3555 prologos

589 3584 723 3640 dare
747 3582 1043 3639 debuisse?
1074 3582 1329 3652 Epistola:
1364 3579 1742 3649 antiquitatem
1782 3578 1978 3632 astruit
2018 3575 2174 3629 testi-

590 3678 835 3734 monium
864 3676 1071 3743 Ruﬁni,
1102 3676 1170 3730 ab
1194 3691 1253 3730 se
1275 3675 1402 3729 olim
1434 3675 1855 3740 interpretatum,
1886 3678 2041 3740 atque
2069 3668 2175 3723 edi-

591 3782 702 3826 tam
734 3769 1104 3825 asseverantis
1134 3768 1188 3822 in
1220 3767 1540 3838 praefatione
1556 3764 1625 3819 ad
1656 3763 2049 3825 Gaudentium;
2072 3760 2173 3814 Re.

590 3861 974 3934 cognitionibus
999 3876 1108 3916 non
1139 3860 1499 3930 praemissam,
1526 3859 1653 3929 quia
1674 3869 1899 3925 tempore
1918 3855 2174 3925 posterior

590 3960 691 4017 est,
721 3955 920 4021 nempe
967 3948 1423 4019 Recognitionibus
1452 3964 1481 4002 a
1524 3948 1818 4011 Clemente,
1853 3952 1911 3999 ut
1951 3944 2174 4014 putaba-

589 4050 704 4106 tur,
739 4050 899 4096 antea
927 4041 1277 4110 conscriptis.
1307 4039 1457 4096 Istud
1480 4039 1663 4094 Ruﬁni
1697 4036 1983 4093 consilium
2014 4034 2174 4090 Cote-

593 4134 762 4189 lerins
794 4140 1039 4196 secutus,
1063 4149 1182 4188 eam
1206 4140 1261 4187 et
1287 4134 1402 4203 ipse
1425 4132 1574 4202 Operi
1589 4129 1925 4185 Clementino
1951 4133 2173 4197 postpo-

593 4226 723 4288 suit,
759 4226 888 4279 licet
917 4224 1097 4279 codici
1123 4222 1470 4283 Carmelitico
1500 4225 1761 4278 insertam
1804 4221 1945 4274 inter
1975 4217 2173 4289 prmia—

595 4318 797 4373 tionem
826 4324 882 4373 et
934 4316 1332 4388 Recognitiones
1369 4311 1683 4386 reperisset.
1728 4313 1809 4387 Ita
1836 4326 1968 4366 sane
2009 4311 2170 4366 etiam

593 4408 811 4465 codices
839 4410 1039 4480 quibus
1068 4426 1203 4465 usus
1234 4408 1336 4463 l‘uit
1383 4406 1745 4477 Stapulensis,
1779 4404 2037 4459 insertam
2074 4402 2173 4457 lia-

596 4500 834 4557 buerunt
861 4520 875 4558 :
906 4509 961 4557 et
1016 4500 1244 4557 Plrotius
1293 4514 1510 4571 quoque
1562 4503 1749 4568 aperte
1801 4496 1875 4549 ait
1930 4494 2064 4566 (85),
2114 4493 2171 4548 ἱιι

691 4678 781 4747 80)
822 4678 1049 4747 Mabill.,
1076 4681 1316 4734 Analect.
1348 4685 1481 4734 tom.
1514 4677 1556 4740 I,
1591 4691 1712 4747 pag.
1750 4674 1872 4729 142.

597 4743 781 4892 “past;
820 4743 1097 4817 Turrian.,
1131 4752 1225 4806 lib.
1250 4766 1308 4817 ιι,
1335 4764 1492 4819 capp.
1525 4748 1559 4802 5
1587 4743 1641 4802 et
1667 4743 1772 4812 '15,
1813 4760 1912 4817 pro
1960 4743 2167 4799 Canon.
2217 4747 2224 4755 '

706 4837 730 4874 s
764 4862 776 4874 .

500 4866 515 4885 ,
597 4837 776 4885 apum.

670 4891 780 4961 (se)
820 4892 901 4947 ld.
930 4892 1087 4956 ibid.,
1121 4892 1217 4948 lib.
1249 4908 1322 4956 ιν,
1357 4904 1479 4959 cap.
1510 4887 1601 4944 at.

669 4962 781 5031 (85)
815 4961 1000 5027 Phot.,
1025 4961 1148 5018 cod.
1184 4977 1338 5017 cxm.

670 5024 1100 5114 Rellarm.,
1130 5032 1207 5087 De
1247 5032 1397 5089 Rom.
1433 5030 1646 5101 pontif.,
1676 5028 1773 5084 lib.
1814 5042 1876 5094 ιι,
1908 5042 2039 5098 cap.
2082 5024 2168 5090 11,

644 5112 730 5155 ost
786 5112 908 5159 init.

604 5115 730 5171 post
786 5115 908 5159 mit.

671 5172 784 5244 (85)
824 5174 977 5244 Apud
1009 5173 1203 5238 Labb.,
1233 5180 1363 5244 tom.
1394 5171 1483 5239 Ill,
1508 5186 1632 5242 pag.
1654 5169 1820 5244 1458.

672 5237 786 5315 (80)
828 5237 1060 5314 εἱιρίιιιι.
1095 5237 1201 5314 reg.
1234 5237 1627 5315 Franci.,_'t'oni.
1653 5242 1883 5315 Il_,‘pag.
1909 5237 2067 5296 1127.

673 5306 789 5385 (87)
829 5306 981 5387 Apud
1013 5306 1206 5385 Labbi,
1240 5322 1372 5371 tum.
1407 5312 1498 5383 IX,
1533 5327 1655 5385 pag.
1684 5306 1810 5369 416.

2203 4466 2251 4525 D

2279 1860 2423 1901 anno
2456 1847 2560 1901 442
2587 1850 2880 1913 celebrato,
2922 1868 3043 1908 can.
3088 1853 3120 1908 6
3166 1855 3302 1925 (85),
3342 1857 3394 1910 in
3440 1856 3739 1927 Capitularibus

2278 1951 2464 2007 regum
2489 1936 2821 1996 Francorum
2856 1944 2990 2014 (86),
3022 1945 3187 2015 inque
3219 1949 3442 2002 concilio
3471 1948 3739 2003 Mctensican.

2279 2027 2347 2081 12
2384 2030 2518 2100 (87).
2569 2032 2783 2087 Citatur
2838 2051 3053 2105 quoque
3090 2053 3119 2090 a
3161 2037 3382 2094 Nicolao
3419 2040 3456 2103 I,
3492 2041 3617 2110 epist.
3640 2041 3739 2103 49,:

2276 2120 2485 2176 Joanne
2508 2121 2643 2185 VIII,
2669 2126 2831 2195 epist.
2873 2127 2994 2192 254,
3022 2136 3075 2181 et
3104 2143 3136 2183 a
3166 2128 3423 2200 Gregorio
3447 2130 3541 2194 Vll,
3574 2133 3643 2186 lib.
3665 2147 3740 2195 rm,

2277 2213 2437 2282 epist.
2462 2213 2551 2267 21.
2579 2214 2661 2270 Ad
2696 2217 2817 2286 ejus
2847 2220 3177 2291 epigraphen
3222 2230 3372 2277 tanto
3394 2232 3505 2279 ante
3535 2224 3670 2277 allusit
3688 2222 3739 2275 Si-

2276 2303 2473 2358 donius
2494 2304 2588 2359 lib.
2625 2322 2701 2371 v1,
2732 2308 2891 2376 epist.
2921 2310 2972 2373 1,
3003 2311 3362 2382 eamdemque
3399 2312 3742 2367 Bibliothecarius

2286 2388 2341 2444 in
2362 2390 2622 2447 Clemente
2639 2395 2895 2452 laudavit.
2919 2399 3319 2470 Antiquissima
3336 2416 3450 2456 esse
3467 2401 3654 2456 creditur
3666 2416 3741 2468 per-

2283 2480 2412 2539 inde
2451 2501 2516 2540 ac
2544 2499 2673 2543 sunt
2700 2490 2824 2545 libri
2851 2492 3311 2563 Recognitionum.
3343 2494 3409 2548 At
3434 2492 3643 2549 Clementi
3664 2504 3743 2547 ante

2276 2572 2635 2641 Blondellum,
2669 2578 2908 2647 quinque
2951 2580 3197 2651 insignes
3247 2580 3306 2637 S.
3339 2580 3403 2636 R.
3437 2580 3490 2634 E.
3532 2578 3741 2632 cardinales

2277 2667 2764 2734 abjudicaverant:
2808 2669 3226 2726 Turrecremata
3259 2673 3392 2743 (88),
3435 2668 3742 2736 Cusanus(891.

2277 2755 2542 2815 Baronius
2572 2761 2705 2831 (90),
2748 2760 3104 2818 Bellarminus
3131 2763 3248 2833 (91)
3285 2772 3339 2817 et
3380 2761 3629 2816 Perronius
3659 2757 3741 2823 (03).

2277 2848 2352 2902 Ex
2407 2852 2802 2921 antiquioribus
2857 2853 2995 2907 idem
3058 2862 3362 2912 sanxerant
3409 2852 3577 2909 Petrus
3620 2851 3746 2905 (ἒυιιιεο

2278 2950 2394 2994 stor
2420 2941 2554 3013 (95),
2587 2958 2650 2997 ac
2681 2953 2864 3013 postea
2889 2944 3166 3000 Marsilius
3192 2945 3482 3000 Patavinus
3502 2940 3747 3012 (90,360-

2278 3033 2493 3088 belinus
2530 3034 2772 3089 Persona
2823 3033 2955 3105 (95).
3002 3035 3076 3091 De
3123 3036 3361 3106 epistola
3411 3036 3443 3090 '5
3487 3030 3748 3089 Clementina.

2276 3124 2435 3194 cujus
2483 3125 2858 3195 interpretatio
2907 3124 3106 3181 Ruﬁno
3157 3128 3329 3181 etiam
3375 3125 3623 3185 tribuitur,
3662 3120 3751 3174 nihil

2276 3216 2478 3282 dicam,
2510 3233 2633 3271 cum
2681 3217 2884 3288 liqueat
2909 3232 3027 3272 eam
3068 3216 3137 3271 ad
3185 3217 3386 3273 Isidori
3412 3229 3592 3275 merces
3612 3212 3661 3266 de
3678 3220 3751 3262 toto

2276 3314 2546 3376 Spectari}.

2345 3397 2619 3453 Hactenus
2643 3399 3046 3455 eruditissimus
3081 3399 3429 3455 Fontaninus
3451 3416 3467 3456 :
3492 3413 3547 3454 ex
3572 3394 3752 3463 cujusli-

2274 3504 2397 3544 men
2420 3504 2582 3560 opere
2600 3490 2689 3543 illa
2704 3497 2914 3545 tantum
2937 3493 3346 3561 excerpsimus,
3372 3488 3563 3561 quaead
3588 3498 3670 3539 rem
3691 3495 3747 3534 Iw

2275 3588 2444 3635 stram
2472 3581 2816 3651 potissimum
2862 3582 3230 3652 pertinebant,
3268 3598 3440 3654 eaque
3474 3594 3560 3653 pro
3595 3570 3753 3634 instiluli

2274 3672 2451 3728 nostri
2486 3674 2696 3728 ratione
2732 3672 3080 3743 digessimus.
3108 3675 3293 3732 Porro
3330 3677 3397 3731 ad
3432 3671 3752 3741 Ruognitiom

2273 3764 2565 3820 editionem
2603 3772 2847 3820 nostram
2892 3767 3038 3836 quod
3073 3769 3298 3832 attinet,
3344 3759 3754 3837 exemplarCotelb

2274 3853 2509 3921 rianum,
2549 3856 2790 3909 omnium
2820 3857 3363 3925 praestantissimum,
3404 3856 3533 3928 typis
3567 3850 3756 3907 excuden-

2274 3941 2404 3998 dum
2441 3945 2786 4001 tradidimus.
2820 3945 3104 4003 Lectiones
3136 3949 3422 4004 variantes
3447 3948 3644 4019 potiores
3662 3953 3757 3995 mat-

2272 4034 2381 4105 gini
2410 4036 2709 4105 appositas,
2745 4038 2861 4093 suis
2903 4038 3041 4094 locis
3069 4039 3443 4095 restituimus.
3472 4034 3662 4092 Editoris
3690 4030 3757 4084 οδε

2275 4129 2612 4183 servationes
2639 4130 2812 4184 textui
2844 4129 3211 4187 subdidimus.
3246 4131 3383 4198 Quae
3408 4138 3571 4185 autem
3594 4126 3680 4182 suis
3694 4137 3756 4175 ne

2273 4220 2345 4276 tis
2398 4220 2630 4275 intexuit
2684 4219 2749 4277 V.
2781 4220 2845 4276 C.
2896 4230 3079 4277 vetera
3125 4234 3499 4282 monumenta,
3543 4234 3600 4273 ne
3638 4212 3757 4283 ορειὶε

2274 4309 2435 4371 lectio
2466 4309 2629 4367 nimis
2666 4309 3044 4380 impediretur,
3085 4312 3143 4365 in
3187 4311 3549 4382 Appendicem
3585 4300 3755 4373 Recogur

2278 4401 2502 4456 tionibus
2533 4400 2833 4471 subjectam
2866 4400 3179 4472 rejecimus.

2349 4675 2459 4745 (88)
2502 4673 2802 4745 Turrecr.,_
2828 4671 3032 4745 Summ.
3060 4672 3237 4735 Ecct..
3278 4675 3379 4731 lib.
3416 4688 3474 4737 ιι,
3502 4686 3609 4742 cap.
3631 4666 3715 4745 l0].

2349 4738 2462 4817 (89)
2496 4744 2731 4817 pusum,
2763 4741 3277 4817 C_oncord.‘gat_ltol.,
3312 4748 3407 4801 lib.
3435 4762 3511 4808 ιιι,
3534 4738 3634 4811 cap.
3666 4738 3701 4790 2.

2368 4810 2458 4886 90)
2494 4814 2718 4880 Baron.,
2749 4813 2829 4886 ad_
2843 4828 2983 4886 ann.
3011 4810 3098 4877 69,
3130 4814 3157 4885 §
3183 4831 3301 4871 xrv.

2373 4873 2462 4953 91)
2498 4873 2867 4952 Βθιιθτιιὶι,-Πε
2881 4884 3058 4946 script.
3083 4873 3238 4953 ῥέξει,
3264 4887 3333 4940 ad
3352 4901 3475 4939 ann.
3501 4882 3584 4943 92.
3601 4873 3756 4953 papiri-

2346 4952 2458 5027 (92)
2497 4954 2839 5027 Perron.,__in
2860 4954 3042 5011 iterat.
3062 4952 3324 5024 Respons.
3351 4961 3420 5009 ad
3452 4971 3550 5023 reg.
3573 4952 3753 5005 brum.

2276 5023 2396 5098 cap.
2411 5028 2531 5098 A51,
2550 5042 2672 5096 pag.
2706 5023 2829 5098 159.

2372 5096 2462 5164 95)
2501 5092 2945 5167 (ζόηῖεειη-Ηὶδι.
2972 5093 3093 5167 Ac}.
3120 5106 3344 5167 gapost.,
3375 5111 3491 5167 cap.
3519 5093 3623 5149 101.

2358 5164 2727 5291 ξιὲἹΙνίδιεὶΙη
2779 5164 2967 5219 Patav.
3024 5164 3307 5235 Defensor.
3374 5164 3511 5236 pag“
3565 5168 3678 5235 μη,
3722 5164 3754 5207 ιι,

2280 5254 2403 5295 C80.
2431 5254 2521 5292 ΖΙ.

2348 5253 2722 5382 i()Si5z)liirol)cl.,
2752 5304 3054 5374 Cosmord.,
3078 5313 3224 5365 aetat.
3258 5325 3339 5373 vr,
3373 5324 3491 5381 cap.
3519 5306 3562 5360 7.
