3976 6340
567 250 707 307 i207
1413 246 1473 303 S.
1514 242 1900 302 CLEMENTIS
1933 242 1954 298 l
1991 243 2160 305 ROM.
2202 243 2408 305 ΡΟΝΤ.
2445 245 2677 307 OPERA
2718 247 2948 306 DUBlA.
3575 264 3681 326 ω

565 377 677 417 non
707 358 884 416 solum
919 374 950 413 a
984 356 1293 423 sententiis,
1320 356 1415 414 sed
1438 373 1508 429 ne
1537 373 1569 413 a
1599 359 1945 421 sermonibus
1983 358 2201 427 quidem
2225 361 2360 421 satis
2382 360 2894 434 elocutionibusquo
2921 364 3217 425 discedere.
3260 367 3376 435 Quae
3394 387 3469 429 res
3492 383 3679 448 quamvis

566 453 747 506 minus
766 461 1041 516 ornatum,
1068 450 1242 521 magis
1272 458 1455 505 tamen
1479 449 1636 505 fidele
1659 448 1991 504 narrationis
2021 449 2197 505 reddit
2219 450 2522 520 eloquium.
2549 450 2846 522 Epistolam
2876 470 3029 520 sane,
3064 457 3118 510 in
3138 473 3239 528 qua
3266 459 3390 515 idem
3411 463 3614 525 Clemens
3634 474 3681 528 ad

564 544 825 600 Jacobum
856 544 1075 599 fratrem
1100 543 1316 599 Domini
1342 545 1591 601 scribens
1623 542 1689 600 de
1717 543 1870 598 obitu
1898 543 2118 599 nuntiat
2137 542 2285 600 Petri
2315 543 2416 616 (4),
2445 550 2501 601 et
2522 544 2668 614 quod
2712 561 2770 601 se
2799 548 3081 618 reliquerit
3110 565 3450 612 successorem
3469 558 3677 618 cathedra

563 647 617 694 et
646 640 907 694 doctrinae
938 653 1071 704 suae,
1105 638 1161 694 in
1182 654 1290 709 qua
1319 639 1482 694 etiam
1513 622 1581 694 de
1608 639 1755 720 omni
1786 639 1979 694 ordine
2005 639 2383 696 ecclesiastico
2403 642 2737 706 continetur,
2758 642 2881 698 ideo
2906 659 3053 700 nunc
3075 644 3200 699 huic
3216 647 3353 716 operi
3374 665 3466 705 non
3490 657 3683 721 pramisi,

564 734 691 804 quia
718 741 772 791 et
801 741 1045 803 tempore
1068 733 1342 803 posterior
1372 740 1477 797 est,
1505 741 1559 787 et
1588 733 1719 788 olim
1752 748 1783 788 a
1809 748 1896 788 me
1930 733 2286 802 interpretata
2308 741 2362 793 et
2397 733 2560 791 edita.
2593 733 2699 799 Sed
2730 736 2874 807 quod
2898 737 2955 793 in
2974 752 3037 792 ea
3062 740 3329 795 nonnullis
3349 740 3546 801 fortasse
3574 748 3685 805 vide.

563 828 712 881 bitur
744 827 1168 897 inconsequens,
1197 826 1244 882 si
1272 826 1361 880 hic
1389 827 1728 895 explanetur,
1754 842 1864 881 non
1896 834 2027 897 puto
2056 827 2358 882 absurdum
2379 828 2572 884 videri.
2605 828 2835 894 Quidam
2865 831 3009 889 enim
3044 835 3337 903 requirunt,
3362 840 3587 906 quomodo
3601 856 3688 899 cun

561 918 732 975 Linus
757 928 811 974 et
832 918 1020 975 Cletus
1051 920 1126 991 (5)
1152 920 1207 973 in
1232 920 1367 975 urbe
1386 918 1558 975 Roma
1589 931 1714 974 ante
1741 918 2075 975 Clementem
2121 920 2269 975 hunc
2293 919 2497 975 fuerint
2525 920 2792 992 episcopi,
2826 923 2942 993 ipse
2973 923 3223 982 Clemens
3252 927 3315 980 ad
3341 926 3564 984 Jacobum
3590 936 3688 989 scri-

560 1014 717 1079 bens,
744 1014 850 1070 sibi
886 1013 1081 1070 dicata
1110 1013 1273 1070 Petro
1295 1014 1525 1069 docendi
1550 1014 1865 1069 cathedram
1897 1013 2176 1071 traditam.
2201 1013 2371 1084 Cujus
2397 1014 2475 1069 rei
2500 1014 2641 1070 hanc
2670 1016 3118 1085 accepimusesse
3148 1018 3412 1085 rationem,
3434 1023 3554 1092 quod
3572 1023 3689 1081 Linus

561 1118 614 1163 et
639 1107 826 1163 Cletus
857 1106 1080 1161 fuerunt
1111 1104 1331 1178 quidem
1362 1114 1489 1162 ante
1519 1106 1852 1161 Clementem
1899 1104 2142 1174 episcopi
2186 1106 2245 1161 in
2286 1105 2427 1161 urbe
2454 1105 2648 1171 Roma,
2677 1107 2773 1165 sed
2797 1099 3095 1177 superstite
3125 1109 3304 1176 Petro,
3333 1111 3549 1169 videlicet
3571 1125 3614 1170 ut
3636 1116 3689 1171 illi

560 1200 910 1272 episc0patus
943 1212 1130 1266 curam
1154 1204 1423 1268 gererent,
1456 1197 1573 1265 ipse
1597 1210 1725 1251 vero
1743 1196 2084 1265 apostolatus
2116 1195 2363 1265 impleret
2392 1195 2651 1261 oﬂicium,
2677 1198 2819 1252 sicut
2849 1199 3122 1257 invenitur
3137 1202 3295 1258 etiam
3321 1203 3448 1273 apud
3467 1203 3688 1263 Casu-ean

560 1292 779 1355 fecisse,
810 1290 901 1345 ubi
932 1304 1057 1343 eum
1088 1289 1204 1358 ipse
1226 1295 1372 1343 esset
1399 1302 1661 1358 praesens,
1694 1287 2016 1343 Zacchaeum
2040 1296 2222 1342 tamen
2257 1301 2287 1340 a
2314 1304 2372 1345 sc
2420 1288 2735 1344 ordinatum
2768 1290 3002 1347 habebat
3033 1294 3359 1363 episcopum.
3391 1293 3449 1348 Et
3474 1296 3557 1350 hoc
3578 1301 3690 1353 modo

560 1391 853 1452 utrumque
882 1395 1069 1436 verum
1108 1378 1399 1443 videbitur,
1430 1387 1487 1433 ut
1513 1387 1565 1435 et
1594 1380 1670 1433 illi
1702 1386 1827 1433 ante
1846 1379 2180 1435 Clementem
2210 1389 2567 1437 numerentur
2589 1383 2856 1455 episcopi,
2876 1393 2929 1441 et
2954 1384 3208 1441 Clemens
3235 1394 3405 1442 tamen
3431 1390 3689 1458 postobitum

560 1478 708 1533 Petri
740 1476 972 1531 docendi
1004 1473 1306 1545 susceperit
1333 1471 1539 1527 sedem.
1577 1471 1682 1527 Sed
1716 1473 1830 1543 jam
1863 1473 2168 1538 videamus,
2201 1475 2451 1531 scribens
2488 1474 2695 1532 Iacobo
2733 1476 2890 1534 fratri
2933 1478 3170 1547 Domini,
3202 1482 3375 1552 operis
3402 1485 3476 1538 sui
3511 1484 3690 1546 Clemens

560 1569 677 1639 ipse
700 1568 845 1639 quod
877 1574 1057 1623 sumat
1087 1568 1424 1622 narrationis
1449 1566 1688 1622 initium.

574 1702 3691 1733 ——-——-———-—————'————-———m

1162 1802 2178 1959 RECOGNITIONUM
2253 1872 2610 1960 LIBER
2681 1874 3171 1978 PRIMUS.

2144 2087 2214 2103 ψ

633 2198 673 2259 Ι.
715 2196 828 2270 Ego
866 2187 1117 2255 Clemens
1163 2196 1217 2251 in
1262 2197 1396 2251 urbe
1423 2195 1593 2252 Roma
1623 2203 1806 2255 natus,
1840 2210 1907 2250 ex
1951 2194 2125 2265 prima
2153 2200 2199 2256 Α
2228 2193 2305 2247 Ex
2337 2208 2445 2263 quo
2487 2191 2688 2248 factum
2735 2199 2840 2257 est,
2887 2200 2944 2248 ut
2991 2195 3233 2264 lugerem
3285 2195 3584 2266 postmodum
3617 2212 3693 2262 eos,

562 2296 720 2346 tetate
763 2288 1036 2360 pudicitiae
1086 2287 1328 2342 studium
1372 2286 1513 2356 gessi
1548 2286 1647 2357 (6),
1682 2285 1810 2339 dum
1842 2300 1928 2340 me
1957 2284 2123 2338 animi

563 2375 796 2431 intentio
824 2376 972 2430 velut
1000 2374 1236 2430 vinculis
1284 2374 1611 2443 quibusdam
1657 2373 2043 2428 sollicitudinis
2072 2382 2125 2429 et

562 2469 815 2523 maeroris
844 2482 874 2522 a
896 2483 1065 2537 puero
1095 2467 1351 2522 innexum
1376 2472 1603 2522 teneret.
1627 2465 1806 2521 lnerat
1822 2465 1967 2521 enim
1988 2465 2122 2519 mihi

563 2560 820 2631 cogitatio
865 2561 1154 2633 (incertum
1208 2576 1338 2615 sane
1378 2559 1745 2614 undeinitium
1787 2558 2123 2628 sumpserit),

563 2645 756 2710 crebro
785 2652 853 2709 ad
881 2655 1197 2709 memoriam
1224 2668 1395 2706 meam
1431 2653 1798 2707 conditionem
1826 2653 2127 2707 mortalita-

562 2745 637 2801 tis
686 2745 998 2809 adducens,
1050 2744 1320 2813 simrulque
1367 2745 1715 2800 discutiens:
1751 2752 2007 2800 utrumne
2056 2746 2127 2801 sit

561 2836 695 2890 mihi
745 2836 926 2905 aliqua
980 2835 1093 2889 vita
1142 2844 1265 2906 post
1314 2843 1564 2900 mortem,
1612 2852 1679 2889 an
1728 2837 1864 2890 nihil
1904 2838 2127 2892 omnino

560 2934 748 2997 postea
778 2927 881 2981 sim
905 2926 1143 2991 futurus,
1168 2926 1215 2982 si
1255 2942 1363 2982 non
1394 2925 1587 2981 fuerim
1615 2935 1903 2997 antequam
1931 2944 2124 2985 nasce-

558 3031 670 3082 rer,
686 3017 772 3071 vel
795 3017 842 3071 si
872 3016 1020 3071 nulla
1049 3030 1276 3086 prorsus
1304 3016 1424 3071 vita:
1450 3016 1614 3087 hujus
1641 3020 1743 3072 erit
1774 3026 1896 3088 post
1917 3019 2124 3074 obitum

556 3107 890 3172 recordatio,
922 3116 976 3163 et
1007 3108 1079 3161 ita
1108 3106 1445 3163 immensitas
1473 3108 1735 3178 temporis
1763 3115 1959 3163 cuncta
1988 3110 2127 3164 οἱ)ιὶ-

556 3200 709 3256 vioni
754 3214 818 3256 ac
866 3200 1085 3267 silentio
1113 3199 1282 3263 dabit,
1317 3206 1379 3254 ut
1424 3215 1535 3254 non
1581 3201 1756 3255 solum
1789 3216 1899 3256 non
1930 3202 2122 3265 simus,

560 3292 655 3348 sed
702 3307 881 3363 neque
926 3290 1073 3361 quod
1123 3290 1409 3355 fuerimus,
1454 3290 1722 3345 habeatur
1752 3293 1806 3347 in
1840 3295 2123 3355 memoria.

561 3378 668 3436 Sed
714 3388 770 3436 et
820 3379 955 3434 illud
1004 3380 1325 3435 versabatur
1352 3380 1407 3434 in
1434 3390 1672 3450 pectore,
1705 3383 1922 3452 quando
1948 3383 2126 3439 factus

2225 2301 2364 2357 quos
2392 2286 2547 2356 prius
2581 2287 2839 2356 ignorans
2869 2285 3056 2342 beatos
3089 2287 3389 2343 credebam.

2295 2378 2385 2436 lll.
2427 2378 2595 2450 Igitur
2648 2393 2771 2434 cum
2818 2393 2849 2431 a
2894 2382 3069 2450 prima
3112 2388 3276 2436 aetate
3324 2381 3376 2435 in
3413 2376 3694 2452 hujuscemodi

2227 2473 2531 2525 animorum
2573 2468 2873 2524 intentione
2905 2485 3177 2537 versarer,
3211 2473 3429 2543 cupiens
3453 2472 3613 2545 aliquid
3642 2472 3697 2528 die

2228 2548 2401 2627 scere,
2458 2561 2904 2632 philosophorum
2959 2561 3368 2633 frequentabam
3414 2566 3606 2631 scholas,
3637 2565 3696 2621 ubi

2225 2658 2363 2711 nihil
2396 2656 2566 2721 aliud,
2600 2673 2762 2727 quam
2791 2658 3103 2729 dogmatum
3142 2661 3463 2715 assertiones
3503 2668 3546 2715 et
3579 2658 3699 2728 impuv

2226 2750 2513 2821 gnationes
2542 2751 2789 2805 videbam
2836 2751 2920 2822 agi
2954 2751 3072 2806 sine
3121 2751 3251 2819 fine,
3298 2752 3698 2817 eertamina,artes

2228 2841 2666 2914 syllogismorum
2702 2843 3231 2912 conclusinnumque
3279 2843 3461 2914 agitari
3489 2841 3695 2898 versutus.

2228 2931 2293 2983 Et
2341 2933 2385 2987 si
2425 2932 2643 3001 quando
2689 2931 2907 3002 quidem
2953 2933 3237 2989 obtinebat
3287 2934 3375 2988 hic
3412 2930 3695 3001 sermo,un

2229 3022 2551 3078 immortalis
2578 3030 2724 3078 esset
2749 3023 2951 3087 anima,
2972 3026 3321 3094 gratulabar;
3353 3025 3399 3081 si
3423 3022 3701 3095 quandem

2228 3113 2557 3183 arguebatur
2610 3115 2765 3183 quasi
2796 3116 3061 3182 mortalis,
3094 3131 3223 3171 cum
3279 3117 3487 3171 tristitia
3528 3111 3702 3168 discede-

2229 3204 2372 3259 bam.
2402 3203 2664 3260 Neutrum
2710 3215 2887 3263 tamen
2935 3208 2991 3264 in
3035 3211 3206 3266 corde
3253 3224 3373 3264 meo
3410 3205 3704 3263 firmitudinem

2226 3297 2473 3351 veritatis
2501 3299 2850 3365 tenebat,sed
2877 3300 2980 3355 hoc
3006 3308 3225 3355 tantum
3254 3290 3705 3371 intelligebam,quod

2230 3391 2513 3446 sententia:
2542 3406 2605 3446 ac
2632 3391 2977 3447 definitiones
2998 3409 3208 3459 rerum,
3230 3410 3337 3448 non
3362 3406 3453 3464 pro
3474 3399 3628 3446 natura
3647 3385 3704 3442 ml

557 3475 629 3530 sit
656 3473 915 3537 mundus,
945 3472 1032 3528 vel
1060 3479 1349 3543 antequam
1379 3474 1551 3537 fieret,
1578 3475 1708 3546 quid
1736 3482 1874 3539 erat,
1912 3485 2007 3529 aut
2036 3493 2129 3533 vc-
2156 3553 2190 3558 _
2230 3498 2299 3539 ac
2323 3485 2550 3538 veritate
2579 3499 2889 3548 causarum,
2919 3484 3013 3539 sed
3064 3501 3165 3555 pro
3219 3488 3444 3558 ingeniis
3490 3480 3705 3539 defendar

556 3581 621 3620 ro
664 3580 878 3636 semper
927 3565 1111 3620 fuerit.
1141 3563 1275 3618 Nam
1303 3574 1509 3621 certum
1541 3567 1846 3630 videbatur,
1890 3570 2035 3638 quod
2077 3571 2123 3626 si
2156 3553 2198 3607 Β
2227 3576 2382 3636 tium,
2418 3575 2566 3631 falsa:
2609 3553 3187 3647 imaginarentur,_aut
3228 3553 3384 3642 verte,
3410 3590 3559 3647 eoque
3587 3572 3706 3642 misit

556 3662 701 3710 esset
732 3653 933 3719 factus,
970 3663 1115 3709 esset
1143 3662 1197 3709 et
1224 3655 1469 3724 profecto
1498 3658 1811 3721 solvendus,
1844 3667 1898 3712 et
1940 3659 1983 3715 si
2014 3661 2125 3714 sol—
2225 3667 2280 3720 in
2314 3666 2582 3735 profundo
2610 3670 2846 3736 pectoris
2869 3670 3181 3735 cruciabar,
3208 3672 3353 3742 quod
3381 3686 3536 3741 neque
3565 3659 3706 3735 aliquid

558 3756 735 3811 vatur,
770 3745 900 3815 quid
928 3746 1124 3800 iterum
1153 3746 1295 3800 erit?
1316 3746 1432 3803 Nisi
1466 3747 1604 3803 forte
1630 3749 1831 3804 oblivio
1853 3762 2050 3806 cuneta
2071 3758 2125 3805 et
2224 3771 2290 3810 ex
2320 3757 2424 3819 his,
2450 3772 2568 3826 quae
2596 3758 2935 3825 dicebantur,
2967 3768 3226 3830 tanquam
3255 3762 3457 3816 firmum
3485 3770 3629 3815 tenere
3643 3770 3708 3825 po-

557 3837 833 3895 silentium
869 3844 1032 3907 teget,
1074 3846 1167 3890 aut
1200 3835 1338 3892 forte
1385 3839 1589 3909 aliquid
1641 3842 1768 3907 erit,
1801 3842 1945 3911 quod
1978 3860 2123 3899 nunc
2223 3856 2415 3913 teram,
2443 3866 2617 3918 neque
2669 3850 2905 3920 ahjicere
2950 3851 3287 3908 desiderium
3322 3846 3707 3923 requirendiﬁed

559 3926 765 3982 sentire
794 3927 1107 3982 mortalium
1142 3943 1251 3982 non
1281 3936 1461 3997 potest
1487 3945 1663 3985 mens.

626 4016 691 4075 ll.
730 4016 856 4073 Huic
884 4026 936 4074 et
964 4018 1050 4073 his
1081 4019 1301 4086 similia,
1333 4019 1519 4075 nescio
1549 4021 1713 4089 unde,
1748 4022 2121 4081 indesinenter

557 4108 739 4164 animo
766 4110 1070 4175 revolvens,
1100 4111 1378 4173 nimietate
1420 4114 1673 4168 mceroris
1726 4115 2119 4173 incredibiliter

558 4198 923 4264 tabescebam,
951 4205 1007 4254 et
1037 4198 1183 4270 quod
1205 4208 1290 4255 est
1319 4202 1560 4273 gravius,
1591 4204 1637 4258 si
1660 4205 1878 4273 quando
1906 4221 2123 4277 respue-

556 4302 617 4342 re
643 4302 673 4340 a
703 4303 788 4343 me
811 4288 1184 4357 hujuscemodi
1214 4306 1376 4346 curas
1403 4293 1551 4349 velut
1579 4294 1760 4349 minus
1788 4295 1948 4351 utiles
1971 4297 2121 4367 cogi-

556 4376 757 4440 tabam,
788 4378 1079 4435 validiores
1109 4380 1165 4433 in
1198 4396 1281 4435 me
1308 4380 1503 4455 fluctus
1532 4383 1963 4440 sollicitudinum
1986 4402 2119 4442 con-

557 4468 869 4541 surgebant.
903 4467 1078 4524 lnerat
1101 4471 1244 4525 enim
1277 4473 1408 4526 mihi
1433 4488 1615 4529 comes
1642 4476 1867 4545 optima,
1890 4493 2010 4546 quae
2035 4495 2119 4534 me

559 4559 841 4629 quiescere
890 4575 1002 4614 non
1051 4561 1277 4623 sineret,
1309 4562 1738 4621 immortalitatis
1792 4570 2012 4637 cupido.
2049 4569 2122 4633 Ut

557 4650 704 4705 enim
728 4658 849 4720 post
879 4667 1060 4715 rerum
1090 4652 1268 4709 exitus
1296 4654 1503 4724 docuit,
1533 4666 1589 4713 et
1617 4660 1790 4729 gratia
1821 4658 1915 4717 Dei
1942 4664 2121 4718 enmi-

553 4744 793 4814 potentis
815 4745 1070 4811 ostendit,
1093 4746 1207 4803 hare
1235 4764 1323 4803 me
1351 4750 1517 4804 animi
1546 4752 1777 4807 intentio
1802 4754 1868 4809 ad
1891 4756 2121 4826 inquisi-

2224 3950 2429 4008 quanto
2464 3941 2637 4010 magis
2666 3941 2939 4011 negligere
2969 3942 3215 3996 conabar
3247 3958 3311 3997 ac
3337 3956 3583 4013 spernere,
3604 3943 3707 3991 tanto

2228 4032 2533 4094 ardentius,
2563 4038 2622 4085 ut
2654 4047 2816 4101 supra
2846 4033 2980 4096 dixi,
3014 4035 3163 4088 velut
3191 4049 3319 4089 cum
3359 4034 3566 4104 quadam
3602 4026 3708 4082 vola-

2229 4130 2373 4190 ptate
2399 4122 2633 4177 latenter
2662 4123 2906 4193 irrepens
2937 4124 3317 4192 hujuscemodi
3346 4122 3709 4195 cogitatio,men-

2228 4220 2333 4266 tem
2358 4219 2521 4281 atque
2546 4214 2783 4266 animum
2818 4214 3159 4283 possidebat.

2297 4302 2386 4358 1V.
2426 4303 2829 4377 Coangustatus
2870 4308 3033 4379 igitur
3061 4309 3378 4364 inventione
3420 4321 3598 4364 rerum.
3631 4300 3708 4354 ale-

2228 4394 2348 4447 bam
2378 4396 2519 4464 apud
2552 4398 2927 4467 memetipsum
2958 4418 2970 4453 :
3003 4398 3143 4464 Quid
3191 4400 3425 4453 inaniter
3452 4399 3706 4452 laboramus.

2221 4500 2343 4538 eum
2396 4485 2721 4543 manifestus
2751 4488 2822 4543 sit
2853 4490 3114 4544 terminus
3144 4491 3367 4545 rerum?
3395 4488 3447 4542 Si
3475 4487 3596 4542 enim
3625 4488 3709 4552 post

2226 4584 2453 4631 mortem
2505 4591 2613 4653 non
2659 4592 2776 4644 ero,
2811 4595 2956 4633 nunc
2986 4580 3263 4650 superﬂuo
3304 4579 3534 4644 crucior;
3562 4576 3599 4629 si
3624 4586 3710 4628 rem

2224 4668 2330 4733 erit
2376 4669 2510 4724 mihi
2558 4668 2663 4723 vita
2697 4678 2818 4739 post
2847 4670 3079 4737 obitum,
3112 4686 3394 4727 servemus
3421 4670 3490 4725 illi
3516 4668 3617 4722 vita
3652 4660 3709 4718 sui

2226 4762 2483 4831 temporis
2508 4769 2709 4825 motus,
2737 4777 2807 4818 ne
2837 4761 2974 4819 forte
3007 4764 3111 4831 his,
3144 4781 3268 4835 qua:
3298 4779 3438 4821 nunc
3462 4763 3629 4833 patior.
3643 4755 3711 4810 ali-

554 4837 757 4893 tionem
784 4838 1050 4906 veritatis,
1081 4849 1134 4898 et
1162 4842 1491 4913 agnitionem
1521 4860 1663 4901 verae
1704 4845 1844 4903 lucis
1873 4849 2119 4911 adduxit.
2148 4847 2190 4904 C
2222 4867 2329 4921 qua
2372 4868 2458 4908 me
2508 4853 2585 4920 ihi
2632 4854 2871 4909 tristiora
2902 4853 3196 4925 excipiant,
3229 4855 3337 4913 nisi
3365 4854 3447 4925 pie
3486 4867 3543 4909 ac
3582 4844 3710 4906 sobri!

1858 5002 2222 5061 COTELERII
2289 5005 2525 5064 ΝΟΤᾸΣ.

622 5130 699 5215 (4)
741 5131 816 5215 _De
863 5131 1007 5215 attritu
1048 5135 1273 5215 nuntiat
1302 5134 1469 5215 Ijetri:
1515 5135 1593 5191 lta
1638 5141 2114 5215 omnes_eod_ices.

552 5200 850 5280 Epistolam
881 5202 1175 5280 Clementis
1209 5204 1277 5262 ad
1315 5204 1588 5280 Jacobum
1620 5210 1860 5280 praeponi
1902 5213 2116 5268 solitam

548 5272 738 5351 libris;
772 5272 1234 5351 ﬂecognitionum,
1269 5272 1897 5351 aperteﬁieit'Photius.
1942 5282 2118 5351 Atque

555 5344 759 5421 eadem
772 5343 837 5421 iu_
856 5343 1045 5421 codice
1062 5343 1431 5421 Carmeliiicae
1463 5343 2113 5421 Bibliothecazinseritur,

552 5412 695 5492 inter
722 5412 902 5492 Rufini
938 5412 1314 5492 Praefationem
1373 5430 1437 5472 ac
1475 5420 1628 5492 ipsas
1692 5412 2110 5492 Recognitioncs:

625 5483 702 5554 (5)
741 5482 907 5536 Linus
939 5493 990 5558 et
1016 5482 1215 5558 Cletus,
1244 5502 1339 5541 seu
1376 5482 1559 5558 potius
1590 5482 1899 5555 Anaclettzs,
1926 5504 1985 5547 ut
2014 5493 2113 5546 ha-

552 5550 692 5629 bent
709 5569 924 5629 quoque
953 5553 1342 5629 Cand.,Carm.
1374 5550 1427 5612 et
1454 5557 1574 5629 Pet.
1600 5558 1792 5617 Fuisse
1819 5550 1920 5617 hos
1952 5562 2110 5629 duos,

557 5623 708 5678 urbis
736 5623 938 5700 Romae
962 5623 1278 5700 episcopos,
1315 5629 1422 5700 sub,
1453 5627 1616 5685 Petro
1644 5634 1908 5700 apostolo,
1925 5623 2114 5690 existi;

556 5703 707 5749 mam
736 5708 857 5748 cum
902 5693 1098 5749 Rufino
1129 5696 1303 5762 Beda,
1329 5696 1616 5765 Rabanus,
1658 5693 1863 5774 Haymo
1884 5693 1906 5771 ,'
1929 5704 2021 5775 qui
2055 5704 2120 5761 de

2218 5145 2345 5217 vitis
2398 5141 2765 5217 Romanorum
2820 5142 3535 5217 pontificumscripserunt,
3574 5142 3711 5217 auctor

2219 5213 2475 5267 Chronici
2522 5206 2903 5282 episeOpox-um
2954 5206 3318 5280 Metensium,
3364 5206 3565 5282 aliique.
3612 5206 3709 5282 Legg

2219 5272 2578 5356 Epiphanium
2631 5272 2830 5356 haeresi
2868 5283 2973 5356 27,
3014 5287 3069 5348 6,
3111 5294 3164 5339 et
3199 5272 3325 5356 qua:
3357 5272 3631 5356 notavimus
3664 5272 3709 5326 ad

2220 5351 2384 5423 caput
2424 5353 2491 5407 46
2524 5353 2645 5408 libri
2685 5369 2759 5408 vn
2791 5354 3018 5408 Constit.
3056 5351 3250 5423 apostf,
3302 5356 3427 5409 item
3472 5351 3706 5405 Marianum

2218 5424 2465 5485 Scotum,
2513 5439 2577 5478 ac
2604 5423 2886 5492 epistolam
2914 5423 3105 5480 Joanni
3140 5426 3204 5479 ΙΙΙ
3240 5427 3513 5480 tributam.

2288 5494 2365 5567 (β)
2390 5485 2670 5567 Ριιᾴῲξιῇἁί
2692 5494 2924 5567 studium
2949 5496 3103 5567 gessi.
3130 5494 3191 5567 Et
3213 5494 3406 5567 lgnatii
3424 5485 3707 5563 interm!!!“

2220 5560 2392 5632 Epist.
2418 5564 2485 5616 ad
2510 5560 2966 5633 Philadelphinos,
2987 5572 3052 5618 n°
3074 5565 3127 5629 4,
3150 5560 3477 5621 Οιεῖηεηῑεω
3503 5572 3605 5613 cum
3630 5560 3705 5633 vi]:

2220 5622 2436 5703 gi'nihus
2483 5622 3126 5707 collocat.'Quod'.tum'
3151 5652 3336 5707 prosa,
3377 5642 3485 5690 tum
3522 5622 3706 5685 caer

2226 5704 2540 5761 Aldhelmus
2563 5704 2868 5760 celebravit.
3411 5714 3417 5717 '

2226 5718 2471 5761 Aldhelm
2480 5718 2540 5759 lJS
2563 5718 2868 5760 (εειοῡηνιι.
