4030 6338
527 270 663 330 1211

1378 273 1436 333 S.
1478 273 1922 333 CLEMENTIS!
1960 275 2129 335 ROM.
2170 276 2375 335 ΡΟΝΤ.
2416 280 2649 338 OPERA
2687 282 2919 343 DUBIA.

3645 292 3781 350 1211

524 390 812 447 indicaret.
843 387 1054 456 Quibus
1080 402 1180 460 ego
1214 386 1439 455 auditis,
1470 405 1597 447 cum
1625 390 1837 461 reliqua
1860 392 2105 448 multitu-
2134 399 2183 456 Α
2208 395 2554 466 omnipotens
2573 397 2860 454 abscondit
2879 414 2910 453 a
2926 399 3084 456 vobis
3097 400 3429 459 voluntatem
3453 418 3787 478 suam,quos

522 481 651 538 dine
682 482 838 552 sequi
868 496 992 537 eum
1017 480 1159 551 coepi
1184 488 1240 535 et
1276 480 1487 546 audire,
1520 497 1643 552 quae
1674 482 1903 538 diceret.
1937 482 2101 540 Intel-

521 573 753 645 ligebam
784 588 919 629 sane
965 572 1114 644 quod
1162 572 1300 628 nihil
1345 571 1647 629 dialecticae
1690 575 1826 631 artis
1866 584 2015 631 esset
2043 575 2099 632 in

520 667 759 734 homine,
793 666 889 722 sed
919 666 1243 738 simpliciter
1265 674 1319 721 et
1341 667 1550 737 absque
1573 667 1685 722 ullo
1707 666 1925 724 dicendi
1948 667 2095 734 fuco,

520 776 644 833 qua:
691 759 937 816 audisset
985 774 1017 813 a
1062 757 1204 814 Filio
1246 757 1342 814 Dei
1374 758 1460 814 vel
1487 758 1739 821 vidisset,
1777 768 2095 831 exponeret.

516 852 861 909 Assertiones
889 850 1037 905 enim
1070 866 1202 907 suas
1248 864 1359 905 non
1407 859 1855 921 argumentorum
1898 852 2104 909 virtute

515 943 816 1008 muniebat,
848 942 945 998 sai
973 941 1269 997 verborum
1324 948 1380 997 et
1433 942 1789 1008 mirabilium,
1825 960 1947 1015 qua:
1995 959 2094 999 an-

512 1035 833 1099 nuntiabat,
879 1040 1048 1090 testes
1085 1034 1309 1098 multos,
1355 1048 1421 1089 ex
1467 1033 1587 1105 ipso
1634 1035 1800 1091 etiam
1852 1036 2092 1091 circum-

511 1134 694 1183 stante
721 1125 943 1197 populo,
974 1125 1331 1197 producebat.

582 1240 716 1296 Vlll.
756 1238 957 1295 Verum
990 1238 1251 1308 quoniam
1286 1236 1355 1292 ad
1383 1251 1470 1301 ea,
1504 1252 1627 1308 qua:
1680 1237 1895 1294 sincere
1940 1236 2089 1293 dice-

507 1331 731 1395 bantur,
762 1331 993 1385 libenter
1021 1344 1265 1384 annuere
1289 1327 1525 1398 populus
1571 1336 1626 1384 et
1676 1327 1928 1401 amplecti
1970 1342 2087 1383 ser-

500 1410 724 1481 imonem
758 1422 1060 1495 simplicem
1091 1420 1277 1491 cepit,
1308 1420 1365 1475 hi
1395 1420 1491 1492 qui
1532 1419 1637 1477 sibi
1686 1420 1887 1476 eruditi
1930 1419 2084 1475 vide-

504 1521 708 1576 bantur
732 1519 818 1574 vel
847 1515 1185 1589 philosophi,
1218 1513 1401 1576 ridere
1428 1512 1706 1570 hominem
1733 1527 1796 1568 ac
1825 1528 2086 1582 spernere

502 1621 739 1677 cepere,
768 1612 823 1661 et
857 1604 1311 1676 syllogismorum
1352 1603 1408 1658 in
1446 1619 1571 1659 eum
1607 1602 1913 1659 tendiculas
1936 1604 2084 1659 velut

502 1696 845 1753 validissima
876 1710 1028 1750 arma
1066 1694 1417 1765 proferre.At
1438 1694 1531 1751 ille
1575 1696 1861 1752 interritus
1889 1702 1945 1752 et
1970 1696 2085 1752 vel-

506 1800 566 1847 ut
610 1793 967 1849 deliramenta
1002 1792 1245 1862 argutias
1275 1806 1465 1846 eorum
1496 1790 1727 1857 ducens,
1760 1808 1830 1848 ne
1858 1807 2083 1865 respon-

502 1888 658 1941 sione
686 1885 902 1956 quidem
935 1884 1130 1954 dignos
1165 1883 1466 1954 judicabat,
1497 1884 1594 1939 sed
1622 1900 1687 1940 ea
1716 1901 1837 1954 qua:
1880 1902 2081 1957 propo-

501 1985 708 2043 suerat,
737 1977 1135 2047 exsequebatur
1164 1976 1492 2046 intrepidus.
1532 1976 1779 2047 Denique
1821 1992 1946 2032 cum
1994 1979 2079 2033 lo-

498 2073 685 2143 quenti
715 2071 765 2126 ei
797 2070 1017 2141 quidam
1048 2070 1449 2140 proposuisset,
1486 2084 1589 2123 cur
1615 2070 1690 2124 ita
1723 2070 1903 2127 factus
1934 2080 2079 2128 esset

498 2164 659 2219 culex
690 2162 825 2235 (i2),
861 2169 919 2217 ut
950 2177 1075 2216 cum
1114 2162 1187 2216 sit
1218 2160 1421 2215 animal
1453 2161 1734 2231 exiguum,
1764 2167 1818 2216 et
1850 2176 1946 2217 sex
1982 2162 2080 2216 ha-

497 2256 622 2312 beat
666 2254 853 2326 pedes,
887 2255 1113 2323 insuper
1140 2254 1337 2309 additae
1368 2252 1480 2309 sint
1506 2253 1554 2308 ei
1585 2263 1640 2308 et
1665 2252 1785 2317 alae,
1816 2253 2079 2324 elephan-

495 2358 584 2406 tus
610 2365 741 2404 vero
770 2363 893 2403 cum
924 2347 999 2405 sit
1026 2348 1264 2401 immane
1293 2346 1494 2401 animal
1517 2360 1693 2417 neque
1715 2346 1831 2402 alas
1853 2347 2073 2412 habeat,

493 2451 730 2514 quatuor
758 2449 968 2497 tantum
1002 2439 1167 2511 pedes
1202 2440 1396 2495 habeat
1429 2458 1441 2493 :
1473 2438 1542 2493 ad
1562 2438 1676 2493 haec
1696 2439 1790 2494 ille
1810 2455 1877 2495 ne
1902 2440 2077 2510 respi-

493 2534 647 2590 ciens
686 2533 928 2604 quidem,
965 2547 1274 2588 sermonem
1322 2540 1506 2595 suum,
1542 2547 1705 2602 quem
1762 2531 2074 2602 importuna

492 2626 798 2699 propositio
826 2626 1211 2694 interruperat,
1243 2624 1565 2679 continuata
1601 2624 1902 2677 intentione
1949 2638 2073 2692 per-

494 2722 711 2792 agebat,
748 2719 851 2772 hac
884 2719 1000 2774 sola
1032 2717 1403 2773 admonitione
1435 2732 1531 2788 per
1553 2716 1797 2787 singulas
1826 2730 2072 2785 quasque

487 2810 917 2882 interruptiones
944 2812 1125 2865 addita
1160 2829 1173 2865 ε
1205 2808 1315 2865 Nos
1340 2809 1460 2879 ejus
1492 2810 1586 2880 qui
1616 2810 1766 2864 misit
1804 2816 1908 2864 nos
1948 2823 2072 2864 ver-

490 2905 559 2961 ba
592 2905 843 2974 factaque
876 2904 1150 2958 mirabilia
1180 2905 1508 2960 annuntiare
1535 2903 1692 2959 vobis
1744 2903 1799 2957 in
1848 2903 2071 2958 manda-

488 2998 563 3055 tis
593 2997 880 3063 habemus,
914 2994 1180 3066 fidemque
1205 3011 1394 3051 eorum
1429 3011 1550 3067 quae
1577 2995 1830 3059 dicimus,
1862 3010 1973 3050 non
2001 3010 2067 3050 ex

488 3087 827 3159 argumentis
872 3094 989 3141 arte
1043 3087 1309 3156 qumsitis,
1346 3086 1440 3143 sed
1471 3104 1539 3142 ex
1574 3087 1729 3142 vobis
1760 3086 1895 3157 ipsis
1937 3102 2068 3157 pro-
2092 3125 2135 3183 ο

488 3179 669 3235 ductis
699 3179 936 3233 testibus
966 3177 1313 3235 confirmare.
1343 3178 1595 3250 Agnosco
1621 3180 1767 3234 enim
1798 3178 2065 3249 plurimos

487 3280 673 3329 astare
703 3271 760 3326 in
788 3270 968 3327 medio
988 3280 1229 3327 vestrum
1251 3287 1317 3326 ex
1348 3272 1454 3339 his,
1476 3287 1613 3343 quos
1641 3286 1749 3325 una
1778 3271 2065 3328 nobiscum

486 3362 711 3418 memini
742 3362 965 3418 audisse
992 3378 1113 3433 quae
1142 3363 1472 3429 audivimus,
1510 3372 1564 3419 et
1589 3363 1795 3421 vidisse
1820 3380 1941 3435 quae
1982 3365 2067 3420 vi-

485 3453 689 3509 dimus.
728 3452 810 3508 Sit
839 3462 1018 3509 autem
1063 3456 1119 3509 in
1149 3463 1332 3510 vestra
1359 3464 1661 3525 potestatey
1694 3456 1777 3511 vel
1819 3457 2065 3526 recipere

482 3556 605 3613 quae
634 3544 1043 3610 annuntiamus,
1077 3546 1162 3600 vel
1186 3561 1464 3615 spernere.
1485 3545 1595 3602 Nos
1627 3546 1775 3601 enim
1804 3549 1951 3617 quod
1975 3563 2065 3603 ex-

482 3633 672 3704 pedire
699 3636 855 3691 vobis
883 3639 1157 3701 novimus,
1189 3645 1373 3693 tacere
1409 3652 1519 3691 non
1570 3652 1886 3708 possumus,
1932 3640 2061 3709 quia

481 3726 662 3791 nobis,
699 3727 746 3782 si
775 3735 1077 3793 taceamus,
1105 3729 1365 3784 damnum
1417 3737 1522 3795 est,
1564 3731 1722 3786 vobis
1761 3747 1910 3797 vero,
1941 3748 2062 3801 qua:

479 3817 740 3883 dicimus,
772 3820 818 3875 si
848 3835 958 3873 non
987 3820 1296 3889 recipiatis,
1332 3820 1623 3890 pernicies.
1660 3819 1765 3876 Sed
1797 3829 1851 3877 et
1878 3821 2060 3878 stultis

480 3911 953 3980 propositionibus
982 3911 1182 3968 vestris
1208 3912 1540 3982 respondere
1559 3912 1815 3982 perfacile
1830 3916 2055 3984 possim,

480 4002 528 4057 si
559 4002 805 4059 veritatis
833 4002 1109 4058 discendae
1144 4018 1313 4059 causa
1360 4005 1700 4074 quaereretis,
1751 4005 1820 4061 de
1865 4005 2058 4062 culicis

478 4091 605 4148 dico
637 4100 800 4164 atque
828 4093 1136 4163 elephantis
1158 4094 1495 4162 differentia;
1527 4095 1623 4153 sed
1648 4111 1795 4152 nunc
1818 4097 1886 4153 de
1904 4112 2059 4153 crea-

477 4183 619 4239 turis
646 4181 830 4238 dicere
860 4182 1017 4239 vobis
1047 4183 1253 4254 aliquid
1284 4184 1584 4240 absurdum
1624 4194 1729 4251 est,
1769 4202 1894 4241 cum
1914 4202 1946 4241 a
1967 4202 2058 4241 vo-

475 4272 563 4330 bis
593 4274 709 4343 ipse
738 4273 981 4328 omnium
1010 4272 1239 4328 Creator
1261 4281 1316 4328 et
1343 4273 1608 4329 Conditor
1640 4274 1944 4345 ignoretur.

544 4361 638 4419 IX.
682 4362 807 4418 llzec
839 4371 1020 4420 autem
1051 4379 1177 4419 cum
1204 4364 1455 4430 dixisset,
1490 4365 1635 4421 velut
1665 4382 1730 4421 ex
1763 4379 1874 4420 uno
1920 4378 2054 4420 con-

2202 490 2480 562 agniti‘one
2522 492 2608 545 sui
2648 491 2896 561 praevidit
2923 492 3198 565 indignos,
3223 495 3369 550 sicut
3415 512 3483 553 ex
3532 498 3623 555 bis
3667 516 3786 570 quae

2200 595 2349 635 nunc
2373 580 2556 653 agitis,
2586 596 2782 637 sanum
2803 584 3139 655 sapientibus
3165 587 3342 657 palam
3367 598 3472 643 est.
3500 587 3645 645 Nam
3661 605 3785 647 cum

2199 671 2431 729 videatis
2451 672 2838 743 pmdicatores
2864 676 3165 734 voluntatis
3193 677 3287 734 Dei
3318 679 3635 749 advenisse,
3654 685 3783 754 quia

2199 764 2404 819 nullam
2456 781 2638 822 sermo
2684 782 2876 823 eorum
2922 771 3292 838 grammaticae
3320 774 3456 831 artis
3488 776 3781 833 scientiam

2198 856 2503 929 profitetur,
2535 859 2633 914 sed
2662 859 3007 930 simplicibus
3049 869 3107 917 et
3134 863 3397 934 impolitis
3427 869 3780 925 sermonibus

2196 950 2478 1020 perferunt
2508 952 2577 1007 ad
2608 967 2705 1008 vos
2734 953 2917 1010 divina
2946 954 3225 1019 mandata,
3259 957 3333 1011 ita
3370 967 3433 1013 ut
3459 974 3660 1016 omnes
3686 962 3777 1032 qui

2195 1042 2449 1146 audiunt,
2476 1045 2633 1115 sequi
2664 1044 2878 1114 possint
2907 1055 2963 1102 et
2995 1047 3299 1119 intelligere
3326 1067 3449 1121 qua:
3475 1051 3776 1146 dicugntur;

2192 1132 2383 1189 ridetis
2409 1135 2603 1190 salutis
2634 1145 2832 1191 vestra:
2854 1137 3137 1195 ministros
3163 1148 3217 1195 et
3245 1142 3493 1208 nuntios,
3524 1132 3773 1214 igriorem

2190 1232 2273 1281 tes
2336 1227 2463 1296 quia
2494 1234 2697 1294 vestra,
2725 1227 2819 1298 qui
2846 1229 3000 1284 vobis
3025 1230 3183 1300 periti
3234 1239 3291 1287 et
3331 1234 3661 1306 eloquentes
3694 1237 3775 1291 vi-

2188 1317 2413 1381 demini,
2432 1318 2814 1376 condemnatio
2830 1330 2933 1389 est,
2959 1324 3105 1393 quod
3132 1326 3277 1395 apud
3301 1336 3549 1397 agrestes
3569 1333 3627 1384 et
3648 1330 3775 1386 bar—

2187 1407 2350 1464 baros
2378 1409 2610 1465 habetur
2638 1411 2887 1468 veritatis
2910 1415 3278 1485 agnitio.Qu:e
3305 1433 3429 1474 cum
3455 1419 3528 1475 ad
3553 1437 3654 1476 vos
3682 1424 3777 1477 ad‘o

2186 1501 2417 1565 venerit,
2448 1517 2549 1557 nec
2575 1504 2733 1573 quasi
2768 1504 2982 1576 hospita
3012 1510 3332 1579 suscipitur,
3365 1528 3489 1584 qua:
3528 1515 3638 1571 nisi
3687 1517 3773 1573 in-

2187 1592 2545 1663 temperantia
2574 1603 2758 1650 vestra
2786 1604 2840 1651 et
2868 1598 3037 1654 libido
3062 1600 3376 1667 obsisteret,
3401 1604 3542 1661 civis
3572 1622 3698 1662 esse
3717 1618 3773 1664 et

2184 1687 2477 1741 vernacula
2499 1686 2814 1755 debuisset;
2840 1697 2901 1743 ut
2927 1707 2993 1763 ex
3026 1690 3113 1749 bis
3134 1696 3463 1764 arguamini,
3484 1699 3637 1769 quod
3660 1716 3768 1755 non

2182 1778 2428 1833 veritatis
2474 1779 2637 1834 amici
2675 1787 2730 1836 et
2762 1780 3094 1852 philosophi,
3128 1786 3223 1841 sed
3268 1789 3556 1855 jactantize
3589 1803 3771 1848 secta-

2183 1874 2353 1933 tores,
2385 1879 2439 1925 et
2465 1871 2742 1943 vaniloqui
2774 1874 2931 1938 estis,
2964 1876 3058 1944 qui
3084 1877 3368 1934 veritatem
3399 1896 3511 1937 non
3543 1883 3599 1938 in
3629 1886 3769 1938 sim—

2182 1960 2417 2031 plicibus
2448 1962 2651 2030 verbis,
2682 1964 2776 2020 sed
2806 1966 2862 2019 in
2897 1968 3132 2025 versutis
3178 1977 3233 2031 et
3277 1972 3496 2030 callidis
3537 1977 3770 2033 creditis

2180 2052 2447 2118 habitare,
2468 2064 2519 2110 et
2542 2055 2966 2114 innumerabilia
2984 2062 3276 2118 verborum
3301 2064 3584 2133 profertis,
3601 2070 3767 2126 unius

2177 2146 2329 2203 verbi
2363 2163 2709 2219 nequaquam
2741 2152 2917 2222 pretio
2952 2154 3296 2223 pensitanda.
3328 2157 3471 2223 Quid
3503 2175 3641 2230 ergo
3670 2179 3770 2233 pu-

2178 2239 2308 2295 tatis
2338 2239 2580 2294 futurum
2623 2240 2691 2297 de
2720 2242 2896 2309 vobis,
2929 2259 3026 2301 vos
3054 2259 3088 2299 ο
3122 2247 3300 2301 omnis
3345 2249 3511 2303 turba
3546 2249 3768 2308 Graeco-

2177 2346 2319 2399 rum,
2351 2333 2397 2388 si
2425 2336 2529 2388 erit
2548 2334 2813 2404 judicium
2831 2336 2946 2403 Dei,
2973 2337 3117 2393 sicut
3140 2339 3243 2394 iste
3264 2339 3435 2395 dicit?
3452 2340 3566 2398 Sed
3591 2360 3762 2409 nunc,

2176 2425 2489 2483 omittentes
2523 2426 2702 2483 ridere
2752 2428 2807 2482 in
2858 2428 3154 2499 perniciem
3183 2432 3348 2488 vestri
3377 2434 3558 2488 virum
3593 2435 3763 2501 hunc,

2175 2517 2502 2587 respondeat
2524 2519 2658 2573 mihi
2686 2521 2780 2589 qui
2810 2521 2926 2575 vult
2946 2538 3013 2577 ex
3042 2522 3219 2589 vobis,
3245 2526 3507 2595 quoniam
3538 2528 3765 2598 quidem

2174 2611 2293 2665 solo
2324 2610 2524 2665 latratu
2556 2622 2739 2667 vestro
2789 2613 3097 2672 obturbatis
3141 2617 3307 2671 etiam
3341 2633 3538 2674 eorum
3571 2635 3760 2686 aures,

2173 2702 2266 2772 qui
2296 2703 2433 2758 salvi
2465 2720 2589 2760 esse
2617 2705 2830 2769 volunt,
2863 2714 2916 2762 et
2948 2715 3158 2764 mentes
3185 2724 3306 2780 quae
3350 2710 3419 2765 ad
3462 2711 3633 2766 fidem
3666 2729 3767 2782 pa—

2172 2799 2304 2847 rata:
2336 2801 2484 2860 sunt,
2518 2795 2586 2850 ad
2615 2795 2953 2852 infidelitatis
2976 2799 3187 2868 lapsum
3247 2801 3450 2857 vestris
3490 2802 3757 2857 obturba-

2171 2885 2412 2941 tionibus
2450 2887 2740 2943 declinatis
2772 2907 2786 2944 :
2816 2904 2938 2959 quae
2972 2891 3127 2946 vobis
3156 2892 3258 2947 erit
3288 2909 3534 2964 unquam
3569 2897 3756 2958 venia,

2170 2979 2262 3048 qui
2305 2978 2616 3036 Divinitatis
2658 2983 2932 3048 nuntium,
2964 2984 3371 3054 promittentem
3399 2988 3557 3043 vobis
3598 2988 3759 3058 agni-

2169 3070 2373 3126 tionem
2405 3070 2521 3137 Dei,
2544 3073 2734 3129 ridetis
2764 3083 2818 3130 et
2841 3073 3059 3146 injuriis
3081 3077 3333 3135 allicitis?
3367 3097 3533 3151 quem
3562 3082 3759 3152 utique

2168 3164 2382 3219 etiamsi
2413 3165 2551 3219 nihil
2582 3167 2829 3224 veritatis
2859 3168 3094 3235 afferret,
3128 3186 3227 3240 pro
3258 3171 3379 3241 ipso
3435 3182 3624 3229 tamen
3655 3174 3753 3229 be—

2167 3256 2447 3327 nignitatis
2470 3273 2595 3328 erga
2627 3274 2723 3314 vos
2753 3262 3056 3333 proposito,
3090 3269 3305 3333 gratum
3345 3274 3759 3339 acceptumque

2165 3347 2366 3404 habere
2393 3350 2685 3407 deberetis.

2233 3442 2303 3499 X.
2344 3442 2469 3498 Haec
2495 3451 2548 3499 et
2579 3445 2666 3499 his
2697 3446 2897 3501 similia
2926 3459 3051 3502 cum
3070 3464 3453 3519 prosequerer,
3476 3451 3759 3521 plurimus

2163 3534 2394 3590 astantis
2427 3534 2611 3605 populi
2642 3534 2894 3593 fremitus
2922 3539 3473 3603 concitabatur,dum
3504 3542 3602 3596 alii
3635 3544 3753 3598 vel-

2163 3636 2222 3682 ut
2261 3644 2391 3700 erga
2429 3628 2699 3699 hospitem
2742 3630 3097 3687 miseratione
3126 3641 3505 3699 moverentur,
3539 3651 3756 3691 meum-

2161 3739 2267 3793 que
2298 3736 2605 3777 sermonem
2631 3728 2692 3776 ut
2720 3732 3117 3795 consequenter
3144 3724 3390 3779 habitum
3419 3727 3746 3795 probarent,

2160 3815 2249 3868 alii
2281 3813 2588 3885 petulantes
2628 3798 2683 3870 et
2729 3815 2937 3880 stolidi,
2964 3816 3019 3869 in
3058 3832 3144 3871 me
3171 3831 3389 3887 quoque
3418 3818 3658 3887 pariter,
3691 3826 3749 3872 ut

2159 3906 2214 3959 in
2246 3905 2570 3972 Barnabam,
2602 3905 2847 3962 effrenati
2901 3907 3070 3962 animi
3118 3907 3461 3962 iracundiam
3497 3911 3750 3963 concita-

2159 4004 2298 4053 rent.
2325 3996 2430 4054 Sed
2461 4014 2586 4053 cum
2611 3997 2681 4052 ad
2710 4013 2993 4068 vesperam
3018 3998 3130 4067 jam
3155 3998 3455 4055 declinaret
3486 4000 3632 4067 dies,
3658 4016 3749 4073 ap-

2157 4092 2425 4159 prehensa
2460 4088 2724 4146 Barnaba:
2750 4089 2997 4153 dextera,
3028 4090 3397 4146 obluctantem
3429 4092 3564 4148 licet
3589 4110 3739 4158 eum,

2155 4183 2223 4237 ad
2268 4198 2443 4238 meam
2497 4192 2677 4240 tamen
2707 4182 2906 4238 adduxi
2938 4184 3183 4252 domum,
3213 4192 3378 4256 atque
3406 4185 3485 4241 ibi
3518 4203 3753 4245 manere

2156 4273 2280 4339 feci,
2319 4290 2389 4331 ne
2416 4275 2541 4345 quis
2572 4275 2714 4332 forte
2741 4292 2806 4331 ex
2840 4276 3063 4331 indocili
3088 4276 3250 4348 vulgo
3278 4277 3537 4347 injiceret
3556 4281 3609 4336 ei
3634 4298 3744 4336 ma-

2153 4383 2279 4424 nus.
2307 4367 2675 4438 Aliquantulis
2703 4367 2867 4439 igitur
2889 4366 3082 4424 diebus
3114 4384 3221 4422 una
3248 4369 3434 4438 positi,
3455 4370 3742 4427 disseren-

476 4470 666 4520 sensu,
702 4455 1113 4526 indisciplinato
1141 4471 1237 4511 ore
1263 4471 1455 4512 omnes
1504 4456 1668 4513 simul
1696 4457 1867 4512 risum
1896 4456 2054 4512 dede-
2088 4471 2126 4523 ῃ
2153 4468 2207 4516 te
2237 4476 2302 4516 eo
2335 4458 2597 4533 [paucis],
2631 4474 2941 4515 sermonem
2969 4460 3214 4515 veritatis
3263 4461 3502 4516 libenter
3543 4462 3735 4519 audie-

475 4562 558 4611 re,
589 4547 835 4603 incutere
866 4548 917 4603 ei
948 4548 1332 4604 verecundiam
1361 4566 1426 4605 ac
1452 4550 1729 4608 silentium
1773 4551 2053 4623 imponere

474 4639 780 4711 cupientes,
811 4638 1215 4719 barbarumque
1235 4650 1290 4696 et
1312 4644 1495 4699 minus
1523 4658 1669 4698 sana:
1696 4643 1895 4700 mentis
1923 4660 2049 4701 eum

475 4736 868 4792 acclamantes.
899 4736 1011 4808 Ego
1034 4752 1164 4792 vero
1193 4752 1317 4792 cum
1351 4738 1467 4793 tunc
1490 4739 1569 4793 ita
1600 4739 1713 4795 fieri
1744 4755 2046 4805 cernerem,

473 4826 592 4882 zelo
621 4825 857 4896 quodam
891 4827 1078 4882 nescio
1111 4825 1255 4881 unde
1284 4827 1543 4897 repletus,
1577 4843 1641 4883 ac
1675 4829 1930 4900 religioso
1959 4828 2047 4883 fu-

470 4933 598 4974 rore
627 4932 951 4983 succensus,
984 4919 1145 4974 silere
1168 4934 1277 4973 non
1315 4920 1488 4990 potui,
1520 4918 1615 4976 sed
1646 4937 1771 4975 cum
1801 4922 1950 4976 omni
1979 4920 2045 4975 li-

472 5008 684 5068 bertate
730 5009 1075 5080 proclamans
1114 5028 1130 5067 :
1167 5009 1493 5068 Rectissime
1543 5011 1687 5069 Deus
1710 5054 1725 5081 ,
1776 5013 1999 5085 inquam
2030 5045 2048 5072 9

2152 4554 2313 4621 bam;
2342 4553 2567 4623 urgebat
2593 4560 2773 4607 tamen
2806 4550 3225 4623 profectionem,
3261 4551 3455 4609 dicens
3484 4571 3547 4612 se
3592 4557 3736 4611 diem

2151 4644 2348 4702 festum
2396 4643 2679 4715 religionis
2726 4659 2858 4707 suae,
2891 4645 2986 4715 qui
3031 4644 3360 4711 immineret,
3392 4648 3737 4704 omnimodis

2150 4738 2291 4807 apud
2322 4735 2561 4791 Iudaeam
2591 4736 3015 4803 celebraturum,
3048 4737 3232 4808 ibique
3258 4737 3327 4794 de
3358 4740 3581 4811 reliquo
3609 4756 3737 4796 cum

2151 4830 2267 4886 suis
2310 4828 2522 4885 civibus
2574 4828 2648 4883 ac
2688 4826 2951 4884 fratribus
2979 4844 3422 4899 permansurum.
3448 4834 3742 4890 evidenter

2150 4921 2404 4977 indicans
2442 4920 2657 4990 injuria:
2688 4934 2748 4974 se
2776 4920 3005 4975 horrore
3032 4922 3368 4991 perculsum.

2212 5011 2302 5069 Xl.
2345 5012 2585 5083 Denique
2624 5025 2751 5067 cum
2793 5028 2895 5084 ego
2928 5013 3165 5068 dicerem
3195 5032 3208 5069 :
3243 5011 3325 5069 Tu
3348 5012 3485 5070 mihi
3512 5022 3740 5073 tantum

1768 5209 2132 5267 COTELERll
2186 5209 2419 5267 ΝΟΤΕ.

545 5365 657 5436 (12)
699 5366 808 5438 cur
845 5366 942 5421 ila‘
963 5367 1137 5436 factus
1179 5379 1312 5438 esset
1341 5366 1913 5438 culeleieronymus,
1940 5366 2013 5421 l.l

473 5439 721 5509 adversus
752 5437 1090 5509 Pelagianos,
1125 5438 1156 5491 7
1199 5456 1212 5491 :
1255 5437 1537 5507 Elephanti
1581 5437 1747 5492 tanta!
1784 5438 1959 5502 molis,
1987 5448 2039 5491 et

472 5507 689 5579 gryphes
722 5509 774 5560 in
792 5507 900 5579 sua
917 5511 1171 5578 gravitate
1198 5519 1502 5569 causentur,
1536 5526 1630 5562 cur
1658 5509 1926 5579 quaternis
1950 5522 2038 5576 pe-

473 5525 689 5627 grgpnes
722 5525 774 5560 ιη
792 5525 890 5562 sua
917 5525 1171 5578 gravitate
1198 5525 1502 5569 causentur,
1536 5526 1630 5562 cur
1658 5525 1926 5579 quaternis
1950 5525 2038 5576 pe-

473 5578 527 5649 di
557 5594 626 5649 _us
673 5578 954 5649 incedant.
1005 5596 1122 5632 cum
1172 5596 1365 5633 musca:
1407 5580 1720 5649 calicesque,
1762 5591 1812 5633 et
1846 5587 2038 5633 cratera

475 5646 775 5719 ltujusmodi
817 5650 1108 5719 animantia
1148 5650 1242 5703 sub
1281 5650 1521 5719 pennalis
1553 5646 1702 5704 senos
1735 5649 1886 5718 pedes
1940 5648 2038 5703 Ita-

475 5714 666 5780 beant;
706 5725 757 5771 et
800 5717 963 5787 aliqui
998 5714 1455 5788 vermiculi'sint,
1487 5721 1577 5790 qui
1619 5714 1779 5775 tantis
1817 5719 2036 5791 pedibus

2140 5376 2410 5433 scateant,
2447 5377 2503 5421 ut
2534 5368 2943 5425 innumerabiles
2985 5369 3147 5424 simul
3182 5380 3353 5426 matus
3397 5374 3554 5429 nulla
3588 5379 3753 5433 acies

2142 5439 2559 5515 compreltendat.
2596 5438 2781 5515 Etim,
2810 5452 2994 5495 contra
3023 5439 3299 5515 Ruﬁnum,
3331 5441 3366 5496 8
3400 5462 3414 5498 :
3453 5443 3605 5515 Ergo
3627 5450 3753 5505 nisi

2142 5507 2515 5582 tibirationem
2538 5510 3026 5582 r2ddidero,quare
3052 5507 3298 5579 formica,
3335 5507 3564 5582 parauit
3606 5521 3745 5571 ani-

2140 5579 2249 5651 iual
2270 5588 2320 5632 et
2348 5590 2617 5651 punctum,
2643 5591 2697 5633 ut
2722 5582 2800 5634 ita
2820 5579 3013 5647 dicam,
3039 5584 3296 5651 corporis,
3323 5579 3418 5637 sea:
3436 5586 3599 5651 pedes
3630 5590 3754 5643 ha—

2141 5648 2293 5774 lieat
2324 5666 2442 5704 cum
2467 5649 2804 5719 elephantus,
2846 5661 2996 5708 tanta
3022 5648 3215 5721 moles,
3246 5648 3480 5724 quatuor
3499 5658 3751 5725 pedibus

2141 5736 2255 5774 mce
2295 5736 2373 5774 at.

2140 5736 2373 5776 mceaat.
