3976 6340
243 361 383 415 1213

1457 358 2023 418 RECOGNITIONUM
2061 358 2193 418 LIB.
2229 360 2269 415 l.

3343 362 3477 419 12H

223 478 344 548 ejus
369 476 496 541 viri,
526 492 687 547 quem
717 477 1035 548 apparuisse
1060 476 1217 541 dicis,
1242 494 1449 550 expone
1471 478 1798 544 doctrinam,
1830 487 1877 545 Α
1972 475 2110 533 ΧΙΠ.
2151 477 2221 532 At
2252 477 2681 549 benignissimus
2730 475 2943 547 Petrus,
2992 478 3178 535 audito
3228 484 3472 548 nomine,

220 583 278 629 et
297 588 400 643 ego
432 572 570 627 meis
603 573 951 629 sermonibus
986 581 1079 627 tua
1109 572 1256 627 dicta
1294 588 1648 643 componens,
1678 588 1798 627 om-

221 664 524 736 nipotentis
567 663 661 720 Dei
706 682 935 737 regnum
974 665 1355 737 justitiamque
1387 663 1714 735 praedicabo,
1744 672 1798 720 et

220 765 347 829 post
375 758 491 812 haec
520 757 567 811 si
599 757 859 819 volueris,
892 758 1056 813 etiam
1098 757 1367 827 navigabo
1409 763 1609 822 tecum,
1642 755 1798 811 valde

218 852 367 907 enim
398 849 582 905 videre
612 849 773 918 cupio
797 847 1061 913 Judmam,
1091 849 1372 904 vobiscum
1402 846 1655 903 fortassis
1681 863 1799 918 per-

219 951 389 1013 petuo
431 957 843 1011 permansurus.
906 940 989 995 Ad
1057 941 1172 996 haec
1214 940 1304 996 ille
1338 960 1353 997 :
1385 939 1489 1005 Tu,
1520 941 1717 1011 inquit,
1748 940 1796 996 si

217 1032 439 1103 quidem
470 1031 654 1088 videre
686 1033 766 1087 vis
797 1034 1029 1103 patriam
1059 1039 1326 1097 nostram,
1361 1042 1413 1088 et
1438 1032 1651 1088 discere
1677 1048 1797 1102 qua:

217 1124 518 1186 desideras,
549 1123 662 1192 jam
688 1139 834 1178 nunc
864 1139 1077 1178 mecum
1108 1124 1317 1194 pariter
1339 1124 1569 1195 naviga;
1597 1124 1643 1178 si
1667 1140 1796 1181 vero

217 1226 270 1273 te
301 1219 504 1289 aliquid
534 1226 701 1282 tenet,
731 1217 885 1287 signa
932 1218 1033 1273 tibi
1078 1217 1432 1273 habitationis
1465 1226 1666 1272 nostra:
1696 1217 1794 1273 de-

214 1311 543 1381 relinquam,
576 1318 634 1365 ut
665 1326 789 1365 cum
818 1311 1001 1365 venire
1023 1309 1283 1376 volueris,
1314 1311 1558 1366 invenire
1588 1326 1690 1384 nos
1716 1310 1796 1364 fa-

214 1402 319 1456 cile
347 1402 561 1472 possis;
594 1416 695 1472 ego
720 1401 866 1457 enim
891 1403 1132 1458 crastino
1159 1401 1261 1457 iter
1288 1401 1592 1473 aggrediar.
1620 1401 1792 1468 Quem

214 1496 309 1549 ubi
338 1495 674 1549 immobilem
718 1493 850 1558 vidi,
879 1493 1137 1549 descendi
1182 1510 1306 1550 cum
1356 1496 1475 1565 ipso
1510 1510 1683 1565 usque
1724 1496 1792 1550 ad

214 1591 456 1654 portum,
488 1599 553 1639 ac
581 1584 871 1655 diligenter
895 1585 965 1640 ab
990 1601 1056 1640 eo
1084 1586 1261 1657 signa,
1293 1602 1414 1657 quae
1440 1586 1675 1650 dixerat,
1702 1584 1795 1639 ba-

212 1674 498 1731 bitationis
524 1677 732 1747 accepi,
765 1677 956 1732 dicens
980 1678 1028 1733 ei
1058 1697 1071 1733 :
1099 1679 1226 1748 quia
1257 1677 1364 1732 nisi
1390 1678 1791 1748 aliquantulum

211 1766 459 1835 pecuniae
490 1767 802 1821 necessario
839 1767 973 1821 mihi
1002 1776 1148 1823 esset
1189 1784 1219 1821 a
1260 1768 1601 1823 debitoribus
1633 1784 1792 1838 repo-
1822 1774 1831 1781 ’

1898 585 2195 626 accurrens
2246 571 2495 641 protinus
2546 570 2762 624 inhaesit
2807 571 3014 627 osenlis
3063 572 3222 638 meis,
3253 582 3307 629 et
3352 586 3476 647 post

1896 662 2013 717 haec
2040 678 2165 717 cum
2195 663 2385 718 sedere
2416 678 2501 718 me
2531 661 2768 728 fecisset,
2802 664 2878 716 ait
2909 682 2923 718 :
2956 662 3099 719 Bene
3129 664 3304 721 fecisti
3334 682 3474 737 prae-

1896 753 2193 811 dicatorem
2223 754 2462 810 veritatis
2483 753 2719 824 hospitio
2741 755 2977 824 recipere
2997 754 3320 821 Barnabam.
3339 758 3477 813 nihil

1894 847 2101 902 veritus
2155 847 2336 917 populi
2389 846 2714 902 insanientis
2768 846 3045 914 furorem;
3092 848 3285 904 beatus
3342 849 3473 905 eris.

1898 933 2051 988 Sicut
2077 936 2223 989 enim
2254 945 2309 992 tu
2330 936 2562 1007 legatum
2592 937 2837 992 veritatis
2855 939 3004 993 omni
3022 938 3228 993 honore
3242 940 3466 1012 dignum

1895 1024 2122 1093 duxisti,
2156 1026 2231 1080 ita
2266 1035 2319 1081 te
2349 1043 2567 1097 quoque
2620 1029 3058 1098 peregrinantem
3112 1038 3165 1083 et
3202 1029 3471 1099 hospitem

1895 1118 2098 1172 veritas
2129 1117 2245 1188 ipsa
2277 1119 2560 1188 suscipiet,
2580 1125 2635 1173 et
2657 1118 2829 1173 civem
2855 1119 3091 1190 propriae
3122 1120 3277 1176 urbis
3305 1121 3478 1177 ascri-

1894 1204 2007 1269 bet,
2048 1211 2102 1259 et
2130 1212 2258 1260 tunc
2290 1206 2387 1261 tibi
2418 1207 2525 1261 erit
2554 1207 2811 1277 gaudium
2855 1223 3133 1279 magnum,
3163 1211 3311 1279 quod
3357 1212 3477 1266 exi-

1893 1312 2054 1369 guam
2084 1312 2231 1351 nunc
2261 1297 2583 1367 impartiens
2623 1299 2877 1369 gratiam,
2923 1307 3254 1356 aeternorum
3303 1302 3475 1359 bono-

1894 1404 2016 1444 rum
2062 1390 2238 1445 haeres
2288 1391 2567 1447 scriberis.
2595 1390 2753 1447 Nunc
2786 1408 2917 1463 ergo
2958 1408 3027 1448 ne
3063 1394 3280 1449 labores
3304 1408 3473 1465 expo-

1893 1499 2022 1538 nere
2049 1483 2181 1537 mihi
2220 1484 2462 1537 animum
2499 1491 2687 1547 tuum;
2721 1490 2920 1538 cuncta
2957 1483 3101 1537 enim
3129 1484 3196 1538 de
3224 1490 3278 1538 te
3317 1492 3370 1537 et
3405 1485 3473 1540 de

1892 1575 2140 1629 moribus
2166 1575 2276 1629 tuis
2304 1574 2584 1627 Barnabas
2621 1572 2766 1628 fideli
2800 1588 3051 1628 sermone
3072 1572 3310 1640 edocuit,
3335 1589 3475 1644 quo-

1891 1667 2024 1722 tidie
2056 1683 2191 1737 pene
2217 1674 2271 1721 et
2302 1666 2675 1720 indesinenter
2714 1666 2985 1720 bonorum
3016 1674 3233 1720 tuorum
3266 1682 3470 1721 memo-

1891 1762 2029 1815 riam
2062 1768 2333 1831 repetens.
2355 1759 2420 1813 Et
2441 1768 2500 1814 ut
2527 1760 2625 1814 tibi
2648 1760 2907 1827 breviter,
2932 1766 3191 1829 tanquam
3223 1760 3468 1815 unanimi

211 1857 500 1923 scendum,
533 1857 668 1911 nihil
717 1858 941 1912 omnino
972 1858 1245 1914 dillerrem
1266 1900 1280 1923 ,
1317 1860 1573 1915 velociter
1601 1868 1784 1916 tamen
1814 1840 1856 1900 Β
1880 1852 1993 1923 jam
2019 1852 2216 1917 amico.
2244 1851 2389 1922 quod
2417 1853 2470 1905 in
2500 1867 2558 1906 re
2580 1859 2663 1906 est
2683 1850 2960 1915 deﬁniam,
2981 1851 3028 1905 si
3052 1850 3189 1904 nihil
3218 1858 3303 1906 est
3322 1850 3468 1921 quod

209 1950 472 2020 insequar
516 1950 619 2005 iter
650 1956 825 2006 tuum.
859 1950 994 2006 Cum
1041 1951 1157 2007 lucc
1202 1952 1487 2017 dixissem,
1518 1967 1790 2009 commen-

210 2040 343 2096 dato
371 2058 437 2097 co
464 2042 725 2097 attentius
758 2042 865 2107 his,
896 2042 990 2113 qui
1018 2043 1142 2097 navi
1172 2051 1463 2113 praeerant,
1497 2059 1786 2114 regressus

209 2153 333 2193 sum
356 2137 552 2192 tristis.
585 2135 831 2193 Habebat
857 2137 1005 2190 enim
1033 2151 1119 2191 me
1150 2135 1458 2190 recordatio
1489 2143 1787 2190 consuetu-

206 2229 356 2284 dinis
388 2229 515 2284 boui
548 2228 785 2298 hospitis
813 2236 868 2282 et
899 2216 1089 2299 optimi
1120 2229 1302 2283 amici.

280 2318 398 2375 Xll.
441 2319 642 2374 Diebus
666 2326 848 2374 autem
880 2319 1072 2388 paucis
1114 2325 1440 2383 remoratus,
1471 2326 1525 2373 et
1552 2318 1637 2374 his
1665 2335 1787 2390 quae

206 2410 546 2466 debebantur
592 2425 658 2464 ex
701 2416 855 2480 parte
914 2408 1097 2478 aliqua
1163 2406 1459 2478 proﬂigatis
1506 2406 1785 2478 (plurima

207 2504 357 2559 enim
391 2502 685 2559 festinandi
725 2502 906 2558 studio
934 2502 1169 2573 neglexi,
1203 2517 1271 2556 ne
1306 2516 1335 2554 a
1366 2502 1646 2571 proposito
1690 2501 1787 2555 im-
1829 2556 1836 2563 ,

205 2598 494 2669 pedirer),
549 2584 834 2669 enavigavi
881 2598 1145 2653 continuo
1176 2597 1232 2650 in
1261 2594 1527 2657 Judzeam,
1561 2602 1615 2650 et
1660 2601 1786 2665 post

204 2691 330 2747 dies
361 2689 673 2762 quindecim
706 2691 1010 2745 Cresaream
1028 2689 1322 2755 Stratonis,
1359 2704 1480 2759 qua:
1509 2694 1592 2743 est
1622 2686 1788 2742 Palae-

206 2783 373 2837 stinae
424 2783 552 2838 urbs
595 2783 854 2847 maxima,
886 2782 1147 2852 appulsus
1195 2797 1338 2835 sum.
1370 2780 1615 2850 Cumque
1659 2778 1784 2833 navi

201 2887 490 2944 egressus,
521 2872 812 2943 hospitium
838 2886 1159 2942 quaererem,
1192 2885 1411 2925 rumore
1438 2871 1624 2942 pepuli
1643 2885 1787 2925 com-

202 2965 327 3037 peri
382 2965 525 3035 quod
556 2963 748 3020 Petrus
779 2963 1019 3033 quidam,
1052 2963 1201 3018 illius
1240 2964 1335 3033 qui
1379 2964 1435 3015 in
1478 2961 1662 3016 Judzea
1691 2977 1785 3032 ap-

203 3054 411 3125 paruit,
442 3061 497 3109 et
542 3054 698 3125 signa
746 3054 915 3108 multa
945 3069 1010 3109 ac
1040 3053 1289 3124 prodigia
1322 3053 1585 3109 divinitus
1634 3064 1786 3124 gesta

199 3149 350 3202 inter
394 3147 646 3202 homines
684 3144 946 3210 ostendit,
980 3144 1285 3214 discipulus
1334 3144 1782 3215 probatissimos,

1893 1950 1950 1998 te
1986 1942 2267 2012 impediat,
2297 1942 2401 1997 iter
2431 1957 2529 2012 age
2550 1942 2862 2007 nobiscum,
2891 1950 2946 1997 et
2987 1942 3115 1998 audi
3159 1958 3468 1998 sermonem

1887 2036 2159 2102 veritatis,
2196 2052 2359 2107 quem
2405 2036 2642 2090 habituri
2686 2052 2888 2103 sumus
2918 2052 3015 2107 per
3060 2037 3179 2092 loca
3218 2038 3465 2106 singula,

1889 2142 2176 2197 usquequo
2201 2127 2268 2182 ad
2299 2127 2475 2197 ipsam
2509 2127 2667 2183 nobis
2710 2128 3137 2198 perveniendum
3164 2130 3235 2184 sit
3274 2129 3465 2183 urbem

1886 2217 2145 2286 Romam;
2172 2226 2226 2273 et
2255 2234 2402 2274 nunc
2428 2225 2485 2273 tu
2517 2221 2562 2274 si
2593 2218 2725 2290 quid
2756 2219 3060 2281 desideras.
3090 2220 3279 2275 dicito.

1957 2308 2098 2365 XIV.
2136 2311 2381 2382 Cumque
2407 2311 2455 2365 ei
2483 2312 2881 2380 exposuissem,
2912 2313 3041 2382 quid
3073 2313 3315 2367 abinitio
3341 2329 3469 2384 pro-

1887 2402 2051 2473 positi
2080 2403 2364 2473 gesserim,
2392 2412 2445 2458 et
2469 2403 2744 2474 quomodo
2772 2420 2869 2475 per
2897 2406 3088 2462 inanes
3126 2406 3331 2463 eﬂ‘usus
3362 2409 3465 2463 sim

1886 2496 2217 2568 quaestiones
2250 2494 2340 2568 [et
2374 2496 2465 2551 illa
2497 2500 2837 2569 omnia,qu:e
2868 2499 2986 2567 tibi,
3019 2499 3239 2555 domine
3269 2503 3343 2555 mi
3369 2500 3465 2556 Ja-

1886 2585 2047 2653 cobe,
2081 2585 2135 2639 in
2158 2586 2442 2657 principiis
2457 2587 2712 2653 iudicavi,
2732 2590 2809 2642 uti
2829 2605 2895 2643 ne
2910 2590 3097 2645 eadem
3119 2600 3357 2661 repetam
3372 2590 3463 2664 “],

1886 2677 2123 2733 libenter
2164 2679 2411 2750 promisi,
2449 2695 2574 2734 cum
2621 2681 2741 2752 ipso
2770 2698 2858 2737 me
2892 2682 2995 2738 iter
3027 2691 3312 2752 acturum;
3360 2686 3466 2740 hoc

1886 2782 1970 2827 est
1997 2772 2166 2837 enim,
2199 2773 2306 2838 aio,
2348 2775 2494 2845 quod
2535 2775 2889 2845 cupidissime
2924 2778 3330 2849 exspectabam.
3356 2777 3463 2835 Ve-

1886 2869 2192 2917 rumtamen
2239 2865 2393 2933 prius
2439 2864 2575 2918 mihi
2602 2865 2765 2936 cupio
2794 2866 3061 2922 rationem
3085 2869 3336 2925 veritatis
3366 2886 3460 2924 ex-

1884 2954 2050 3024 poni,
2079 2961 2138 3009 ut
2173 2954 2367 3021 sciam,
2400 2956 2448 3012 si
2479 2957 2749 3022 mortalis,
2784 2973 2855 3013 an
2884 2960 3208 3016 immortalis
3236 2962 3307 3017 sit
3345 2962 3463 3015 ani-

1884 3060 1995 3111 ma,
2024 3053 2079 3101 et
2128 3047 2176 3102 si
2222 3047 2571 3115 immortalis,
2599 3058 2782 3105 utrum
2814 3067 2912 3122 pro
2946 3053 3032 3108 his
3060 3069 3182 3124 qua:
3211 3054 3300 3108 hic
3330 3056 3462 3125 agit,

1887 3139 2121 3196 ducatur
2168 3141 2237 3197 ad
2276 3142 2568 3213 judicium.
2602 3143 2708 3201 Sed
2744 3154 2799 3201 et
2830 3164 2950 3217 quae
2978 3149 3308 3219 sitjustitia,
3341 3168 3463 3222 quae

200 3241 451 3296 crastino
493 3255 616 3294 cum
666 3236 888 3294 Simone
940 3238 1176 3309 quodam
1211 3236 1560 3291 Samaritano
1590 3253 1655 3292 ex
1685 3252 1781 3291 ca-
1808 3203 1852 3262 ε
1885 3232 1996 3288 Deo
2020 3234 2252 3304 placeat,
2293 3237 2434 3292 seire
2458 3236 2874 3294 desidero.Tum
2902 3249 3185 3308 prazterea,
3213 3245 3259 3300 si
3284 3243 3462 3301 factus

200 3332 365 3388 stello
414 3330 721 3387 Gethonum
768 3329 924 3402 (1'5),
979 3328 1271 3385 habiturus
1301 3337 1447 3384 esset
1489 3329 1782 3385 verborum

200 3425 676 3496 quaestionumque
727 3432 1026 3479 certamen.
1057 3420 1272 3490 Quibus
1301 3436 1401 3492 ego
1432 3421 1654 3486 auditis,
1691 3437 1784 3476 ro—

198 3518 398 3589 gabam
427 3516 793 3572 demonstrari
821 3515 953 3569 mihi
979 3516 1099 3585 ejus
1123 3514 1417 3584 hospitium
1444 3534 1458 3582 ;
1487 3513 1632 3585 quod
1656 3529 1782 3570 cum

195 3610 550 3679 reperissem,
583 3618 746 3681 atque
788 3615 915 3663 ante
957 3607 1102 3664 fores
1131 3607 1523 3673 constitissem,
1567 3608 1781 3677 ingere-

196 3699 330 3755 bam
373 3701 622 3770 janitori,
653 3701 905 3770 quisnam
938 3715 1115 3755 essem
1149 3709 1311 3770 atque
1339 3699 1485 3754 unde
1516 3698 1779 3753 adventa-

195 3812 353 3863 rem;
383 3805 436 3852 et
465 3811 593 3851 ecce
620 3794 897 3848 Barnabas
923 3791 1244 3862 procedens,
1276 3793 1460 3848 statim
1494 3799 1552 3845 ut
1577 3806 1664 3846 me
1691 3792 1777 3846 vi-

192 3883 302 3951 dit,
331 3884 385 3937 in
410 3884 726 3954 complexus
755 3896 904 3937 meos
927 3879 1192 3943 cucurrit,
1222 3881 1420 3949 gaudio
1442 3880 1773 3950 lacrymans,

195 3987 368 4046 atque
415 3977 813 4048 apprehensum
846 3992 933 4031 me
962 3989 1127 4029 manu
1171 3972 1555 4028 introducebat
1585 3973 1651 4027 ad
1681 3971 1781 4027 Pe-

195 4077 372 4123 trum.
404 4066 575 4134 Quem
604 4083 729 4123 cum
756 4067 889 4121 mihi
917 4067 1131 4122 eminus
1155 4065 1517 4123 ostendisset:
1541 4065 1641 4120 llic
1667 4073 1771 4133 est,

191 4162 399 4231 inquit,
433 4159 647 4224 Petrus,
679 4176 839 4231 quem
872 4159 971 4215 tibi
998 4161 1293 4213 maximum
1323 4174 1445 4216 esse
1474 4161 1528 4214 in
1557 4159 1652 4215 Dei
1683 4174 1769 4216 sa-

190 4256 407 4325 pientia
435 4255 704 4318 dicebam,
724 4253 922 4322 cuique
939 4253 1006 4308 de
1027 4265 1078 4308 te
1104 4269 1296 4309 rursus
1320 4254 1439 4309 sine
1466 4255 1772 4310 cessatione

188 4348 416 4401 locutus
469 4361 611 4401 sum.
660 4344 946 4415 Ingredere
987 4344 1153 4415 igitur
1212 4353 1473 4415 tanquam
1538 4346 1676 4402 bene
1720 4347 1769 4402 ei

189 4440 473 4510 cognitus.
506 4436 700 4492 Omnia
738 4436 883 4491 enim
913 4453 1034 4507 qua:
1061 4437 1117 4491 in
1146 4446 1201 4493 te
1241 4448 1369 4494 sunt
1412 4439 1574 4502 bona,
1603 4440 1771 4495 veris-

1884 3332 1969 3380 est
1998 3327 2258 3393 mundus,
2291 3329 2378 3384 vel
2407 3346 2575 3401 quare
2603 3331 2801 3395 factus,
2829 3343 2920 3387 aut
2952 3335 2997 3387 si
3028 3336 3323 3391 solvendus
3352 3345 3457 3402 est,

1884 3433 1954 3472 an
1985 3417 2039 3472 in
2067 3420 2262 3475 melius
2291 3422 2658 3489 renovandus,
2692 3432 2785 3478 aut
2824 3424 2869 3478 si
2914 3426 3135 3481 omnino
3181 3436 3302 3497 post
3347 3429 3460 3485 haec

1881 3526 1992 3566 non
2023 3512 2127 3567 erit
2151 3512 2411 3579 mundus,
2442 3521 2496 3569 et
2524 3530 2592 3571 ne
2620 3531 2718 3584 per
2743 3516 2957 3586 singula
2986 3519 3324 3588 progrediar,
3344 3521 3458 3576 hate

1881 3612 2051 3676 atque
2074 3605 2267 3660 horum
2297 3607 2495 3663 similia
2520 3615 2580 3663 ut
2611 3624 2670 3664 se
2700 3608 2958 3675 habeant,
2979 3612 3190 3667 discere
3213 3629 3299 3668 me
3320 3616 3458 3672 velle

1880 3697 2159 3768 respondi.
2193 3699 2275 3753 Ad
2304 3698 2420 3755 ha:c
2461 3698 2655 3755 Petrus
2688 3720 2702 3756 :
2736 3701 2997 3765 Breviter,
3030 3703 3227 3773 inquit,
3262 3706 3382 3771 tibi,
3422 3723 3455 3762 ο

1879 3788 2151 3856 Clemens,
2186 3806 2370 3846 rerum
2396 3791 2680 3847 scientiam
2707 3792 2941 3860 tradam,
2972 3802 3026 3849 et
3064 3798 3315 3852 ausculta
3335 3798 3451 3867 jam
3504 3851 3517 3863 ,

1878 3896 2045 3936 nunc.

1947 3973 2063 4030 XV.
2106 3973 2371 4033 Voluntas
2420 3976 2515 4033 Dei
2567 3985 2622 4033 et
2664 3979 2955 4034 consilium
3000 3982 3157 4035 latuit
3204 3982 3453 4041 homines

1874 4070 2063 4126 multis
2111 4086 2179 4127 ex
2226 4071 2430 4126 causis.
2472 4071 2656 4127 Primo
2705 4072 2924 4142 quidem
2971 4089 3071 4144 pro
3111 4075 3454 4133 institutione

1873 4162 2038 4226 mala,
2070 4176 2171 4232 pro
2197 4160 2576 4218 sodalitatibus
2620 4162 2898 4238 pessimis,
2932 4180 3031 4235 pro
3057 4169 3454 4226 consuetudine

1872 4268 2131 4325 nequam,
2164 4268 2265 4325 pro
2298 4254 2587 4324 colloquiis
2632 4270 2744 4309 non
2794 4254 2983 4321 bonis,
3036 4271 3136 4327 pro
3189 4274 3453 4329 prmsum-

1872 4349 2152 4420 ptionibus
2192 4348 2374 4405 minus
2403 4350 2567 4406 rectis
2583 4348 2664 4417 ⁸⁸,
2712 4364 2812 4420 pro
2854 4349 2959 4419 his,
2999 4351 3244 4422 inquam,
3273 4356 3451 4409 omni-

1868 4440 1994 4505 bus,
2027 4441 2260 4511 primum
2287 4457 2463 4506 error,
2496 4441 2692 4497 deinde
2715 4448 3081 4513 contemptus,
3108 4450 3223 4497 tum
3256 4444 3449 4500 inﬁde-

185 4534 336 4588 sime
360 4530 641 4602 comperit,
672 4537 726 4585 et
749 4528 1059 4599 religiosum
1087 4530 1424 4601 propositum
1454 4538 1609 4585 tuum
1637 4530 1764 4585 dili-
1797 4572 1841 4627 Β
1867 4530 1996 4588 litas
2023 4539 2077 4588 et
2094 4534 2299 4588 malitia
2324 4534 2459 4605 (14),
2487 4534 2715 4589 avaritia
2746 4550 2964 4605 quoque
2989 4543 3043 4590 et
3064 4551 3203 4591 vana
3229 4538 3449 4606 jactan-

186 4630 389 4695 genter
416 4622 654 4693 agnovit,
683 4636 747 4675 ex
778 4634 888 4690 quo
912 4628 965 4675 et
995 4636 1211 4677 summo
1260 4622 1531 4678 desiderio
1585 4624 1766 4693 agitur

182 4704 415 4771 videndi
450 4720 521 4767 te.
554 4710 710 4767 Unde
744 4726 998 4781 magnum
1027 4712 1077 4767 ei
1108 4712 1269 4768 hodie
1299 4718 1499 4769 munus
1544 4714 1682 4769 meis
1711 4721 1765 4769 te

186 4804 453 4861 manibus
481 4801 682 4867 offero;
720 4800 991 4871 simulque
1013 4802 1195 4858 oblato
1238 4819 1344 4865 me.
1389 4804 1465 4858 ait
1495 4823 1519 4869 :7
1543 4802 1642 4860 Hic
1680 4812 1765 4861 est

184 4896 472 4961 Clemens,
500 4894 677 4951 Petre.

1869 4622 1965 4687 tia,
1998 4623 2212 4693 aliaque
2240 4624 2326 4679 his
2358 4622 2557 4679 similia
2604 4624 2768 4690 mala,
2800 4629 2950 4679 velut
2992 4625 3178 4682 fumus
3224 4628 3445 4698 quidam

1868 4713 2192 4779 immensus,
2224 4715 2537 4772 universam
2575 4715 2796 4771 domum
2834 4716 2998 4786 hujus
3043 4719 3234 4773 mundi
3266 4720 3445 4789 reple~

1867 4805 1964 4869 vit,
1995 4812 2049 4859 et
2097 4805 2470 4862 habitantibus
2518 4808 2848 4864 intrinsecus
2892 4807 3445 4880 intuendi‘Condito-

1868 4911 1984 4951 rem
2008 4912 2191 4962 suum,
2217 4904 2498 4968 aspectum
2524 4899 2756 4953 liberum
2782 4915 2891 4955 non
2920 4899 3091 4965 dedit,
3121 4916 3299 4973 neque
3320 4917 3441 4972 qua:

269 5086 318 5117 “
356 5082 485 5151 Quae
514 5084 671 5139 uncis
705 5084 1061 5157 inclusimus,
1100 5085 1300 5157 desunt
1332 5085 1387 5140 in
1423 5094 1656 5153 utroque
1701 5083 1862 5157 codd.
1894 5083 2075 5157 Lipss.
2103 5093 2158 5139 et
2200 5085 2260 5139 in
2292 5086 2617 5155 quihusdam
2650 5088 2792 5141 aliis.
2853 5088 2897 5117 "
2936 5086 3107 5143 Codd.
3139 5072 3439 5157 Lipss.'his

180 5173 431 5232 pergunt
475 5170 599 5227 cap.
644 5169 761 5226 seq.
812 5156 1101 5212 vocabulis
1126 5171 1140 5207 :
1169 5154 1505 5227 Impouibile
1528 5173 1655 5227 ergo
1686 5154 1750 5210 de
1776 5155 1928 5210 rebus
1950 5156 2166 5222 divinis,
2199 5154 2329 5224 ctc.;
2362 5158 2575 5229 reliqua
2605 5156 2822 5213 desunt.

1495 5328 1858 5384 COTELERII
1889 5327 2120 5385 ΝΟΤᾹΞ.

266 5540 384 5609 (f3)
443 5540 527 5595 Ex
575 5540 789 5595 castello
839 5538 1171 5609 Gethonum.
1206 5538 1283 5595 De
1327 5537 1547 5609 nomine
1592 5535 1757 5605 hujus

172 5608 300 5668 vici
327 5609 513 5667 Graeco
540 5612 774 5668 diximus
794 5612 859 5665 ad
889 5608 1319 5667 Constitutiones.
1349 5608 1552 5662 Latina}
1575 5616 1755 5661 autem

171 5684 568 5746 expressionis
594 5682 885 5737 varietates
925 5681 1136 5737 videbis
1164 5681 1254 5735 hic
1273 5721 1288 5746 ,
1317 5686 1373 5735 et
1406 5677 1546 5733 infra
1578 5677 1754 5745 capite

180 5747 392 5817 7,libri
413 5752 698 5819 n.Quibus
723 5752 1031 5806 addealiam
1071 5749 1297 5806 Freculﬁ
1330 5758 1459 5803 tom.
1492 5747 1556 5812 Il,
1589 5748 1682 5802 lib.
1710 5763 1748 5813 ι,

176 5840 318 5897 cap.
365 5825 457 5883 20.
496 5824 575 5891 De
612 5824 753 5893 vico,
787 5823 996 5896 inquit,
1025 5824 1113 5894 qui
1152 5823 1348 5877 dicitur
1384 5819 1582 5877 Cittho.
1613 5819 1759 5899 Cor-_

1863 5536 2183 5619 rupteapud
2225 5535 2598 5619 Philastri-um,
2649 5537 2703 5591 in
2746 5534 2971 5619 Simone
3001 5554 3016 5591 :
3050 5534 3281 5619 De}:an
3310 5554 3428 5619 qua;

1861 5604 1945 5661 es!
1964 5604 2174 5662 Citlieus
2206 5609 2452 5661 vocitata.
2477 5606 2645 5662 Porro
2675 5608 2916 5663 scribere
2942 5615 3158 5675 prastat
3179 5623 3277 5678 per
3302 5604 3425 5664 {vel

1857 5694 1904 5744 e,
1943 5693 2104 5746 quam
2138 5692 2233 5747 per
2255 5694 2324 5760 ἔῃ
2362 5685 2415 5732 et
2440 5694 2543 5760 per
2566 5695 2592 5730 ν
2612 5692 2895 5760 quamper
2926 5694 2982 5733 η.

1857 5746 2539 5875 πῦξέἒ)εαῗῗιιόιητι;ῐξιέεέιέοἶδ
2576 5759 2625 5804 ct
2666 5748 2894 5805 malum.
2930 5750 3160 5809 Ruﬁnus
3186 5750 3423 5823 legebat,

1856 5835 2107 5891 πονηρία,
2139 5835 2247 5879 non
2277 5835 2519 5893 πορνεία.
