3976 6340
592 284 731 352 1215

1460 272 1519 329 S.
1559 265 1949 327 CLEMENTIS
1978 263 2000 319 I
2034 259 2203 321 ROM.
2241 258 2446 316 PONT.
2484 255 2717 314 OPEBA
2752 255 2978 312 DUBIA.

3590 266 3687 334 12W

588 402 640 454 ei
661 403 847 454 essent
870 394 1068 468 placita
1098 386 1589 463 pervidendi.Quid
1620 387 1786 454 igitur
1817 385 1904 440 liis
1929 383 2023 454 qui
2046 387 2175 437 sunt
2201 381 2247 443 Α
2274 392 2396 453 qua:
2418 375 2483 429 ad
2506 391 2593 431 me
2623 374 2839 468 locutus
2863 379 2968 435 est,
3001 371 3054 468 in
3076 370 3299 468 ordinem
3321 372 3694 445 redigcns,libruu

588 490 924 546 intrinsecus
955 483 1208 541 convenit
1222 483 1271 553 η
1295 481 1399 536 nisi
1439 489 1498 535 ut
1528 495 1596 535 ex
1624 478 1830 533 intimis
1853 474 2167 546 praecordiis

589 582 828 643 clamore
860 578 1090 649 prolato,
1120 573 1385 627 auxilium
1425 570 1680 625 invocent
1710 569 1852 637 ejus,
1884 581 2044 637 quem
2078 579 2168 619 so-

590 672 703 726 lum
732 671 925 724 domus
968 668 1118 721 fumo
1150 665 1356 734 repleta
1398 677 1509 717 non
1548 661 1774 723 claudit,
1817 669 1873 712 ut
1901 656 2168 711 accedens

592 763 798 834 aperiat
840 760 1065 831 januam
1095 758 1313 819 domus,
1347 769 1456 825 quo
1503 754 1678 823 possit
1722 750 1903 805 fumus
1949 748 2167 819 quidem

590 854 685 928 qui
711 851 1043 907 intrinsecus
1064 847 1315 911 habetur,
1344 844 1584 909 excludi,
1612 844 1706 898 lux
1733 856 1862 935 vero
1890 840 2021 895 solis
2048 852 2169 910 qua:

591 945 939 1013 extrinsecus
972 938 1302 1011 resplendet,
1332 938 1538 993 induci.

664 1032 807 1090 XVI.
850 1031 1007 1086 ilunc
1033 1047 1163 1100 ergo
1188 1031 1281 1101 qui
1310 1030 1375 1084 ad
1412 1027 1675 1081 auxilium
1696 1026 1911 1090 domus,
1941 1023 2170 1093 caligine

591 1124 933 1197 ignorantiae,
962 1129 1016 1178 et
1044 1123 1299 1176 vitiorum
1350 1120 1496 1174 fumo
1541 1119 1779 1187 repletae.
1814 1114 2168 1187 perquiritur,

591 1220 746 1277 illum
790 1233 914 1272 esse
945 1215 1201 1276 dicimus,
1238 1212 1330 1281 qui
1375 1210 1681 1280 appellatur
1723 1223 1886 1264 verus
1934 1206 2169 1277 prophe-

592 1321 648 1371 ta
682 1311 816 1384 (IS),
851 1309 945 1380 qui
975 1309 1126 1364 solus
1159 1305 1469 1360 illuminare
1504 1302 1713 1357 animas
1746 1301 2029 1355 hominum
2073 1314 2172 1368 po-

593 1410 722 1466 test,
756 1401 831 1454 ita
866 1408 925 1454 ut
958 1398 1132 1452 oculis
1153 1396 1269 1451 suis
1298 1393 1442 1447 viam
1474 1390 1671 1446 salutis
1699 1389 1980 1445 evidenter
2008 1385 2173 1455 inspi-

594 1490 762 1549 ciant.
792 1488 962 1541 Aliter
991 1486 1137 1541 enim
1166 1481 1505 1553 impossibile
1532 1488 1615 1537 est
1635 1520 1650 1545 ,
1682 1478 1750 1533 de
1780 1478 1943 1532 rebus
1972 1476 2173 1532 divinis

593 1580 923 1650 aeternisque
949 1590 1301 1646 cognoscere,
1333 1574 1438 1628 nisi
1480 1572 1572 1642 qui
1620 1571 1691 1625 ab
1737 1570 1844 1625 isto
1875 1584 2002 1624 vero
2041 1584 2172 1641 pro—

594 1672 756 1743 pheta
787 1668 1062 1730 didicerit;
1102 1666 1290 1737 “quia
1322 1666 1461 1720 sicut
1484 1664 1599 1734 ipse
1628 1662 1791 1733 paulo
1820 1667 1946 1716 ante
1973 1675 2175 1716 memo-

2268 467 2338 521 de
2368 482 2498 521 vero
2540 465 2798 536 propheta
2830 463 3154 532 conscripsi,
3188 480 3396 535 eumque
3421 467 3475 521 de
3498 470 3695 540 Ctesarca,

2272 560 2340 625 ad
2370 568 2444 625 te,
2480 559 2599 628 ipso
2632 557 2878 626 jubente,
2909 556 3205 612 transmisi.
3236 555 3428 611 Dicebat
3450 560 3566 614 enim
3594 579 3700 619 man-

2268 653 2456 707 datum
2494 667 2552 706 se
2584 650 2863 720 accepisse
2904 650 3001 703 abs
3041 657 3112 713 te,
3145 656 3201 702 ut
3225 663 3311 719 per
3333 650 3537 719 singulos
3562 668 3696 721 annos,

2269 746 2315 799 si
2347 758 2456 813 qua
2497 749 2682 798 essent
2722 756 2754 794 a
2795 755 2855 796 se
2895 740 3039 796 dicta
3071 746 3332 810 gestaque,
3362 740 3419 794 ad
3444 750 3487 795 te
3509 740 3702 817 descripta

2268 834 2666 895 transmitteret
2684 831 2750 886 ‘7.
2787 829 2998 886 Interea
3030 831 3183 887 initio
3218 830 3453 888 sermonis
3490 832 3575 897 sui,
3598 851 3703 905 quem

2270 926 2445 994 prima
2479 923 2567 978 die
2595 923 2785 978 habuit
2814 922 2881 976 ad
2905 938 2991 978 me
3014 923 3081 978 de
3110 937 3232 977 vero
3254 922 3479 993 propheta
3502 931 3546 978 et
3563 924 3611 981 de
3626 930 3705 988 aliis

2271 997 2544 1085 plurimis,
2577 1029 2700 1070 cum
2736 1029 2821 1093 me
2850 1014 3199 1069 instruxisset
3234 1014 3506 1084 plenissime
3527 1056 3539 1080 ,
3570 1020 3707 1076 addidit

2272 1109 2435 1163 etiam
2474 1108 2589 1163 hzec
2618 1123 2631 1159 :
2664 1104 2832 1169 Vide,
2886 1106 3095 1177 inquit,
3127 1108 3191 1161 de
3220 1108 3424 1177 reliquo,
3450 1119 3495 1165 et
3530 1112 3707 1167 interesto

2272 1200 2596 1254 tractatibus
2632 1197 2769 1253 meis
2797 1216 2812 1264 ;
2852 1214 3015 1268 quos,
3041 1198 3086 1252 si
3117 1200 3323 1268 quando
3350 1204 3594 1258 necessitas
3615 1213 3708 1258 attu-

2273 1291 2416 1355 lerit,
2452 1292 2663 1361 habebo
2701 1307 2826 1348 cum
2859 1292 2944 1350 his
2993 1292 3087 1361 qui
3133 1293 3506 1359 contradicunt;
3533 1295 3711 1350 adversus

2275 1398 2413 1454 quos
2445 1383 2764 1453 disputans,
2790 1383 2955 1438 etiam
2981 1383 3027 1438 si
3060 1382 3196 1439 forte
3226 1384 3432 1440 inferior
3453 1387 3574 1441 visus
3596 1387 3710 1454 luero,

2273 1489 2384 1530 non
2413 1474 2663 1538 verebor,
2697 1490 2767 1530 ne
2792 1474 2931 1529 forte
2955 1481 3012 1529 tu
3043 1474 3110 1530 de
3134 1474 3239 1539 his,
3264 1491 3375 1544 qua:
3396 1476 3477 1529 tibi
3503 1490 3528 1528 a
3551 1492 3612 1531 me
3631 1486 3711 1531 sunt

2273 1568 2496 1633 tradita,
2534 1567 2589 1621 in
2617 1566 2845 1622 dubium
2884 1574 3097 1633 venias,
3142 1568 3265 1638 quia
3293 1568 3481 1623 etiamsi
3513 1585 3589 1639 ego
3617 1570 3713 1624 visus

2278 1659 2433 1715 fuero
2463 1660 2733 1733 superari,
2763 1674 2873 1714 non
2907 1668 3087 1716 tamen
3124 1659 3321 1715 idcirco
3347 1668 3396 1713 et
3414 1676 3485 1723 ea,
3508 1676 3599 1730 qua:
3614 1662 3713 1715 nobis

594 1762 779 1825 rabas,
813 1759 945 1815 ﬁdes
974 1773 1153 1814 rerum
1186 1771 1590 1826 causarumque
1626 1753 1931 1813 sententiae,
1962 1766 2060 1822 pro
2092 1751 2177 1806 in-
2205 1749 2249 1807 Β
2278 1767 2440 1807 verus
2469 1752 2734 1823 propheta
2776 1752 3018 1816 tradidit,
3043 1751 3255 1807 inﬁrma
3284 1752 3581 1808 videbuntur.
3607 1751 3715 1822 Spero
3794 1764 3795 1767 ‘

595 1853 769 1932 geniis
821 1852 995 1922 magis
1048 1848 1455 1905 defendentium
1501 1847 1895 1920 ponderantur.
1932 1842 2087 1899 Unde
2122 1850 2177 1903 et

596 1945 785 2001 eadem
816 1959 983 1999 causa
1032 1958 1179 2003 nunc
1224 1942 1374 2012 justa
1398 1980 1412 2001 .
1446 1954 1592 1995 nunc
1621 1946 1843 2008 putatur
1872 1936 2097 2006 injusta,
2124 1945 2178 2005 et

596 2037 744 2112 quod
795 2035 957 2090 modo
1006 2050 1196 2090 verum
1246 2033 1553 2098 videbatur,
1606 2032 1830 2086 alterius
1876 2031 2178 2087 assertione

597 2128 798 2183 falsum
827 2127 1060 2182 videtur.
1092 2127 1201 2180 Ista
1231 2125 1298 2180 de
1348 2139 1513 2179 causa
1550 2123 1828 2194 religionis
1877 2138 1942 2177 ac
2004 2124 2177 2193 pietas

598 2223 671 2291 tis
721 2220 855 2276 ﬁdes
903 2221 1016 2276 veri
1070 2215 1348 2290 prophetae
1390 2218 1740 2289 praesentiam
1769 2216 2085 2287 postulavit,
2118 2222 2177 2269 ut

596 2314 715 2382 ipse
741 2312 900 2367 nobis
927 2309 1129 2365 diceret
1157 2311 1223 2364 de
1258 2309 1509 2380 singulis,
1538 2314 1700 2379 prout
1726 2322 1784 2363 se
1818 2309 1937 2377 ipsa
1975 2306 2177 2373 veritas

596 2403 785 2467 habet,
855 2412 910 2458 et
956 2402 1179 2457 doceret
1220 2399 1493 2471 quomodo
1539 2406 1786 2469 oporteat
1833 2399 1900 2454 de
1946 2398 2177 2469 singulis

595 2495 766 2550 credi.
794 2494 859 2548 Et
905 2495 1029 2551 ideo
1081 2502 1208 2549 ante
1253 2493 1435 2547 omnia
1481 2492 1640 2547 ﬁdem
1688 2491 1987 2566 prophetae,
2030 2491 2177 2555 omni
2230 2502 2235 2507 '

596 2602 729 2651 cum
744 2588 1149 2643 examinatione
1170 2594 1385 2657 oportet
1402 2587 1644 2658 probari;
1663 2602 1823 2657 quem
1842 2600 1964 2639 cum
1982 2599 2180 2655 coguov

596 2682 740 2739 veris
773 2696 899 2737 vere
928 2695 1049 2736 esse
1078 2678 1423 2750 prophetam,
1443 2679 1509 2739 de
1535 2679 1744 2747 reliquo
1767 2686 1962 2731 cuncta
1983 2677 2033 2730 ei
2058 2691 2178 2731 (που

596 2772 695 2828 das
729 2778 963 2841 oportet,
1002 2786 1106 2825 nec
1137 2771 1278 2824 ultra
1325 2769 1598 2824 discutere
1648 2785 1773 2824 eum
1819 2785 1916 2839 per
1964 2767 2177 2837 singula

596 2878 718 2934 quae
740 2861 1006 2926 docuerit,
1035 2861 1129 2915 sed
1160 2861 1359 2915 habere
1393 2859 1547 2914 ﬁrma
1577 2869 1629 2915 et
1660 2867 1851 2915 sancta
1879 2874 2001 2929 qua}
2024 2860 2175 2931 dicit,

600 2968 833 3026 quaeque
868 2952 1119 3023 quamvis
1148 2950 1251 3005 ﬁde
1278 2951 1484 3025 suscipi
1512 2950 1817 3012 videantur,
1866 2948 2179 3015 antehabita

600 3056 782 3101 tamen
833 3043 1157 3116 probatione
1203 3043 1521 3103 creduntur.
1558 3042 1697 3096 Cum
1741 3043 1884 3098 enim
1914 3042 2080 3107 semel
2111 3059 2177 3100 ex

599 3138 755 3193 initio
784 3103 1064 3207 prophetae
1098 3136 1302 3191 veritas
1331 3136 1638 3190 examinata
1680 3134 2004 3201 constiterit,
2052 3135 2181 3191 relic
2206 3103 2251 3165 θ

600 3246 710 3303 qua
742 3230 959 3285 demum
985 3227 1087 3284 ﬁde
1102 3227 1371 3283 audienda
1398 3234 1526 3282 sunt
1557 3234 1611 3281 et
1638 3227 1891 3293 tenenda,
1922 3242 2029 3297 qua
2051 3243 2175 3297 eum

599 3322 882 3383 doctorem
901 3320 1147 3375 veritatis
1170 3335 1290 3374 esse
1312 3319 1426 3388 jam
1453 3326 1688 3374 constat.
1714 3317 1779 3372 Et
1803 3320 1944 3374 sicut
1965 3327 2175 3375 eertum

598 3422 706 3478 est,
735 3419 935 3467 cuncta
965 3410 1263 3466 secundum
1284 3410 1527 3465 veritatis
1553 3411 1791 3480 regulam
1814 3411 1987 3464 teneri
2013 3425 2175 3479 opor-

601 3515 737 3569 tere,
771 3520 891 3576 quae
923 3504 988 3559 ad
1020 3503 1259 3557 divinam
1288 3502 1571 3558 scientiam
1602 3509 1872 3572 spectant,
1906 3502 1979 3556 ita
2005 3503 2173 3576 indu-

604 3600 832 3654 bitatum
859 3603 963 3662 est,
987 3610 1017 3649 a
1046 3595 1197 3649 nullo
1228 3594 1335 3650 alio
1364 3594 1472 3648 nisi
1501 3593 1570 3648 ab
1597 3594 1714 3664 ipso
1746 3595 1865 3651 solo
1895 3594 2021 3649 sciri
2051 3609 2178 3668 pos-

602 3709 681 3761 se,
711 3689 856 3762 quod
887 3705 1077 3745 verum
1109 3699 1211 3744 est.

671 3780 834 3837 XVII.
869 3779 935 3835 Et
965 3782 1050 3835 his
1078 3780 1262 3847 dictis,
1288 3786 1398 3833 tam
1432 3777 1565 3833 mihi
1592 3786 1779 3850 aperte
1800 3786 1855 3834 et
1888 3788 1995 3834 tam
2028 3778 2178 3834 dilu-

602 3873 745 3938 cide,
771 3872 896 3942 quis
926 3871 1027 3925 iste
1064 3876 1210 3925 esset
1241 3868 1535 3939 propheta,
1572 3875 1627 3923 et
1663 3866 1937 3937 quomodo
1966 3866 2180 3922 inveni-

602 3972 773 4027 retur,
808 3962 1080 4033 eXposuit,
1112 3970 1170 4015 ut
1192 3976 1291 4031 ego
1322 3958 1453 4012 mihi
1491 3966 1616 4021 ante
1646 3959 1835 4014 oculos
1877 3958 2098 4025 habere,
2123 3966 2177 4015 et

602 4074 769 4114 manu
827 4063 1173 4112 contrectare
1219 4052 1433 4108 viderer
1487 4054 1870 4123 probationes,
1919 4068 2057 4123 quas
2110 4053 2177 4110 de

603 4152 924 4225 prophetica
954 4150 1182 4206 veritate
1225 4148 1552 4219 protulerat,
1600 4147 1917 4218 ingentique
1956 4157 2178 4219 stupore

603 4230 887 4316 deﬁgerer,
919 4242 1193 4313 quomodo
1231 4258 1295 4297 ea
1327 4256 1448 4310 quae
1486 4256 1677 4296 omnes
1714 4248 1999 4312 qumrunt,
2047 4248 2175 4298 ante

605 4338 795 4391 oculos
842 4337 1022 4407 posita
1054 4334 1238 4390 nullus
1274 4333 1441 4391 videt.
1495 4331 1652 4389 Unde
1695 4333 1922 4404 jubente
1968 4349 2056 4401 eo,
2114 4350 2175 4390 ea

2280 1850 2461 1898 tamen
2494 1842 2639 1913 quod
2674 1859 2777 1898 nec
2824 1844 2879 1898 in
2924 1843 3377 1915 disputationibus
3411 1858 3667 1912 superemur,
3685 1844 3715 1897 si

2274 1935 2438 1991 modo
2479 1935 2833 1991 rationabiles
2864 1935 2975 1991 sint
3005 1935 3280 1989 auditores
3302 1943 3350 1990 et
3372 1934 3510 1988 amici
3535 1934 3713 1996 veritatis.

2275 2028 2370 2099 qui
2398 2027 2713 2083 discernere
2744 2028 2961 2083 valeant
2990 2028 3098 2084 vim
3151 2028 3469 2098 Speciemque
3503 2027 3714 2091 verborum,

2275 2129 2329 2176 et
2361 2135 2657 2191 agnoscere
2696 2120 2789 2191 qui
2845 2135 3027 2176 sermo
3061 2135 3131 2175 ex
3159 2128 3274 2175 arte
3300 2119 3554 2190 sophistica
3588 2118 3714 2181 veniat,

2276 2228 2387 2267 non
2421 2213 2708 2266 veritatem
2741 2213 3055 2278 continens,
3099 2212 3199 2268 sed
3239 2211 3501 2283 imaginem
3536 2209 3712 2269 veritatis,

2277 2311 2330 2360 et
2361 2305 2455 2376 qui
2503 2305 2574 2361 sit
2613 2305 2705 2377 qui
2753 2306 3075 2375 simpliciter
3138 2321 3202 2360 ac
3247 2303 3361 2359 sine
3398 2304 3503 2360 fuco
3533 2304 3714 2373 prolatus.

2278 2412 2495 2452 omnem
2516 2398 2625 2452 vim
2660 2413 2768 2453 non
2800 2399 2853 2451 in
2882 2398 3065 2468 specie
3089 2404 3146 2463 et
3170 2405 3377 2461 ornatu,
3407 2396 3488 2451 sed
3509 2396 3551 2449 in
3574 2394 3717 2448 veritate

2278 2496 2333 2557 et
2364 2490 2582 2544 ratione
2604 2490 2905 2559 possideat.

2349 2579 2538 2636 XVIII.
2580 2580 2661 2634 Ad
2703 2581 2819 2635 ιιωο
2864 2597 3005 2652 ego:
3035 2581 3414 2652 Omnipotenti,
3443 2576 3718 2650 inquam,0eo

2280 2674 2488 2753 gratias
2518 2688 2642 2744 ago,
2665 2674 2793 2745 quia
2817 2682 2875 2726 ut
2895 2673 3227 2737 desideravi,
3257 2673 3524 2729 instructus
3539 2686 3637 2725 sum.
3659 2665 3720 2721 Ie

2280 2772 2588 2824 rumtamen
2636 2764 2703 2820 de
2742 2781 2828 2820 me
2879 2765 2934 2818 in
2983 2772 3199 2821 tantum
3246 2782 3362 2823 esse
3393 2767 3530 2821 debes
3560 2777 3718 2825 securus.

2280 2856 2426 2929 quod
2450 2856 2516 2911 de
2537 2857 2622 2911 his
2648 2872 2769 2928 quze
2794 2857 2958 2912 didici
2984 2860 3083 2915 abs
3106 2870 3186 2924 te,
3213 2861 3264 2914 iu
3286 2860 3488 2915 dubium
3512 2860 3636 2914 venint
3651 2872 3719 2911 non

2280 2949 2513 3023 possim,
2547 2958 2609 3005 ut
2641 2950 2685 3006 si
2712 2960 2767 3006 tu
2794 2950 2910 3021 ipse
2940 2952 3074 3006 velis
3105 2954 3395 3023 aliquando
3422 2953 3549 3008 ﬁdem
3571 2962 3720 3004 meam:

2281 3055 2412 3095 vero
2462 3041 2725 3112 propheta
2761 3041 3061 3100 transferre
3082 3084 3095 3102 .
3129 3046 3350 3100 omnino
3381 3035 3478 3099 non
3502 3043 3653 3115 possis;
3678 3040 3724 3093 ita

2282 3134 2446 3206 pleno
2473 3135 2672 3206 spiritu
2706 3135 2898 3199 hausi,
2930 3149 3051 3206 qum
3088 3137 3384 3193 tradidisti.
3428 3135 3483 3189 Et
3510 3150 3562 3189 ne
3583 3128 3725 3202 putes"

2283 3215 2544 3299 magnum
2577 3228 2674 3283 tibi
2716 3243 2802 3282 me
2830 3227 3035 3298 aliquid
3068 3221 3345 3301 polliceri,
3367 3226 3491 3298 quod
3514 3226 3565 3279 ab
3581 3219 3727 3278 haclide

2283 3336 2474 3391 negem
2516 3336 2602 3376 me
2640 3336 2801 3391 posse
2836 3321 3162 3386 transferri,
3196 3330 3399 3377 certum
3436 3326 3505 3374 est
3538 3314 3638 3386 apud
3661 3327 3724 3375 me,

2283 3415 2409 3487 quia
2451 3415 2766 3484 quicunque
2805 3414 3088 3469 hominum
3139 3415 3282 3468 hanc
3321 3412 3384 3468 de
3419 3426 3527 3466 vero
3558 3406 3726 3479 propde

2282 3505 2555 3575 acceperit
2586 3505 2876 3570 rationem,
2902 3505 3157 3561 dubitare
3184 3507 3321 3560 ultra
3348 3506 3409 3560 de
3428 3504 3606 3558 veritate
3621 3498 3726 3553 nulla-

2282 3604 2444 3653 tenus
2466 3599 2683 3667 potcrit.
2709 3596 2773 3651 Et
2794 3598 2915 3653 ideo
2942 3599 3162 3653 conﬁdo
3187 3599 3251 3654 de
3273 3599 3372 3653 hoc
3394 3597 3551 3652 divino
3567 3593 3729 3661 dogmate

2284 3690 2501 3744 coalitus
2534 3688 2775 3754 delinito,
2804 3690 2861 3743 in
2891 3706 3000 3760 quo
3036 3691 3219 3746 omnis
3256 3707 3343 3746 ars
3372 3687 3559 3743 malitiae
3582 3695 3727 3752 supert-

2282 3788 2391 3835 tur.
2450 3780 2727 3838 Adversus
2774 3782 3114 3852 prophetiam
3159 3783 3357 3838 etenim
3394 3796 3547 3851 neque
3578 3792 3641 3831 ars
3666 3774 3729 3827 ulla

2282 3886 2431 3929 Stare
2462 3873 2711 3938 suﬁiciet,
2746 3890 2922 3944 neque
2951 3874 3351 3945 sophismatum
3387 3872 3731 3944 syllogismorum-

2283 3982 2389 4036 que
2410 3967 2682 4022 versutiae.
2719 3965 2826 4020 Sed
2857 3969 3037 4022 omnis
3068 3968 3165 4037 qui
3196 3967 3423 4022 audierit
3449 3967 3506 4021 de
3534 3977 3630 4017 vero
3654 3970 3733 4027 pm-

2284 4056 2464 4127 pheta,
2489 4072 2714 4112 necesse
2732 4062 2815 4113 est
2837 4064 2896 4110 ut
2918 4059 3101 4113 statim
3125 4058 3447 4113 desiderium
3472 4047 3731 4124 capiatipsius

2281 4149 2527 4205 veritatis
2552 4189 2567 4214 ,
2607 4165 2709 4205 nec
2753 4150 2897 4204 ultra
2929 4152 3032 4205 sub
3071 4154 3365 4207 occasione
3396 4149 3496 4204 veri
3519 4138 3731 4217 qurrendi.

2281 4240 2530 4298 diversos
2558 4243 2796 4312 patietur
2817 4258 3052 4298 errores.
3072 4242 3305 4315 PrOptcr
3324 4241 3473 4314 quod,
3496 4235 3659 4294 domine
3675 4228 3731 4285 mi.

2284 4350 2317 4389 ο
2358 4334 2552 4401 Petre,
2584 4335 2710 4390 nolo
2740 4336 2818 4392 sis
2852 4338 2997 4392 ultra
3039 4338 3332 4401 sollicitus,
3366 4344 3586 4405 tanquam
3620 4325 3665 4380 de
3695 4335 3733 4375 σο

680 4469 724 4500 ⁸⁸
748 4469 877 4535 Qua:
903 4476 1209 4545 sequuntur
1230 4483 1405 4545 usque
1434 4468 1502 4523 ad
1531 4468 1884 4545 ﬁnemhujus
1912 4485 2058 4545 cap.,
2082 4472 2367 4545 desuntin
2399 4480 2631 4545 utroque
2660 4473 2820 4529 codd.
2853 4472 3034 4545 Lipss.
3079 4475 3121 4507 ⁸⁷
3147 4473 3443 4529 Vocabula:
3469 4461 3732 4545 [Iudaicum

603 4555 665 4599 eo
692 4571 762 4612 ῖ-
790 4542 1167 4612 ιςαηειηὶιιενει
1219 4554 1329 4594 non
1393 4539 1649 4610 leguntur
1696 4542 1751 4596 in
1798 4543 1961 4597 codd.
1980 4539 2173 4612 Lipss.

608 4609 770 4667 codd.
808 4608 865 4664 Li
874 4627 990 4681 pss.

2287 4543 2332 4575 ⁶⁸
2404 4543 2475 4598 Et
2538 4540 2601 4599 ne
2650 4554 2799 4615 putes
2839 4540 3208 4615 —'perveniat
3265 4545 3451 4599 desunt
3496 4540 3540 4593 in
3584 4544 3733 4598 υιιυιιυε

1902 4764 2267 4824 COTELERII
2316 4766 2545 4823 ΝΟΤκΕ.

680 4897 792 4969 (15)
832 4897 937 4970 Qui
957 4898 1254 4970 appellatur
1279 4914 1428 4953 verus
1458 4898 1726 4970 propheta.
1746 4897 1976 4953 Locutio
2011 4916 2176 4953 usur-
2204 4904 2250 4960 D
2277 4898 2476 4954 Gmcae
2499 4900 2773 4970 Epitomes
2811 4903 2915 4957 ista
2947 4904 3166 4968 omisit,
3190 4901 3458 4959 Catholica
3475 4910 3582 4953 vero
3601 4884 3732 4967 subsli-

608 4977 734 5042 pata
774 4968 997 5042 quidem
1034 4970 1101 5022 ab
1132 4968 1423 5042 Ambrosio
1453 4972 1507 5042 in
1537 4969 1732 5042 psalm.
1759 4985 1949 5042 cxvtu,
1992 4970 2082 5042 ϐξ,
2116 4979 2173 5025 et

610 5037 678 5094 ab
699 5037 921 5093 auctore
946 5037 1455 5093 Commentariorum
1489 5037 1544 5093 in
1575 5038 1999 5104 Lamentationes
2024 5038 2176 5095 lere-

608 5111 731 5164 miaa
756 5108 900 5181 apud
919 5108 1307 5181 Hieronymum
1335 5110 1402 5163 ad
1426 5126 1484 5174 ιι,
1511 5109 1565 5175 9,
1589 5110 1805 5181 merito.
1840 5108 2042 5166 Verum
2073 5125 2177 5181 su-

612 5187 798 5251 specta
829 5180 885 5251 in
917 5179 1004 5233 his
1034 5179 1280 5251 libjis,in
1306 5181 1536 5251 epistola
1564 5180 1641 5251 ad
1660 5179 1942 5247 Jacobum,
1975 5181 2032 5235 in
2057 5179 2180 5237 Cle-

608 5248 892 5314 mentinis,
924 5256 1059 5305 utet
1090 5248 1376 5319 Propheta,
1414 5258 1576 5319 atque
1608 5249 1872 5319 Propheta
1901 5252 2176 5317 veritatis;

607 5321 739 5389 quia
763 5328 918 5390 _teste
959 5319 1281 5390 Epiphanio,
1313 5321 1504 5376 hmresi
1536 5321 1627 5384 50,
1657 5319 1892 5374 Ebionaei
1924 5320 2184 5376 Periodo-

608 5388 731 5445 rum
762 5388 907 5444 Petri
932 5388 1392 5445 Clementinarum
1430 5392 1867 5461 interpolatores,
1891 5391 2173 5447 Christum

609 5462 1037 5586 Erophetarn,ct
1078 5462 1397 5543 prepbetam
1437 5461 1684 5543 veritatis
1721 5462 1994 5531 appellare
2035 5464 2178 5544 sole-

650 5539 774 5586 ant:
810 5546 966 5586 auasr
989 5547 1199 5586 merum
1229 5532 1535 5586 hominem:
1570 5540 1722 5586 iuxta
1751 5538 2178 5586 argumentatio-

650 5539 742 5585 ant
760 5533 966 5604 ;_quasi
989 5547 1199 5604 merum
1229 5532 1510 5604 hominem
1521 5550 1535 5599 ;
1564 5532 1733 5604 juxta,
1751 5533 2178 5604 argumentatio-

611 5616 735 5654 nem
785 5600 1084 5673 Theodoti,
1131 5606 1188 5657 in
1226 5602 1425 5673 eodem
1472 5602 1775 5673 Epiphanio
1820 5600 2015 5658 haeresi
2063 5602 2173 5668 54,

612 5685 764 5744 num,
788 5672 844 5735 5,
863 5671 1195 5744 _Hebra3ique
1221 5672 1276 5727 in
1298 5671 1447 5744 Nilo,
1478 5671 1637 5738 libft,
1655 5672 1818 5744 epist.
1832 5673 1965 5744 7127,
1990 5679 2045 5727 et
2065 5674 2180 5744 opi-

614 5740 830 5800 nionem
862 5740 1194 5799 Esseuorinn
1225 5742 1369 5812 apud
1397 5740 1768 5805 Pbilastriuin.
1803 5742 1955 5801 Unde
1986 5740 2178 5801 auct‘dr

2277 4970 2401 5046 tuit.
2425 4971 2605 5046 Atque
2644 4987 2712 5046 ea
2755 4972 2875 5046 istis
2914 4975 3212 5046 castigabis
3248 4986 3495 5046 errorem.
3523 4970 3731 5046 ξεξψουξξ

2278 5035 2784 5113 ἱειιυηιηῐὶιιιηιιιιο
2821 5044 2877 5097 in
2912 5035 3097 5113 parte",
3138 5045 3359 5100 Davidis
3397 5035 3730 5113 Βιοηάρηὶεχῖη

2279 5056 2293 5095 ι
2336 5056 2644 5095 noranuam
2684 5056 2784 5099 nac
2821 5060 2877 5097 in
2912 5056 3097 5113 parte,
3138 5056 3359 5100 uavmis
3400 5056 3646 5095 monoeul.
3674 5056 3730 5079 "--

2279 5056 2415 5166 aﬁias
2444 5110 2770 5186 doctissimi,
2794 5114 2852 5186 in
2893 5112 3299 5186 Ifrolegomenis
3328 5113 3397 5186 ad
3430 5099 3732 5186 pseudoflsitlltt-

2280 5197 2422 5249 rum,
2446 5196 2569 5250 cap.
2601 5182 2687 5245 Η,
2714 5169 2879 5256 p._56.
2910 5169 3150 5256 Denique
3180 5169 3483 5256 huegface're
3508 5178 3672 5232 videtur
3685 5169 3730 5256 ll:

2282 5267 2386 5324 cus
2410 5236 2731 5324 'conruptus'
2760 5236 3549 5324 Isidori—Iibtwviit:Eripiunt,
3587 5236 3730 5319 cap-.51

2286 5322 2547 5376 Ebionita:
2569 5322 2837 5395 Christum
2855 5342 2945 5395 per
2962 5326 3265 5393 prophetam
3293 5322 3472 5395 statim,
3495 5332 3650 5395 rerum:
3674 5324 3734 5395 ξ’

2280 5403 2421 5447 stum
2446 5403 2633 5464 putant
2660 5383 3301 5464 effectunmnisi'doceret
3322 5383 3541 5464 Histeria
3568 5383 3733 5440 mitur

2278 5464 2413 5538 stica
2435 5462 2465 5517 a
2500 5462 2701 5538 Ruﬁno
2725 5481 2903 5531 versa,
2922 5462 3024 5538 legi
3053 5467 3277 5531 debere,
3310 5462 3553 5538 Christum
3574 5470 3643 5523 μέν
3658 5464 3735 5538 [νζ

2276 5534 2471 5607 fectum
2508 5528 2708 5607 solum,
2749 5526 2921 5590 virum
2950 5526 3154 5607 justum
3191 5526 3379 5607 putant
3416 5526 3733 5607 eﬂertsmrtlf‘]

2278 5605 2440 5678 modo
2469 5606 2632 5678 etiam
2674 5607 2895 5678 quidam
2921 5605 3149 5678 Aveteres
3193 5605 3319 5660 libri
3358 5620 3483 5678 mss.

2278 5673 2517 5748 Epistola
2552 5665 2796 5743 Lentuli;
2823 5678 2877 5731 in
2907 5674 3437 5748 Orthodoxograpbis
3468 5665 3729 5744 :qiidia'w

2280 5762 2313 5800 a
2343 5745 2578 5825 gentibus
2608 5752 2857 5818 propheta
2880 5749 3132 5803 veritatis.
