3976 6340
222 333 360 388 ﬁt“!

1478 328 2049 389 RECCGNlTlONUM
2090 331 2215 386 LIB.
2253 332 2291 387 l.

3344 323 3484 383 1218

214 447 305 518 qui
349 444 560 501 nesciat
600 445 729 517 quid
763 445 1066 516 acceperit,
1131 446 1197 501 et’
1224 458 1488 517 quantum
1519 447 1621 503 sibi
1650 462 1801 503 com-
1828 451 1876 507 Α
1905 454 1960 501 et
1992 462 2023 500 a
2049 462 2181 518 quo,
2205 453 2260 501 et
2285 461 2384 517 per
2411 461 2573 518 quem
2605 445 2687 501 vel
2722 450 2947 517 propter
2972 454 3165 515 quem;
3200 452 3385 500 utrum
3415 444 3485 500 ab

215 541 447 595 missum
484 537 558 593 sit
588 538 868 605 muneris;
913 546 1101 595 certus
1145 548 1297 608 esto,
1334 541 1479 611 quod
1519 541 1711 596 scienti
1747 548 1801 596 et

213 632 541 703 intelligenti
583 631 814 701 gratiam
867 631 1186 696 contulisti,
1228 648 1328 687 nec
1374 632 1533 688 facile
1574 646 1799 703 possum

209 724 418 796 decipi,
456 739 556 795 pro
588 738 653 778 eo
692 723 871 794 quod,
913 740 1037 796 qua:
1084 725 1177 780 diu
1227 727 1646 790 desiderabam,
1689 727 1801 782 cito

209 818 398 873 videor
431 816 684 886 adeptus.
718 814 907 873 Potest
954 819 1105 873 enim
1146 819 1265 875 fieri
1298 828 1358 874 ut
1393 820 1535 875 alius
1580 819 1802 876 deside-

209 926 336 967 rans
367 908 479 965 cito
512 908 876 981 adipiscatur,
899 909 1041 967 alius
1077 927 1179 968 nec
1212 912 1369 969 tarde
1397 912 1465 967 ad
1489 912 1800 969 desiderata

206 1001 518 1073 perveniat.

274 1092 418 1148 XIX.
460 1091 527 1148 Et
569 1090 800 1162 Petrus,
840 1094 928 1151 his
959 1111 991 1150 a
1019 1112 1106 1153 me
1137 1097 1342 1154 auditis
1373 1117 1385 1153 :
1426 1098 1644 1154 Gratias
1675 1114 1797 1171 ago,

205 1187 414 1258 inquit,
457 1185 569 1241 Deo
614 1202 758 1254 meo,
790 1197 844 1244 et
876 1206 973 1260 pro
1008 1190 1186 1245 salute
1218 1200 1339 1255 tua,
1370 1199 1423 1246 et
1465 1207 1565 1261 pro
1613 1193 1800 1262 requie

205 1293 359 1344 mea;
394 1278 551 1334 valde
586 1280 731 1333 enim
762 1280 1030 1349 delector,
1081 1284 1207 1353 quia
1252 1284 1591 1339 intellexisse
1628 1294 1679 1339 te
1718 1286 1800 1339 vi—
1832 1354 1835 1357 Α

202 1371 330 1433 deo,
377 1380 582 1443 quanta
618 1373 691 1427 sit
722 1377 949 1430 virtutis
996 1378 1331 1447 prophetica:
1360 1378 1701 1448 magnitudo,
1745 1386 1799 1433 et

203 1466 335 1536 quia
362 1507 375 1529 ,
418 1474 476 1520 ut
516 1468 598 1523 ais
620 1506 633 1532 ,
669 1484 770 1523 nec
794 1469 839 1523 si
872 1486 972 1540 ego
1001 1471 1115 1540 ipse
1138 1471 1391 1541 cupiam,
1433 1472 1579 1541 quod
1616 1472 1793 1526 absit!

203 1567 399 1629 potero
439 1568 492 1615 te
523 1568 895 1617 transvertere
928 1562 983 1616 in
1019 1563 1181 1617 aliam
1226 1563 1401 1619 ﬁdem.
1442 1562 1520 1618 Ex
1560 1564 1795 1632 bocjam

203 1652 390 1723 incipe
439 1669 564 1709 esse
613 1654 936 1719 nobiscum,
988 1663 1041 1711 et
1097 1658 1343 1711 crastina
1393 1656 1481 1712 die
1530 1658 1795 1713 interesto

201 1744 681 1817 disputationibus
713 1750 962 1817 nostris;
995 1750 1102 1805 erit
1147 1751 1293 1805 enim
1344 1752 1478 1805 mihi
1513 1762 1793 1806 certamen

201 1856 333 1895 cum
368 1838 592 1896 Simone
618 1840 795 1913 Mago.
828 1841 1076 1913 Cumque
1108 1845 1221 1899 haec
1252 1844 1504 1910 dixisset,
1539 1847 1788 1912 secessit,

200 1945 263 1991 ut
298 1937 480 1991 cibum
504 1944 722 2006 caperet
748 1952 872 1991 cum
905 1936 1022 1991 suis
1048 1936 1186 2007 (16),
1221 1953 1306 1992 me
1332 1945 1514 1991 autem
1542 1954 1793 1994 seorsum

199 2029 354 2084 vesci
384 2028 572 2097 jussit.
624 2026 691 2082 Et
739 2038 864 2098 post
903 2029 1088 2083 cibum
1128 2045 1253 2083 cum
1302 2030 1518 2083 laudem
1552 2031 1796 2087 dedisset

201 2119 316 2175 Deo
346 2129 399 2176 et
425 2122 631 2191 gratias
662 2121 886 2191 egisset,
919 2122 1083 2176 etiam
1115 2121 1281 2191 hujus
1304 2123 1477 2193 ipsius
1506 2122 1631 2177 facti
1662 2125 1796 2179 mihi

199 2212 445 2267 reddidit
476 2213 769 2278 rationem,
801 2220 856 2268 et
888 2214 1117 2278 addidit,
1152 2214 1343 2270 dicens
1372 2233 1385 2269 :
1427 2215 1526 2271 Det
1555 2216 1654 2271 tibi
1685 2216 1795 2272 Do-

199 2304 387 2359 minus
437 2306 714 2374 exaequari
764 2306 923 2362 nobis
970 2307 1028 2361 in
1078 2308 1377 2374 omnibus,
1430 2317 1491 2363 ut
1538 2320 1796 2381 percepto

197 2394 530 2467 baptismate
561 2399 743 2467 possis
784 2398 851 2453 ad
895 2400 1140 2454 eamdem
1173 2402 1463 2455 nobiscum
1496 2405 1795 2460 convenire

200 2503 472 2544 mensam.
513 2488 579 2544 Et
615 2490 700 2546 his
742 2490 944 2555 dictis,
976 2493 1264 2563 quiescere
1304 2511 1389 2550 me
1433 2496 1631 2566 jussit;
1678 2497 1793 2567 jam

196 2580 349 2634 enim
384 2581 450 2635 ad
494 2597 747 2637 somnum
775 2591 830 2638 et
856 2592 1054 2640 natura
1084 2589 1356 2659 corporis,
1389 2598 1443 2644 et
1473 2590 1617 2643 ratio
1650 2599 1791 2643 tem-

199 2673 364 2742 poris
398 2674 685 2731 invitabat.

273 2764 397 2822 XX.
438 2766 663 2823 Postera
700 2785 829 2825 vero
858 2771 947 2827 die
976 2774 1283 2829 matutinus
1304 2774 1368 2827 ad
1393 2790 1495 2829 nos
1530 2775 1799 2845 ingredie-

190 2857 369 2913 luatur
389 2858 703 2930 Zaccbazus,
729 2871 783 2917 et
813 2880 940 2918 cum
975 2866 1290 2930 salutasset,
1317 2867 1393 2921 ait
1423 2868 1490 2921 ad
1522 2868 1745 2923 Petrum
1774 2887 1788 2923 :

192 2952 391 3010 Diﬂ‘ert
422 2953 611 3011 Simon
642 2958 961 3014 certaminis
999 2957 1142 3014 diem
1177 2960 1231 3013 in
1261 2960 1605 3015 undecimam
1640 2978 1795 3017 incn-

191 3048 277 3103 sis
334 3049 660 3119 prazsentis,
716 3067 840 3121 qua:
895 3060 982 3107 est
1035 3063 1159 3122 post
1201 3065 1409 3124 septem
1444 3054 1580 3109 dies.
1635 3053 1791 3110 Tunc

1903 546 2034 606 uno,
2067 554 2136 592 an
2177 555 2205 593 a
2239 539 2479 604 duobus,
2514 555 2582 593 an
2629 554 2659 593 a
2708 538 2897 593 multis
2930 553 3187 609 accepere
3221 539 3482 595 substan-

1904 628 2070 699 tiam;
2102 638 2157 687 et
2193 640 2378 686 utrum
2407 646 2475 687 ex
2508 631 2678 687 nullis
2710 632 3097 688 substantibus
3117 673 3133 699 ,
3176 646 3244 686 an
3273 647 3338 687 ex
3380 631 3483 685 ali-

1902 725 2103 795 quibus
2143 733 2362 796 sumpta
2410 724 2555 790 sint,
2602 734 2657 781 et
2703 724 3000 792 adornata;
3042 735 3157 780 tum
3209 725 3256 781 si
3302 725 3484 795 aliqua

1901 819 2078 874 virtus
2117 828 2203 875 est
2223 819 2288 874 ‘in
2316 819 2626 883 altissimis,
2655 823 2750 873 aut
2789 818 2844 873 in
2873 816 3138 885 infernis;
3176 816 3223 873 si
3264 825 3350 872 est
3383 817 3485 872 ali-

1901 910 2033 980 quid
2068 911 2263 966 melius
2296 912 2576 975 omnibus,
2610 919 2702 965 aut
2732 911 2948 966 cunctis
2976 909 3242 975 inferius;
3276 911 3322 964 si
3355 916 3485 966 sunt

1902 1003 2068 1074 aliqui
2099 1012 2304 1068 motus,
2343 1012 2437 1058 aut
2464 1005 2631 1071 nulli;
2664 1004 2709 1059 si
2739 1004 2855 1059 haec
2883 1020 3005 1075 quae
3025 1004 3299 1065 videntur,
3326 1008 3484 1059 erant

1901 1112 2140 1167 semper,
2179 1106 2235 1154 et
2264 1105 2469 1164 erunt;
2521 1098 2567 1153 si
2615 1100 2877 1153 exstitere
2922 1098 3074 1152 nullo
3114 1106 3398 1168 Operante,
3430 1104 3484 1151 et

1902 1190 2055 1244 nullo
2092 1192 2339 1246 solvente
2369 1191 2701 1245 dilabentur.
2744 1189 2823 1253 Si,
2858 1192 3102 1261 inquam,
3136 1206 3199 1245 ex
3242 1190 3327 1245 bis
3373 1190 3481 1244 ini-

1903 1283 2036 1336 tium
2067 1285 2344 1353 acceperit
2391 1283 2723 1353 disputatio,
2749 1291 2882 1353 puto
2907 1282 3054 1352 quod
3085 1298 3147 1337 ea
3184 1297 3304 1352 qua:
3334 1296 3482 1351 qua»

1900 1384 2112 1441 rentur,
2146 1376 2397 1445 diligenti
2431 1375 2842 1430 examinatione
2886 1375 3140 1429 discussa
3175 1373 3335 1427 facile
3372 1373 3487 1426 cla~

1898 1478 2139 1524 rescant.
2176 1470 2314 1522 Cum
2361 1476 2543 1524 autem
2589 1469 2704 1523 haec
2752 1468 3051 1523 claruerint
3079 1507 3092 1530 ,
3125 1482 3314 1522 eorum
3363 1471 3485 1534 quat

1900 1571 2229 1631 sequuntur,
2252 1563 2305 1616 in
2337 1571 2591 1633 promptu
2618 1561 2921 1632 reperietur
2951 1561 3178 1632 agnitio.
3212 1559 3325 1630 Ego
3351 1554 3484 1628 quid

1900 1656 2165 1710 senserim
2197 1655 2435 1726 protuli;
2468 1654 2599 1725 quid
2625 1656 2787 1709 etiam
2818 1654 2917 1709 tibi
2942 1655 3213 1718 videatur,
3239 1653 3485 1707 indicare

1899 1763 1967 1803 ne
1994 1748 2191 1817 pigeat.

1970 1840 2112 1895 XXI.
2149 1840 2231 1895 Ad
2262 1840 2378 1896 haec
2416 1839 2614 1895 Petrus
2650 1855 2663 1892 :
2712 1839 2842 1904 Dic,
2884 1838 3093 1911 inquit,
3132 1840 3351 1896 interim
3395 1840 3483 1895 Si-

1897 1934 2077 2003 moni,
2112 1934 2273 1989 faciat
2308 1941 2367 1988 ut
2398 1935 2558 1998 libet,
2599 1942 2782 1989 certus
2840 1935 3008 2005 quod,
3060 1935 3247 1989 divina
3296 1933 3487 1988 Provi-

1897 2027 2082 2081 dentia
2115 2027 2382 2098 largiente
2405 2066 2419 2091 ,
2452 2044 2669 2098 semper
2716 2045 2815 2084 nos
2850 2029 3090 2083 inveniet
3143 2036 3381 2098 paratos.
3418 2026 3485 2079 Et

1899 2116 2196 2177 Zacclueus
2241 2122 2460 2192 quidem
2492 2139 2615 2193 qua:
2647 2123 2919 2189 audierat,
2961 2137 3220 2192 egressus
3263 2128 3346 2175 est
3394 2118 3482 2172 Si-

1899 2218 2047 2272 moni
2079 2217 2351 2272 nuntiare.
2390 2215 2588 2273 Petrus
2632 2233 2764 2271 vero
2797 2216 3102 2287 respiciens
3145 2215 3213 2268 ad
3259 2228 3361 2269 nos
3384 2252 3397 2276 ,
3431 2215 3485 2265 et

1898 2307 2208 2380 intelligens
2236 2310 2620 2364 contristatum
2661 2324 2747 2365 me
2775 2324 2898 2365 esse
2931 2324 3030 2379 pro
3058 2306 3320 2361 dilatione
3356 2319 3481 2359 cer-

1897 2403 2154 2467 taminis,
2209 2403 2326 2457 ait:
2358 2401 2461 2469 Qui
2514 2404 2692 2457 credit
2741 2402 2942 2458 summi
2990 2400 3085 2457 Dei
3136 2402 3483 2472 providentia

1895 2493 2208 2564 dispensari
2242 2495 2529 2561 mundum,
2562 2512 2672 2549 non
2713 2495 2895 2560 debet,
2933 2511 2966 2550 o
3005 2496 3179 2551 amice
3204 2495 3481 2563 Clemens,

1895 2575 1963 2640 de
1988 2587 2221 2657 singulis
2252 2604 2373 2657 qua:
2404 2604 2626 2659 quoquo
2670 2589 2830 2643 modo
2862 2590 3140 2655 accidunt,
3182 2606 3482 2661 aspernan-

1894 2685 1981 2734 ter
2003 2681 2273 2750 accipere,
2306 2690 2492 2736 certus
2519 2683 2665 2753 quod
2686 2682 2901 2752 justitia
2920 2682 3039 2747 Dei,
3064 2685 3228 2739 etiam
3252 2700 3337 2749 ea,
3362 2701 3483 2755 qum

1895 2771 2172 2842 superﬂua
2203 2774 2464 2828 videntur
2490 2781 2587 2827 aut
2617 2776 2916 2838 contraria,
2944 2776 2997 2828 in
3029 2792 3364 2848 unoquoque
3394 2794 3485 2833 ne-

1896 2865 2045 2934 gotio
2100 2874 2415 2936 opportuno
2468 2866 2617 2920 exitu
2667 2870 3111 2938 competentique
3163 2870 3481 2939 dispensat,

1893 2958 2172 3030 praecipue
2215 2969 2399 3014 tamen
2438 2976 2568 3031 erga
2600 2975 2695 3015 eos
2754 2961 2849 3030 qui
2883 2978 3007 3015 eum
3038 2954 3362 3018 familiarius
3390 2979 3489 3018 eoa

1893 3052 2045 3119 lunt;
2077 3059 2132 3106 et
2163 3050 2346 3106 ideo"
2379 3052 2473 3123 qui
2514 3054 2582 3107 de
2618 3053 2739 3114 his,
2773 3061 2835 3108 ut
2881 3054 3014 3119 dixi,
3064 3063 3251 3111 certus
3289 3066 3393 3121 est,
3436 3057 3483 3111 si

188 3141 346 3195 enim
380 3142 552 3213 magis
584 3158 818 3197 vacuum
862 3145 968 3198 sibi
1014 3144 1358 3215 disceptandi
1399 3159 1612 3217 tempus
1646 3149 1792 3203 atlir-
1818 3156 1862 3215 ο
1896 3144 2027 3215 quid
2058 3145 2276 3200 eveniat
2306 3154 2499 3200 contra
2538 3145 2892 3210 sententiam,
2926 3147 3077 3201 novit
3123 3162 3224 3217 pro
3250 3163 3315 3203 eo
3343 3164 3484 3203 Inte-

188 3240 336 3288 mat.
366 3232 471 3290 Sed
496 3245 550 3292 et
572 3237 706 3291 mihi
724 3238 941 3292 videtur
965 3239 1468 3308 comperendinatio
1490 3242 1608 3305 eius
1627 3244 1792 3297 etiam

191 3326 367 3383 nobis
410 3342 536 3383 esse
574 3331 925 3397 necessaria,
955 3337 1016 3384 ut
1059 3332 1248 3401 plures
1298 3336 1651 3397 conveniant,
1700 3340 1795 3406 qui

185 3419 594 3490 disputationis
623 3432 828 3478 nostra:
856 3424 940 3478 vel
970 3424 1252 3479 auditores
1282 3427 1367 3481 vel
1392 3426 1611 3495 judiccs
1639 3428 1790 3482 fiant.

193 3509 598 3569 Verumtamen
637 3515 682 3569 si
713 3516 997 3584 probabile
1030 3517 1126 3571 tibi
1170 3517 1405 3583 videtur,
1442 3519 1586 3573 inter
1612 3536 1794 3577 moras

184 3617 288 3668 ea,
324 3620 443 3674 quae
486 3606 541 3659 in
587 3609 1021 3663 controversiam
1062 3610 1251 3665 venire
1290 3626 1451 3680 posse
1483 3614 1791 3682 opinamur,

182 3695 347 3750 inter
369 3699 739 3770 nosmetipsos
766 3701 919 3770 prius
940 3700 1324 3767 discutiamus,
1339 3712 1392 3758 et
1417 3706 1795 3776 unusquisque

181 3798 479 3857 nostrun,
510 3808 632 3847 cum
670 3809 791 3862 qua:
821 3795 1175 3864 proponenda
1208 3796 1317 3849 sint
1340 3808 1393 3852 et
1420 3814 1541 3867 qua:
1565 3815 1794 3869 respon—

184 3879 411 3941 denda,
445 3883 783 3952 cognoverit,
825 3884 968 3953 apud
1000 3884 1358 3954 semetipsum
1395 3894 1710 3956 pertractet,
1747 3885 1794 3942 si

178 3981 353 4027 recte
382 3989 442 4027 se
471 3974 731 4039 habeant,
763 3984 859 4029 aut
884 3976 929 4029 si
960 3975 1210 4031 invenire
1240 3979 1441 4047 poterit
1462 3978 1667 4048 aliquid
1691 3979 1791 4032 ad-

176 4066 485 4121 versarius
513 4067 661 4137 quod
688 4068 935 4138 objiciat,
967 4078 1062 4123 aut
1084 4084 1193 4139 quo
1222 4070 1437 4139 objecta
1471 4070 1799 4129 frustretur.-

178 4159 257 4213 Si
292 4173 423 4213 vero
456 4175 522 4213 ex
547 4161 698 4215 omni
734 4161 924 4227 latere,
960 4177 1083 4231 quae
1114 4175 1145 4215 a
1174 4164 1333 4218 nobis
1361 4163 1597 4219 dicenda
1632 4174 1787 4230 sunt,

168 4250 461 4305 claruerit
495 4266 618 4307 esse
649 4254 882 4317 munita,
917 4253 991 4307 ita
1016 4254 1237 4309 demum
1273 4256 1613 4312 confidenter
1642 4275 1791 4329 quaa-

169 4343 401 4398 stionis
447 4343 665 4398 ineatur
712 4346 1023 4400 exordium.
1082 4346 1147 4400 Et
1184 4349 1405 4418 quidem
1434 4348 1477 4379 ⁶⁹
1506 4365 1627 4405 mea
1675 4352 1790 4408 haec

163 4444 280 4492 est
335 4438 636 4504 sententia,
686 4440 831 4509 quod
885 4450 1009 4494 ante
1046 4442 1229 4495 omnia
1272 4442 1481 4513 requiri
1515 4452 1787 4514 oporteat,

1897 3254 2077 3293 rorem
2109 3238 2175 3293 de
2215 3239 2412 3293 animis
2446 3240 2736 3309 expellere,
2770 3239 2981 3293 meliori
3012 3242 3284 3295 sententia
3314 3241 3486 3295 mani-

1898 3330 2098 3385 festum
2133 3331 2364 3395 habens,
2402 3332 2548 3402 quod
2572 3332 2983 3402 dispensatione
3007 3333 3137 3387 boni
3169 3332 3284 3401 Dei,
3316 3336 3482 3388 etiam

1895 3423 2042 3495 quod
2070 3425 2410 3478 contrarium
2442 3433 2687 3494 putatur,
2722 3432 2970 3479 vertatur
3007 3426 3063 3478 in
3093 3427 3304 3481 melius.
3342 3424 3481 3482 Pro-

1896 3527 2017 3589 pter
2046 3518 2213 3588 quod,
2247 3531 2280 3570 ο
2312 3516 2589 3581 Clemens,
2621 3517 2940 3571 etiamnunc
2973 3532 3083 3570 non
3110 3526 3162 3571 te
3191 3518 3483 3574 contristet

1896 3610 2035 3682 Magi
2071 3608 2314 3666 Simonis
2344 3610 2447 3663 ista
2472 3609 2680 3664 dilatio.
2709 3609 2888 3665 Credo
2911 3610 3055 3663 enim
3085 3610 3234 3680 quod
3261 3626 3358 3679 per
3386 3610 3481 3667 Dei

1894 3703 2295 3775 providentiam
2340 3710 2555 3773 gestum
2606 3703 2677 3756 sit
2730 3700 2799 3754 ad
2850 3700 3143 3755 utilitatem
3189 3710 3371 3765 tuam,
3420 3708 3483 3754 ut

1896 3801 2103 3872 possim
2146 3799 2246 3855 ti‘bi
2296 3802 2564 3855 rationem
2600 3799 2722 3853 ﬁdei
2760 3810 2992 3864 nostrae,
3030 3799 3085 3852 in
3124 3798 3228 3852 hac
3272 3806 3480 3868 septeni

1894 3893 2108 3948 dierum
2150 3892 2753 3962 comperendinatione,
2782 3893 2988 3961 absque
3028 3891 3213 3961 aliquo
3246 3891 3480 3961 strepitu

1894 4003 1994 4058 per
2022 3987 2273 4041 ordinem
2301 4001 2468 4041 conse
2491 3993 2706 4055 [uenter
2729 4000 3001 4054 exponere
3029 3983 3331 4039 secundum
3363 3993 3480 4036 tra-

1894 4080 2160 4135 ditionem
2182 4079 2226 4109 ⁷¹
2258 4078 2371 4133 veri
2405 4077 2704 4148 prophetas,
2728 4078 2821 4147 qui
2856 4076 3007 4131 solus
3030 4077 3156 4139 scit,
3186 4092 3308 4146 quae
3336 4075 3480 4130 facta

1895 4183 2060 4239 sunt,
2096 4180 2155 4226 ut
2188 4171 2333 4226 facta
2365 4171 2497 4233 sint,
2536 4178 2588 4224 et
2619 4186 2741 4240 quae
2772 4170 2929 4234 fiunt,
2963 4178 3023 4222 ut
3066 4168 3217 4233 fiant,
3252 4185 3481 4240 qumque

1893 4270 2096 4327 erunt,
2149 4273 2207 4318 ut
2255 4269 2450 4327 erunt;
2504 4275 2626 4330 quae
2672 4268 2857 4315 tamen
2911 4259 3200 4314 manifeste
3258 4261 3478 4330 quidem

1893 4358 2061 4422 dicta,
2085 4372 2195 4411 non
2219 4366 2405 4410 tamen
2431 4353 2722 4408 manifeste
2753 4354 2957 4422 scripta
2984 4362 3132 4418 sunt,
3160 4354 3213 4407 in
3242 4362 3477 4416 tantum,

1896 4459 1955 4504 ut
1978 4465 2103 4504 cum
2134 4450 2415 4520 leguntur,
2451 4448 2681 4517 intelligi
2713 4446 2832 4501 sine
2864 4447 3177 4515 expositore
3208 4462 3318 4499 non
3351 4462 3480 4515 pos-

164 4528 333 4600 quid
372 4530 443 4584 sit
470 4531 715 4585 omnium
764 4532 1004 4601 primum
1028 4572 1042 4596 ,
1099 4534 1303 4604 quidve
1358 4512 1781 4604 immediatum,
1818 4512 1869 4570 θ
1896 4544 2007 4597 sint
2050 4512 2274 4612 propter
2311 4548 2599 4611 peccatum
2629 4512 2774 4609 quod
2804 4512 3110 4592 coadwolevit
3142 4512 3478 4603 hominibus,

156 4622 346 4694 quod
377 4624 539 4678 etiam
569 4639 792 4680 causam
823 4641 947 4682 esse
976 4628 1221 4682 omnium
1250 4644 1372 4699 quae
1396 4641 1544 4697 sunt,
1579 4632 1784 4688 docen-

156 4716 329 4771 dum
356 4723 471 4783 est;
502 4717 699 4773 deinde
729 4726 928 4773 cuncta
967 4735 1089 4789 quae
1127 4732 1283 4787 sunt,
1315 4722 1362 4778 si
1415 4722 1560 4779 facta
1612 4736 1781 4790 sunt,

1895 4636 2039 4691 sicut
2068 4636 2324 4705 superius
2355 4634 2614 4689 diximus.
2657 4631 2867 4686 Idcirco
2902 4630 3068 4701 igitur
3102 4629 3480 4699 explanabun-

1894 4736 1987 4782 tur
2013 4726 2108 4781 tibi
2144 4743 2243 4797 per
2271 4742 2358 4780 me
2394 4726 2602 4791 omnia,
2636 4732 2696 4778 ut
2724 4724 2781 4777 in
2816 4723 2902 4777 his
2927 4739 3050 4791 qua:
3082 4724 3285 4793 scripta
3329 4729 3477 4787 sunt,

367 4856 1067 4945 Elt.quidem'T-Ieperietttr
1095 4865 1297 4945 agnitio
1337 4882 1443 4921 non
1480 4870 1801 4939 ieguntnrin
1830 4883 2064 4945 utroque
2093 4874 2451 4942 codd.Lipss.
2531 4874 2578 4905 ⁷⁰
2619 4872 2688 4925 Et
2715 4871 2959 4927 ideo—in
2986 4867 3169 4923 melius
3198 4864 3398 4921 desunt
3423 4865 3479 4919 in

148 4928 358 4989 codd.
402 4929 582 5001 Lipss.

678 4930 723 4963 '“
756 4930 1055 4986 Secundum
1088 4930 1757 5012 traditionem—agnoscas
1796 4930 1998 5002 desunt
2030 4930 2087 5001 in
2117 4947 2277 5003 codd.
2330 4930 2511 5016 Lipss.

1504 5112 1871 5173 COTELERII
1919 5117 2153 5174 ΝΟΤᾸΞ.

248 5274 386 5347 (16)
424 5273 671 5339 Secessit,
701 5286 759 5330 ut
791 5276 965 5329 cibum
992 5287 1198 5346 caperet
1218 5294 1336 5332 cum
1359 5280 1491 5340 suis,
1516 5288 1622 5334 etc.
1651 5279 1786 5337 Pas-

136 5365 301 5411 sim
338 5347 470 5420 hic.
518 5347 1087 5420 ApudhAthanasium
1134 5347 1257 5404 Lib.
1332 5350 1395 5403 de
1458 5351 1781 5420 virginitate,

134 5440 227 5502 ρἱ
284 5416 432 5473 1052
467 5433 482 5471 :
523 5417 655 5502 ⁹Ἐλὰν
682 5417 739 5470 δὲ
768 5418 963 5502 appelli;
1000 5419 1385 5502 κατηχουμένῃ
1434 5422 1491 5502 ἐγ
1516 5416 1787 5502 {mpsim

137 5488 253 5561 μὴ
310 5488 653 5562 συνειξχέᾳθω
688 5488 961 5562 μετὰτῶν
1000 5488 1392 5562 πιστῷν,’9ὑδὲ
1429 5492 1502 5562 μὴ
1548 5488 1791 5557 iudicet,-

128 5557 390 5634 ξρᾴγείν
419 5557 733 5634 cold;va
756 5576 853 5634 seu
892 5561 1005 5634 μετ’
1037 5560 1226 5634 ᾳύτῆς.
1258 5557 1656 5631 Capitularium
1689 5564 1783 5618 lib.

128 5577 390 5634 φαγειν
419 5577 512 5610 τον
541 5577 733 5681 ψωήιον
762 5577 853 5611 σου
892 5577 1003 5628 μετ·
1037 5577 1226 5630 αυτης.
1258 5577 1656 5631 ωψιιιιιεινιυιη
1691 5577 1783 5618 ιιι).

128 5652 248 5699 vi,
296 5645 425 5699 cap.
464 5628 536 5683 92
564 5651 576 5685 :
651 5647 716 5684 on
748 5630 902 5683 liceat
935 5629 1219 5697 baptizatis
1251 5648 1369 5684 cruri
1399 5634 1785 5688 cclcc/iumenta

135 5701 546 5763 manducare,
569 5716 661 5753 nec
679 5699 917 5754 osculum
944 5702 1019 5755 eis
1050 5702 1199 5764 dare,
1231 5703 1307 5757 vel
1332 5720 1423 5757 acc
1447 5703 1555 5758 illis
1574 5703 1749 5757 dicere
1766 5720 1784 5757 :

125 5780 397 5848 quanto
448 5770 796 5848 magis-cun}
821 5774 1323 5848 __e:ccammunicatis
1382 5784 1448 5828 ab
1521 5777 1784 5848 episcopo,

127 5840 281 5903 [aut
321 5855 441 5897 cum
466 5840 790 5913 guuilibus?
821 5840 1122 5913 Episcopos
1152 5852 1333 5901 tamen
1360 5861 1485 5901 cum
1511 5840 1786 5903 Constan-

1879 5286 2011 5345 :tino
2043 5285 2375 5354 imperatore
2419 5282 2663 5338 nondum
2704 5281 2980 5351 baptizato
3020 5276 3475 5354 epul_atos_fuis_s_e

1896 5358 2055 5430 testis
2096 5348 2354 5430 est__lide_
2377 5348 2898 5430 dignus_Eu_sebius,
2921 5348 3300 5430 "quamvismei
3337 5350 3473 5430 nolit

1893 5428 2121 5482 credere
2171 5419 2511 5496 Nicephoriis
2576 5425 2855 5496 Callistus.
2888 5419 3024 5496 Sed
3074 5419 3471 5496 et__Ch_ris_t_iani

1894 5498 2051 5553 multi
2082 5512 2195 5552 non
2233 5489 2370 5552 adeo
2405 5512 2436 5550 a
2468 5496 2694 5566 paganis
2728 5493 3110 5566 refugiebant_._
3137 5490 3293 5546 Unde
3324 5489 3473 5544 Non-

1894 5583 2021 5622 nam
2054 5577 2284 5622 matrem
2319 5560 2483 5622 suam
2516 5560 2701 5621 laudat
2740 5560 3037 5634 Gregorius
3069 5560 3467 5624 Nazianzenus,

1891 5639 2038 5708 quod
2082 5641 2267 5693 cibum
2315 5653 2440 5693 cum
2481 5637 2748 5692 idolorum
2788 5634 3092 5708 cultoribus
3127 5648 3469 5708 communem

1892 5703 2179 5785 nunquam
2209 5708 2491 5785 habuerit,
2544 5706 2922 5785 ne_c_gen_til_is.
2952 5705 3168 5785 femina:
3212 5703 3471 5785 manibus

1891 5776 2142 5838 dextram
2168 5780 2438 5851 injecerit,
2482 5788 2574 5836 aut
2605 5778 2755 5836 labra
2788 5776 2958 5834 labris
2990 5776 3290 5833 miscuerit.
