3976 6340
239 278 373 336 ΙΞΞΙ

1445 277 2013 337 RECOGNITIONUM
2048 280 2174 336 LIB.
2216 282 2257 336 I.

3331 282 3470 339 ηεξ

232 395 386 450 ribus
425 392 806 449 benedictione
847 400 1134 464 suscepta,
1165 392 1475 450 clarissima
1519 394 1641 450 luce
1685 392 1794 447 ful-
1825 399 1869 454 Α
1897 400 1953 448 et
1998 392 2066 447 de
2096 391 2358 448 memoria
2386 393 2549 463 rapit,
2586 392 2751 447 etiam
2776 391 2823 449 si
2839 391 2970 448 velit
2998 389 3195 447 salvari
3227 406 3341 448 non
3372 410 3471 465 po-

229 497 439 558 gentes,
479 487 777 543 introducti
808 488 877 541 ad
906 495 1164 543 aeternam
1190 487 1373 544 sedem
1392 527 1407 554 ,
1435 494 1489 543 et
1533 488 1588 542 in
1618 486 1800 541 incor-

230 579 483 649 ruptione
525 579 821 647 durantes,
863 580 1221 636 ineﬂ‘abilium
1269 580 1538 635 bonorum
1570 592 1797 634 munera

228 676 437 724 aeterna
473 669 796 738 percipiant.

299 781 467 837 XXV.
510 782 635 837 Haac
664 800 749 839 me
780 794 1161 854 prosequente,
1192 784 1391 856 gaudio
1415 784 1669 857 perfusus
1696 785 1796 842 Pe-

226 883 349 931 trus
380 882 433 930 et
464 881 722 944 tanquam
757 890 921 945 super
962 875 1073 929 lilio
1112 876 1437 946 tripudians,
1476 892 1542 930 ne
1572 876 1709 930 forte
1740 877 1792 930 in

220 967 561 1036 reliquorum
591 966 850 1020 memoria
875 966 1141 1031 titubans,
1164 967 1542 1021 erubescerem
1573 977 1796 1037 propter

220 1074 320 1113 eos
350 1058 444 1127 qui
473 1056 699 1111 aderant
724 1076 736 1111 :
766 1056 1016 1123 Sufﬁcit,
1055 1058 1251 1128 inquit,
1294 1073 1326 1113 0
1356 1059 1610 1113 Clemens
1635 1077 1648 1125 ;
1679 1060 1795 1115 evi—

218 1149 441 1205 dentius
467 1148 610 1203 enim
638 1151 750 1203 haec
777 1164 939 1220 quam
965 1165 995 1203 a
1026 1166 1113 1205 me
1139 1152 1256 1220 ipso
1277 1153 1525 1222 exposita
1556 1152 1790 1214 fuerant,

216 1239 465 1294 edidisti.
493 1238 560 1292 Et
594 1253 694 1310 ego
724 1240 811 1294 aio
838 1259 851 1295 :
885 1240 1154 1296 Narrandi
1177 1242 1447 1305 ordinem,
1472 1252 1525 1298 et
1555 1244 1791 1301 lucidius

214 1344 283 1383 ea
314 1343 435 1399 quae
461 1344 549 1384 res
589 1330 792 1400 expetit
832 1330 1166 1400 proferendi,
1205 1332 1443 1387 eruditio
1466 1334 1627 1388 nobis
1657 1349 1793 1388 con-

214 1421 347 1475 tulit
372 1421 639 1484 liberalis,
664 1438 771 1493 qua
804 1422 848 1477 si
882 1431 1102 1479 utamur
1124 1424 1179 1479 in
1210 1426 1553 1497 antiquitatis
1588 1428 1791 1482 errori-

211 1513 346 1579 bus,
374 1514 428 1568 in
459 1514 755 1584 perniciem
790 1514 911 1570 vita:
939 1518 1230 1573 verborum
1262 1518 1459 1575 decore
1501 1535 1566 1574 ac
1605 1520 1790 1575 suavi-

210 1615 329 1662 tate
368 1607 697 1676 decidimus;
730 1610 775 1665 si
818 1626 949 1666 vero
988 1610 1057 1666 ad
1104 1613 1455 1669 asserendam
1500 1615 1785 1670 veritatem

209 1698 578 1756 eruditionem
609 1704 878 1777 sermonis
904 1711 957 1759 et
986 1704 1214 1774 gratiam
1247 1704 1595 1761 conferamus
1614 1746 1628 1769 ,
1654 1714 1787 1777 puto

130 1774 147 1793 X
208 1808 279 1847 ex
322 1792 421 1845 hoc
449 1808 558 1846 non
597 1809 789 1864 parum
821 1796 1075 1851 utilitatis
1112 1798 1342 1867 acquiri.
1376 1796 1781 1863 Verumtamen,

210 1881 291 1935 mi
342 1882 562 1939 domine
610 1882 799 1949 Petre,
831 1894 1035 1956 quanta
1083 1902 1170 1943 me
1208 1888 1495 1944 arbitraris
1541 1891 1785 1960 gratula—

210 1973 363 2028 tione
390 1975 682 2040 sublatum,
714 1992 838 2031 cum
874 1979 929 2032 in
960 1979 1172 2034 caeteris
1198 1979 1473 2043 omnibus,
1502 1990 1612 2034 tum
1646 1996 1786 2051 prac-

210 2064 374 2132 cipue
403 2064 458 2117 in
501 2065 650 2121 illius
686 2066 950 2122 doctrina:
995 2068 1285 2131 sententia,
1320 2083 1426 2138 qua
1460 2072 1540 2123 ais
1574 2087 1588 2123 :
1630 2068 1784 2125 Unus

207 2167 301 2212 est
345 2156 509 2221 Deus,
559 2161 717 2229 cujus
764 2175 902 2231 opus
949 2161 1187 2216 mundus
1236 2166 1357 2226 est,
1402 2162 1625 2233 quique.
1655 2163 1783 2233 quia

204 2249 395 2318 justus
433 2258 516 2304 est
561 2251 891 2307 omnimodis
915 2292 930 2318 ,
975 2253 1270 2323 unicuique
1298 2269 1399 2324 pro
1427 2254 1641 2309 actibus
1668 2254 1781 2310 suis

206 2342 420 2397 reddet.
472 2342 539 2397 Et
588 2352 711 2414 post
740 2344 857 2400 b:ec
884 2344 1179 2411 addidisti,
1212 2346 1440 2403 dicens:
1476 2347 1581 2402 Pro
1623 2348 1782 2417 cujus

207 2434 478 2505 dogmatis
505 2439 809 2493 assertione
831 2439 1114 2495 innumera
1139 2443 1429 2497 verborum
1459 2440 1629 2495 millia
1663 2457 1781 2495 mo~

203 2525 512 2594 vehuntur;
548 2527 641 2582 sed
674 2529 730 2582 in
759 2530 876 2593 his,
919 2531 1117 2600 quibus
1157 2533 1273 2586 veri
1320 2532 1596 2602 prophetae
1643 2546 1779 2585 con-

204 2632 369 2673 cessa
390 2628 472 2673 est
492 2621 741 2685 scientia,
764 2623 944 2677 omnis
966 2624 1071 2679 ista
1092 2624 1383 2679 verborum
1409 2624 1544 2679 silva
1566 2625 1780 2679 succisa

200 2716 319 2764 est.
367 2709 432 2762 Et
483 2721 699 2782 propter
738 2714 843 2769 hoc
889 2730 1012 2769 cum
1047 2715 1179 2769 mihi
1213 2715 1503 2770 tradideris
1540 2715 1607 2770 de
1647 2730 1779 2770 vero

199 2800 477 2869 prapheta
496 2816 822 2868 sermonem,
847 2806 993 2859 omni
1018 2822 1103 2861 me
1126 2807 1492 2861 assertionum
1526 2808 1781 2863 firmitate

196 2889 503 2946 roborasti.
530 2890 659 2947 Inde
679 2893 914 2964 denique
939 2910 1039 2964 ego
1066 2909 1188 2949 cum
1211 2896 1568 2952 advertissent
1596 2898 1650 2950 in
1676 2897 1779 2950 hoc

196 3000 481 3040 summam
523 2986 694 3042 totius
733 2988 1013 3059 religionis
1056 2989 1384 3061 pietatisque
1435 2991 1773 3052 consistere,

1902 486 2059 552 terit;
2097 485 2274 559 perdit
2302 486 2446 540 enim
2476 486 2640 551 viam,
2671 499 2778 555 qua
2808 484 3121 555 pervenitur
3169 484 3237 539 ad
3276 486 3464 543 vitam.

1900 576 2131 647 Propter
2158 577 2303 647 quod
2354 591 2421 633 eo
2450 576 2623 645 magis
2650 587 2963 645 repetamus
2995 592 3114 647 quae
3137 577 3281 631 dicta
3314 588 3465 645 sunt,

1898 678 1951 726 et
1978 670 2367 726 confirmemus
2396 684 2460 726 ea
2510 670 2565 723 in
2586 669 2751 724 corde
2780 676 2911 735 tuo;
2946 667 2998 721 id
3034 666 3159 734 est,
3192 672 3469 740 quomodo

1896 764 1981 818 vel
2026 778 2056 816 a
2081 778 2188 834 quo
2216 762 2395 818 factus
2421 763 2492 818 sit
2522 761 2781 827 mundus,
2816 768 2873 814 ut
2901 760 3194 816 tendamus
3234 762 3301 817 ad
3330 764 3471 818 ami-

1898 856 2084 911 citiam
2126 854 2458 911 Conditoris.
2510 855 2766 910 Amicitia
2824 863 3004 908 autem
3043 854 3277 911 efﬁcitur
3328 857 3468 913 bene

1900 947 2134 1003 vivendo
2165 956 2219 1003 et
2239 947 2506 1002 voluntati
2542 948 2661 1017 ejus
2692 946 3019 1009 obediendo,
3061 964 3181 1017 qua:
3214 950 3469 1007 voluntas

1896 1039 2141 1093 omnium
2191 1040 2488 1094 viventium
2557 1040 2645 1094 lex
2714 1046 2817 1095 est.
2876 1038 3121 1094 Breviter
3179 1056 3310 1111 ergo
3367 1042 3469 1097 tibi

1896 1130 2010 1185 haec
2036 1130 2225 1185 eadem
2282 1130 2539 1186 firmioris
2586 1145 2754 1185 causa
2814 1132 3088 1186 memoriae
3134 1140 3465 1190 retexcmus.

1962 1221 2177 1279 XXVII.
2222 1221 2281 1277 In
2339 1222 2611 1293 principio
2648 1238 2773 1277 cum
2812 1221 3032 1277 fecisset
3069 1221 3227 1290 Deus
3266 1225 3466 1279 cmlum

1890 1322 1944 1372 et
1983 1316 2274 1381 terram",
2308 1324 2569 1385 tanquam
2609 1315 2830 1370 domum
2871 1330 3057 1380 unam,
3084 1315 3203 1386 ipsa
3242 1332 3362 1387 quae
3399 1333 3467 1372 ex

1891 1410 2217 1480 corporibus
2257 1410 2445 1464 mundi
2487 1410 2699 1467 reddita
2737 1418 2823 1465 est
2853 1409 3068 1474 umbra,
3100 1410 3187 1464 his
3225 1426 3345 1481 qua:
3383 1410 3470 1464 in-

1890 1503 2165 1558 trinsecus
2202 1503 2388 1559 clausa
2428 1502 2674 1568 fuerant,
2712 1502 2965 1558 tenebras
2980 1516 3047 1557 ex
3064 1516 3123 1557 se
3160 1500 3329 1559 dedit.
3360 1501 3467 1558 Sed

1888 1609 2014 1647 cum
2042 1595 2296 1650 voluntas
2322 1594 2417 1651 Dei
2448 1595 2842 1651 introduxisset
2878 1596 3074 1660 lucem,
3100 1595 3336 1650 tenebra:
3365 1596 3469 1650 illae

1889 1702 2011 1756 quae
2048 1702 2114 1741 ex
2139 1689 2331 1742 umbra
2366 1704 2658 1758 corporum
2689 1688 2847 1744 factae
2880 1688 3096 1763 fuerant
3116 1687 3265 1760 _(l9),
3290 1689 3469 1743 conti-

1888 1795 1998 1834 nuo
2020 1779 2295 1836 devorata;
2323 1790 2487 1848 sunt;
2520 1789 2651 1836 tunc
2680 1780 2879 1836 deinde
2904 1781 2995 1835 lux
3026 1780 3081 1834 in
3119 1780 3286 1845 diem,
3315 1788 3468 1835 tene-

1888 1873 2001 1927 bra:
2034 1872 2366 1943 deputantur
2407 1875 2464 1929 in
2516 1883 2752 1930 noctem.
2801 1872 2922 1927 Jam
2978 1889 3108 1929 vero
3151 1887 3314 1943 aqua,
3346 1888 3467 1943 qua:

1887 1976 2005 2022 erat
2032 1969 2176 2023 intra
2205 1970 2493 2035 mundum,
2524 1971 2578 2024 in
2617 1969 2797 2025 medio
2826 1967 2985 2038 primi
3026 1966 3174 2022 illius
3209 1966 3337 2020 (εαξη
3365 1976 3470 2020 ter-

1888 2076 2069 2132 neque
2110 2064 2328 2135 spatio,
2386 2065 2544 2133 quasi
2605 2064 2728 2133 gelu
2779 2071 3034 2116 concreta
3090 2068 3145 2114 et
3201 2060 3465 2130 crystallo

1887 2155 2119 2209 solidata
2148 2156 2500 2221 distenditur,
2520 2163 2574 2211 et
2596 2155 2911 2225 hujusmodi
2945 2154 3286 2207 firmamento
3319 2154 3467 2207 velut

1886 2247 2334 2303 inter-cluduntur
2365 2249 2542 2304 media
2573 2248 2700 2303 caeli
2746 2263 2810 2302 ac
2846 2256 3007 2301 terra:
3046 2246 3223 2314 spatia
3252 2264 3266 2313 ;
3300 2246 3466 2314 idque

1883 2340 2282 2394 firmamentum
2305 2341 2506 2394 coelum
2536 2339 2801 2395 Conditor
2842 2338 3151 2408 appellavit,
3184 2339 3464 2409 antiquio-

1884 2433 1962 2487 ris
1989 2433 2136 2487 illius
2162 2434 2429 2488 vocabulo
2452 2440 2843 2501 nuncupatum.
2880 2431 2943 2483 Et
2964 2432 3039 2485 ita
3067 2433 3236 2486 totius
3267 2432 3461 2485 mundi

1882 2525 2212 2589 machinam,
2237 2540 2359 2580 cum
2412 2540 2518 2579 una
2545 2526 2739 2579 domus
2765 2532 2935 2588 esset,
2972 2523 3030 2577 in
3082 2523 3222 2579 duas
3265 2524 3463 2579 dividit

1882 2618 2153 2689 regiones.
2210 2616 2509 2674 Divisionis
2567 2625 2747 2673 autem
2772 2617 2887 2673 htec
2914 2615 3017 2671 fuit
3046 2632 3235 2683 causa,
3261 2627 3321 2672 ut
3369 2632 3463 2671 su-

1882 2724 2052 2780 perna
2079 2711 2231 2782 regio
2261 2713 2471 2782 angelis
2501 2711 2894 2776 habitaculum,
2922 2711 3149 2765 inferior
3169 2726 3300 2767 vero
3330 2726 3464 2781 prae-

1882 2802 2037 2858 beret
2091 2803 2427 2859 hominibus.
2483 2803 2615 2859 Post
2668 2804 2783 2858 haac
2831 2804 2976 2874 quod
3035 2805 3307 2873 reliquum
3359 2804 3463 2857 fuit

1882 2895 1937 2949 in
1969 2895 2321 2952 inferioribus
2354 2912 2643 2966 aquarum,
2672 2897 2832 2966 jussu
2877 2898 3176 2951 voluntatis
3213 2904 3454 2959 aeternae,

1882 2989 2037 3044 locus
2068 2989 2235 3044 maris
2280 2998 2333 3043 et
2390 2990 2557 3045 chaos
2615 2988 2867 3043 effectum
2914 2989 3141 3058 recepit,
3174 2989 3362 3057 eisquc
3390 2986 3457 3040 ad

192 3076 353 3131 illico
385 3078 644 3148 respondi
680 3094 692 3129 :
725 3077 939 3149 Optime
966 3090 1291 3150 prosecutus
1320 3097 1401 3145 es,
1432 3080 1613 3147 Petre,
1646 3097 1774 3152 pro—
1804 3093 1846 3151 ο
1879 3080 2128 3138 demersa
2150 3089 2203 3137 et
2242 3097 2487 3137 concava
2512 3082 2903 3147 defluentibus,
2938 3080 3091 3134 arida
3118 3082 3338 3151 quidem
3368 3096 3461 3149 ap-

190 3176 324 3239 pter
344 3171 490 3240 quod
516 3171 583 3227 de
607 3172 818 3242 reliquo
841 3174 953 3242 jam
983 3181 1244 3245 tanquam
1269 3175 1486 3239 scienti,
1522 3191 1641 3245 quae
1666 3176 1776 3231 sint

191 3260 558 3318 fundamenta
582 3264 706 3319 fidei
732 3273 785 3320 et
812 3267 1053 3335 pietatis,
1083 3268 1199 3323 veri
1224 3267 1501 3337 propheta:
1521 3269 1775 3323 traditio-

188 3369 301 3409 nes
341 3354 727 3411 incunctanter
756 3373 988 3427 expone,
1023 3358 1111 3412 cui
1145 3359 1246 3413 soli
1284 3359 1615 3413 credendum
1652 3376 1775 3415 esse

184 3446 485 3502 evidenter
516 3449 805 3517 probatum
839 3458 942 3506 est.
978 3450 1131 3503 Illam
1174 3466 1304 3505 vero
1348 3452 1769 3521 expositionem,

184 3554 326 3608 qua:
367 3540 763 3595 assertionibus
792 3551 845 3596 et
873 3540 1212 3612 argumentis
1252 3536 1511 3612 indigeat,
1540 3541 1774 3595 infideli-

178 3636 303 3688 bus
340 3649 517 3697 serva,
548 3636 747 3705 quibus
781 3635 1023 3689 nondum
1060 3634 1401 3689 committere
1444 3634 1772 3705 prophetica;

84 3772 97 3781 .
174 3726 387 3795 gratiae
419 3725 830 3781 indubitabilem
855 3726 1188 3796 iudicaveris
1207 3725 1387 3781 fidem.
1414 3725 1479 3779 Et
1500 3742 1624 3780 cum
1655 3728 1771 3783 haec

173 3816 479 3879 dixissem,
536 3826 594 3871 tu
628 3825 956 3888 utrumque,
1000 3819 1244 3890 inquam,
1280 3819 1557 3889 pollicitus
1585 3835 1644 3874 es
1668 3859 1682 3883 ,
1715 3828 1770 3874 et

173 3908 340 3961 hanc
365 3916 415 3962 te
440 3908 572 3962 mihi
600 3909 901 3978 simplicem
928 3911 1323 3981 expositionem
1347 3925 1411 3964 ac
1435 3911 1603 3966 totius
1622 3926 1769 3966 erro-

168 4001 269 4055 ris
314 4008 619 4069 expertem,
664 4010 719 4056 et
763 4001 909 4055 illam
940 4017 1060 4071 qum
1103 4017 1200 4072 per
1239 4002 1485 4071 singulas
1521 4017 1767 4073 quasque

163 4093 524 4162 quaestiones
552 4094 878 4164 explicatur,
902 4111 1023 4165 qua:
1043 4096 1425 4160 movebuntur,
1447 4095 1499 4149 in
1524 4103 1767 4166 tempore

164 4185 552 4239 traditurum.
586 4184 651 4238 Et
684 4196 806 4258 post
836 4187 950 4242 11330
972 4188 1275 4257 exposuisti
1309 4204 1405 4258 per
1433 4188 1708 4252 ordinem,
1735 4204 1766 4243 a

158 4276 464 4348 principio
495 4276 685 4331 mundi
729 4294 902 4349 usque
931 4279 999 4333 ad
1030 4294 1271 4349 praesens
1313 4287 1528 4350 tempus
1568 4295 1763 4335 conse-

156 4369 472 4440 quentiam
514 4384 727 4436 rerum;
760 4378 815 4426 et
850 4370 897 4427 si
935 4371 1149 4442 placet,
1188 4387 1412 4443 possum
1456 4373 1772 4428 memoriter

158 4462 457 4516 universa
490 4450 757 4519 retexere.

251 4575 453 4633 XXVI.
501 4578 582 4634 Ad
613 4580 728 4635 haec
763 4579 960 4638 Petrus
1000 4599 1014 4637 :
1043 4580 1350 4653 Magnifice,
1384 4584 1593 4654 inquit,
1620 4584 1767 4639 delc-

146 4678 334 4735 ctor,
356 4689 391 4725 o
419 4670 695 4739 Clemens,
722 4674 869 4745 quod
920 4682 1032 4731 tam
1084 4683 1203 4731 tuto
1235 4676 1387 4731 cordi
1430 4678 1594 4733 verba
1617 4693 1769 4732 com-

150 4764 455 4831 nnittam;
489 4781 784 4823 memorem
820 4783 1059 4839 namque
1111 4785 1237 4825 esse
1290 4786 1479 4826 eorum
1510 4786 1633 4843 quae
1681 4771 1767 4827 di-

142 4863 413 4921 cuntur,
463 4856 725 4913 indicium
776 4867 860 4916 est
907 4861 964 4914 in
1013 4872 1266 4932 promptu
1312 4863 1509 4918 habere
1536 4878 1763 4933 operum

139 4948 384 5003 ﬁdem:
419 4950 508 5005 cui
532 4966 663 5007 vero
694 4952 869 5011 malus
888 4952 1101 5009 daemon
1126 4955 1321 5011 salutis
1353 4955 1517 5011 verba
1552 4954 1765 5010 furatur

240 5128 305 5159 ⁷⁸
336 5124 471 5187 Gen.
506 5146 545 5184 I.

1879 3176 2061 3245 paruit
2077 3183 2241 3231 terra.
2267 3175 2729 3246 Congregationes
2754 3182 2937 3228 autem
2958 3190 3248 3244 aquarum,
3262 3175 3461 3231 ellccta

1872 3266 2009 3323 sunt
2041 3271 2231 3325 maria.
2288 3269 2354 3323 Et
2399 3279 2523 3339 post
2553 3271 2666 3324 haec
2715 3277 2883 3334 terra,
2932 3284 3052 3340 quae
3106 3282 3458 3339 apparuerat,

1877 3362 2169 3418 herbarum
2200 3370 2254 3417 et
2292 3363 2655 3434 virgultorum
2703 3363 2918 3419 diversa
2944 3376 3144 3433 genera
3176 3362 3453 3430 produxit,

1880 3442 2059 3511 fontes
2116 3471 2334 3527 quoque
2385 3465 2439 3512 et
2472 3454 2668 3512 ﬂuvios
2732 3473 2838 3511 non
2896 3457 3073 3511 solum
3134 3455 3190 3508 in
3236 3455 3452 3523 planis,

1879 3549 1975 3604 sed
1995 3557 2049 3605 et
2076 3549 2131 3604 in
2164 3550 2442 3604 montibus
2462 3550 2721 3620 protulit;
2759 3556 2813 3603 et
2844 3564 2922 3603 διο
2940 3556 3136 3603 cuncta
3153 3556 3454 3617 praeparata

1878 3650 2029 3707 sunt,
2058 3651 2116 3696 ut
2140 3641 2456 3696 hominibus
2478 3642 2571 3711 qui
2600 3641 2914 3694 habitarent
2946 3642 3002 3693 in
3057 3654 3142 3703 ea,
3174 3649 3319 3693 esset
3366 3638 3449 3691 fa-

1877 3736 2056 3791 cultas
2087 3736 2173 3790 his
2204 3735 2460 3790 omnibus
2488 3751 2589 3805 pro
2620 3734 2849 3795 arbitrio
2880 3733 2981 3797 uti,
3034 3732 3089 3787 id
3119 3739 3202 3788 est
3243 3735 3356 3789 sive
3385 3734 3452 3787 ad

1878 3827 2017 3883 bona
2046 3828 2233 3890 velint,
2260 3828 2375 3882 sive
2404 3828 2567 3882 etiam
2604 3826 2668 3881 ad
2702 3828 2862 3881 mala.

1946 3917 2179 3974 XXVIII.
2236 3918 2368 3974 Post
2398 3920 2513 3975 haec
2571 3921 2743 3975 stellis
2777 3919 3011 3974 adornat
3054 3920 3255 3975 caelum
3302 3919 3449 3974 istud

1874 4014 2107 4069 visibile.
2163 4013 2345 4068 Solem
2408 4030 2626 4084 quoque
2671 4022 2725 4069 ct
2768 4015 2952 4067 lunam
3007 4014 3160 4083 ponit
3184 4014 3240 4067 in
3272 4029 3356 4080 eo,
3392 4021 3452 4066 ut

1873 4109 2099 4163 alterius
2128 4108 2333 4163 lumine
2359 4107 2499 4171 dies,
2525 4118 2578 4163 et
2611 4126 2717 4163 nox
2756 4116 3003 4164 uteretur
3060 4109 3308 4171 alterius,
3368 4109 3445 4162 si-

1874 4200 2097 4270 mulque
2127 4207 2187 4253 ut
2217 4208 2401 4255 essent
2427 4199 2630 4255 indicio
2648 4217 2831 4255 rerum
2865 4203 3287 4272 praeteritarum,
3309 4219 3447 4272 pra:-

1874 4292 2114 4346 sentium
2147 4301 2200 4347 ct
2232 4292 2560 4348 futurarum.
2611 4292 2717 4348 Pro
2741 4295 2915 4364 signis
2962 4293 3108 4349 enim
3140 4301 3445 4365 temporum

1877 4388 2021 4444 facta
2050 4396 2179 4445 sunt
2211 4404 2275 4443 ac
2306 4389 2543 4453 dierum,
2577 4405 2697 4459 quae
2721 4389 2976 4444 videntur
3002 4389 3220 4459 quidem
3248 4390 3316 4443 ab
3340 4405 3452 4442 om-

1878 4484 2060 4547 nibus,
2092 4483 2475 4552 intelliguntur
2505 4491 2686 4536 autem
2717 4480 2784 4534 ab
2813 4480 3047 4535 eruditis
3067 4489 3121 4533 et
3143 4480 3447 4550 intelligen-

1877 4577 2026 4632 tibus
2056 4576 2211 4632 solis.
2266 4576 2514 4646 Cumque
2563 4574 2829 4644 posthaec
2877 4573 2943 4627 de
2998 4582 3143 4627 terra
3190 4581 3242 4626 et
3290 4575 3446 4641 aquis

1875 4670 2104 4743 produci
2129 4668 2392 4740 jussisset
2421 4667 2742 4729 animantia,
2761 4664 3076 4735 paradisum
3109 4660 3259 4727 fecit,
3280 4678 3441 4733 quem

1874 4772 1928 4819 et
1957 4761 2275 4819 deliciarum
2317 4760 2500 4814 locum
2530 4758 2853 4813 nominavit.
2906 4754 3038 4811 Post
3099 4755 3214 4809 haec
3244 4762 3440 4821 autem

1875 4856 2062 4910 omnia
2092 4853 2367 4909 hominem
2400 4851 2551 4916 fecit,
2576 4858 2799 4921 propter
2814 4866 2975 4921 quem
3008 4858 3205 4904 cuncta
3232 4862 3443 4919 praepa-

1873 4957 2113 5016 raverat,
2164 4948 2323 5019 cujus
2376 4949 2591 5003 interna
2629 4945 2840 5017 species
2876 4954 2962 4999 est
2992 4942 3269 5013 antiquior
3300 4938 3439 5010 (20),

1487 5324 1852 5401 comosa"
1905 5327 2137 5385 NOTJE.

235 5486 372 5559 (l9)
415 5486 661 5559 Tenebras
690 5485 822 5559 illic,
851 5503 967 5558 qua:
993 5487 1269 5559 exuntbra
1305 5503 1580 5559 corporum
1612 5489 1768 5557 facta

118 5554 420 5635 fuerant.
455 5554 790 5635 Consulendi
822 5554 1035 5635 veteres
1066 5554 1763 5635 ﬂexaernerilnterpretes,

115 5627 315 5698 ltum
343 5628 585 5683 Ctesario
632 5639 829 5698 quaast.
862 5627 925 5682 61
970 5639 1023 5699 et
1071 5628 1195 5692 114,
1238 5627 1484 5683 Cedreno
1514 5627 1762 5699 aliisque.

116 5698 424 5786 Cfdl'ellj
450 5699 615 5786 verba
646 5707 903 5786 corrupta
924 5698 1179 5785 videntur
1208 5698 1326 5782 :.To
1342 5699 1461 5786 γὰρ
1494 5698 1681 5786 oud-co;
1703 5701 1767 5753 ἐκ

126 5775 285 5843 τῆς
322 5767 418 5822 τοῦ
472 5769 702 5843 οὐρανοῦ
731 5767 1114 5838 ὲφάπλώσεως,
1167 5769 1259 5822 καὶ
1307 5770 1375 5823 τὰ
1426 5767 1531 5823 ὑπὸ
1575 5770 1765 5824 τούτου

1871 5491 2181 5561 σκεπόμενα.
2198 5490 2437 5560 γέγονεν.
2469 5490 2609 5557 Quid
2633 5491 2680 5545 si
2708 5491 2976 5561 legamus.
3004 5493 3143 5547 κατά
3166 5494 3287 5547 loco
3317 5490 3429 5557 καί,

1870 5560 1971 5615 hoc
2005 5560 2167 5632 sensu
2202 5580 2215 5617 :
2254 5561 2496 5632 Tenebrw
2523 5563 2679 5623 enim,
2715 5560 2829 5615 cdzli
2865 5566 3159 5618 extensione
3188 5580 3341 5632 super
3368 5579 3432 5616 ea

1872 5648 1990 5700 qum
2022 5631 2207 5702 ab;illo
2239 5631 2541 5702 tegebantur
2568 5632 2921 5689 exstiterunt?

1944 5702 2056 5773 (20)
2096 5700 2261 5770 Cujus
2290 5700 2519 5756 Vinterna
2563 5703 2753 5770 species
2800 5713 2876 5755 est
2916 5704 3200 5773 antiquior.
3247 5704 3431 5773 Codex

1869 5769 2103 5829 Carmel.
2146 5769 2239 5843 qui
2289 5774 2434 5829 notis
2470 5769 2863 5843 marginalibus
2892 5774 2947 5829 in
2996 5769 3203 5830 textum
3245 5772 3433 5831 relatis
