  <div class='ocr_page' id='page_1' title='image "/cluster/home/n/w/nwhite01/storage/ocr_20150623/1/hvd.32044073501405/623.png"; bbox 0 0 3976 6340; ppageno 0'>
   <div class='ocr_carea' id='block_1_1' title="bbox 557 259 695 314">
    <p class='ocr_par' dir='ltr' id='par_1_1' title="bbox 557 259 695 314">
     <span class='ocr_line' id='line_1_1' title="bbox 557 259 695 314; baseline -0.007 0"><span class='ocrx_word' id='word_1_1' title='bbox 557 259 695 314; x_wconf 65' lang='grc'>1227</span> 
     </span>
    </p>
   </div>
   <div class='ocr_carea' id='block_1_2' title="bbox 1412 236 2937 305">
    <p class='ocr_par' dir='ltr' id='par_1_2' title="bbox 1412 236 2937 305">
     <span class='ocr_line' id='line_1_2' title="bbox 1412 236 2937 305; baseline -0.008 0"><span class='ocrx_word' id='word_1_2' title='bbox 1412 249 1469 305; x_wconf 84' lang='lat' dir='ltr'><strong>S.</strong></span> <span class='ocrx_word' id='word_1_3' title='bbox 1505 242 1904 304; x_wconf 77' lang='lat' dir='ltr'><strong>CLEMENTIS</strong></span> <span class='ocrx_word' id='word_1_4' title='bbox 1940 244 1957 299; x_wconf 93' lang='lat' dir='ltr'><strong>l</strong></span> <span class='ocrx_word' id='word_1_5' title='bbox 1994 243 2160 300; x_wconf 73' lang='lat' dir='ltr'><strong>80M.</strong></span> <span class='ocrx_word' id='word_1_6' title='bbox 2206 242 2407 299; x_wconf 79' lang='lat' dir='ltr'><strong>PONT.</strong></span> <span class='ocrx_word' id='word_1_7' title='bbox 2447 237 2673 295; x_wconf 74' lang='lat' dir='ltr'><strong>OPERA</strong></span> <span class='ocrx_word' id='word_1_8' title='bbox 2711 236 2937 293; x_wconf 69' lang='lat' dir='ltr'><strong>DUBIA.</strong></span> 
     </span>
    </p>
   </div>
   <div class='ocr_carea' id='block_1_3' title="bbox 3592 242 3696 298">
    <p class='ocr_par' dir='ltr' id='par_1_3' title="bbox 3592 242 3696 298">
     <span class='ocr_line' id='line_1_3' title="bbox 3592 242 3696 298; baseline 0.048 -5"><span class='ocrx_word' id='word_1_9' title='bbox 3592 242 3696 298; x_wconf 64' lang='grc' dir='ltr'><strong>ἱῖὲὸ</strong></span> 
     </span>
    </p>
   </div>
   <div class='ocr_carea' id='block_1_4' title="bbox 557 348 3703 444">
    <p class='ocr_par' dir='ltr' id='par_1_4' title="bbox 557 348 3703 444">
     <span class='ocr_line' id='line_1_4' title="bbox 557 348 3703 444; baseline -0.006 -16"><span class='ocrx_word' id='word_1_10' title='bbox 557 375 769 444; x_wconf 78' lang='lat' dir='ltr'><strong>plenius</strong></span> <span class='ocrx_word' id='word_1_11' title='bbox 792 390 915 431; x_wconf 85' lang='lat' dir='ltr'><strong>eum</strong></span> <span class='ocrx_word' id='word_1_12' title='bbox 946 373 1012 428; x_wconf 89' lang='lat' dir='ltr'><strong>de</strong></span> <span class='ocrx_word' id='word_1_13' title='bbox 1035 372 1122 428; x_wconf 88' lang='lat' dir='ltr'><strong>his</strong></span> <span class='ocrx_word' id='word_1_14' title='bbox 1149 384 1271 442; x_wconf 79' lang='lat' dir='ltr'><strong>quze</strong></span> <span class='ocrx_word' id='word_1_15' title='bbox 1303 369 1508 425; x_wconf 84' lang='lat' dir='ltr'><strong>sentire</strong></span> <span class='ocrx_word' id='word_1_16' title='bbox 1533 368 1720 438; x_wconf 71' lang='lat' dir='ltr'><strong>erepit,</strong></span> <span class='ocrx_word' id='word_1_17' title='bbox 1745 366 1986 422; x_wconf 75' lang='lat' dir='ltr'><strong>edocuit.</strong></span> <span class='ocrx_word' id='word_1_18' title='bbox 2022 363 2129 419; x_wconf 89' lang='lat' dir='ltr'><strong>Sed</strong></span> <span class='ocrx_word' id='word_1_19' title='bbox 2162 373 2205 429; x_wconf 74' lang='grc' dir='ltr'><strong>Α</strong></span> <span class='ocrx_word' id='word_1_20' title='bbox 2235 362 2468 433; x_wconf 89' lang='lat' dir='ltr'><strong>patriam</strong></span> <span class='ocrx_word' id='word_1_21' title='bbox 2512 369 2735 425; x_wconf 88' lang='lat' dir='ltr'><strong>terram,</strong></span> <span class='ocrx_word' id='word_1_22' title='bbox 2787 361 2976 415; x_wconf 84' lang='lat' dir='ltr'><strong>decem</strong></span> <span class='ocrx_word' id='word_1_23' title='bbox 3033 348 3202 424; x_wconf 83' lang='lat' dir='ltr'><strong>plagis</strong></span> <span class='ocrx_word' id='word_1_24' title='bbox 3246 353 3527 409; x_wconf 76' lang='lat' dir='ltr'><strong>cmlestibus</strong></span> <span class='ocrx_word' id='word_1_25' title='bbox 3551 356 3703 421; x_wconf 71' lang='lat' dir='ltr'><strong>affecit,</strong></span> 
     </span>
    </p>
   </div>
   <div class='ocr_carea' id='block_1_5' title="bbox 554 460 2137 539">
    <p class='ocr_par' dir='ltr' id='par_1_5' title="bbox 554 460 2137 539">
     <span class='ocr_line' id='line_1_5' title="bbox 554 460 2137 539; baseline -0.008 -17"><span class='ocrx_word' id='word_1_26' title='bbox 554 473 607 522; x_wconf 87' lang='lat' dir='ltr'><strong>et</strong></span> <span class='ocrx_word' id='word_1_27' title='bbox 644 467 773 538; x_wconf 91' lang='lat' dir='ltr'><strong>quid</strong></span> <span class='ocrx_word' id='word_1_28' title='bbox 805 467 986 539; x_wconf 84' lang='lat' dir='ltr'><strong>generi</strong></span> <span class='ocrx_word' id='word_1_29' title='bbox 1017 466 1137 534; x_wconf 85' lang='lat' dir='ltr'><strong>ejus</strong></span> <span class='ocrx_word' id='word_1_30' title='bbox 1165 479 1228 519; x_wconf 89' lang='lat' dir='ltr'><strong>ac</strong></span> <span class='ocrx_word' id='word_1_31' title='bbox 1263 461 1570 533; x_wconf 73' lang='lat' dir='ltr'><strong>posteritati</strong></span> <span class='ocrx_word' id='word_1_32' title='bbox 1600 460 1913 521; x_wconf 80' lang='lat' dir='ltr'><strong>deberetur,</strong></span> <span class='ocrx_word' id='word_1_33' title='bbox 1948 465 2137 512; x_wconf 84' lang='lat' dir='ltr'><strong>osten-</strong></span> 
     </span>
    </p>
   </div>
   <div class='ocr_carea' id='block_1_6' title="bbox 555 550 2133 623">
    <p class='ocr_par' dir='ltr' id='par_1_6' title="bbox 555 550 2133 623">
     <span class='ocr_line' id='line_1_6' title="bbox 555 550 2133 623; baseline -0.005 -12"><span class='ocrx_word' id='word_1_34' title='bbox 555 560 657 623; x_wconf 86' lang='lat' dir='ltr'><strong>dit,</strong></span> <span class='ocrx_word' id='word_1_35' title='bbox 686 568 739 615; x_wconf 88' lang='lat' dir='ltr'><strong>et</strong></span> <span class='ocrx_word' id='word_1_36' title='bbox 770 566 1004 614; x_wconf 81' lang='lat' dir='ltr'><strong>nontam</strong></span> <span class='ocrx_word' id='word_1_37' title='bbox 1036 559 1117 612; x_wconf 92' lang='lat' dir='ltr'><strong>eis</strong></span> <span class='ocrx_word' id='word_1_38' title='bbox 1140 556 1320 611; x_wconf 91' lang='lat' dir='ltr'><strong>danda</strong></span> <span class='ocrx_word' id='word_1_39' title='bbox 1348 555 1463 608; x_wconf 71' lang='lat' dir='ltr'><strong>haec</strong></span> <span class='ocrx_word' id='word_1_40' title='bbox 1492 555 1632 618; x_wconf 89' lang='lat' dir='ltr'><strong>loca,</strong></span> <span class='ocrx_word' id='word_1_41' title='bbox 1662 567 1825 623; x_wconf 86' lang='lat' dir='ltr'><strong>quam</strong></span> <span class='ocrx_word' id='word_1_42' title='bbox 1857 550 2133 605; x_wconf 88' lang='lat' dir='ltr'><strong>reddenda</strong></span> 
     </span>
    </p>
   </div>
   <div class='ocr_carea' id='block_1_7' title="bbox 556 650 828 723">
    <p class='ocr_par' dir='ltr' id='par_1_7' title="bbox 556 650 828 723">
     <span class='ocr_line' id='line_1_7' title="bbox 556 650 828 723; baseline -0.004 -17"><span class='ocrx_word' id='word_1_43' title='bbox 556 650 828 723; x_wconf 83' lang='lat' dir='ltr'><strong>promisit.</strong></span> 
     </span>
    </p>
   </div>
   <div class='ocr_carea' id='block_1_8' title="bbox 628 731 2135 810">
    <p class='ocr_par' dir='ltr' id='par_1_8' title="bbox 628 731 2135 810">
     <span class='ocr_line' id='line_1_8' title="bbox 628 731 2135 810; baseline -0.007 -15"><span class='ocrx_word' id='word_1_44' title='bbox 628 738 867 796; x_wconf 78' lang='lat' dir='ltr'><strong>XXXIII.</strong></span> <span class='ocrx_word' id='word_1_45' title='bbox 900 737 1070 810; x_wconf 84' lang='lat' dir='ltr'><strong>Igitur</strong></span> <span class='ocrx_word' id='word_1_46' title='bbox 1100 736 1373 792; x_wconf 81' lang='lat' dir='ltr'><strong>Abraham</strong></span> <span class='ocrx_word' id='word_1_47' title='bbox 1397 750 1524 790; x_wconf 92' lang='lat' dir='ltr'><strong>cum</strong></span> <span class='ocrx_word' id='word_1_48' title='bbox 1552 748 1737 790; x_wconf 90' lang='lat' dir='ltr'><strong>rerum</strong></span> <span class='ocrx_word' id='word_1_49' title='bbox 1766 747 1964 786; x_wconf 88' lang='lat' dir='ltr'><strong>causas</strong></span> <span class='ocrx_word' id='word_1_50' title='bbox 1993 731 2135 786; x_wconf 88' lang='lat' dir='ltr'><strong>desi-</strong></span> 
     </span>
    </p>
   </div>
   <div class='ocr_carea' id='block_1_9' title="bbox 554 826 2137 903">
    <p class='ocr_par' dir='ltr' id='par_1_9' title="bbox 554 826 2137 903">
     <span class='ocr_line' id='line_1_9' title="bbox 554 826 2137 903; baseline -0.008 -16"><span class='ocrx_word' id='word_1_51' title='bbox 554 833 770 887; x_wconf 77' lang='lat' dir='ltr'><strong>deraret</strong></span> <span class='ocrx_word' id='word_1_52' title='bbox 808 845 1123 903; x_wconf 89' lang='lat' dir='ltr'><strong>agnoscere,</strong></span> <span class='ocrx_word' id='word_1_53' title='bbox 1158 828 1323 899; x_wconf 84' lang='lat' dir='ltr'><strong>idque</strong></span> <span class='ocrx_word' id='word_1_54' title='bbox 1352 842 1537 882; x_wconf 89' lang='lat' dir='ltr'><strong>secum</strong></span> <span class='ocrx_word' id='word_1_55' title='bbox 1561 826 1766 879; x_wconf 90' lang='lat' dir='ltr'><strong>intenta</strong></span> <span class='ocrx_word' id='word_1_56' title='bbox 1799 834 1981 878; x_wconf 86' lang='lat' dir='ltr'><strong>mente</strong></span> <span class='ocrx_word' id='word_1_57' title='bbox 2011 838 2137 893; x_wconf 84' lang='lat' dir='ltr'><strong>per-</strong></span> 
     </span>
    </p>
   </div>
   <div class='ocr_carea' id='block_1_10' title="bbox 557 917 2135 994">
    <p class='ocr_par' dir='ltr' id='par_1_10' title="bbox 557 917 2135 994">
     <span class='ocr_line' id='line_1_10' title="bbox 557 917 2135 994; baseline -0.005 -15"><span class='ocrx_word' id='word_1_58' title='bbox 557 926 815 989; x_wconf 81' lang='lat' dir='ltr'><strong>volveret,</strong></span> <span class='ocrx_word' id='word_1_59' title='bbox 879 922 1131 994; x_wconf 84' lang='lat' dir='ltr'><strong>apparuit</strong></span> <span class='ocrx_word' id='word_1_60' title='bbox 1174 921 1226 977; x_wconf 88' lang='lat' dir='ltr'><strong>ei</strong></span> <span class='ocrx_word' id='word_1_61' title='bbox 1275 936 1438 976; x_wconf 90' lang='lat' dir='ltr'><strong>verus</strong></span> <span class='ocrx_word' id='word_1_62' title='bbox 1492 917 1786 987; x_wconf 82' lang='lat' dir='ltr'><strong>PrOpbeta,</strong></span> <span class='ocrx_word' id='word_1_63' title='bbox 1835 917 1927 986; x_wconf 89' lang='lat' dir='ltr'><strong>qui</strong></span> <span class='ocrx_word' id='word_1_64' title='bbox 1983 917 2135 971; x_wconf 86' lang='lat' dir='ltr'><strong>solus</strong></span> 
     </span>
    </p>
   </div>
   <div class='ocr_carea' id='block_1_11' title="bbox 561 1007 2133 1081">
    <p class='ocr_par' dir='ltr' id='par_1_11' title="bbox 561 1007 2133 1081">
     <span class='ocr_line' id='line_1_11' title="bbox 561 1007 2133 1081; baseline -0.003 -18"><span class='ocrx_word' id='word_1_65' title='bbox 561 1011 841 1066; x_wconf 86' lang='lat' dir='ltr'><strong>hominum</strong></span> <span class='ocrx_word' id='word_1_66' title='bbox 888 1013 1054 1066; x_wconf 89' lang='lat' dir='ltr'><strong>corda</strong></span> <span class='ocrx_word' id='word_1_67' title='bbox 1099 1019 1153 1066; x_wconf 91' lang='lat' dir='ltr'><strong>et</strong></span> <span class='ocrx_word' id='word_1_68' title='bbox 1190 1011 1530 1081; x_wconf 90' lang='lat' dir='ltr'><strong>propositum</strong></span> <span class='ocrx_word' id='word_1_69' title='bbox 1587 1009 1759 1073; x_wconf 89' lang='lat' dir='ltr'><strong>novit,</strong></span> <span class='ocrx_word' id='word_1_70' title='bbox 1787 1008 2044 1063; x_wconf 84' lang='lat' dir='ltr'><strong>etomnia</strong></span> <span class='ocrx_word' id='word_1_71' title='bbox 2083 1007 2133 1060; x_wconf 85' lang='lat' dir='ltr'><strong>ei</strong></span> 
     </span>
    </p>
   </div>
   <div class='ocr_carea' id='block_1_12' title="bbox 556 1101 2136 1173">
    <p class='ocr_par' dir='ltr' id='par_1_12' title="bbox 556 1101 2136 1173">
     <span class='ocr_line' id='line_1_12' title="bbox 556 1101 2136 1173; baseline 0 -18"><span class='ocrx_word' id='word_1_72' title='bbox 556 1119 676 1173; x_wconf 73' lang='lat' dir='ltr'><strong>qua:</strong></span> <span class='ocrx_word' id='word_1_73' title='bbox 705 1102 1049 1157; x_wconf 86' lang='lat' dir='ltr'><strong>desiderabat</strong></span> <span class='ocrx_word' id='word_1_74' title='bbox 1090 1101 1327 1173; x_wconf 83' lang='lat' dir='ltr'><strong>aperuit,</strong></span> <span class='ocrx_word' id='word_1_75' title='bbox 1365 1101 1679 1157; x_wconf 79' lang='lat' dir='ltr'><strong>Divinitatis</strong></span> <span class='ocrx_word' id='word_1_76' title='bbox 1730 1101 2012 1157; x_wconf 78' lang='lat' dir='ltr'><strong>scientiam</strong></span> <span class='ocrx_word' id='word_1_77' title='bbox 2037 1101 2136 1155; x_wconf 84' lang='lat' dir='ltr'><strong>do-</strong></span> 
     </span>
    </p>
   </div>
   <div class='ocr_carea' id='block_1_13' title="bbox 556 1194 2131 1266">
    <p class='ocr_par' dir='ltr' id='par_1_13' title="bbox 556 1194 2131 1266">
     <span class='ocr_line' id='line_1_13' title="bbox 556 1194 2131 1266; baseline -0.001 -17"><span class='ocrx_word' id='word_1_78' title='bbox 556 1196 689 1259; x_wconf 87' lang='lat' dir='ltr'><strong>cuit,</strong></span> <span class='ocrx_word' id='word_1_79' title='bbox 732 1196 920 1250; x_wconf 88' lang='lat' dir='ltr'><strong>mundi</strong></span> <span class='ocrx_word' id='word_1_80' title='bbox 972 1196 1237 1266; x_wconf 81' lang='lat' dir='ltr'><strong>originem</strong></span> <span class='ocrx_word' id='word_1_81' title='bbox 1270 1196 1540 1265; x_wconf 74' lang='lat' dir='ltr'><strong>finemque</strong></span> <span class='ocrx_word' id='word_1_82' title='bbox 1591 1194 1795 1265; x_wconf 89' lang='lat' dir='ltr'><strong>pariter</strong></span> <span class='ocrx_word' id='word_1_83' title='bbox 1851 1194 2131 1259; x_wconf 83' lang='lat' dir='ltr'><strong>indicavit,</strong></span> 
     </span>
    </p>
   </div>
   <div class='ocr_carea' id='block_1_14' title="bbox 557 1284 2135 1355">
    <p class='ocr_par' dir='ltr' id='par_1_14' title="bbox 557 1284 2135 1355">
     <span class='ocr_line' id='line_1_14' title="bbox 557 1284 2135 1355; baseline 0.001 -16"><span class='ocrx_word' id='word_1_84' title='bbox 557 1287 751 1340; x_wconf 70' lang='lat' dir='ltr'><strong>anima:</strong></span> <span class='ocrx_word' id='word_1_85' title='bbox 784 1286 1247 1341; x_wconf 83' lang='lat' dir='ltr'><strong>immortalitatem</strong></span> <span class='ocrx_word' id='word_1_86' title='bbox 1298 1300 1362 1339; x_wconf 89' lang='lat' dir='ltr'><strong>ac</strong></span> <span class='ocrx_word' id='word_1_87' title='bbox 1404 1284 1619 1340; x_wconf 84' lang='lat' dir='ltr'><strong>vivendi</strong></span> <span class='ocrx_word' id='word_1_88' title='bbox 1652 1285 1901 1340; x_wconf 86' lang='lat' dir='ltr'><strong>instituta</strong></span> <span class='ocrx_word' id='word_1_89' title='bbox 1937 1286 2135 1355; x_wconf 88' lang='lat' dir='ltr'><strong>quibus</strong></span> 
     </span>
    </p>
   </div>
   <div class='ocr_carea' id='block_1_15' title="bbox 555 1377 2137 1448">
    <p class='ocr_par' dir='ltr' id='par_1_15' title="bbox 555 1377 2137 1448">
     <span class='ocr_line' id='line_1_15' title="bbox 555 1377 2137 1448; baseline 0.001 -19"><span class='ocrx_word' id='word_1_90' title='bbox 555 1378 666 1433; x_wconf 89' lang='lat' dir='ltr'><strong>Deo</strong></span> <span class='ocrx_word' id='word_1_91' title='bbox 723 1378 1067 1447; x_wconf 85' lang='lat' dir='ltr'><strong>placeretur,</strong></span> <span class='ocrx_word' id='word_1_92' title='bbox 1125 1377 1397 1441; x_wconf 87' lang='lat' dir='ltr'><strong>ostendit,</strong></span> <span class='ocrx_word' id='word_1_93' title='bbox 1470 1384 1879 1432; x_wconf 89' lang='lat' dir='ltr'><strong>resurrecturos</strong></span> <span class='ocrx_word' id='word_1_94' title='bbox 1918 1390 2137 1448; x_wconf 86' lang='lat' dir='ltr'><strong>quoque</strong></span> 
     </span>
    </p>
   </div>
   <div class='ocr_carea' id='block_1_16' title="bbox 557 1466 2138 1536">
    <p class='ocr_par' dir='ltr' id='par_1_16' title="bbox 557 1466 2138 1536">
     <span class='ocr_line' id='line_1_16' title="bbox 557 1466 2138 1536; baseline -0.001 -14"><span class='ocrx_word' id='word_1_95' title='bbox 557 1476 822 1530; x_wconf 90' lang='lat' dir='ltr'><strong>mortuos,</strong></span> <span class='ocrx_word' id='word_1_96' title='bbox 854 1467 1200 1536; x_wconf 90' lang='lat' dir='ltr'><strong>acjudieium</strong></span> <span class='ocrx_word' id='word_1_97' title='bbox 1232 1466 1497 1529; x_wconf 86' lang='lat' dir='ltr'><strong>futurum,</strong></span> <span class='ocrx_word' id='word_1_98' title='bbox 1531 1467 1798 1521; x_wconf 90' lang='lat' dir='ltr'><strong>bonorum</strong></span> <span class='ocrx_word' id='word_1_99' title='bbox 1820 1480 2138 1520; x_wconf 87' lang='lat' dir='ltr'><strong>remunera-</strong></span> 
     </span>
    </p>
   </div>
   <div class='ocr_carea' id='block_1_17' title="bbox 556 1557 2165 1628">
    <p class='ocr_par' dir='ltr' id='par_1_17' title="bbox 556 1557 2165 1628">
     <span class='ocr_line' id='line_1_17' title="bbox 556 1557 2165 1628; baseline 0 -17"><span class='ocrx_word' id='word_1_100' title='bbox 556 1560 779 1622; x_wconf 81' lang='lat' dir='ltr'><strong>tionem,</strong></span> <span class='ocrx_word' id='word_1_101' title='bbox 810 1558 1076 1612; x_wconf 90' lang='lat' dir='ltr'><strong>malorum</strong></span> <span class='ocrx_word' id='word_1_102' title='bbox 1108 1573 1321 1628; x_wconf 68' lang='lat' dir='ltr'><strong>pinnas,</strong></span> <span class='ocrx_word' id='word_1_103' title='bbox 1376 1557 1526 1627; x_wconf 86' lang='lat' dir='ltr'><strong>justo</strong></span> <span class='ocrx_word' id='word_1_104' title='bbox 1552 1565 1751 1612; x_wconf 89' lang='lat' dir='ltr'><strong>cuncta</strong></span> <span class='ocrx_word' id='word_1_105' title='bbox 1801 1557 2165 1612; x_wconf 89' lang='lat' dir='ltr'><strong>moderando</strong></span> 
     </span>
    </p>
   </div>
   <div class='ocr_carea' id='block_1_18' title="bbox 550 1648 2139 1719">
    <p class='ocr_par' dir='ltr' id='par_1_18' title="bbox 550 1648 2139 1719">
     <span class='ocr_line' id='line_1_18' title="bbox 550 1648 2139 1719; baseline -0.001 -15"><span class='ocrx_word' id='word_1_106' title='bbox 550 1651 757 1719; x_wconf 81' lang='lat' dir='ltr'><strong>judicio</strong></span> <span class='ocrx_word' id='word_1_107' title='bbox 785 1650 1115 1713; x_wconf 82' lang='lat' dir='ltr'><strong>declaravit,</strong></span> <span class='ocrx_word' id='word_1_108' title='bbox 1148 1649 1512 1718; x_wconf 87' lang='lat' dir='ltr'><strong>omnibusque</strong></span> <span class='ocrx_word' id='word_1_109' title='bbox 1563 1649 1666 1702; x_wconf 88' lang='lat' dir='ltr'><strong>rite</strong></span> <span class='ocrx_word' id='word_1_110' title='bbox 1697 1664 1762 1703; x_wconf 90' lang='lat' dir='ltr'><strong>ac</strong></span> <span class='ocrx_word' id='word_1_111' title='bbox 1805 1648 2139 1704; x_wconf 80' lang='lat' dir='ltr'><strong>sumcienter</strong></span> 
     </span>
    </p>
   </div>
   <div class='ocr_carea' id='block_1_19' title="bbox 2235 444 3709 527">
    <p class='ocr_par' dir='ltr' id='par_1_19' title="bbox 2235 444 3709 527">
     <span class='ocr_line' id='line_1_19' title="bbox 2235 444 3709 527; baseline -0.005 -19"><span class='ocrx_word' id='word_1_112' title='bbox 2235 455 2493 527; x_wconf 85' lang='lat' dir='ltr'><strong>populum</strong></span> <span class='ocrx_word' id='word_1_113' title='bbox 2543 464 2674 507; x_wconf 84' lang='lat' dir='ltr'><strong>vero</strong></span> <span class='ocrx_word' id='word_1_114' title='bbox 2712 452 2804 507; x_wconf 90' lang='lat' dir='ltr'><strong>Dei</strong></span> <span class='ocrx_word' id='word_1_115' title='bbox 2828 449 3017 507; x_wconf 81' lang='lat' dir='ltr'><strong>eduxit</strong></span> <span class='ocrx_word' id='word_1_116' title='bbox 3045 464 3111 503; x_wconf 81' lang='lat' dir='ltr'><strong>ex</strong></span> <span class='ocrx_word' id='word_1_117' title='bbox 3142 446 3384 516; x_wconf 65' lang='lat' dir='ltr'><strong>Egypto.</strong></span> <span class='ocrx_word' id='word_1_118' title='bbox 3435 444 3527 499; x_wconf 87' lang='lat' dir='ltr'><strong>Sed</strong></span> <span class='ocrx_word' id='word_1_119' title='bbox 3550 448 3624 516; x_wconf 88' lang='lat' dir='ltr'><strong>qui</strong></span> <span class='ocrx_word' id='word_1_120' title='bbox 3639 466 3709 503; x_wconf 79' lang='lat' dir='ltr'><strong>su-</strong></span> 
     </span>
    </p>
   </div>
   <div class='ocr_carea' id='block_1_20' title="bbox 2238 539 3708 615">
    <p class='ocr_par' dir='ltr' id='par_1_20' title="bbox 2238 539 3708 615">
     <span class='ocr_line' id='line_1_20' title="bbox 2238 539 3708 615; baseline -0.004 -15"><span class='ocrx_word' id='word_1_121' title='bbox 2238 545 2559 615; x_wconf 82' lang='lat' dir='ltr'><strong>perl‘uerant</strong></span> <span class='ocrx_word' id='word_1_122' title='bbox 2588 561 2655 599; x_wconf 81' lang='lat' dir='ltr'><strong>ex</strong></span> <span class='ocrx_word' id='word_1_123' title='bbox 2701 543 2996 615; x_wconf 67' lang='lat' dir='ltr'><strong>Egyptiis,</strong></span> <span class='ocrx_word' id='word_1_124' title='bbox 3024 539 3318 608; x_wconf 84' lang='lat' dir='ltr'><strong>conspirati</strong></span> <span class='ocrx_word' id='word_1_125' title='bbox 3349 553 3460 591; x_wconf 88' lang='lat' dir='ltr'><strong>cum</strong></span> <span class='ocrx_word' id='word_1_126' title='bbox 3507 540 3708 594; x_wconf 84' lang='lat' dir='ltr'><strong>animosi-</strong></span> 
     </span>
    </p>
   </div>
   <div class='ocr_carea' id='block_1_21' title="bbox 2233 629 3708 705">
    <p class='ocr_par' dir='ltr' id='par_1_21' title="bbox 2233 629 3708 705">
     <span class='ocr_line' id='line_1_21' title="bbox 2233 629 3708 705; baseline -0.005 -14"><span class='ocrx_word' id='word_1_127' title='bbox 2233 643 2344 691; x_wconf 84' lang='lat' dir='ltr'><strong>tate</strong></span> <span class='ocrx_word' id='word_1_128' title='bbox 2374 637 2517 705; x_wconf 85' lang='lat' dir='ltr'><strong>regis</strong></span> <span class='ocrx_word' id='word_1_129' title='bbox 2543 636 2651 699; x_wconf 89' lang='lat' dir='ltr'><strong>sui,</strong></span> <span class='ocrx_word' id='word_1_130' title='bbox 2683 633 2914 689; x_wconf 88' lang='lat' dir='ltr'><strong>insecuti</strong></span> <span class='ocrx_word' id='word_1_131' title='bbox 2953 641 3081 687; x_wconf 89' lang='lat' dir='ltr'><strong>sunt</strong></span> <span class='ocrx_word' id='word_1_132' title='bbox 3138 629 3417 692; x_wconf 67' lang='lat' dir='ltr'><strong>Hebraaos;</strong></span> <span class='ocrx_word' id='word_1_133' title='bbox 3458 644 3579 697; x_wconf 90' lang='lat' dir='ltr'><strong>quos</strong></span> <span class='ocrx_word' id='word_1_134' title='bbox 3619 645 3708 683; x_wconf 86' lang='lat' dir='ltr'><strong>cum</strong></span> 
     </span>
    </p>
   </div>
   <div class='ocr_carea' id='block_1_22' title="bbox 2236 720 3711 795">
    <p class='ocr_par' dir='ltr' id='par_1_22' title="bbox 2236 720 3711 795">
     <span class='ocr_line' id='line_1_22' title="bbox 2236 720 3711 795; baseline -0.003 -15"><span class='ocrx_word' id='word_1_135' title='bbox 2236 727 2571 794; x_wconf 85' lang='lat' dir='ltr'><strong>reperissent</strong></span> <span class='ocrx_word' id='word_1_136' title='bbox 2601 741 2763 795; x_wconf 89' lang='lat' dir='ltr'><strong>super</strong></span> <span class='ocrx_word' id='word_1_137' title='bbox 2789 724 2943 778; x_wconf 88' lang='lat' dir='ltr'><strong>littus</strong></span> <span class='ocrx_word' id='word_1_138' title='bbox 2968 722 3160 784; x_wconf 85' lang='lat' dir='ltr'><strong>maris,</strong></span> <span class='ocrx_word' id='word_1_139' title='bbox 3193 728 3245 774; x_wconf 87' lang='lat' dir='ltr'><strong>et</strong></span> <span class='ocrx_word' id='word_1_140' title='bbox 3274 720 3551 773; x_wconf 81' lang='lat' dir='ltr'><strong>interimere</strong></span> <span class='ocrx_word' id='word_1_141' title='bbox 3568 734 3711 775; x_wconf 79' lang='lat' dir='ltr'><strong>omnes</strong></span> 
     </span>
    </p>
   </div>
   <div class='ocr_carea' id='block_1_23' title="bbox 2236 808 3712 888">
    <p class='ocr_par' dir='ltr' id='par_1_23' title="bbox 2236 808 3712 888">
     <span class='ocr_line' id='line_1_23' title="bbox 2236 808 3712 888; baseline -0.005 -18"><span class='ocrx_word' id='word_1_142' title='bbox 2236 832 2299 870; x_wconf 91' lang='lat' dir='ltr'><strong>ac</strong></span> <span class='ocrx_word' id='word_1_143' title='bbox 2334 816 2515 872; x_wconf 90' lang='lat' dir='ltr'><strong>delere</strong></span> <span class='ocrx_word' id='word_1_144' title='bbox 2579 820 2902 888; x_wconf 77' lang='lat' dir='ltr'><strong>cogitarent,</strong></span> <span class='ocrx_word' id='word_1_145' title='bbox 2958 812 3169 883; x_wconf 79' lang='lat' dir='ltr'><strong>Moyses</strong></span> <span class='ocrx_word' id='word_1_146' title='bbox 3226 811 3455 864; x_wconf 86' lang='lat' dir='ltr'><strong>oratione</strong></span> <span class='ocrx_word' id='word_1_147' title='bbox 3489 808 3546 863; x_wconf 88' lang='lat' dir='ltr'><strong>ad</strong></span> <span class='ocrx_word' id='word_1_148' title='bbox 3587 808 3712 863; x_wconf 84' lang='lat' dir='ltr'><strong>Deum</strong></span> 
     </span>
    </p>
   </div>
   <div class='ocr_carea' id='block_1_24' title="bbox 2239 902 3715 977">
    <p class='ocr_par' dir='ltr' id='par_1_24' title="bbox 2239 902 3715 977">
     <span class='ocr_line' id='line_1_24' title="bbox 2239 902 3715 977; baseline -0.007 -12"><span class='ocrx_word' id='word_1_149' title='bbox 2239 910 2359 965; x_wconf 82' lang='lat' dir='ltr'><strong>fusa</strong></span> <span class='ocrx_word' id='word_1_150' title='bbox 2383 926 2532 965; x_wconf 90' lang='lat' dir='ltr'><strong>mare</strong></span> <span class='ocrx_word' id='word_1_151' title='bbox 2577 910 2632 963; x_wconf 92' lang='lat' dir='ltr'><strong>in</strong></span> <span class='ocrx_word' id='word_1_152' title='bbox 2661 910 2803 964; x_wconf 90' lang='lat' dir='ltr'><strong>duas</strong></span> <span class='ocrx_word' id='word_1_153' title='bbox 2841 913 3028 977; x_wconf 86' lang='lat' dir='ltr'><strong>partes</strong></span> <span class='ocrx_word' id='word_1_154' title='bbox 3056 904 3264 964; x_wconf 82' lang='lat' dir='ltr'><strong>divisit,</strong></span> <span class='ocrx_word' id='word_1_155' title='bbox 3291 903 3359 955; x_wconf 83' lang='lat' dir='ltr'><strong>ita</strong></span> <span class='ocrx_word' id='word_1_156' title='bbox 3390 911 3443 954; x_wconf 94' lang='lat' dir='ltr'><strong>ut</strong></span> <span class='ocrx_word' id='word_1_157' title='bbox 3478 917 3594 970; x_wconf 83' lang='lat' dir='ltr'><strong>aqua</strong></span> <span class='ocrx_word' id='word_1_158' title='bbox 3618 902 3715 955; x_wconf 80' lang='lat' dir='ltr'><strong>dex-</strong></span> 
     </span>
    </p>
   </div>
   <div class='ocr_carea' id='block_1_25' title="bbox 2238 998 3716 1071">
    <p class='ocr_par' dir='ltr' id='par_1_25' title="bbox 2238 998 3716 1071">
     <span class='ocr_line' id='line_1_25' title="bbox 2238 998 3716 1071; baseline -0.006 -15"><span class='ocrx_word' id='word_1_159' title='bbox 2238 1011 2351 1057; x_wconf 90' lang='lat' dir='ltr'><strong>tera</strong></span> <span class='ocrx_word' id='word_1_160' title='bbox 2400 1002 2640 1071; x_wconf 61' lang='lat' dir='ltr'><strong>lavaque</strong></span> <span class='ocrx_word' id='word_1_161' title='bbox 2696 998 2855 1070; x_wconf 87' lang='lat' dir='ltr'><strong>quasi</strong></span> <span class='ocrx_word' id='word_1_162' title='bbox 2895 998 3015 1067; x_wconf 90' lang='lat' dir='ltr'><strong>gelu</strong></span> <span class='ocrx_word' id='word_1_163' title='bbox 3060 1001 3319 1051; x_wconf 84' lang='lat' dir='ltr'><strong>concreta</strong></span> <span class='ocrx_word' id='word_1_164' title='bbox 3373 1002 3635 1057; x_wconf 80' lang='lat' dir='ltr'><strong>teneretur,</strong></span> <span class='ocrx_word' id='word_1_165' title='bbox 3677 1002 3716 1047; x_wconf 88' lang='lat' dir='ltr'><strong>et</strong></span> 
     </span>
    </p>
   </div>
   <div class='ocr_carea' id='block_1_26' title="bbox 2236 1084 3713 1163">
    <p class='ocr_par' dir='ltr' id='par_1_26' title="bbox 2236 1084 3713 1163">
     <span class='ocr_line' id='line_1_26' title="bbox 2236 1084 3713 1163; baseline -0.008 -15"><span class='ocrx_word' id='word_1_166' title='bbox 2236 1094 2469 1163; x_wconf 91' lang='lat' dir='ltr'><strong>populus</strong></span> <span class='ocrx_word' id='word_1_167' title='bbox 2524 1092 2746 1162; x_wconf 86' lang='lat' dir='ltr'><strong>quidem</strong></span> <span class='ocrx_word' id='word_1_168' title='bbox 2778 1089 2871 1144; x_wconf 88' lang='lat' dir='ltr'><strong>Dei</strong></span> <span class='ocrx_word' id='word_1_169' title='bbox 2908 1089 3168 1143; x_wconf 82' lang='lat' dir='ltr'><strong>transiret</strong></span> <span class='ocrx_word' id='word_1_170' title='bbox 3208 1087 3351 1140; x_wconf 82' lang='lat' dir='ltr'><strong>velut</strong></span> <span class='ocrx_word' id='word_1_171' title='bbox 3395 1084 3485 1138; x_wconf 89' lang='lat' dir='ltr'><strong>iter</strong></span> <span class='ocrx_word' id='word_1_172' title='bbox 3526 1084 3713 1143; x_wconf 79' lang='lat' dir='ltr'><strong>aridum,</strong></span> 
     </span>
    </p>
   </div>
   <div class='ocr_carea' id='block_1_27' title="bbox 2237 1176 3718 1256">
    <p class='ocr_par' dir='ltr' id='par_1_27' title="bbox 2237 1176 3718 1256">
     <span class='ocr_line' id='line_1_27' title="bbox 2237 1176 3718 1256; baseline -0.005 -17"><span class='ocrx_word' id='word_1_173' title='bbox 2237 1185 2587 1256; x_wconf 86' lang='lat' dir='ltr'><strong>insequentes</strong></span> <span class='ocrx_word' id='word_1_174' title='bbox 2622 1199 2750 1239; x_wconf 91' lang='lat' dir='ltr'><strong>vero</strong></span> <span class='ocrx_word' id='word_1_175' title='bbox 2786 1197 2881 1237; x_wconf 89' lang='lat' dir='ltr'><strong>eos</strong></span> <span class='ocrx_word' id='word_1_176' title='bbox 2907 1180 3147 1252; x_wconf 60' lang='lat' dir='ltr'><strong>IEgyptii</strong></span> <span class='ocrx_word' id='word_1_177' title='bbox 3181 1186 3380 1233; x_wconf 81' lang='lat' dir='ltr'><strong>temere</strong></span> <span class='ocrx_word' id='word_1_178' title='bbox 3423 1176 3614 1246; x_wconf 87' lang='lat' dir='ltr'><strong>ingressi</strong></span> <span class='ocrx_word' id='word_1_179' title='bbox 3650 1193 3718 1231; x_wconf 79' lang='lat' dir='ltr'><strong>ne-</strong></span> 
     </span>
    </p>
   </div>
   <div class='ocr_carea' id='block_1_28' title="bbox 2238 1268 3717 1336">
    <p class='ocr_par' dir='ltr' id='par_1_28' title="bbox 2238 1268 3717 1336">
     <span class='ocr_line' id='line_1_28' title="bbox 2238 1268 3717 1336; baseline -0.008 -4"><span class='ocrx_word' id='word_1_180' title='bbox 2238 1285 2514 1332; x_wconf 88' lang='lat' dir='ltr'><strong>carentur.</strong></span> <span class='ocrx_word' id='word_1_181' title='bbox 2568 1275 2669 1330; x_wconf 87' lang='lat' dir='ltr'><strong>Ubi</strong></span> <span class='ocrx_word' id='word_1_182' title='bbox 2698 1274 2843 1329; x_wconf 89' lang='lat' dir='ltr'><strong>enim</strong></span> <span class='ocrx_word' id='word_1_183' title='bbox 2876 1274 3106 1327; x_wconf 87' lang='lat' dir='ltr'><strong>ultimus</strong></span> <span class='ocrx_word' id='word_1_184' title='bbox 3129 1287 3195 1326; x_wconf 79' lang='lat' dir='ltr'><strong>ex</strong></span> <span class='ocrx_word' id='word_1_185' title='bbox 3225 1268 3548 1324; x_wconf 63' lang='lat' dir='ltr'><strong>Hebraeorum</strong></span> <span class='ocrx_word' id='word_1_186' title='bbox 3572 1268 3717 1336; x_wconf 85' lang='lat' dir='ltr'><strong>populo</strong></span> 
     </span>
    </p>
   </div>
   <div class='ocr_carea' id='block_1_29' title="bbox 2236 1358 3721 1438">
    <p class='ocr_par' dir='ltr' id='par_1_29' title="bbox 2236 1358 3721 1438">
     <span class='ocr_line' id='line_1_29' title="bbox 2236 1358 3721 1438; baseline -0.007 -14"><span class='ocrx_word' id='word_1_187' title='bbox 2236 1367 2507 1428; x_wconf 87' lang='lat' dir='ltr'><strong>ascendit,</strong></span> <span class='ocrx_word' id='word_1_188' title='bbox 2557 1364 2939 1438; x_wconf 63' lang='lat' dir='ltr'><strong>JEgyptiorum</strong></span> <span class='ocrx_word' id='word_1_189' title='bbox 2989 1377 3209 1434; x_wconf 87' lang='lat' dir='ltr'><strong>quoque</strong></span> <span class='ocrx_word' id='word_1_190' title='bbox 3249 1359 3467 1415; x_wconf 84' lang='lat' dir='ltr'><strong>ultimus</strong></span> <span class='ocrx_word' id='word_1_191' title='bbox 3506 1358 3721 1414; x_wconf 83' lang='lat' dir='ltr'><strong>descendit</strong></span> 
     </span>
    </p>
   </div>
   <div class='ocr_carea' id='block_1_30' title="bbox 2238 1452 3721 1527">
    <p class='ocr_par' dir='ltr' id='par_1_30' title="bbox 2238 1452 3721 1527">
     <span class='ocr_line' id='line_1_30' title="bbox 2238 1452 3721 1527; baseline -0.007 -13"><span class='ocrx_word' id='word_1_192' title='bbox 2238 1459 2295 1514; x_wconf 91' lang='lat' dir='ltr'><strong>in</strong></span> <span class='ocrx_word' id='word_1_193' title='bbox 2321 1474 2491 1523; x_wconf 86' lang='lat' dir='ltr'><strong>mare,</strong></span> <span class='ocrx_word' id='word_1_194' title='bbox 2523 1465 2579 1513; x_wconf 92' lang='lat' dir='ltr'><strong>et</strong></span> <span class='ocrx_word' id='word_1_195' title='bbox 2607 1458 2870 1513; x_wconf 90' lang='lat' dir='ltr'><strong>continuo</strong></span> <span class='ocrx_word' id='word_1_196' title='bbox 2899 1470 3054 1527; x_wconf 72' lang='lat' dir='ltr'><strong>aqua:</strong></span> <span class='ocrx_word' id='word_1_197' title='bbox 3082 1453 3252 1509; x_wconf 86' lang='lat' dir='ltr'><strong>maris</strong></span> <span class='ocrx_word' id='word_1_198' title='bbox 3290 1467 3404 1521; x_wconf 65' lang='lat' dir='ltr'><strong>quae</strong></span> <span class='ocrx_word' id='word_1_199' title='bbox 3428 1460 3482 1505; x_wconf 93' lang='lat' dir='ltr'><strong>ut</strong></span> <span class='ocrx_word' id='word_1_200' title='bbox 3509 1452 3721 1521; x_wconf 84' lang='lat' dir='ltr'><strong>gelucon-</strong></span> 
     </span>
    </p>
   </div>
   <div class='ocr_carea' id='block_1_31' title="bbox 2239 1542 3720 1619">
    <p class='ocr_par' dir='ltr' id='par_1_31' title="bbox 2239 1542 3720 1619">
     <span class='ocr_line' id='line_1_31' title="bbox 2239 1542 3720 1619; baseline -0.007 -12"><span class='ocrx_word' id='word_1_201' title='bbox 2239 1554 2441 1608; x_wconf 65' lang='lat' dir='ltr'><strong>stricta:</strong></span> <span class='ocrx_word' id='word_1_202' title='bbox 2466 1552 2808 1612; x_wconf 88' lang='lat' dir='ltr'><strong>tenebantur,</strong></span> <span class='ocrx_word' id='word_1_203' title='bbox 2833 1556 3105 1619; x_wconf 63' lang='lat' dir='ltr'><strong>praecepto</strong></span> <span class='ocrx_word' id='word_1_204' title='bbox 3131 1547 3253 1615; x_wconf 87' lang='lat' dir='ltr'><strong>ejus</strong></span> <span class='ocrx_word' id='word_1_205' title='bbox 3274 1544 3367 1615; x_wconf 88' lang='lat' dir='ltr'><strong>qui</strong></span> <span class='ocrx_word' id='word_1_206' title='bbox 3394 1542 3720 1599; x_wconf 73' lang='lat' dir='ltr'><strong>constrinxerat</strong></span> 
     </span>
    </p>
   </div>
   <div class='ocr_carea' id='block_1_32' title="bbox 2239 1635 3721 1711">
    <p class='ocr_par' dir='ltr' id='par_1_32' title="bbox 2239 1635 3721 1711">
     <span class='ocr_line' id='line_1_32' title="bbox 2239 1635 3721 1711; baseline -0.007 -16"><span class='ocrx_word' id='word_1_207' title='bbox 2239 1642 2517 1705; x_wconf 66' lang='lat' dir='ltr'><strong>relaxatzr,</strong></span> <span class='ocrx_word' id='word_1_208' title='bbox 2544 1656 2737 1711; x_wconf 67' lang='lat' dir='ltr'><strong>pinnas</strong></span> <span class='ocrx_word' id='word_1_209' title='bbox 2782 1642 2849 1694; x_wconf 89' lang='lat' dir='ltr'><strong>de</strong></span> <span class='ocrx_word' id='word_1_210' title='bbox 2890 1640 3186 1708; x_wconf 91' lang='lat' dir='ltr'><strong>impiorum</strong></span> <span class='ocrx_word' id='word_1_211' title='bbox 3220 1635 3413 1706; x_wconf 92' lang='lat' dir='ltr'><strong>populo</strong></span> <span class='ocrx_word' id='word_1_212' title='bbox 3445 1642 3624 1702; x_wconf 79' lang='lat' dir='ltr'><strong>recepta</strong></span> <span class='ocrx_word' id='word_1_213' title='bbox 3651 1648 3721 1685; x_wconf 79' lang='lat' dir='ltr'><strong>na-</strong></span> 
     </span>
    </p>
   </div>
   <div class='ocr_carea' id='block_1_33' title="bbox 556 1718 3199 1802">
    <p class='ocr_par' dir='ltr' id='par_1_33' title="bbox 556 1718 3199 1802">
     <span class='ocr_line' id='line_1_33' title="bbox 556 1718 3199 1802; baseline -0.006 -5"><span class='ocrx_word' id='word_1_214' title='bbox 556 1718 768 1802; x_wconf 82' lang='lat' dir='ltr'><strong>edoctis</strong></span> <span class='ocrx_word' id='word_1_215' title='bbox 798 1741 863 1794; x_wconf 87' lang='lat' dir='ltr'><strong>ad</strong></span> <span class='ocrx_word' id='word_1_216' title='bbox 896 1740 1053 1795; x_wconf 88' lang='lat' dir='ltr'><strong>sedes</strong></span> <span class='ocrx_word' id='word_1_217' title='bbox 1085 1755 1281 1796; x_wconf 87' lang='lat' dir='ltr'><strong>rursus</strong></span> <span class='ocrx_word' id='word_1_218' title='bbox 1322 1739 1626 1795; x_wconf 87' lang='lat' dir='ltr'><strong>invisibiles</strong></span> <span class='ocrx_word' id='word_1_219' title='bbox 1647 1741 1893 1795; x_wconf 89' lang='lat' dir='ltr'><strong>secessit.</strong></span> <span class='ocrx_word' id='word_1_220' title='bbox 1932 1739 2133 1796; x_wconf 88' lang='lat' dir='ltr'><strong>Verum</strong></span> <span class='ocrx_word' id='word_1_221' title='bbox 2171 1718 2213 1773; x_wconf 75' lang='grc' dir='ltr'>Β</span> <span class='ocrx_word' id='word_1_222' title='bbox 2239 1744 2372 1789; x_wconf 65' lang='lat' dir='ltr'><strong>tura:</strong></span> <span class='ocrx_word' id='word_1_223' title='bbox 2399 1750 2511 1788; x_wconf 67' lang='lat' dir='ltr'><strong>suae</strong></span> <span class='ocrx_word' id='word_1_224' title='bbox 2542 1734 2794 1787; x_wconf 83' lang='lat' dir='ltr'><strong>libertate</strong></span> <span class='ocrx_word' id='word_1_225' title='bbox 2823 1738 3199 1800; x_wconf 84' lang='lat' dir='ltr'><strong>sumpserunt.</strong></span> 
     </span>
    </p>
   </div>
   <div class='ocr_carea' id='block_1_34' title="bbox 554 1830 2135 1902">
    <p class='ocr_par' dir='ltr' id='par_1_34' title="bbox 554 1830 2135 1902">
     <span class='ocr_line' id='line_1_34' title="bbox 554 1830 2135 1902; baseline -0.001 -15"><span class='ocrx_word' id='word_1_226' title='bbox 554 1847 679 1887; x_wconf 87' lang='lat' dir='ltr'><strong>cum</strong></span> <span class='ocrx_word' id='word_1_227' title='bbox 716 1832 893 1886; x_wconf 89' lang='lat' dir='ltr'><strong>adhuc</strong></span> <span class='ocrx_word' id='word_1_228' title='bbox 920 1830 1191 1885; x_wconf 81' lang='lat' dir='ltr'><strong>Abraham</strong></span> <span class='ocrx_word' id='word_1_229' title='bbox 1246 1832 1299 1884; x_wconf 90' lang='lat' dir='ltr'><strong>in</strong></span> <span class='ocrx_word' id='word_1_230' title='bbox 1339 1830 1645 1902; x_wconf 82' lang='lat' dir='ltr'><strong>ignorantia</strong></span> <span class='ocrx_word' id='word_1_231' title='bbox 1674 1839 2003 1897; x_wconf 87' lang='lat' dir='ltr'><strong>versaretur,</strong></span> <span class='ocrx_word' id='word_1_232' title='bbox 2027 1835 2135 1886; x_wconf 87' lang='lat' dir='ltr'><strong>sic-</strong></span> 
     </span>
    </p>
   </div>
   <div class='ocr_carea' id='block_1_35' title="bbox 555 1920 2131 1991">
    <p class='ocr_par' dir='ltr' id='par_1_35' title="bbox 555 1920 2131 1991">
     <span class='ocr_line' id='line_1_35' title="bbox 555 1920 2131 1991; baseline 0 -16"><span class='ocrx_word' id='word_1_233' title='bbox 555 1929 614 1975; x_wconf 91' lang='lat' dir='ltr'><strong>ut</strong></span> <span class='ocrx_word' id='word_1_234' title='bbox 647 1922 741 1975; x_wconf 91' lang='lat' dir='ltr'><strong>tibi</strong></span> <span class='ocrx_word' id='word_1_235' title='bbox 774 1930 827 1977; x_wconf 90' lang='lat' dir='ltr'><strong>et</strong></span> <span class='ocrx_word' id='word_1_236' title='bbox 857 1930 1013 1976; x_wconf 89' lang='lat' dir='ltr'><strong>antea</strong></span> <span class='ocrx_word' id='word_1_237' title='bbox 1043 1921 1156 1991; x_wconf 89' lang='lat' dir='ltr'><strong>jam</strong></span> <span class='ocrx_word' id='word_1_238' title='bbox 1184 1920 1445 1981; x_wconf 78' lang='lat' dir='ltr'><strong>diximus,</strong></span> <span class='ocrx_word' id='word_1_239' title='bbox 1508 1921 1622 1974; x_wconf 91' lang='lat' dir='ltr'><strong>nati</strong></span> <span class='ocrx_word' id='word_1_240' title='bbox 1644 1929 1772 1975; x_wconf 90' lang='lat' dir='ltr'><strong>sunt</strong></span> <span class='ocrx_word' id='word_1_241' title='bbox 1799 1922 1847 1975; x_wconf 90' lang='lat' dir='ltr'><strong>ei</strong></span> <span class='ocrx_word' id='word_1_242' title='bbox 1878 1920 1971 1974; x_wconf 79' lang='lat' dir='ltr'><strong>filii</strong></span> <span class='ocrx_word' id='word_1_243' title='bbox 2000 1921 2131 1986; x_wconf 90' lang='lat' dir='ltr'><strong>duo,</strong></span> 
     </span>
    </p>
   </div>
   <div class='ocr_carea' id='block_1_36' title="bbox 555 2011 2133 2085">
    <p class='ocr_par' dir='ltr' id='par_1_36' title="bbox 555 2011 2133 2085">
     <span class='ocr_line' id='line_1_36' title="bbox 555 2011 2133 2085; baseline -0.001 -17"><span class='ocrx_word' id='word_1_244' title='bbox 555 2030 786 2084; x_wconf 76' lang='lat' dir='ltr'><strong>quarunt</strong></span> <span class='ocrx_word' id='word_1_245' title='bbox 814 2011 1190 2077; x_wconf 88' lang='lat' dir='ltr'><strong>unuslsmael,</strong></span> <span class='ocrx_word' id='word_1_246' title='bbox 1226 2012 1368 2069; x_wconf 89' lang='lat' dir='ltr'><strong>alius</strong></span> <span class='ocrx_word' id='word_1_247' title='bbox 1393 2011 1705 2069; x_wconf 90' lang='lat' dir='ltr'><strong>Heliesdros</strong></span> <span class='ocrx_word' id='word_1_248' title='bbox 1737 2012 1848 2085; x_wconf 70' lang='lat'><strong>(52)</strong></span> <span class='ocrx_word' id='word_1_249' title='bbox 1880 2013 2133 2084; x_wconf 86' lang='lat' dir='ltr'><strong>appellati</strong></span> 
     </span>
    </p>
   </div>
   <div class='ocr_carea' id='block_1_37' title="bbox 556 2104 2134 2175">
    <p class='ocr_par' dir='ltr' id='par_1_37' title="bbox 556 2104 2134 2175">
     <span class='ocr_line' id='line_1_37' title="bbox 556 2104 2134 2175; baseline -0.003 -12"><span class='ocrx_word' id='word_1_250' title='bbox 556 2114 706 2163; x_wconf 84' lang='lat' dir='ltr'><strong>sunt.</strong></span> <span class='ocrx_word' id='word_1_251' title='bbox 760 2106 840 2160; x_wconf 78' lang='lat' dir='ltr'><strong>Ex</strong></span> <span class='ocrx_word' id='word_1_252' title='bbox 885 2106 993 2160; x_wconf 90' lang='lat' dir='ltr'><strong>alio</strong></span> <span class='ocrx_word' id='word_1_253' title='bbox 1037 2105 1281 2159; x_wconf 67' lang='lat' dir='ltr'><strong>barbara:</strong></span> <span class='ocrx_word' id='word_1_254' title='bbox 1335 2112 1558 2175; x_wconf 87' lang='lat' dir='ltr'><strong>gentes,</strong></span> <span class='ocrx_word' id='word_1_255' title='bbox 1590 2120 1657 2160; x_wconf 80' lang='lat' dir='ltr'><strong>ex</strong></span> <span class='ocrx_word' id='word_1_256' title='bbox 1708 2105 1814 2159; x_wconf 90' lang='lat' dir='ltr'><strong>alio</strong></span> <span class='ocrx_word' id='word_1_257' title='bbox 1843 2104 2134 2160; x_wconf 83' lang='lat' dir='ltr'><strong>Persarum</strong></span> 
     </span>
    </p>
   </div>
   <div class='ocr_carea' id='block_1_38' title="bbox 558 2196 2137 2271">
    <p class='ocr_par' dir='ltr' id='par_1_38' title="bbox 558 2196 2137 2271">
     <span class='ocr_line' id='line_1_38' title="bbox 558 2196 2137 2271; baseline -0.002 -18"><span class='ocrx_word' id='word_1_258' title='bbox 558 2198 1134 2271; x_wconf 65' lang='lat' dir='ltr'><strong>populideseendunt.</strong></span> <span class='ocrx_word' id='word_1_259' title='bbox 1178 2196 1219 2250; x_wconf 87' lang='lat' dir='ltr'>E</span> <span class='ocrx_word' id='word_1_260' title='bbox 1261 2197 1465 2267; x_wconf 89' lang='lat' dir='ltr'><strong>quibus</strong></span> <span class='ocrx_word' id='word_1_261' title='bbox 1486 2197 1736 2251; x_wconf 90' lang='lat' dir='ltr'><strong>nonnulli</strong></span> <span class='ocrx_word' id='word_1_262' title='bbox 1768 2197 2137 2251; x_wconf 82' lang='lat' dir='ltr'><strong>Brachmano-</strong></span> 
     </span>
    </p>
   </div>
   <div class='ocr_carea' id='block_1_39' title="bbox 560 2290 2134 2360">
    <p class='ocr_par' dir='ltr' id='par_1_39' title="bbox 560 2290 2134 2360">
     <span class='ocr_line' id='line_1_39' title="bbox 560 2290 2134 2360; baseline -0.001 -13"><span class='ocrx_word' id='word_1_263' title='bbox 560 2309 678 2347; x_wconf 84' lang='lat' dir='ltr'><strong>rum</strong></span> <span class='ocrx_word' id='word_1_264' title='bbox 707 2293 873 2346; x_wconf 90' lang='lat' dir='ltr'><strong>vitam</strong></span> <span class='ocrx_word' id='word_1_265' title='bbox 904 2298 958 2346; x_wconf 92' lang='lat' dir='ltr'><strong>et</strong></span> <span class='ocrx_word' id='word_1_266' title='bbox 988 2290 1165 2345; x_wconf 89' lang='lat' dir='ltr'><strong>vicina</strong></span> <span class='ocrx_word' id='word_1_267' title='bbox 1198 2290 1451 2344; x_wconf 84' lang='lat' dir='ltr'><strong>instituta</strong></span> <span class='ocrx_word' id='word_1_268' title='bbox 1478 2291 1672 2344; x_wconf 86' lang='lat' dir='ltr'><strong>sectati</strong></span> <span class='ocrx_word' id='word_1_269' title='bbox 1695 2298 1845 2355; x_wconf 92' lang='lat' dir='ltr'><strong>sunt,</strong></span> <span class='ocrx_word' id='word_1_270' title='bbox 1874 2290 1965 2345; x_wconf 91' lang='lat' dir='ltr'><strong>alii</strong></span> <span class='ocrx_word' id='word_1_271' title='bbox 1990 2290 2134 2360; x_wconf 86' lang='lat' dir='ltr'><strong>apud</strong></span> 
     </span>
    </p>
   </div>
   <div class='ocr_carea' id='block_1_40' title="bbox 559 2383 2135 2454">
    <p class='ocr_par' dir='ltr' id='par_1_40' title="bbox 559 2383 2135 2454">
     <span class='ocr_line' id='line_1_40' title="bbox 559 2383 2135 2454; baseline 0 -14"><span class='ocrx_word' id='word_1_272' title='bbox 559 2384 815 2440; x_wconf 73' lang='lat' dir='ltr'><strong>Arabiam</strong></span> <span class='ocrx_word' id='word_1_273' title='bbox 857 2383 1246 2449; x_wconf 85' lang='lat' dir='ltr'><strong>consederunt,</strong></span> <span class='ocrx_word' id='word_1_274' title='bbox 1272 2398 1340 2438; x_wconf 86' lang='lat' dir='ltr'><strong>ex</strong></span> <span class='ocrx_word' id='word_1_275' title='bbox 1365 2397 1598 2453; x_wconf 89' lang='lat' dir='ltr'><strong>quorum</strong></span> <span class='ocrx_word' id='word_1_276' title='bbox 1629 2384 1865 2454; x_wconf 85' lang='lat' dir='ltr'><strong>posteris</strong></span> <span class='ocrx_word' id='word_1_277' title='bbox 1889 2385 2135 2440; x_wconf 90' lang='lat' dir='ltr'><strong>nonnulli</strong></span> 
     </span>
    </p>
   </div>
   <div class='ocr_carea' id='block_1_41' title="bbox 556 2471 2136 2546">
    <p class='ocr_par' dir='ltr' id='par_1_41' title="bbox 556 2471 2136 2546">
     <span class='ocr_line' id='line_1_41' title="bbox 556 2471 2136 2546; baseline 0.002 -19"><span class='ocrx_word' id='word_1_278' title='bbox 556 2478 719 2533; x_wconf 72' lang='lat' dir='ltr'><strong>etiam</strong></span> <span class='ocrx_word' id='word_1_279' title='bbox 756 2476 809 2528; x_wconf 89' lang='lat' dir='ltr'><strong>in</strong></span> <span class='ocrx_word' id='word_1_280' title='bbox 836 2472 1129 2543; x_wconf 60' lang='lat' dir='ltr'><strong>Egyptum</strong></span> <span class='ocrx_word' id='word_1_281' title='bbox 1166 2471 1400 2542; x_wconf 87' lang='lat' dir='ltr'><strong>dispersi</strong></span> <span class='ocrx_word' id='word_1_282' title='bbox 1438 2481 1587 2530; x_wconf 90' lang='lat' dir='ltr'><strong>sunt.</strong></span> <span class='ocrx_word' id='word_1_283' title='bbox 1633 2472 1764 2530; x_wconf 89' lang='lat' dir='ltr'><strong>lnde</strong></span> <span class='ocrx_word' id='word_1_284' title='bbox 1810 2475 2045 2546; x_wconf 89' lang='lat' dir='ltr'><strong>denique</strong></span> <span class='ocrx_word' id='word_1_285' title='bbox 2081 2484 2136 2530; x_wconf 90' lang='lat' dir='ltr'><strong>et</strong></span> 
     </span>
    </p>
   </div>
   <div class='ocr_carea' id='block_1_42' title="bbox 561 2562 2137 2637">
    <p class='ocr_par' dir='ltr' id='par_1_42' title="bbox 561 2562 2137 2637">
     <span class='ocr_line' id='line_1_42' title="bbox 561 2562 2137 2637; baseline -0.001 -17"><span class='ocrx_word' id='word_1_286' title='bbox 561 2568 812 2623; x_wconf 88' lang='lat' dir='ltr'><strong>Indorum</strong></span> <span class='ocrx_word' id='word_1_287' title='bbox 841 2566 1063 2637; x_wconf 91' lang='lat' dir='ltr'><strong>quidam</strong></span> <span class='ocrx_word' id='word_1_288' title='bbox 1094 2572 1148 2618; x_wconf 89' lang='lat' dir='ltr'><strong>et</strong></span> <span class='ocrx_word' id='word_1_289' title='bbox 1177 2562 1560 2634; x_wconf 48' lang='lat' dir='ltr'><strong>«Egyptiorum</strong></span> <span class='ocrx_word' id='word_1_290' title='bbox 1616 2564 1936 2619; x_wconf 88' lang='lat' dir='ltr'><strong>circumcidi</strong></span> <span class='ocrx_word' id='word_1_291' title='bbox 1992 2565 2137 2618; x_wconf 89' lang='lat' dir='ltr'><strong>didi-</strong></span> 
     </span>
    </p>
   </div>
   <div class='ocr_carea' id='block_1_43' title="bbox 559 2654 2135 2728">
    <p class='ocr_par' dir='ltr' id='par_1_43' title="bbox 559 2654 2135 2728">
     <span class='ocr_line' id='line_1_43' title="bbox 559 2654 2135 2728; baseline -0.001 -14"><span class='ocrx_word' id='word_1_292' title='bbox 559 2675 693 2725; x_wconf 81' lang='lat' dir='ltr'><strong>cere</strong></span> <span class='ocrx_word' id='word_1_293' title='bbox 720 2674 784 2712; x_wconf 89' lang='lat' dir='ltr'><strong>ac</strong></span> <span class='ocrx_word' id='word_1_294' title='bbox 814 2656 1054 2728; x_wconf 89' lang='lat' dir='ltr'><strong>purioris</strong></span> <span class='ocrx_word' id='word_1_295' title='bbox 1102 2654 1470 2709; x_wconf 61' lang='lat' dir='ltr'><strong>observantiae</strong></span> <span class='ocrx_word' id='word_1_296' title='bbox 1523 2670 1648 2709; x_wconf 86' lang='lat' dir='ltr'><strong>esse</strong></span> <span class='ocrx_word' id='word_1_297' title='bbox 1702 2672 1866 2725; x_wconf 88' lang='lat' dir='ltr'><strong>quam</strong></span> <span class='ocrx_word' id='word_1_298' title='bbox 1929 2657 2135 2721; x_wconf 63' lang='lat' dir='ltr'><strong>caeteri,</strong></span> 
     </span>
    </p>
   </div>
   <div class='ocr_carea' id='block_1_44' title="bbox 560 2747 2134 2823">
    <p class='ocr_par' dir='ltr' id='par_1_44' title="bbox 560 2747 2134 2823">
     <span class='ocr_line' id='line_1_44' title="bbox 560 2747 2134 2823; baseline -0.003 -16"><span class='ocrx_word' id='word_1_299' title='bbox 560 2753 684 2807; x_wconf 91' lang='lat' dir='ltr'><strong>licet</strong></span> <span class='ocrx_word' id='word_1_300' title='bbox 726 2765 989 2823; x_wconf 83' lang='lat' dir='ltr'><strong>processu</strong></span> <span class='ocrx_word' id='word_1_301' title='bbox 1042 2747 1303 2815; x_wconf 87' lang='lat' dir='ltr'><strong>temporis</strong></span> <span class='ocrx_word' id='word_1_302' title='bbox 1360 2748 1751 2817; x_wconf 89' lang='lat' dir='ltr'><strong>quamplurimi</strong></span> <span class='ocrx_word' id='word_1_303' title='bbox 1823 2764 2014 2803; x_wconf 88' lang='lat' dir='ltr'><strong>eorum</strong></span> <span class='ocrx_word' id='word_1_304' title='bbox 2067 2751 2134 2803; x_wconf 93' lang='lat' dir='ltr'><strong>ad</strong></span> 
     </span>
    </p>
   </div>
   <div class='ocr_carea' id='block_1_45' title="bbox 561 2839 2134 2912">
    <p class='ocr_par' dir='ltr' id='par_1_45' title="bbox 561 2839 2134 2912">
     <span class='ocr_line' id='line_1_45' title="bbox 561 2839 2134 2912; baseline -0.001 -16"><span class='ocrx_word' id='word_1_305' title='bbox 561 2843 893 2912; x_wconf 85' lang='lat' dir='ltr'><strong>impietatem</strong></span> <span class='ocrx_word' id='word_1_306' title='bbox 916 2845 1191 2894; x_wconf 81' lang='lat' dir='ltr'><strong>verterent</strong></span> <span class='ocrx_word' id='word_1_307' title='bbox 1220 2846 1596 2909; x_wconf 79' lang='lat' dir='ltr'><strong>argumentum</strong></span> <span class='ocrx_word' id='word_1_308' title='bbox 1626 2847 1679 2893; x_wconf 91' lang='lat' dir='ltr'><strong>et</strong></span> <span class='ocrx_word' id='word_1_309' title='bbox 1729 2839 1988 2910; x_wconf 88' lang='lat' dir='ltr'><strong>indicium</strong></span> <span class='ocrx_word' id='word_1_310' title='bbox 2037 2856 2134 2896; x_wconf 43' lang='lat' dir='ltr'><strong>ca.-</strong></span> 
     </span>
    </p>
   </div>
   <div class='ocr_carea' id='block_1_46' title="bbox 560 2934 782 2989">
    <p class='ocr_par' dir='ltr' id='par_1_46' title="bbox 560 2934 782 2989">
     <span class='ocr_line' id='line_1_46' title="bbox 560 2934 782 2989; baseline 0 0"><span class='ocrx_word' id='word_1_311' title='bbox 560 2934 782 2989; x_wconf 84' lang='lat' dir='ltr'><strong>stitatis.</strong></span> 
     </span>
    </p>
   </div>
   <div class='ocr_carea' id='block_1_47' title="bbox 596 3023 2133 3091">
    <p class='ocr_par' dir='ltr' id='par_1_47' title="bbox 596 3023 2133 3091">
     <span class='ocr_line' id='line_1_47' title="bbox 596 3023 2133 3091; baseline 0 -12"><span class='ocrx_word' id='word_1_312' title='bbox 596 3023 868 3091; x_wconf 42' lang='lat' dir='ltr'><strong>,XXXLV.</strong></span> <span class='ocrx_word' id='word_1_313' title='bbox 903 3023 1288 3080; x_wconf 83' lang='lat' dir='ltr'><strong>Verumtamen</strong></span> <span class='ocrx_word' id='word_1_314' title='bbox 1318 3039 1447 3078; x_wconf 88' lang='lat' dir='ltr'><strong>cum</strong></span> <span class='ocrx_word' id='word_1_315' title='bbox 1490 3025 1589 3080; x_wconf 93' lang='lat' dir='ltr'><strong>hos</strong></span> <span class='ocrx_word' id='word_1_316' title='bbox 1636 3024 1776 3079; x_wconf 84' lang='lat' dir='ltr'><strong>duos</strong></span> <span class='ocrx_word' id='word_1_317' title='bbox 1830 3025 1969 3082; x_wconf 85' lang='lat' dir='ltr'><strong>ﬁlios</strong></span> <span class='ocrx_word' id='word_1_318' title='bbox 1992 3034 2133 3081; x_wconf 86' lang='lat' dir='ltr'><strong>tern-</strong></span> 
     </span>
    </p>
   </div>
   <div class='ocr_carea' id='block_1_48' title="bbox 561 3118 2137 3188">
    <p class='ocr_par' dir='ltr' id='par_1_48' title="bbox 561 3118 2137 3188">
     <span class='ocr_line' id='line_1_48' title="bbox 561 3118 2137 3188; baseline 0.001 -17"><span class='ocrx_word' id='word_1_319' title='bbox 561 3134 710 3188; x_wconf 90' lang='lat' dir='ltr'><strong>pore,</strong></span> <span class='ocrx_word' id='word_1_320' title='bbox 763 3133 873 3188; x_wconf 88' lang='lat' dir='ltr'><strong>quo</strong></span> <span class='ocrx_word' id='word_1_321' title='bbox 922 3118 1100 3171; x_wconf 91' lang='lat' dir='ltr'><strong>adhuc</strong></span> <span class='ocrx_word' id='word_1_322' title='bbox 1156 3118 1209 3170; x_wconf 88' lang='lat' dir='ltr'><strong>in</strong></span> <span class='ocrx_word' id='word_1_323' title='bbox 1270 3118 1575 3188; x_wconf 81' lang='lat' dir='ltr'><strong>ignorantia</strong></span> <span class='ocrx_word' id='word_1_324' title='bbox 1643 3133 1823 3172; x_wconf 87' lang='lat' dir='ltr'><strong>rerum</strong></span> <span class='ocrx_word' id='word_1_325' title='bbox 1888 3119 2137 3185; x_wconf 78' lang='lat' dir='ltr'><strong>vixerat,</strong></span> 
     </span>
    </p>
   </div>
   <div class='ocr_carea' id='block_1_49' title="bbox 561 3209 2141 3282">
    <p class='ocr_par' dir='ltr' id='par_1_49' title="bbox 561 3209 2141 3282">
     <span class='ocr_line' id='line_1_49' title="bbox 561 3209 2141 3282; baseline 0.001 -17"><span class='ocrx_word' id='word_1_326' title='bbox 561 3213 915 3282; x_wconf 87' lang='lat' dir='ltr'><strong>suscepisset,</strong></span> <span class='ocrx_word' id='word_1_327' title='bbox 947 3209 1041 3264; x_wconf 88' lang='lat' dir='ltr'><strong>Dei</strong></span> <span class='ocrx_word' id='word_1_328' title='bbox 1074 3210 1348 3280; x_wconf 82' lang='lat' dir='ltr'><strong>agnitione</strong></span> <span class='ocrx_word' id='word_1_329' title='bbox 1378 3218 1629 3280; x_wconf 87' lang='lat' dir='ltr'><strong>percepta</strong></span> <span class='ocrx_word' id='word_1_330' title='bbox 1664 3211 1793 3280; x_wconf 85' lang='lat' dir='ltr'><strong>petit</strong></span> <span class='ocrx_word' id='word_1_331' title='bbox 1815 3211 1882 3265; x_wconf 91' lang='lat' dir='ltr'><strong>ab</strong></span> <span class='ocrx_word' id='word_1_332' title='bbox 1912 3227 1994 3277; x_wconf 89' lang='lat' dir='ltr'><strong>eo,</strong></span> <span class='ocrx_word' id='word_1_333' title='bbox 2013 3213 2141 3282; x_wconf 86' lang='lat' dir='ltr'><strong>quia</strong></span> 
     </span>
    </p>
   </div>
   <div class='ocr_carea' id='block_1_50' title="bbox 560 3300 2141 3373">
    <p class='ocr_par' dir='ltr' id='par_1_50' title="bbox 560 3300 2141 3373">
     <span class='ocr_line' id='line_1_50' title="bbox 560 3300 2141 3373; baseline -0.001 -15"><span class='ocrx_word' id='word_1_334' title='bbox 560 3314 674 3358; x_wconf 90' lang='lat' dir='ltr'><strong>erat</strong></span> <span class='ocrx_word' id='word_1_335' title='bbox 700 3302 902 3372; x_wconf 88' lang='lat' dir='ltr'><strong>justus,</strong></span> <span class='ocrx_word' id='word_1_336' title='bbox 936 3310 996 3355; x_wconf 91' lang='lat' dir='ltr'><strong>ut</strong></span> <span class='ocrx_word' id='word_1_337' title='bbox 1025 3317 1091 3356; x_wconf 79' lang='lat' dir='ltr'><strong>ex</strong></span> <span class='ocrx_word' id='word_1_338' title='bbox 1118 3300 1251 3355; x_wconf 89' lang='lat' dir='ltr'><strong>Sara</strong></span> <span class='ocrx_word' id='word_1_339' title='bbox 1280 3317 1401 3371; x_wconf 78' lang='lat' dir='ltr'><strong>quae</strong></span> <span class='ocrx_word' id='word_1_340' title='bbox 1426 3300 1475 3355; x_wconf 92' lang='lat' dir='ltr'><strong>ei</strong></span> <span class='ocrx_word' id='word_1_341' title='bbox 1499 3309 1615 3356; x_wconf 86' lang='lat' dir='ltr'><strong>erat</strong></span> <span class='ocrx_word' id='word_1_342' title='bbox 1635 3305 1846 3371; x_wconf 79' lang='lat' dir='ltr'><strong>conjux</strong></span> <span class='ocrx_word' id='word_1_343' title='bbox 1880 3303 2141 3373; x_wconf 83' lang='lat' dir='ltr'><strong>legitima,</strong></span> 
     </span>
    </p>
   </div>
   <div class='ocr_carea' id='block_1_51' title="bbox 560 3392 2136 3463">
    <p class='ocr_par' dir='ltr' id='par_1_51' title="bbox 560 3392 2136 3463">
     <span class='ocr_line' id='line_1_51' title="bbox 560 3392 2136 3463; baseline -0.001 -14"><span class='ocrx_word' id='word_1_344' title='bbox 560 3410 685 3450; x_wconf 91' lang='lat' dir='ltr'><strong>cum</strong></span> <span class='ocrx_word' id='word_1_345' title='bbox 730 3404 876 3449; x_wconf 89' lang='lat' dir='ltr'><strong>esset</strong></span> <span class='ocrx_word' id='word_1_346' title='bbox 918 3393 1143 3459; x_wconf 88' lang='lat' dir='ltr'><strong>sterilis,</strong></span> <span class='ocrx_word' id='word_1_347' title='bbox 1190 3392 1393 3447; x_wconf 80' lang='lat' dir='ltr'><strong>habere</strong></span> <span class='ocrx_word' id='word_1_348' title='bbox 1445 3393 1756 3463; x_wconf 85' lang='lat' dir='ltr'><strong>progeniem</strong></span> <span class='ocrx_word' id='word_1_349' title='bbox 1805 3403 2136 3462; x_wconf 86' lang='lat' dir='ltr'><strong>mereretur;</strong></span> 
     </span>
    </p>
   </div>
   <div class='ocr_carea' id='block_1_52' title="bbox 559 3482 2133 3556">
    <p class='ocr_par' dir='ltr' id='par_1_52' title="bbox 559 3482 2133 3556">
     <span class='ocr_line' id='line_1_52' title="bbox 559 3482 2133 3556; baseline -0.001 -15"><span class='ocrx_word' id='word_1_350' title='bbox 559 3493 614 3541; x_wconf 82' lang='lat' dir='ltr'><strong>et</strong></span> <span class='ocrx_word' id='word_1_351' title='bbox 637 3491 867 3556; x_wconf 80' lang='lat' dir='ltr'><strong>accepit,</strong></span> <span class='ocrx_word' id='word_1_352' title='bbox 912 3500 1070 3555; x_wconf 87' lang='lat' dir='ltr'><strong>quem</strong></span> <span class='ocrx_word' id='word_1_353' title='bbox 1099 3493 1151 3539; x_wconf 92' lang='lat' dir='ltr'><strong>et</strong></span> <span class='ocrx_word' id='word_1_354' title='bbox 1182 3482 1335 3538; x_wconf 89' lang='lat' dir='ltr'><strong>lsaac</strong></span> <span class='ocrx_word' id='word_1_355' title='bbox 1368 3485 1688 3547; x_wconf 82' lang='lat' dir='ltr'><strong>nominavit,</strong></span> <span class='ocrx_word' id='word_1_356' title='bbox 1732 3499 1797 3537; x_wconf 84' lang='lat' dir='ltr'><strong>ex</strong></span> <span class='ocrx_word' id='word_1_357' title='bbox 1824 3500 1932 3554; x_wconf 91' lang='lat' dir='ltr'><strong>quo</strong></span> <span class='ocrx_word' id='word_1_358' title='bbox 1972 3493 2133 3539; x_wconf 85' lang='lat' dir='ltr'><strong>natus</strong></span> 
     </span>
    </p>
   </div>
   <div class='ocr_carea' id='block_1_53' title="bbox 559 3575 2128 3646">
    <p class='ocr_par' dir='ltr' id='par_1_53' title="bbox 559 3575 2128 3646">
     <span class='ocr_line' id='line_1_53' title="bbox 559 3575 2128 3646; baseline -0.001 -12"><span class='ocrx_word' id='word_1_359' title='bbox 559 3587 644 3635; x_wconf 90' lang='lat' dir='ltr'><strong>est</strong></span> <span class='ocrx_word' id='word_1_360' title='bbox 669 3577 873 3643; x_wconf 85' lang='lat' dir='ltr'><strong>Jacob,</strong></span> <span class='ocrx_word' id='word_1_361' title='bbox 919 3578 987 3633; x_wconf 93' lang='lat' dir='ltr'><strong>de</strong></span> <span class='ocrx_word' id='word_1_362' title='bbox 1013 3575 1185 3631; x_wconf 88' lang='lat' dir='ltr'><strong>Jacob</strong></span> <span class='ocrx_word' id='word_1_363' title='bbox 1232 3584 1414 3631; x_wconf 88' lang='lat' dir='ltr'><strong>autem</strong></span> <span class='ocrx_word' id='word_1_364' title='bbox 1468 3575 1755 3631; x_wconf 88' lang='lat' dir='ltr'><strong>duodecim</strong></span> <span class='ocrx_word' id='word_1_365' title='bbox 1784 3577 2128 3646; x_wconf 67' lang='lat' dir='ltr'><strong>patriarchae,</strong></span> 
     </span>
    </p>
   </div>
   <div class='ocr_carea' id='block_1_54' title="bbox 559 3667 2133 3739">
    <p class='ocr_par' dir='ltr' id='par_1_54' title="bbox 559 3667 2133 3739">
     <span class='ocr_line' id='line_1_54' title="bbox 559 3667 2133 3739; baseline 0 -15"><span class='ocrx_word' id='word_1_366' title='bbox 559 3678 612 3726; x_wconf 90' lang='lat' dir='ltr'><strong>et</strong></span> <span class='ocrx_word' id='word_1_367' title='bbox 640 3685 705 3725; x_wconf 80' lang='lat' dir='ltr'><strong>ex</strong></span> <span class='ocrx_word' id='word_1_368' title='bbox 739 3669 873 3739; x_wconf 90' lang='lat' dir='ltr'><strong>ipsis</strong></span> <span class='ocrx_word' id='word_1_369' title='bbox 903 3667 1187 3721; x_wconf 88' lang='lat' dir='ltr'><strong>duodecim</strong></span> <span class='ocrx_word' id='word_1_370' title='bbox 1212 3667 1560 3738; x_wconf 78' lang='lat' dir='ltr'><strong>septuaginta</strong></span> <span class='ocrx_word' id='word_1_371' title='bbox 1583 3667 1691 3721; x_wconf 91' lang='lat' dir='ltr'><strong>duo</strong></span> <span class='ocrx_word' id='word_1_372' title='bbox 1723 3668 1855 3737; x_wconf 76' lang='grc'><strong>(55).</strong></span> <span class='ocrx_word' id='word_1_373' title='bbox 1891 3667 1957 3721; x_wconf 85' lang='lat' dir='ltr'><strong>Hi</strong></span> <span class='ocrx_word' id='word_1_374' title='bbox 1990 3668 2133 3724; x_wconf 86' lang='lat' dir='ltr'><strong>fame</strong></span> 
     </span>
    </p>
   </div>
   <div class='ocr_carea' id='block_1_55' title="bbox 559 3761 2128 3833">
    <p class='ocr_par' dir='ltr' id='par_1_55' title="bbox 559 3761 2128 3833">
     <span class='ocr_line' id='line_1_55' title="bbox 559 3761 2128 3833; baseline -0.001 -15"><span class='ocrx_word' id='word_1_375' title='bbox 559 3770 752 3819; x_wconf 77' lang='lat' dir='ltr'><strong>exorta</strong></span> <span class='ocrx_word' id='word_1_376' title='bbox 795 3763 849 3815; x_wconf 88' lang='lat' dir='ltr'><strong>in</strong></span> <span class='ocrx_word' id='word_1_377' title='bbox 902 3761 1197 3833; x_wconf 61' lang='lat' dir='ltr'><strong>Egyptum</strong></span> <span class='ocrx_word' id='word_1_378' title='bbox 1224 3761 1451 3815; x_wconf 86' lang='lat' dir='ltr'><strong>veniunt</strong></span> <span class='ocrx_word' id='word_1_379' title='bbox 1488 3775 1613 3814; x_wconf 93' lang='lat' dir='ltr'><strong>cum</strong></span> <span class='ocrx_word' id='word_1_380' title='bbox 1646 3761 1795 3815; x_wconf 90' lang='lat' dir='ltr'><strong>omni</strong></span> <span class='ocrx_word' id='word_1_381' title='bbox 1818 3762 1978 3816; x_wconf 90' lang='lat' dir='ltr'><strong>domo</strong></span> <span class='ocrx_word' id='word_1_382' title='bbox 2004 3779 2128 3829; x_wconf 89' lang='lat' dir='ltr'><strong>sua,</strong></span> 
     </span>
    </p>
   </div>
   <div class='ocr_carea' id='block_1_56' title="bbox 559 3851 2132 3924">
    <p class='ocr_par' dir='ltr' id='par_1_56' title="bbox 559 3851 2132 3924">
     <span class='ocr_line' id='line_1_56' title="bbox 559 3851 2132 3924; baseline 0 -12"><span class='ocrx_word' id='word_1_383' title='bbox 559 3866 614 3913; x_wconf 92' lang='lat' dir='ltr'><strong>et</strong></span> <span class='ocrx_word' id='word_1_384' title='bbox 653 3858 795 3911; x_wconf 90' lang='lat' dir='ltr'><strong>intra</strong></span> <span class='ocrx_word' id='word_1_385' title='bbox 843 3871 1018 3911; x_wconf 90' lang='lat' dir='ltr'><strong>annos</strong></span> <span class='ocrx_word' id='word_1_386' title='bbox 1054 3853 1483 3924; x_wconf 80' lang='lat' dir='ltr'><strong>quadringentos</strong></span> <span class='ocrx_word' id='word_1_387' title='bbox 1511 3851 1622 3924; x_wconf 74' lang='grc'><strong>(54)</strong></span> <span class='ocrx_word' id='word_1_388' title='bbox 1670 3854 2049 3911; x_wconf 86' lang='lat' dir='ltr'><strong>benedictione</strong></span> <span class='ocrx_word' id='word_1_389' title='bbox 2077 3866 2132 3912; x_wconf 90' lang='lat' dir='ltr'><strong>et</strong></span> 
     </span>
    </p>
   </div>
   <div class='ocr_carea' id='block_1_57' title="bbox 562 3946 2130 4021">
    <p class='ocr_par' dir='ltr' id='par_1_57' title="bbox 562 3946 2130 4021">
     <span class='ocr_line' id='line_1_57' title="bbox 562 3946 2130 4021; baseline -0.001 -18"><span class='ocrx_word' id='word_1_390' title='bbox 562 3950 923 4021; x_wconf 83' lang='lat' dir='ltr'><strong>promissione</strong></span> <span class='ocrx_word' id='word_1_391' title='bbox 951 3947 1045 4002; x_wconf 91' lang='lat' dir='ltr'><strong>Dei</strong></span> <span class='ocrx_word' id='word_1_392' title='bbox 1077 3946 1443 4016; x_wconf 76' lang='lat' dir='ltr'><strong>multiplicati,</strong></span> <span class='ocrx_word' id='word_1_393' title='bbox 1464 3946 1840 4017; x_wconf 70' lang='lat' dir='ltr'><strong>adﬁgebantur</strong></span> <span class='ocrx_word' id='word_1_394' title='bbox 1862 3950 1931 4003; x_wconf 86' lang='lat' dir='ltr'><strong>ab</strong></span> <span class='ocrx_word' id='word_1_395' title='bbox 1960 3948 2130 4021; x_wconf 61' lang='lat' dir='ltr'><strong>JEgy-</strong></span> 
     </span>
    </p>
   </div>
   <div class='ocr_carea' id='block_1_58' title="bbox 562 4038 2131 4112">
    <p class='ocr_par' dir='ltr' id='par_1_58' title="bbox 562 4038 2131 4112">
     <span class='ocr_line' id='line_1_58' title="bbox 562 4038 2131 4112; baseline 0 -17"><span class='ocrx_word' id='word_1_396' title='bbox 562 4043 709 4112; x_wconf 78' lang='lat' dir='ltr'><strong>ptiis.</strong></span> <span class='ocrx_word' id='word_1_397' title='bbox 767 4040 1013 4110; x_wconf 87' lang='lat' dir='ltr'><strong>Cumque</strong></span> <span class='ocrx_word' id='word_1_398' title='bbox 1060 4038 1449 4108; x_wconf 78' lang='lat' dir='ltr'><strong>afﬂigerentur,</strong></span> <span class='ocrx_word' id='word_1_399' title='bbox 1501 4039 1751 4108; x_wconf 85' lang='lat' dir='ltr'><strong>apparuit</strong></span> <span class='ocrx_word' id='word_1_400' title='bbox 1794 4055 1957 4095; x_wconf 89' lang='lat' dir='ltr'><strong>verus</strong></span> <span class='ocrx_word' id='word_1_401' title='bbox 1996 4040 2131 4095; x_wconf 90' lang='lat' dir='ltr'><strong>Pro—</strong></span> 
     </span>
    </p>
   </div>
   <div class='ocr_carea' id='block_1_59' title="bbox 562 4134 2127 4213">
    <p class='ocr_par' dir='ltr' id='par_1_59' title="bbox 562 4134 2127 4213">
     <span class='ocr_line' id='line_1_59' title="bbox 562 4134 2127 4213; baseline -0.008 -17"><span class='ocrx_word' id='word_1_402' title='bbox 562 4144 721 4213; x_wconf 86' lang='lat' dir='ltr'><strong>pheta</strong></span> <span class='ocrx_word' id='word_1_403' title='bbox 753 4140 922 4212; x_wconf 83' lang='lat' dir='ltr'><strong>Moysi</strong></span> <span class='ocrx_word' id='word_1_404' title='bbox 948 4140 1015 4208; x_wconf 82' lang='grc' dir='ltr'><strong>⁸ο,</strong></span> <span class='ocrx_word' id='word_1_405' title='bbox 1041 4150 1095 4195; x_wconf 90' lang='lat' dir='ltr'><strong>et</strong></span> <span class='ocrx_word' id='word_1_406' title='bbox 1118 4138 1404 4211; x_wconf 61' lang='lat' dir='ltr'><strong>IEgyptios</strong></span> <span class='ocrx_word' id='word_1_407' title='bbox 1433 4137 1650 4209; x_wconf 88' lang='lat' dir='ltr'><strong>quidem</strong></span> <span class='ocrx_word' id='word_1_408' title='bbox 1697 4134 2028 4195; x_wconf 86' lang='lat' dir='ltr'><strong>resistentes,</strong></span> <span class='ocrx_word' id='word_1_409' title='bbox 2059 4144 2127 4183; x_wconf 91' lang='lat' dir='ltr'><strong>ne</strong></span> 
     </span>
    </p>
   </div>
   <div class='ocr_carea' id='block_1_60' title="bbox 564 4219 2126 4302">
    <p class='ocr_par' dir='ltr' id='par_1_60' title="bbox 564 4219 2126 4302">
     <span class='ocr_line' id='line_1_60' title="bbox 564 4219 2126 4302; baseline -0.008 -15"><span class='ocrx_word' id='word_1_410' title='bbox 564 4234 912 4288; x_wconf 79' lang='lat' dir='ltr'><strong>Hebraeorum</strong></span> <span class='ocrx_word' id='word_1_411' title='bbox 968 4231 1201 4302; x_wconf 90' lang='lat' dir='ltr'><strong>populus</strong></span> <span class='ocrx_word' id='word_1_412' title='bbox 1253 4230 1425 4285; x_wconf 82' lang='lat' dir='ltr'><strong>exiret</strong></span> <span class='ocrx_word' id='word_1_413' title='bbox 1482 4230 1550 4284; x_wconf 89' lang='lat' dir='ltr'><strong>ab</strong></span> <span class='ocrx_word' id='word_1_414' title='bbox 1591 4227 1671 4282; x_wconf 89' lang='lat' dir='ltr'><strong>eis</strong></span> <span class='ocrx_word' id='word_1_415' title='bbox 1725 4233 1781 4280; x_wconf 87' lang='lat' dir='ltr'><strong>et</strong></span> <span class='ocrx_word' id='word_1_416' title='bbox 1821 4223 2023 4279; x_wconf 88' lang='lat' dir='ltr'><strong>rediret</strong></span> <span class='ocrx_word' id='word_1_417' title='bbox 2057 4219 2126 4275; x_wconf 88' lang='lat' dir='ltr'><strong>ad</strong></span> 
     </span>
    </p>
   </div>
   <div class='ocr_carea' id='block_1_61' title="bbox 630 4357 1433 4418">
    <p class='ocr_par' dir='ltr' id='par_1_61' title="bbox 630 4357 1433 4418">
     <span class='ocr_line' id='line_1_61' title="bbox 630 4357 1433 4418; baseline -0.009 -1"><span class='ocrx_word' id='word_1_418' title='bbox 630 4364 677 4395; x_wconf 70' lang='grc' dir='ltr'><strong>⁸ο</strong></span> <span class='ocrx_word' id='word_1_419' title='bbox 717 4362 887 4418; x_wconf 79' lang='lat' dir='ltr'><strong>Exod.</strong></span> <span class='ocrx_word' id='word_1_420' title='bbox 919 4359 1012 4416; x_wconf 60' lang='grc' dir='ltr'>ιιι.</span> <span class='ocrx_word' id='word_1_421' title='bbox 1088 4358 1132 4391; x_wconf 75' lang='grc' dir='ltr'><strong>’ί</strong></span> <span class='ocrx_word' id='word_1_422' title='bbox 1173 4357 1193 4411; x_wconf 89' lang='grc' dir='ltr'><strong>ι</strong></span> <span class='ocrx_word' id='word_1_423' title='bbox 1224 4358 1351 4413; x_wconf 90' lang='lat' dir='ltr'><strong>Cor.</strong></span> <span class='ocrx_word' id='word_1_424' title='bbox 1379 4374 1433 4411; x_wconf 72' lang='grc' dir='ltr'><strong>χ.</strong></span> 
     </span>
    </p>
   </div>
   <div class='ocr_carea' id='block_1_62' title="bbox 2306 1814 3722 1893">
    <p class='ocr_par' dir='ltr' id='par_1_62' title="bbox 2306 1814 3722 1893">
     <span class='ocr_line' id='line_1_62' title="bbox 2306 1814 3722 1893; baseline -0.011 -14"><span class='ocrx_word' id='word_1_425' title='bbox 2306 1825 2522 1881; x_wconf 79' lang='lat' dir='ltr'><strong>XXXV.</strong></span> <span class='ocrx_word' id='word_1_426' title='bbox 2557 1825 2686 1879; x_wconf 90' lang='lat' dir='ltr'><strong>Post</strong></span> <span class='ocrx_word' id='word_1_427' title='bbox 2736 1825 2850 1877; x_wconf 58' lang='lat' dir='ltr'><strong>haec</strong></span> <span class='ocrx_word' id='word_1_428' title='bbox 2879 1823 3115 1893; x_wconf 82' lang='lat' dir='ltr'><strong>Moyses,</strong></span> <span class='ocrx_word' id='word_1_429' title='bbox 3154 1819 3248 1874; x_wconf 86' lang='lat' dir='ltr'><strong>Dei</strong></span> <span class='ocrx_word' id='word_1_430' title='bbox 3292 1817 3464 1872; x_wconf 84' lang='lat' dir='ltr'><strong>omnia</strong></span> <span class='ocrx_word' id='word_1_431' title='bbox 3504 1814 3722 1886; x_wconf 80' lang='lat' dir='ltr'><strong>providen-</strong></span> 
     </span>
    </p>
   </div>
   <div class='ocr_carea' id='block_1_63' title="bbox 2236 1906 3722 1988">
    <p class='ocr_par' dir='ltr' id='par_1_63' title="bbox 2236 1906 3722 1988">
     <span class='ocr_line' id='line_1_63' title="bbox 2236 1906 3722 1988; baseline -0.009 -18"><span class='ocrx_word' id='word_1_432' title='bbox 2236 1918 2308 1974; x_wconf 91' lang='lat' dir='ltr'><strong>tis</strong></span> <span class='ocrx_word' id='word_1_433' title='bbox 2339 1924 2611 1988; x_wconf 78' lang='lat' dir='ltr'><strong>praecepto</strong></span> <span class='ocrx_word' id='word_1_434' title='bbox 2636 1914 2988 1970; x_wconf 65' lang='lat' dir='ltr'><strong>Hebraeorum</strong></span> <span class='ocrx_word' id='word_1_435' title='bbox 3018 1910 3280 1982; x_wconf 88' lang='lat' dir='ltr'><strong>populum</strong></span> <span class='ocrx_word' id='word_1_436' title='bbox 3310 1907 3485 1963; x_wconf 77' lang='lat' dir='ltr'><strong>eduxit</strong></span> <span class='ocrx_word' id='word_1_437' title='bbox 3528 1907 3572 1962; x_wconf 90' lang='lat' dir='ltr'><strong>in</strong></span> <span class='ocrx_word' id='word_1_438' title='bbox 3591 1906 3722 1961; x_wconf 81' lang='lat' dir='ltr'><strong>deser-</strong></span> 
     </span>
    </p>
   </div>
   <div class='ocr_carea' id='block_1_64' title="bbox 2236 1994 3720 2073">
    <p class='ocr_par' dir='ltr' id='par_1_64' title="bbox 2236 1994 3720 2073">
     <span class='ocr_line' id='line_1_64' title="bbox 2236 1994 3720 2073; baseline -0.007 -13"><span class='ocrx_word' id='word_1_439' title='bbox 2236 2014 2378 2073; x_wconf 88' lang='lat' dir='ltr'><strong>tum,</strong></span> <span class='ocrx_word' id='word_1_440' title='bbox 2406 2016 2463 2063; x_wconf 92' lang='lat' dir='ltr'><strong>et</strong></span> <span class='ocrx_word' id='word_1_441' title='bbox 2488 2006 2591 2061; x_wconf 90' lang='lat' dir='ltr'><strong>iter</strong></span> <span class='ocrx_word' id='word_1_442' title='bbox 2622 2005 3027 2067; x_wconf 90' lang='lat' dir='ltr'><strong>brevissimum,</strong></span> <span class='ocrx_word' id='word_1_443' title='bbox 3053 1998 3204 2071; x_wconf 89' lang='lat' dir='ltr'><strong>quod</strong></span> <span class='ocrx_word' id='word_1_444' title='bbox 3240 2000 3340 2054; x_wconf 80' lang='lat' dir='ltr'><strong>fert</strong></span> <span class='ocrx_word' id='word_1_445' title='bbox 3376 1998 3440 2052; x_wconf 95' lang='lat' dir='ltr'><strong>de</strong></span> <span class='ocrx_word' id='word_1_446' title='bbox 3468 1994 3651 2067; x_wconf 68' lang='lat' dir='ltr'><strong>Egypto</strong></span> <span class='ocrx_word' id='word_1_447' title='bbox 3675 1997 3720 2049; x_wconf 78' lang='lat' dir='ltr'><strong>ad</strong></span> 
     </span>
    </p>
   </div>
   <div class='ocr_carea' id='block_1_65' title="bbox 2243 2090 3717 2170">
    <p class='ocr_par' dir='ltr' id='par_1_65' title="bbox 2243 2090 3717 2170">
     <span class='ocr_line' id='line_1_65' title="bbox 2243 2090 3717 2170; baseline -0.012 -13"><span class='ocrx_word' id='word_1_448' title='bbox 2243 2101 2505 2167; x_wconf 66' lang='lat' dir='ltr'><strong>Judzeam,</strong></span> <span class='ocrx_word' id='word_1_449' title='bbox 2538 2100 2874 2170; x_wconf 89' lang='lat' dir='ltr'><strong>relinquens,</strong></span> <span class='ocrx_word' id='word_1_450' title='bbox 2905 2113 3000 2167; x_wconf 89' lang='lat' dir='ltr'><strong>per</strong></span> <span class='ocrx_word' id='word_1_451' title='bbox 3026 2096 3221 2166; x_wconf 86' lang='lat' dir='ltr'><strong>longos</strong></span> <span class='ocrx_word' id='word_1_452' title='bbox 3250 2092 3413 2148; x_wconf 87' lang='lat' dir='ltr'><strong>eremi</strong></span> <span class='ocrx_word' id='word_1_453' title='bbox 3448 2091 3543 2163; x_wconf 73' lang='lat'><strong>(35)</strong></span> <span class='ocrx_word' id='word_1_454' title='bbox 3571 2090 3717 2160; x_wconf 82' lang='lat' dir='ltr'><strong>plebem</strong></span> 
     </span>
    </p>
   </div>
   <div class='ocr_carea' id='block_1_66' title="bbox 2243 2184 3718 2259">
    <p class='ocr_par' dir='ltr' id='par_1_66' title="bbox 2243 2184 3718 2259">
     <span class='ocr_line' id='line_1_66' title="bbox 2243 2184 3718 2259; baseline -0.012 -8"><span class='ocrx_word' id='word_1_455' title='bbox 2243 2194 2401 2251; x_wconf 80' lang='lat' dir='ltr'><strong>duxit</strong></span> <span class='ocrx_word' id='word_1_456' title='bbox 2431 2190 2732 2258; x_wconf 82' lang='lat' dir='ltr'><strong>anfractus,</strong></span> <span class='ocrx_word' id='word_1_457' title='bbox 2768 2202 2827 2245; x_wconf 92' lang='lat' dir='ltr'><strong>ut</strong></span> <span class='ocrx_word' id='word_1_458' title='bbox 2848 2189 3212 2259; x_wconf 84' lang='lat' dir='ltr'><strong>quadraginta</strong></span> <span class='ocrx_word' id='word_1_459' title='bbox 3244 2200 3498 2242; x_wconf 85' lang='lat' dir='ltr'><strong>annorum</strong></span> <span class='ocrx_word' id='word_1_460' title='bbox 3519 2184 3718 2239; x_wconf 70' lang='lat' dir='ltr'><strong>exercitiis</strong></span> 
     </span>
    </p>
   </div>
   <div class='ocr_carea' id='block_1_67' title="bbox 2244 2273 3716 2354">
    <p class='ocr_par' dir='ltr' id='par_1_67' title="bbox 2244 2273 3716 2354">
     <span class='ocr_line' id='line_1_67' title="bbox 2244 2273 3716 2354; baseline -0.009 -13"><span class='ocrx_word' id='word_1_461' title='bbox 2244 2287 2385 2343; x_wconf 88' lang='lat' dir='ltr'><strong>mala</strong></span> <span class='ocrx_word' id='word_1_462' title='bbox 2420 2299 2540 2354; x_wconf 65' lang='lat' dir='ltr'><strong>qua:</strong></span> <span class='ocrx_word' id='word_1_463' title='bbox 2584 2286 2665 2338; x_wconf 88' lang='lat' dir='ltr'><strong>eis</strong></span> <span class='ocrx_word' id='word_1_464' title='bbox 2705 2298 2773 2337; x_wconf 81' lang='lat' dir='ltr'><strong>ex</strong></span> <span class='ocrx_word' id='word_1_465' title='bbox 2817 2279 3201 2353; x_wconf 66' lang='lat' dir='ltr'><strong>Egyptiorum</strong></span> <span class='ocrx_word' id='word_1_466' title='bbox 3252 2278 3484 2334; x_wconf 88' lang='lat' dir='ltr'><strong>moribus</strong></span> <span class='ocrx_word' id='word_1_467' title='bbox 3513 2292 3595 2331; x_wconf 83' lang='lat' dir='ltr'><strong>usu</strong></span> <span class='ocrx_word' id='word_1_468' title='bbox 3619 2273 3716 2342; x_wconf 74' lang='lat' dir='ltr'><strong>longi</strong></span> 
     </span>
    </p>
   </div>
   <div class='ocr_carea' id='block_1_68' title="bbox 2234 2369 3723 2447">
    <p class='ocr_par' dir='ltr' id='par_1_68' title="bbox 2234 2369 3723 2447">
     <span class='ocr_line' id='line_1_68' title="bbox 2234 2369 3723 2447; baseline -0.01 -16"><span class='ocrx_word' id='word_1_469' title='bbox 2234 2376 2497 2447; x_wconf 88' lang='lat' dir='ltr'><strong>temporis</strong></span> <span class='ocrx_word' id='word_1_470' title='bbox 2529 2374 2889 2434; x_wconf 87' lang='lat' dir='ltr'><strong>inoleverant,</strong></span> <span class='ocrx_word' id='word_1_471' title='bbox 2919 2369 3279 2423; x_wconf 87' lang='lat' dir='ltr'><strong>innovatione</strong></span> <span class='ocrx_word' id='word_1_472' title='bbox 3306 2374 3511 2420; x_wconf 66' lang='lat' dir='ltr'><strong>mutata:</strong></span> <span class='ocrx_word' id='word_1_473' title='bbox 3556 2379 3723 2419; x_wconf 82' lang='lat' dir='ltr'><strong>consuc-</strong></span> 
     </span>
    </p>
   </div>
   <div class='ocr_carea' id='block_1_69' title="bbox 2238 2452 3723 2525">
    <p class='ocr_par' dir='ltr' id='par_1_69' title="bbox 2238 2452 3723 2525">
     <span class='ocr_line' id='line_1_69' title="bbox 2238 2452 3723 2525; baseline -0.013 -2"><span class='ocrx_word' id='word_1_474' title='bbox 2238 2468 2447 2525; x_wconf 91' lang='lat' dir='ltr'><strong>tudinis</strong></span> <span class='ocrx_word' id='word_1_475' title='bbox 2476 2467 2741 2522; x_wconf 87' lang='lat' dir='ltr'><strong>aboleret.</strong></span> <span class='ocrx_word' id='word_1_476' title='bbox 2795 2463 3010 2519; x_wconf 88' lang='lat' dir='ltr'><strong>Interea</strong></span> <span class='ocrx_word' id='word_1_477' title='bbox 3032 2461 3253 2515; x_wconf 86' lang='lat' dir='ltr'><strong>venitur</strong></span> <span class='ocrx_word' id='word_1_478' title='bbox 3281 2457 3347 2511; x_wconf 89' lang='lat' dir='ltr'><strong>ad</strong></span> <span class='ocrx_word' id='word_1_479' title='bbox 3392 2464 3594 2510; x_wconf 85' lang='lat' dir='ltr'><strong>montem</strong></span> <span class='ocrx_word' id='word_1_480' title='bbox 3616 2452 3723 2511; x_wconf 75' lang='lat' dir='ltr'><strong>Sina,</strong></span> 
     </span>
    </p>
   </div>
   <div class='ocr_carea' id='block_1_70' title="bbox 2235 2546 3726 2620">
    <p class='ocr_par' dir='ltr' id='par_1_70' title="bbox 2235 2546 3726 2620">
     <span class='ocr_line' id='line_1_70' title="bbox 2235 2546 3726 2620; baseline -0.013 -3"><span class='ocrx_word' id='word_1_481' title='bbox 2235 2569 2291 2617; x_wconf 84' lang='lat' dir='ltr'><strong>et</strong></span> <span class='ocrx_word' id='word_1_482' title='bbox 2339 2560 2467 2615; x_wconf 92' lang='lat' dir='ltr'><strong>inde</strong></span> <span class='ocrx_word' id='word_1_483' title='bbox 2496 2560 2579 2613; x_wconf 80' lang='lat' dir='ltr'><strong>lex</strong></span> <span class='ocrx_word' id='word_1_484' title='bbox 2630 2559 2731 2620; x_wconf 90' lang='lat' dir='ltr'><strong>eis,</strong></span> <span class='ocrx_word' id='word_1_485' title='bbox 2772 2555 3001 2610; x_wconf 87' lang='lat' dir='ltr'><strong>vocibus</strong></span> <span class='ocrx_word' id='word_1_486' title='bbox 3029 2560 3087 2607; x_wconf 89' lang='lat' dir='ltr'><strong>et</strong></span> <span class='ocrx_word' id='word_1_487' title='bbox 3140 2551 3444 2605; x_wconf 91' lang='lat' dir='ltr'><strong>visionibus</strong></span> <span class='ocrx_word' id='word_1_488' title='bbox 3489 2546 3726 2602; x_wconf 75' lang='lat' dir='ltr'><strong>cmlestibus</strong></span> 
     </span>
    </p>
   </div>
   <div class='ocr_carea' id='block_1_71' title="bbox 2237 2644 3723 2717">
    <p class='ocr_par' dir='ltr' id='par_1_71' title="bbox 2237 2644 3723 2717">
     <span class='ocr_line' id='line_1_71' title="bbox 2237 2644 3723 2717; baseline -0.014 -8"><span class='ocrx_word' id='word_1_489' title='bbox 2237 2654 2472 2709; x_wconf 85' lang='lat' dir='ltr'><strong>traditur</strong></span> <span class='ocrx_word' id='word_1_490' title='bbox 2526 2652 2718 2706; x_wconf 92' lang='lat' dir='ltr'><strong>decem</strong></span> <span class='ocrx_word' id='word_1_491' title='bbox 2789 2647 3106 2717; x_wconf 91' lang='lat' dir='ltr'><strong>conscripta</strong></span> <span class='ocrx_word' id='word_1_492' title='bbox 3186 2644 3507 2716; x_wconf 63' lang='lat' dir='ltr'><strong>praeceptis;</strong></span> <span class='ocrx_word' id='word_1_493' title='bbox 3559 2654 3723 2711; x_wconf 72' lang='lat' dir='ltr'><strong>Quorum</strong></span> 
     </span>
    </p>
   </div>
   <div class='ocr_carea' id='block_1_72' title="bbox 2237 2728 3727 2814">
    <p class='ocr_par' dir='ltr' id='par_1_72' title="bbox 2237 2728 3727 2814">
     <span class='ocr_line' id='line_1_72' title="bbox 2237 2728 3727 2814; baseline -0.014 -14"><span class='ocrx_word' id='word_1_494' title='bbox 2237 2746 2474 2814; x_wconf 90' lang='lat' dir='ltr'><strong>primum</strong></span> <span class='ocrx_word' id='word_1_495' title='bbox 2527 2749 2581 2796; x_wconf 91' lang='lat' dir='ltr'><strong>et</strong></span> <span class='ocrx_word' id='word_1_496' title='bbox 2625 2736 3087 2799; x_wconf 56' lang='lat' dir='ltr'><strong>maximum&#39;fuit,</strong></span> <span class='ocrx_word' id='word_1_497' title='bbox 3126 2746 3188 2789; x_wconf 90' lang='lat' dir='ltr'><strong>ut</strong></span> <span class='ocrx_word' id='word_1_498' title='bbox 3238 2737 3413 2805; x_wconf 89' lang='lat' dir='ltr'><strong>ipsum</strong></span> <span class='ocrx_word' id='word_1_499' title='bbox 3452 2734 3598 2787; x_wconf 91' lang='lat' dir='ltr'><strong>solum</strong></span> <span class='ocrx_word' id='word_1_500' title='bbox 3633 2728 3727 2782; x_wconf 80' lang='lat' dir='ltr'><strong>cole-</strong></span> 
     </span>
    </p>
   </div>
   <div class='ocr_carea' id='block_1_73' title="bbox 2238 2819 3729 2897">
    <p class='ocr_par' dir='ltr' id='par_1_73' title="bbox 2238 2819 3729 2897">
     <span class='ocr_line' id='line_1_73' title="bbox 2238 2819 3729 2897; baseline -0.013 -6"><span class='ocrx_word' id='word_1_501' title='bbox 2238 2842 2358 2891; x_wconf 87' lang='lat' dir='ltr'><strong>rent</strong></span> <span class='ocrx_word' id='word_1_502' title='bbox 2393 2833 2584 2897; x_wconf 90' lang='lat' dir='ltr'><strong>Deum,</strong></span> <span class='ocrx_word' id='word_1_503' title='bbox 2614 2846 2715 2887; x_wconf 85' lang='lat' dir='ltr'><strong>nec</strong></span> <span class='ocrx_word' id='word_1_504' title='bbox 2767 2831 2933 2885; x_wconf 89' lang='lat' dir='ltr'><strong>ullam</strong></span> <span class='ocrx_word' id='word_1_505' title='bbox 2963 2828 3069 2883; x_wconf 89' lang='lat' dir='ltr'><strong>sibi</strong></span> <span class='ocrx_word' id='word_1_506' title='bbox 3117 2828 3283 2881; x_wconf 85' lang='lat' dir='ltr'><strong>aliam</strong></span> <span class='ocrx_word' id='word_1_507' title='bbox 3309 2826 3532 2896; x_wconf 87' lang='lat' dir='ltr'><strong>speciem</strong></span> <span class='ocrx_word' id='word_1_508' title='bbox 3566 2821 3629 2876; x_wconf 79' lang='lat' dir='ltr'><strong>vel</strong></span> <span class='ocrx_word' id='word_1_509' title='bbox 3652 2819 3729 2872; x_wconf 80' lang='lat' dir='ltr'><strong>ior-</strong></span> 
     </span>
    </p>
   </div>
   <div class='ocr_carea' id='block_1_74' title="bbox 2241 2911 3731 2985">
    <p class='ocr_par' dir='ltr' id='par_1_74' title="bbox 2241 2911 3731 2985">
     <span class='ocr_line' id='line_1_74' title="bbox 2241 2911 3731 2985; baseline -0.014 -1"><span class='ocrx_word' id='word_1_510' title='bbox 2241 2944 2388 2985; x_wconf 83' lang='lat' dir='ltr'><strong>mam</strong></span> <span class='ocrx_word' id='word_1_511' title='bbox 2440 2930 2745 2981; x_wconf 88' lang='lat' dir='ltr'><strong>statuerent</strong></span> <span class='ocrx_word' id='word_1_512' title='bbox 2794 2922 2861 2975; x_wconf 89' lang='lat' dir='ltr'><strong>ad</strong></span> <span class='ocrx_word' id='word_1_513' title='bbox 2902 2918 3220 2974; x_wconf 88' lang='lat' dir='ltr'><strong>colendum.</strong></span> <span class='ocrx_word' id='word_1_514' title='bbox 3288 2917 3392 2973; x_wconf 85' lang='lat' dir='ltr'><strong>Sed</strong></span> <span class='ocrx_word' id='word_1_515' title='bbox 3440 2930 3549 2969; x_wconf 88' lang='lat' dir='ltr'><strong>cum</strong></span> <span class='ocrx_word' id='word_1_516' title='bbox 3580 2911 3731 2981; x_wconf 74' lang='lat' dir='ltr'><strong>Moyses</strong></span> 
     </span>
    </p>
   </div>
   <div class='ocr_carea' id='block_1_75' title="bbox 2231 3004 3730 3081">
    <p class='ocr_par' dir='ltr' id='par_1_75' title="bbox 2231 3004 3730 3081">
     <span class='ocr_line' id='line_1_75' title="bbox 2231 3004 3730 3081; baseline -0.017 -5"><span class='ocrx_word' id='word_1_517' title='bbox 2231 3018 2577 3076; x_wconf 80' lang='lat' dir='ltr'><strong>ascendisset</strong></span> <span class='ocrx_word' id='word_1_518' title='bbox 2613 3014 2683 3069; x_wconf 87' lang='lat' dir='ltr'><strong>ad</strong></span> <span class='ocrx_word' id='word_1_519' title='bbox 2717 3020 2978 3077; x_wconf 88' lang='lat' dir='ltr'><strong>montem,</strong></span> <span class='ocrx_word' id='word_1_520' title='bbox 3010 3012 3202 3081; x_wconf 88' lang='lat' dir='ltr'><strong>ibique</strong></span> <span class='ocrx_word' id='word_1_521' title='bbox 3240 3009 3429 3064; x_wconf 88' lang='lat' dir='ltr'><strong>diebus</strong></span> <span class='ocrx_word' id='word_1_522' title='bbox 3456 3004 3730 3078; x_wconf 78' lang='lat' dir='ltr'><strong>quadraginta</strong></span> 
     </span>
    </p>
   </div>
   <div class='ocr_carea' id='block_1_76' title="bbox 2246 3100 3729 3177">
    <p class='ocr_par' dir='ltr' id='par_1_76' title="bbox 2246 3100 3729 3177">
     <span class='ocr_line' id='line_1_76' title="bbox 2246 3100 3729 3177; baseline -0.016 -12"><span class='ocrx_word' id='word_1_523' title='bbox 2246 3116 2573 3169; x_wconf 83' lang='lat' dir='ltr'><strong>moraretur,</strong></span> <span class='ocrx_word' id='word_1_524' title='bbox 2626 3105 2860 3177; x_wconf 86' lang='lat' dir='ltr'><strong>populus</strong></span> <span class='ocrx_word' id='word_1_525' title='bbox 2908 3103 3000 3173; x_wconf 87' lang='lat' dir='ltr'><strong>qui</strong></span> <span class='ocrx_word' id='word_1_526' title='bbox 3034 3102 3228 3157; x_wconf 88' lang='lat' dir='ltr'><strong>decem</strong></span> <span class='ocrx_word' id='word_1_527' title='bbox 3285 3100 3453 3171; x_wconf 88' lang='lat' dir='ltr'><strong>plagis</strong></span> <span class='ocrx_word' id='word_1_528' title='bbox 3492 3106 3729 3167; x_wconf 81' lang='lat' dir='ltr'><strong>percussam</strong></span> 
     </span>
    </p>
   </div>
   <div class='ocr_carea' id='block_1_77' title="bbox 2241 3184 3733 3269">
    <p class='ocr_par' dir='ltr' id='par_1_77' title="bbox 2241 3184 3733 3269">
     <span class='ocr_line' id='line_1_77' title="bbox 2241 3184 3733 3269; baseline -0.015 -14"><span class='ocrx_word' id='word_1_529' title='bbox 2241 3202 2454 3257; x_wconf 88' lang='lat' dir='ltr'><strong>viderat</strong></span> <span class='ocrx_word' id='word_1_530' title='bbox 2484 3198 2800 3269; x_wconf 64' lang='lat' dir='ltr'><strong>Egyptum,</strong></span> <span class='ocrx_word' id='word_1_531' title='bbox 2834 3203 2888 3250; x_wconf 92' lang='lat' dir='ltr'><strong>et</strong></span> <span class='ocrx_word' id='word_1_532' title='bbox 2915 3194 3236 3264; x_wconf 87' lang='lat' dir='ltr'><strong>disruptum</strong></span> <span class='ocrx_word' id='word_1_533' title='bbox 3294 3206 3443 3245; x_wconf 87' lang='lat' dir='ltr'><strong>mare</strong></span> <span class='ocrx_word' id='word_1_534' title='bbox 3478 3203 3536 3242; x_wconf 88' lang='lat' dir='ltr'><strong>ac</strong></span> <span class='ocrx_word' id='word_1_535' title='bbox 3568 3184 3733 3256; x_wconf 87' lang='lat' dir='ltr'><strong>pedibus</strong></span> 
     </span>
    </p>
   </div>
   <div class='ocr_carea' id='block_1_78' title="bbox 2242 3278 3732 3363">
    <p class='ocr_par' dir='ltr' id='par_1_78' title="bbox 2242 3278 3732 3363">
     <span class='ocr_line' id='line_1_78' title="bbox 2242 3278 3732 3363; baseline -0.015 -16"><span class='ocrx_word' id='word_1_536' title='bbox 2242 3294 2570 3363; x_wconf 86' lang='lat' dir='ltr'><strong>digressum,</strong></span> <span class='ocrx_word' id='word_1_537' title='bbox 2618 3303 2819 3343; x_wconf 87' lang='lat' dir='ltr'><strong>manna</strong></span> <span class='ocrx_word' id='word_1_538' title='bbox 2849 3300 3069 3356; x_wconf 88' lang='lat' dir='ltr'><strong>quoque</strong></span> <span class='ocrx_word' id='word_1_539' title='bbox 3121 3283 3233 3339; x_wconf 90' lang='lat' dir='ltr'><strong>sibi</strong></span> <span class='ocrx_word' id='word_1_540' title='bbox 3291 3299 3389 3354; x_wconf 90' lang='lat' dir='ltr'><strong>pro</strong></span> <span class='ocrx_word' id='word_1_541' title='bbox 3436 3295 3555 3351; x_wconf 86' lang='lat' dir='ltr'><strong>pane</strong></span> <span class='ocrx_word' id='word_1_542' title='bbox 3576 3278 3732 3331; x_wconf 71' lang='lat' dir='ltr'><strong>cmlilus</strong></span> 
     </span>
    </p>
   </div>
   <div class='ocr_carea' id='block_1_79' title="bbox 2242 3365 3733 3452">
    <p class='ocr_par' dir='ltr' id='par_1_79' title="bbox 2242 3365 3733 3452">
     <span class='ocr_line' id='line_1_79' title="bbox 2242 3365 3733 3452; baseline -0.015 -11"><span class='ocrx_word' id='word_1_543' title='bbox 2242 3387 2429 3441; x_wconf 86' lang='lat' dir='ltr'><strong>datum</strong></span> <span class='ocrx_word' id='word_1_544' title='bbox 2457 3392 2510 3439; x_wconf 91' lang='lat' dir='ltr'><strong>et</strong></span> <span class='ocrx_word' id='word_1_545' title='bbox 2534 3398 2602 3438; x_wconf 77' lang='lat' dir='ltr'><strong>ex</strong></span> <span class='ocrx_word' id='word_1_546' title='bbox 2631 3380 2885 3452; x_wconf 83' lang='lat' dir='ltr'><strong>sequenti</strong></span> <span class='ocrx_word' id='word_1_547' title='bbox 2913 3387 3063 3449; x_wconf 87' lang='lat' dir='ltr'><strong>petra</strong></span> <span class='ocrx_word' id='word_1_548' title='bbox 3094 3378 3357 3448; x_wconf 87' lang='lat' dir='ltr'><strong>poculum</strong></span> <span class='ocrx_word' id='word_1_549' title='bbox 3379 3373 3682 3428; x_wconf 84' lang='lat' dir='ltr'><strong>ministratum</strong></span> <span class='ocrx_word' id='word_1_550' title='bbox 3702 3365 3733 3395; x_wconf 78' lang='grc' dir='ltr'><strong>’ί</strong></span> 
     </span>
    </p>
   </div>
   <div class='ocr_carea' id='block_1_80' title="bbox 2239 3464 3732 3554">
    <p class='ocr_par' dir='ltr' id='par_1_80' title="bbox 2239 3464 3732 3554">
     <span class='ocr_line' id='line_1_80' title="bbox 2239 3464 3732 3554; baseline -0.017 -20"><span class='ocrx_word' id='word_1_551' title='bbox 2239 3481 2382 3554; x_wconf 70' lang='lat' dir='ltr'><strong>(quae</strong></span> <span class='ocrx_word' id='word_1_552' title='bbox 2410 3476 2621 3547; x_wconf 89' lang='lat' dir='ltr'><strong>species</strong></span> <span class='ocrx_word' id='word_1_553' title='bbox 2676 3474 2787 3528; x_wconf 89' lang='lat' dir='ltr'><strong>cibi</strong></span> <span class='ocrx_word' id='word_1_554' title='bbox 2810 3473 2923 3544; x_wconf 80' lang='grc'><strong>(56)</strong></span> <span class='ocrx_word' id='word_1_555' title='bbox 2947 3486 3043 3540; x_wconf 90' lang='lat' dir='ltr'><strong>per</strong></span> <span class='ocrx_word' id='word_1_556' title='bbox 3085 3468 3349 3523; x_wconf 89' lang='lat' dir='ltr'><strong>virtutem</strong></span> <span class='ocrx_word' id='word_1_557' title='bbox 3404 3465 3512 3526; x_wconf 91' lang='lat' dir='ltr'><strong>Dei,</strong></span> <span class='ocrx_word' id='word_1_558' title='bbox 3538 3464 3584 3515; x_wconf 88' lang='lat' dir='ltr'><strong>in</strong></span> <span class='ocrx_word' id='word_1_559' title='bbox 3617 3473 3732 3529; x_wconf 84' lang='lat' dir='ltr'><strong>quem</strong></span> 
     </span>
    </p>
   </div>
   <div class='ocr_carea' id='block_1_81' title="bbox 2239 3556 3734 3645">
    <p class='ocr_par' dir='ltr' id='par_1_81' title="bbox 2239 3556 3734 3645">
     <span class='ocr_line' id='line_1_81' title="bbox 2239 3556 3734 3645; baseline -0.019 -16"><span class='ocrx_word' id='word_1_560' title='bbox 2239 3573 2470 3645; x_wconf 78' lang='lat' dir='ltr'><strong>quisque</strong></span> <span class='ocrx_word' id='word_1_561' title='bbox 2490 3567 2881 3629; x_wconf 77' lang='lat' dir='ltr'><strong>desiderasset,</strong></span> <span class='ocrx_word' id='word_1_562' title='bbox 2908 3567 3222 3618; x_wconf 85' lang='lat' dir='ltr'><strong>verteretur</strong></span> <span class='ocrx_word' id='word_1_563' title='bbox 3272 3556 3548 3629; x_wconf 89' lang='lat' dir='ltr'><strong>saporem),</strong></span> <span class='ocrx_word' id='word_1_564' title='bbox 3568 3566 3734 3619; x_wconf 81' lang='lat' dir='ltr'><strong>cumque</strong></span> 
     </span>
    </p>
   </div>
   <div class='ocr_carea' id='block_1_82' title="bbox 2252 3641 3734 3735">
    <p class='ocr_par' dir='ltr' id='par_1_82' title="bbox 2252 3641 3734 3735">
     <span class='ocr_line' id='line_1_82' title="bbox 2252 3641 3734 3735; baseline -0.02 -15"><span class='ocrx_word' id='word_1_565' title='bbox 2252 3641 2355 3720; x_wconf 71' lang='lat' dir='ltr'><strong>sub</strong></span> <span class='ocrx_word' id='word_1_566' title='bbox 2384 3641 2538 3735; x_wconf 86' lang='lat' dir='ltr'><strong>plaga</strong></span> <span class='ocrx_word' id='word_1_567' title='bbox 2566 3662 2691 3719; x_wconf 77' lang='lat' dir='ltr'><strong>caeli</strong></span> <span class='ocrx_word' id='word_1_568' title='bbox 2720 3657 3029 3715; x_wconf 83' lang='lat' dir='ltr'><strong>ardentiore</strong></span> <span class='ocrx_word' id='word_1_569' title='bbox 3065 3655 3232 3727; x_wconf 89' lang='lat' dir='ltr'><strong>positi</strong></span> <span class='ocrx_word' id='word_1_570' title='bbox 3259 3660 3457 3715; x_wconf 89' lang='lat' dir='ltr'><strong>essent,</strong></span> <span class='ocrx_word' id='word_1_571' title='bbox 3494 3662 3554 3702; x_wconf 90' lang='lat' dir='ltr'><strong>ne</strong></span> <span class='ocrx_word' id='word_1_572' title='bbox 3577 3641 3734 3698; x_wconf 64' lang='lat' dir='ltr'><strong>astibus</strong></span> 
     </span>
    </p>
   </div>
   <div class='ocr_carea' id='block_1_83' title="bbox 2255 3742 3738 3828">
    <p class='ocr_par' dir='ltr' id='par_1_83' title="bbox 2255 3742 3738 3828">
     <span class='ocr_line' id='line_1_83' title="bbox 2255 3742 3738 3828; baseline -0.019 -14"><span class='ocrx_word' id='word_1_573' title='bbox 2255 3765 2636 3828; x_wconf 88' lang='lat' dir='ltr'><strong>coquerentur,</strong></span> <span class='ocrx_word' id='word_1_574' title='bbox 2658 3754 2801 3810; x_wconf 88' lang='lat' dir='ltr'><strong>nube</strong></span> <span class='ocrx_word' id='word_1_575' title='bbox 2821 3750 3295 3808; x_wconf 87' lang='lat' dir='ltr'><strong>obumbrabantur</strong></span> <span class='ocrx_word' id='word_1_576' title='bbox 3315 3746 3368 3799; x_wconf 91' lang='lat' dir='ltr'><strong>in</strong></span> <span class='ocrx_word' id='word_1_577' title='bbox 3396 3742 3493 3828; x_wconf 83' lang='lat' dir='ltr'><strong>die,</strong></span> <span class='ocrx_word' id='word_1_578' title='bbox 3510 3746 3636 3828; x_wconf 73' lang='lat' dir='ltr'><strong>nocte</strong></span> 
     </span>
    </p>
   </div>
   <div class='ocr_carea' id='block_1_84' title="bbox 2237 3821 3737 3911">
    <p class='ocr_par' dir='ltr' id='par_1_84' title="bbox 2237 3821 3737 3911">
     <span class='ocr_line' id='line_1_84' title="bbox 2237 3821 3737 3911; baseline -0.023 -11"><span class='ocrx_word' id='word_1_579' title='bbox 2237 3821 2490 3900; x_wconf 82' lang='lat' dir='ltr'><strong>columna</strong></span> <span class='ocrx_word' id='word_1_580' title='bbox 2532 3839 2672 3911; x_wconf 84' lang='lat' dir='ltr'><strong>ignis</strong></span> <span class='ocrx_word' id='word_1_581' title='bbox 2717 3832 3197 3893; x_wconf 87' lang='lat' dir='ltr'><strong>illuminabantur,</strong></span> <span class='ocrx_word' id='word_1_582' title='bbox 3234 3842 3306 3882; x_wconf 89' lang='lat' dir='ltr'><strong>ne</strong></span> <span class='ocrx_word' id='word_1_583' title='bbox 3354 3826 3419 3879; x_wconf 88' lang='lat' dir='ltr'><strong>ad</strong></span> <span class='ocrx_word' id='word_1_584' title='bbox 3439 3821 3583 3879; x_wconf 88' lang='lat' dir='ltr'><strong>eremi</strong></span> <span class='ocrx_word' id='word_1_585' title='bbox 3616 3824 3737 3870; x_wconf 72' lang='lat' dir='ltr'><strong>vasti-</strong></span> 
     </span>
    </p>
   </div>
   <div class='ocr_carea' id='block_1_85' title="bbox 2240 3920 3734 4002">
    <p class='ocr_par' dir='ltr' id='par_1_85' title="bbox 2240 3920 3734 4002">
     <span class='ocr_line' id='line_1_85' title="bbox 2240 3920 3734 4002; baseline -0.025 -9"><span class='ocrx_word' id='word_1_586' title='bbox 2240 3947 2405 3993; x_wconf 87' lang='lat' dir='ltr'><strong>tatem</strong></span> <span class='ocrx_word' id='word_1_587' title='bbox 2434 3937 2630 3989; x_wconf 83' lang='lat' dir='ltr'><strong>borror</strong></span> <span class='ocrx_word' id='word_1_588' title='bbox 2666 3943 2883 4002; x_wconf 86' lang='lat' dir='ltr'><strong>quoque</strong></span> <span class='ocrx_word' id='word_1_589' title='bbox 2923 3924 3211 3981; x_wconf 84' lang='lat' dir='ltr'><strong>accederet</strong></span> <span class='ocrx_word' id='word_1_590' title='bbox 3247 3921 3577 3975; x_wconf 87' lang='lat' dir='ltr'><strong>tenebrarum</strong></span> <span class='ocrx_word' id='word_1_591' title='bbox 3600 3931 3608 3963; x_wconf 90' lang='lat'>:</span> <span class='ocrx_word' id='word_1_592' title='bbox 3633 3920 3734 3965; x_wconf 84' lang='lat' dir='ltr'><strong>cum,</strong></span> 
     </span>
    </p>
   </div>
   <div class='ocr_carea' id='block_1_86' title="bbox 2240 4009 3736 4102">
    <p class='ocr_par' dir='ltr' id='par_1_86' title="bbox 2240 4009 3736 4102">
     <span class='ocr_line' id='line_1_86' title="bbox 2240 4009 3736 4102; baseline -0.021 -16"><span class='ocrx_word' id='word_1_593' title='bbox 2240 4034 2490 4102; x_wconf 89' lang='lat' dir='ltr'><strong>inquam,</strong></span> <span class='ocrx_word' id='word_1_594' title='bbox 2528 4031 2837 4080; x_wconf 86' lang='lat' dir='ltr'><strong>moraretur</strong></span> <span class='ocrx_word' id='word_1_595' title='bbox 2866 4019 3080 4089; x_wconf 74' lang='lat' dir='ltr'><strong>Moyses</strong></span> <span class='ocrx_word' id='word_1_596' title='bbox 3105 4054 3121 4079; x_wconf 91' lang='lat'><strong>,</strong></span> <span class='ocrx_word' id='word_1_597' title='bbox 3174 4014 3284 4084; x_wconf 90' lang='lat' dir='ltr'><strong>ipsi</strong></span> <span class='ocrx_word' id='word_1_598' title='bbox 3340 4009 3606 4066; x_wconf 88' lang='lat' dir='ltr'><strong>secundum</strong></span> <span class='ocrx_word' id='word_1_599' title='bbox 3652 4012 3736 4067; x_wconf 67' lang='lat' dir='ltr'><strong>spe&#39;</strong></span> 
     </span>
    </p>
   </div>
   <div class='ocr_carea' id='block_1_87' title="bbox 2240 4101 3742 4193">
    <p class='ocr_par' dir='ltr' id='par_1_87' title="bbox 2240 4101 3742 4193">
     <span class='ocr_line' id='line_1_87' title="bbox 2240 4101 3742 4193; baseline -0.024 -11"><span class='ocrx_word' id='word_1_600' title='bbox 2240 4101 2378 4182; x_wconf 89' lang='lat' dir='ltr'><strong>ciem</strong></span> <span class='ocrx_word' id='word_1_601' title='bbox 2437 4122 2649 4193; x_wconf 88' lang='lat' dir='ltr'><strong>Apidis,</strong></span> <span class='ocrx_word' id='word_1_602' title='bbox 2705 4129 2868 4186; x_wconf 88' lang='lat' dir='ltr'><strong>quem</strong></span> <span class='ocrx_word' id='word_1_603' title='bbox 2899 4112 3006 4166; x_wconf 93' lang='lat' dir='ltr'><strong>coli</strong></span> <span class='ocrx_word' id='word_1_604' title='bbox 3049 4110 3104 4162; x_wconf 90' lang='lat' dir='ltr'><strong>in</strong></span> <span class='ocrx_word' id='word_1_605' title='bbox 3152 4107 3393 4177; x_wconf 63' lang='lat' dir='ltr'><strong>Egypto</strong></span> <span class='ocrx_word' id='word_1_606' title='bbox 3425 4101 3742 4193; x_wconf 4' lang='lat' dir='ltr'><strong>videran‘ligaur</strong></span> 
     </span>
    </p>
   </div>
   <div class='ocr_carea' id='block_1_88' title="bbox 2238 4187 3741 4284">
    <p class='ocr_par' dir='ltr' id='par_1_88' title="bbox 2238 4187 3741 4284">
     <span class='ocr_line' id='line_1_88' title="bbox 2238 4187 3741 4284; baseline -0.023 -11"><span class='ocrx_word' id='word_1_607' title='bbox 2238 4232 2394 4273; x_wconf 91' lang='lat' dir='ltr'><strong>reum</strong></span> <span class='ocrx_word' id='word_1_608' title='bbox 2451 4187 2616 4284; x_wconf 73' lang='lat' dir='ltr'><strong>caput</strong></span> <span class='ocrx_word' id='word_1_609' title='bbox 2680 4206 2837 4264; x_wconf 89' lang='lat' dir='ltr'><strong>vituli</strong></span> <span class='ocrx_word' id='word_1_610' title='bbox 2865 4202 3158 4277; x_wconf 60' lang='lat' dir='ltr'><strong>facientes</strong></span> <span class='ocrx_word' id='word_1_611' title='bbox 3205 4187 3741 4260; x_wconf 52' lang='lat' dir='ltr'><strong>adoravcruntmlﬁ</strong></span> 
     </span>
    </p>
   </div>
   <div class='ocr_carea' id='block_1_89' title="bbox 1856 4505 2509 4568">
    <p class='ocr_par' dir='ltr' id='par_1_89' title="bbox 1856 4505 2509 4568">
     <span class='ocr_line' id='line_1_89' title="bbox 1856 4505 2509 4568; baseline -0.014 0"><span class='ocrx_word' id='word_1_612' title='bbox 1856 4508 2222 4568; x_wconf 85' lang='lat' dir='ltr'><strong>COTELERII</strong></span> <span class='ocrx_word' id='word_1_613' title='bbox 2276 4505 2509 4562; x_wconf 76' lang='grc' dir='ltr'><strong>ΝΟΤᾹΞ.</strong></span> 
     </span>
    </p>
   </div>
   <div class='ocr_carea' id='block_1_90' title="bbox 638 4596 3743 4710">
    <p class='ocr_par' dir='ltr' id='par_1_90' title="bbox 638 4596 3743 4710">
     <span class='ocr_line' id='line_1_90' title="bbox 638 4596 3743 4710; baseline -0.008 -24"><span class='ocrx_word' id='word_1_614' title='bbox 638 4640 750 4710; x_wconf 65' lang='lat'><strong>(32)</strong></span> <span class='ocrx_word' id='word_1_615' title='bbox 796 4639 1123 4694; x_wconf 64' lang='lat' dir='ltr'><strong>Heliemros.</strong></span> <span class='ocrx_word' id='word_1_616' title='bbox 1159 4635 1445 4710; x_wconf 68' lang='lat' dir='ltr'><strong>Exemplar</strong></span> <span class='ocrx_word' id='word_1_617' title='bbox 1464 4632 1945 4710; x_wconf 53' lang='grc' dir='ltr'><strong>(Ῑξιιιάίξιριιὶίιιιιιιιιι</strong></span> <span class='ocrx_word' id='word_1_618' title='bbox 1973 4625 2140 4710; x_wconf 55' lang='grc' dir='ltr'><strong>ξζὶεδ-</strong></span> <span class='ocrx_word' id='word_1_619' title='bbox 2175 4634 2214 4686; x_wconf 87' lang='lat' dir='ltr'><strong>D</strong></span> <span class='ocrx_word' id='word_1_620' title='bbox 2242 4634 2314 4710; x_wconf 69' lang='lat' dir='ltr'><strong>tes</strong></span> <span class='ocrx_word' id='word_1_621' title='bbox 2362 4621 2575 4702; x_wconf 78' lang='lat' dir='ltr'><strong>vestigia</strong></span> <span class='ocrx_word' id='word_1_622' title='bbox 2627 4616 3035 4710; x_wconf 59' lang='lat' dir='ltr'><strong>commeantium</strong></span> <span class='ocrx_word' id='word_1_623' title='bbox 3060 4654 3074 4675; x_wconf 92' lang='lat'><strong>,</strong></span> <span class='ocrx_word' id='word_1_624' title='bbox 3116 4614 3593 4710; x_wconf 44' lang='lat' dir='ltr'><strong>quemn-31133,:</strong></span> 
     </span>
    </p>
   </div>
   <div class='ocr_carea' id='block_1_91' title="bbox 561 4698 2139 4771">
    <p class='ocr_par' dir='ltr' id='par_1_91' title="bbox 561 4698 2139 4771">
     <span class='ocr_line' id='line_1_91' title="bbox 561 4698 2139 4771; baseline -0.01 -6"><span class='ocrx_word' id='word_1_625' title='bbox 561 4698 708 4767; x_wconf 75' lang='grc' dir='ltr'><strong>ἀνόδ.</strong></span> <span class='ocrx_word' id='word_1_626' title='bbox 734 4698 1161 4764; x_wconf 71' lang='grc' dir='ltr'>Ὀειτιιιθίίιὶριιιη</span> <span class='ocrx_word' id='word_1_627' title='bbox 1184 4747 1198 4771; x_wconf 85' lang='grc'>,</span> <span class='ocrx_word' id='word_1_628' title='bbox 1246 4698 1622 4759; x_wconf 74' lang='grc' dir='ltr'><strong>Ηεῖὶηιεδάνοδ.</strong></span> <span class='ocrx_word' id='word_1_629' title='bbox 1660 4702 1815 4757; x_wconf 83' lang='lat' dir='ltr'><strong>Petili</strong></span> <span class='ocrx_word' id='word_1_630' title='bbox 1843 4740 1856 4759; x_wconf 87' lang='lat'><strong>,</strong></span> <span class='ocrx_word' id='word_1_631' title='bbox 1896 4698 2139 4752; x_wconf 85' lang='lat' dir='ltr'><strong>Hclihes-</strong></span> 
     </span>
    </p>
   </div>
   <div class='ocr_carea' id='block_1_92' title="bbox 561 4771 2135 4843">
    <p class='ocr_par' dir='ltr' id='par_1_92' title="bbox 561 4771 2135 4843">
     <span class='ocr_line' id='line_1_92' title="bbox 561 4771 2135 4843; baseline -0.01 -7"><span class='ocrx_word' id='word_1_632' title='bbox 561 4783 710 4836; x_wconf 82' lang='lat' dir='ltr'><strong>drus.</strong></span> <span class='ocrx_word' id='word_1_633' title='bbox 728 4780 867 4834; x_wconf 85' lang='lat' dir='ltr'><strong>Puto</strong></span> <span class='ocrx_word' id='word_1_634' title='bbox 890 4797 1011 4834; x_wconf 82' lang='lat' dir='ltr'><strong>esse</strong></span> <span class='ocrx_word' id='word_1_635' title='bbox 1039 4780 1176 4833; x_wconf 81' lang='lat' dir='ltr'><strong>idem</strong></span> <span class='ocrx_word' id='word_1_636' title='bbox 1199 4792 1395 4830; x_wconf 87' lang='lat' dir='ltr'><strong>nomen</strong></span> <span class='ocrx_word' id='word_1_637' title='bbox 1422 4772 1817 4843; x_wconf 66' lang='grc' dir='ltr'><strong>τιοἘλιέζερος,</strong></span> <span class='ocrx_word' id='word_1_638' title='bbox 1843 4771 2135 4828; x_wconf 78' lang='lat' dir='ltr'><strong>Eliezcrus,</strong></span> 
     </span>
    </p>
   </div>
   <div class='ocr_carea' id='block_1_93' title="bbox 564 4843 2137 4913">
    <p class='ocr_par' dir='ltr' id='par_1_93' title="bbox 564 4843 2137 4913">
     <span class='ocr_line' id='line_1_93' title="bbox 564 4843 2137 4913; baseline -0.011 -6"><span class='ocrx_word' id='word_1_639' title='bbox 564 4853 864 4907; x_wconf 85' lang='lat' dir='ltr'><strong>Damascus</strong></span> <span class='ocrx_word' id='word_1_640' title='bbox 897 4850 1123 4913; x_wconf 84' lang='lat' dir='ltr'><strong>Eliezer,</strong></span> <span class='ocrx_word' id='word_1_641' title='bbox 1165 4848 1365 4902; x_wconf 82' lang='lat' dir='ltr'><strong>Geues.</strong></span> <span class='ocrx_word' id='word_1_642' title='bbox 1399 4862 1465 4899; x_wconf 76' lang='lat' dir='ltr'><strong>xv</strong></span> <span class='ocrx_word' id='word_1_643' title='bbox 1490 4886 1504 4907; x_wconf 95' lang='lat'><strong>,</strong></span> <span class='ocrx_word' id='word_1_644' title='bbox 1538 4845 1606 4909; x_wconf 72' lang='lat'><strong>2,</strong></span> <span class='ocrx_word' id='word_1_645' title='bbox 1641 4859 1734 4912; x_wconf 88' lang='lat' dir='ltr'><strong>per</strong></span> <span class='ocrx_word' id='word_1_646' title='bbox 1764 4859 1922 4910; x_wconf 86' lang='lat' dir='ltr'><strong>quem</strong></span> <span class='ocrx_word' id='word_1_647' title='bbox 1956 4843 2137 4894; x_wconf 87' lang='lat' dir='ltr'><strong>locum</strong></span> 
     </span>
    </p>
   </div>
   <div class='ocr_carea' id='block_1_94' title="bbox 561 4916 2140 4985">
    <p class='ocr_par' dir='ltr' id='par_1_94' title="bbox 561 4916 2140 4985">
     <span class='ocr_line' id='line_1_94' title="bbox 561 4916 2140 4985; baseline -0.012 -6"><span class='ocrx_word' id='word_1_648' title='bbox 561 4924 828 4979; x_wconf 75' lang='lat' dir='ltr'><strong>evertitur</strong></span> <span class='ocrx_word' id='word_1_649' title='bbox 867 4922 1047 4975; x_wconf 80' lang='lat' dir='ltr'><strong>fabula</strong></span> <span class='ocrx_word' id='word_1_650' title='bbox 1085 4920 1198 4973; x_wconf 68' lang='lat' dir='ltr'><strong>haec</strong></span> <span class='ocrx_word' id='word_1_651' title='bbox 1223 4958 1237 4980; x_wconf 92' lang='lat'><strong>,</strong></span> <span class='ocrx_word' id='word_1_652' title='bbox 1285 4934 1314 4969; x_wconf 88' lang='lat' dir='ltr'><strong>a</strong></span> <span class='ocrx_word' id='word_1_653' title='bbox 1357 4916 1862 4985; x_wconf 62' lang='lat' dir='ltr'><strong>pseudooCletuente</strong></span> <span class='ocrx_word' id='word_1_654' title='bbox 1894 4923 2140 4985; x_wconf 43' lang='lat' dir='ltr'><strong>erepo-</strong></span> 
     </span>
    </p>
   </div>
   <div class='ocr_carea' id='block_1_95' title="bbox 562 4980 2134 5065">
    <p class='ocr_par' dir='ltr' id='par_1_95' title="bbox 562 4980 2134 5065">
     <span class='ocr_line' id='line_1_95' title="bbox 562 4980 2134 5065; baseline -0.011 -17"><span class='ocrx_word' id='word_1_655' title='bbox 562 4995 770 5065; x_wconf 83' lang='lat' dir='ltr'><strong>eryplto</strong></span> <span class='ocrx_word' id='word_1_656' title='bbox 796 4991 1100 5065; x_wconf 71' lang='lat' dir='ltr'><strong>vetustiori,</strong></span> <span class='ocrx_word' id='word_1_657' title='bbox 1118 4999 1178 5043; x_wconf 93' lang='lat' dir='ltr'><strong>ut</strong></span> <span class='ocrx_word' id='word_1_658' title='bbox 1201 4980 1433 5065; x_wconf 67' lang='lat' dir='ltr'><strong>videtur,</strong></span> <span class='ocrx_word' id='word_1_659' title='bbox 1460 4988 1766 5065; x_wconf 67' lang='lat' dir='ltr'><strong>desumpta.</strong></span> <span class='ocrx_word' id='word_1_660' title='bbox 1789 4983 1927 5065; x_wconf 73' lang='lat' dir='ltr'><strong>Lege</strong></span> <span class='ocrx_word' id='word_1_661' title='bbox 1945 4980 2047 5062; x_wconf 72' lang='lat' dir='ltr'><strong>lib.</strong></span> <span class='ocrx_word' id='word_1_662' title='bbox 2073 4994 2134 5039; x_wconf 87' lang='lat' dir='ltr'><strong>ll,</strong></span> 
     </span>
    </p>
   </div>
   <div class='ocr_carea' id='block_1_96' title="bbox 562 5053 2135 5135">
    <p class='ocr_par' dir='ltr' id='par_1_96' title="bbox 562 5053 2135 5135">
     <span class='ocr_line' id='line_1_96' title="bbox 562 5053 2135 5135; baseline -0.011 -16"><span class='ocrx_word' id='word_1_663' title='bbox 562 5053 683 5135; x_wconf 52' lang='lat' dir='ltr'><strong>ca&#39;p&#39;.</strong></span> <span class='ocrx_word' id='word_1_664' title='bbox 724 5065 795 5135; x_wconf 69' lang='lat'><strong>1;</strong></span> <span class='ocrx_word' id='word_1_665' title='bbox 845 5061 1171 5117; x_wconf 76' lang='lat' dir='ltr'><strong>Clememina</strong></span> <span class='ocrx_word' id='word_1_666' title='bbox 1216 5058 1403 5114; x_wconf 86' lang='lat' dir='ltr'><strong>ltomil.</strong></span> <span class='ocrx_word' id='word_1_667' title='bbox 1456 5058 1510 5122; x_wconf 79' lang='grc'><strong>2,</strong></span> <span class='ocrx_word' id='word_1_668' title='bbox 1559 5075 1615 5111; x_wconf 87' lang='grc' dir='ltr'>ιι.</span> <span class='ocrx_word' id='word_1_669' title='bbox 1658 5053 1716 5120; x_wconf 60' lang='grc'><strong>1,</strong></span> <span class='ocrx_word' id='word_1_670' title='bbox 1768 5065 1821 5108; x_wconf 90' lang='lat' dir='ltr'><strong>et</strong></span> <span class='ocrx_word' id='word_1_671' title='bbox 1872 5053 2135 5120; x_wconf 77' lang='lat' dir='ltr'><strong>Epitumcs</strong></span> 
     </span>
    </p>
   </div>
   <div class='ocr_carea' id='block_1_97' title="bbox 561 5134 866 5190">
    <p class='ocr_par' dir='ltr' id='par_1_97' title="bbox 561 5134 866 5190">
     <span class='ocr_line' id='line_1_97' title="bbox 561 5134 866 5190; baseline -0.007 0"><span class='ocrx_word' id='word_1_672' title='bbox 561 5134 684 5190; x_wconf 82' lang='lat' dir='ltr'><strong>can.</strong></span> <span class='ocrx_word' id='word_1_673' title='bbox 775 5134 866 5188; x_wconf 75' lang='lat'><strong>9.0.</strong></span> 
     </span>
    </p>
   </div>
   <div class='ocr_carea' id='block_1_98' title="bbox 630 5151 2139 5278">
    <p class='ocr_par' dir='ltr' id='par_1_98' title="bbox 630 5151 2139 5278">
     <span class='ocr_line' id='line_1_98' title="bbox 630 5151 2139 5278; baseline -0.011 -17"><span class='ocrx_word' id='word_1_674' title='bbox 630 5151 747 5278; x_wconf 44' lang='lat' dir='ltr'><strong>l(33)</strong></span> <span class='ocrx_word' id='word_1_675' title='bbox 775 5151 1151 5278; x_wconf 47' lang='lat' dir='ltr'><strong>S‘S’eptnaginta</strong></span> <span class='ocrx_word' id='word_1_676' title='bbox 1203 5200 1367 5278; x_wconf 42' lang='lat' dir='ltr'><strong>dato.-</strong></span> <span class='ocrx_word' id='word_1_677' title='bbox 1392 5197 1663 5278; x_wconf 75' lang='lat' dir='ltr'><strong>Numerus</strong></span> <span class='ocrx_word' id='word_1_678' title='bbox 1706 5195 1816 5278; x_wconf 72' lang='lat' dir='ltr'><strong>iste</strong></span> <span class='ocrx_word' id='word_1_679' title='bbox 1856 5208 1961 5247; x_wconf 91' lang='lat' dir='ltr'><strong>non</strong></span> <span class='ocrx_word' id='word_1_680' title='bbox 1981 5271 1993 5278; x_wconf 37' lang='lat'><strong><em>-</em></strong></span> <span class='ocrx_word' id='word_1_681' title='bbox 2014 5207 2139 5273; x_wconf 76' lang='lat' dir='ltr'><strong>con-</strong></span> 
     </span>
    </p>
   </div>
   <div class='ocr_carea' id='block_1_99' title="bbox 563 5262 2139 5341">
    <p class='ocr_par' dir='ltr' id='par_1_99' title="bbox 563 5262 2139 5341">
     <span class='ocr_line' id='line_1_99' title="bbox 563 5262 2139 5341; baseline -0.011 -11"><span class='ocrx_word' id='word_1_682' title='bbox 563 5262 691 5332; x_wconf 55' lang='lat' dir='ltr'><strong>sta‘t.</strong></span> <span class='ocrx_word' id='word_1_683' title='bbox 711 5262 1116 5336; x_wconf 55' lang='lat' dir='ltr'><strong>Constaret&#39;62,</strong></span> <span class='ocrx_word' id='word_1_684' title='bbox 1146 5272 1275 5341; x_wconf 89' lang='lat' dir='ltr'><strong>quia</strong></span> <span class='ocrx_word' id='word_1_685' title='bbox 1304 5270 1396 5337; x_wconf 72' lang='lat'><strong>62,</strong></span> <span class='ocrx_word' id='word_1_686' title='bbox 1427 5284 1551 5325; x_wconf 92' lang='lat' dir='ltr'><strong>eum</strong></span> <span class='ocrx_word' id='word_1_687' title='bbox 1585 5266 1876 5321; x_wconf 89' lang='lat' dir='ltr'><strong>duodecim</strong></span> <span class='ocrx_word' id='word_1_688' title='bbox 1907 5262 2139 5341; x_wconf 61' lang='lat' dir='ltr'><strong>patriar-</strong></span> 
     </span>
    </p>
   </div>
   <div class='ocr_carea' id='block_1_100' title="bbox 562 5330 2135 5415">
    <p class='ocr_par' dir='ltr' id='par_1_100' title="bbox 562 5330 2135 5415">
     <span class='ocr_line' id='line_1_100' title="bbox 562 5330 2135 5415; baseline -0.008 -15"><span class='ocrx_word' id='word_1_689' title='bbox 562 5330 689 5415; x_wconf 82' lang='lat' dir='ltr'><strong>chis</strong></span> <span class='ocrx_word' id='word_1_690' title='bbox 720 5358 771 5400; x_wconf 91' lang='lat' dir='ltr'><strong>et</strong></span> <span class='ocrx_word' id='word_1_691' title='bbox 811 5330 1256 5415; x_wconf 70' lang='lat' dir='ltr'><strong>Jacobo,facii_tut</strong></span> <span class='ocrx_word' id='word_1_692' title='bbox 1435 5347 1568 5415; x_wconf 81' lang='lat' dir='ltr'><strong>quot</strong></span> <span class='ocrx_word' id='word_1_693' title='bbox 1593 5346 1879 5415; x_wconf 74' lang='lat' dir='ltr'><strong>ponuntur</strong></span> <span class='ocrx_word' id='word_1_694' title='bbox 1910 5330 1939 5387; x_wconf 81' lang='lat' dir='ltr'><strong>a</strong></span> <span class='ocrx_word' id='word_1_695' title='bbox 1975 5330 2135 5415; x_wconf 65' lang='grc' dir='ltr'><strong>ωῼς.</strong></span> 
     </span>
    </p>
   </div>
   <div class='ocr_carea' id='block_1_101' title="bbox 563 5403 2136 5480">
    <p class='ocr_par' dir='ltr' id='par_1_101' title="bbox 563 5403 2136 5480">
     <span class='ocr_line' id='line_1_101' title="bbox 563 5403 2136 5480; baseline -0.009 -10"><span class='ocrx_word' id='word_1_696' title='bbox 563 5412 758 5472; x_wconf 68' lang='lat' dir='ltr'><strong>(Iertes.</strong></span> <span class='ocrx_word' id='word_1_697' title='bbox 794 5432 939 5480; x_wconf 73' lang='lat' dir='ltr'><strong>XLVI,</strong></span> <span class='ocrx_word' id='word_1_698' title='bbox 963 5403 1052 5478; x_wconf 60' lang='grc' dir='ltr'><strong>ξιτ,</strong></span> <span class='ocrx_word' id='word_1_699' title='bbox 1078 5421 1133 5469; x_wconf 88' lang='lat' dir='ltr'><strong>et</strong></span> <span class='ocrx_word' id='word_1_700' title='bbox 1155 5412 1329 5468; x_wconf 76' lang='lat' dir='ltr'><strong>Exod.</strong></span> <span class='ocrx_word' id='word_1_701' title='bbox 1364 5403 1403 5471; x_wconf 60' lang='grc' dir='ltr'>ιζ</span> <span class='ocrx_word' id='word_1_702' title='bbox 1436 5403 1489 5474; x_wconf 71' lang='lat'><strong>5,</strong></span> <span class='ocrx_word' id='word_1_703' title='bbox 1517 5403 1748 5480; x_wconf 66' lang='lat' dir='ltr'><strong>indeque</strong></span> <span class='ocrx_word' id='word_1_704' title='bbox 1772 5408 1892 5458; x_wconf 87' lang='lat' dir='ltr'><strong>Act.</strong></span> <span class='ocrx_word' id='word_1_705' title='bbox 1918 5421 2015 5468; x_wconf 82' lang='lat' dir='ltr'><strong>vn,</strong></span> 
     </span>
    </p>
   </div>
   <div class='ocr_carea' id='block_1_102' title="bbox 636 5474 2137 5557">
    <p class='ocr_par' dir='ltr' id='par_1_102' title="bbox 636 5474 2137 5557">
     <span class='ocr_line' id='line_1_102' title="bbox 636 5474 2137 5557; baseline -0.011 -15"><span class='ocrx_word' id='word_1_706' title='bbox 636 5489 749 5557; x_wconf 64' lang='lat' dir='ltr'><strong>(Et)</strong></span> <span class='ocrx_word' id='word_1_707' title='bbox 792 5474 947 5540; x_wconf 70' lang='lat' dir='ltr'><strong>Intra</strong></span> <span class='ocrx_word' id='word_1_708' title='bbox 975 5474 1138 5539; x_wconf 78' lang='lat' dir='ltr'><strong>annos</strong></span> <span class='ocrx_word' id='word_1_709' title='bbox 1171 5483 1601 5554; x_wconf 80' lang='lat' dir='ltr'><strong>quadringentos.</strong></span> <span class='ocrx_word' id='word_1_710' title='bbox 1621 5474 1895 5533; x_wconf 81' lang='lat' dir='ltr'><strong>Geneseos</strong></span> <span class='ocrx_word' id='word_1_711' title='bbox 1938 5491 2026 5537; x_wconf 73' lang='lat' dir='ltr'><strong>xv,</strong></span> <span class='ocrx_word' id='word_1_712' title='bbox 2050 5474 2137 5538; x_wconf 77' lang='grc'><strong>15,</strong></span> 
     </span>
    </p>
   </div>
   <div class='ocr_carea' id='block_1_103' title="bbox 565 5557 1385 5623">
    <p class='ocr_par' dir='ltr' id='par_1_103' title="bbox 565 5557 1385 5623">
     <span class='ocr_line' id='line_1_103' title="bbox 565 5557 1385 5623; baseline -0.002 -11"><span class='ocrx_word' id='word_1_713' title='bbox 565 5562 655 5614; x_wconf 85' lang='lat' dir='ltr'><strong>ubi</strong></span> <span class='ocrx_word' id='word_1_714' title='bbox 686 5557 1011 5613; x_wconf 72' lang='lat' dir='ltr'><strong>consulendi</strong></span> <span class='ocrx_word' id='word_1_715' title='bbox 1039 5559 1385 5623; x_wconf 87' lang='lat' dir='ltr'><strong>interpretes.</strong></span> 
     </span>
    </p>
   </div>
   <div class='ocr_carea' id='block_1_104' title="bbox 636 5618 2131 5699">
    <p class='ocr_par' dir='ltr' id='par_1_104' title="bbox 636 5618 2131 5699">
     <span class='ocr_line' id='line_1_104' title="bbox 636 5618 2131 5699; baseline -0.009 -16"><span class='ocrx_word' id='word_1_716' title='bbox 636 5630 747 5699; x_wconf 75' lang='lat'><strong>(&#39;55)</strong></span> <span class='ocrx_word' id='word_1_717' title='bbox 794 5630 894 5682; x_wconf 85' lang='lat' dir='ltr'><strong>Per</strong></span> <span class='ocrx_word' id='word_1_718' title='bbox 924 5629 1103 5696; x_wconf 75' lang='lat' dir='ltr'><strong>longos</strong></span> <span class='ocrx_word' id='word_1_719' title='bbox 1140 5618 1318 5691; x_wconf 64' lang='lat' dir='ltr'><strong>eremi,</strong></span> <span class='ocrx_word' id='word_1_720' title='bbox 1370 5634 1475 5699; x_wconf 81' lang='lat' dir='ltr'><strong>etc.</strong></span> <span class='ocrx_word' id='word_1_721' title='bbox 1511 5622 1588 5699; x_wconf 32' lang='lat' dir='ltr'><strong>l‘ta</strong></span> <span class='ocrx_word' id='word_1_722' title='bbox 1634 5622 1752 5699; x_wconf 76' lang='lat' dir='ltr'><strong>lego</strong></span> <span class='ocrx_word' id='word_1_723' title='bbox 1793 5618 1847 5699; x_wconf 72' lang='lat' dir='ltr'><strong>in</strong></span> <span class='ocrx_word' id='word_1_724' title='bbox 1881 5631 2131 5671; x_wconf 88' lang='lat' dir='ltr'><strong>sermone</strong></span> 
     </span>
    </p>
   </div>
   <div class='ocr_carea' id='block_1_105' title="bbox 568 5691 2132 5769">
    <p class='ocr_par' dir='ltr' id='par_1_105' title="bbox 568 5691 2132 5769">
     <span class='ocr_line' id='line_1_105' title="bbox 568 5691 2132 5769; baseline -0.008 -17"><span class='ocrx_word' id='word_1_725' title='bbox 568 5691 801 5755; x_wconf 35' lang='lat' dir='ltr'><strong>Sszilli</strong></span> <span class='ocrx_word' id='word_1_726' title='bbox 839 5691 1173 5755; x_wconf 54' lang='lat' dir='ltr'><strong>confessoris</strong></span> <span class='ocrx_word' id='word_1_727' title='bbox 1195 5738 1208 5763; x_wconf 95' lang='lat'><strong>,</strong></span> <span class='ocrx_word' id='word_1_728' title='bbox 1241 5712 1362 5769; x_wconf 86' lang='lat' dir='ltr'><strong>cap.</strong></span> <span class='ocrx_word' id='word_1_729' title='bbox 1392 5697 1424 5751; x_wconf 82' lang='grc'><strong>5</strong></span> <span class='ocrx_word' id='word_1_730' title='bbox 1462 5716 1472 5749; x_wconf 88' lang='lat'>:</span> <span class='ocrx_word' id='word_1_731' title='bbox 1513 5694 1703 5749; x_wconf 80' lang='lat' dir='ltr'><strong>Omnes</strong></span> <span class='ocrx_word' id='word_1_732' title='bbox 1734 5691 1895 5763; x_wconf 78' lang='lat' dir='ltr'><strong>igitur</strong></span> <span class='ocrx_word' id='word_1_733' title='bbox 1917 5703 2132 5759; x_wconf 83' lang='lat' dir='ltr'><strong>sequen-</strong></span> 
     </span>
    </p>
   </div>
   <div class='ocr_carea' id='block_1_106' title="bbox 2248 4666 3743 4762">
    <p class='ocr_par' dir='ltr' id='par_1_106' title="bbox 2248 4666 3743 4762">
     <span class='ocr_line' id='line_1_106' title="bbox 2248 4666 3743 4762; baseline -0.018 -15"><span class='ocrx_word' id='word_1_734' title='bbox 2248 4698 2423 4747; x_wconf 81' lang='lat' dir='ltr'><strong>tltrum</strong></span> <span class='ocrx_word' id='word_1_735' title='bbox 2470 4666 2702 4762; x_wconf 60' lang='lat' dir='ltr'><strong>ingressa</strong></span> <span class='ocrx_word' id='word_1_736' title='bbox 2748 4690 2881 4762; x_wconf 81' lang='lat' dir='ltr'><strong>(non</strong></span> <span class='ocrx_word' id='word_1_737' title='bbox 2927 4683 3194 4754; x_wconf 82' lang='lat' dir='ltr'><strong>ingressi),</strong></span> <span class='ocrx_word' id='word_1_738' title='bbox 3233 4666 3743 4762; x_wconf 36' lang='lat' dir='ltr'><strong>nouissimoque‘tt&#39;lfii:</strong></span> 
     </span>
    </p>
   </div>
   <div class='ocr_carea' id='block_1_107' title="bbox 2246 4733 3744 4822">
    <p class='ocr_par' dir='ltr' id='par_1_107' title="bbox 2246 4733 3744 4822">
     <span class='ocr_line' id='line_1_107' title="bbox 2246 4733 3744 4822; baseline -0.02 -4"><span class='ocrx_word' id='word_1_739' title='bbox 2246 4766 2344 4818; x_wconf 80' lang='lat' dir='ltr'><strong>Dei</strong></span> <span class='ocrx_word' id='word_1_740' title='bbox 2366 4765 2433 4817; x_wconf 83' lang='lat' dir='ltr'><strong>ad</strong></span> <span class='ocrx_word' id='word_1_741' title='bbox 2465 4733 2708 4815; x_wconf 59' lang='lat' dir='ltr'><strong>na’turale</strong></span> <span class='ocrx_word' id='word_1_742' title='bbox 2741 4733 2888 4811; x_wconf 58' lang='lat' dir='ltr'><strong>(\itlus</strong></span> <span class='ocrx_word' id='word_1_743' title='bbox 2930 4733 3283 4822; x_wconf 49' lang='lat' dir='ltr'><strong>transgresso,</strong></span> <span class='ocrx_word' id='word_1_744' title='bbox 3318 4751 3392 4801; x_wconf 78' lang='lat' dir='ltr'><strong>ita</strong></span> <span class='ocrx_word' id='word_1_745' title='bbox 3411 4733 3744 4822; x_wconf 54' lang='lat' dir='ltr'><strong>sunt&#39;ntquliitf</strong></span> 
     </span>
    </p>
   </div>
   <div class='ocr_carea' id='block_1_108' title="bbox 2248 4816 3741 4907">
    <p class='ocr_par' dir='ltr' id='par_1_108' title="bbox 2248 4816 3741 4907">
     <span class='ocr_line' id='line_1_108' title="bbox 2248 4816 3741 4907; baseline -0.016 -18"><span class='ocrx_word' id='word_1_746' title='bbox 2248 4816 2506 4907; x_wconf 83' lang='lat' dir='ltr'><strong>aquarum</strong></span> <span class='ocrx_word' id='word_1_747' title='bbox 2553 4831 2771 4884; x_wconf 80' lang='lat' dir='ltr'><strong>involuti</strong></span> <span class='ocrx_word' id='word_1_748' title='bbox 2794 4869 2809 4893; x_wconf 95' lang='lat'><strong>,</strong></span> <span class='ocrx_word' id='word_1_749' title='bbox 2839 4836 2899 4907; x_wconf 66' lang='lat' dir='ltr'><strong>ut</strong></span> <span class='ocrx_word' id='word_1_750' title='bbox 2940 4816 3119 4878; x_wconf 74' lang='lat' dir='ltr'><strong>nulle</strong></span> <span class='ocrx_word' id='word_1_751' title='bbox 3165 4826 3453 4907; x_wconf 61' lang='lat' dir='ltr'><strong>remanch</strong></span> <span class='ocrx_word' id='word_1_752' title='bbox 3488 4816 3566 4883; x_wconf 75' lang='lat' dir='ltr'><strong>qui</strong></span> <span class='ocrx_word' id='word_1_753' title='bbox 3594 4816 3741 4907; x_wconf 40' lang='lat' dir='ltr'><strong>Latii:</strong></span> 
     </span>
    </p>
   </div>
   <div class='ocr_carea' id='block_1_109' title="bbox 2247 4874 3745 4966">
    <p class='ocr_par' dir='ltr' id='par_1_109' title="bbox 2247 4874 3745 4966">
     <span class='ocr_line' id='line_1_109' title="bbox 2247 4874 3745 4966; baseline -0.017 -7"><span class='ocrx_word' id='word_1_754' title='bbox 2794 4874 3327 4966; x_wconf 31' lang='lat' dir='ltr'><strong>,rcferrcwpotuisset.</strong></span> <span class='ocrx_word' id='word_1_755' title='bbox 3458 4874 3566 4966; x_wconf 69' lang='lat' dir='ltr'><strong>cap.</strong></span> 
     </span>
    </p>
   </div>
   <div class='ocr_carea' id='block_1_110' title="bbox 2246 4958 3745 5045">
    <p class='ocr_par' dir='ltr' id='par_1_110' title="bbox 2246 4958 3745 5045">
     <span class='ocr_line' id='line_1_110' title="bbox 2246 4958 3745 5045; baseline -0.005 -24"><span class='ocrx_word' id='word_1_756' title='bbox 2246 4958 2330 5031; x_wconf 60' lang='lat' dir='ltr'><strong>eds</strong></span> <span class='ocrx_word' id='word_1_757' title='bbox 2358 4992 2450 5045; x_wconf 79' lang='lat' dir='ltr'><strong>per</strong></span> <span class='ocrx_word' id='word_1_758' title='bbox 2479 4974 2739 5026; x_wconf 82' lang='lat' dir='ltr'><strong>desertum</strong></span> <span class='ocrx_word' id='word_1_759' title='bbox 2781 4958 3132 5045; x_wconf 61' lang='lat' dir='ltr'><strong>quudraqintn</strong></span> <span class='ocrx_word' id='word_1_760' title='bbox 3172 4978 3340 5015; x_wconf 81' lang='lat' dir='ltr'><strong>annos</strong></span> <span class='ocrx_word' id='word_1_761' title='bbox 3366 4958 3432 5009; x_wconf 87' lang='lat' dir='ltr'><strong>ad</strong></span> <span class='ocrx_word' id='word_1_762' title='bbox 3463 4960 3745 5045; x_wconf 46' lang='grc' dir='ltr'><strong>ςξνξαςη,</strong></span> 
     </span>
    </p>
   </div>
   <div class='ocr_carea' id='block_1_111' title="bbox 2240 5021 3742 5104">
    <p class='ocr_par' dir='ltr' id='par_1_111' title="bbox 2240 5021 3742 5104">
     <span class='ocr_line' id='line_1_111' title="bbox 2240 5021 3742 5104; baseline -0.017 -3"><span class='ocrx_word' id='word_1_763' title='bbox 2240 5021 2506 5101; x_wconf 65' lang='lat' dir='ltr'><strong>utissrionis</strong></span> <span class='ocrx_word' id='word_1_764' title='bbox 2522 5021 2893 5104; x_wconf 48' lang='lat' dir='ltr'><strong>circumductu,</strong></span> <span class='ocrx_word' id='word_1_765' title='bbox 2911 5021 3072 5089; x_wconf 62' lang='lat' dir='ltr'><strong>donec</strong></span> <span class='ocrx_word' id='word_1_766' title='bbox 3084 5036 3443 5087; x_wconf 83' lang='lat' dir='ltr'><strong>desuesccrent</strong></span> <span class='ocrx_word' id='word_1_767' title='bbox 3456 5021 3742 5104; x_wconf 56' lang='lat' dir='ltr'><strong>idclolqlf</strong></span> 
     </span>
    </p>
   </div>
   <div class='ocr_carea' id='block_1_112' title="bbox 2241 5088 3743 5187">
    <p class='ocr_par' dir='ltr' id='par_1_112' title="bbox 2241 5088 3743 5187">
     <span class='ocr_line' id='line_1_112' title="bbox 2241 5088 3743 5187; baseline -0.023 -16"><span class='ocrx_word' id='word_1_768' title='bbox 2241 5088 2304 5170; x_wconf 55' lang='lat' dir='ltr'><strong>de</strong></span> <span class='ocrx_word' id='word_1_769' title='bbox 2334 5134 2436 5187; x_wconf 85' lang='lat' dir='ltr'><strong>qua</strong></span> <span class='ocrx_word' id='word_1_770' title='bbox 2455 5124 2603 5167; x_wconf 86' lang='lat' dir='ltr'><strong>erant</strong></span> <span class='ocrx_word' id='word_1_771' title='bbox 2627 5112 2822 5173; x_wconf 80' lang='lat' dir='ltr'><strong>educti,</strong></span> <span class='ocrx_word' id='word_1_772' title='bbox 2854 5088 2901 5162; x_wconf 64' lang='grc' dir='ltr'><em>εἶ</em></span> <span class='ocrx_word' id='word_1_773' title='bbox 2927 5122 3085 5178; x_wconf 84' lang='lat' dir='ltr'><strong>quant</strong></span> <span class='ocrx_word' id='word_1_774' title='bbox 3108 5104 3399 5169; x_wconf 81' lang='lat' dir='ltr'><strong>ubicunque</strong></span> <span class='ocrx_word' id='word_1_775' title='bbox 3419 5094 3619 5151; x_wconf 71' lang='lat' dir='ltr'><strong>veitireul</strong></span> <span class='ocrx_word' id='word_1_776' title='bbox 3636 5088 3743 5137; x_wconf 65' lang='lat' dir='ltr'><strong>erat!</strong></span> 
     </span>
    </p>
   </div>
   <div class='ocr_carea' id='block_1_113' title="bbox 2242 5186 3727 5243">
    <p class='ocr_par' dir='ltr' id='par_1_113' title="bbox 2242 5186 3727 5243">
     <span class='ocr_line' id='line_1_113' title="bbox 2242 5186 3727 5243; baseline -0.004 -1"><span class='ocrx_word' id='word_1_777' title='bbox 2242 5186 2522 5243; x_wconf 75' lang='lat' dir='ltr'><strong>inventuri.</strong></span> <span class='ocrx_word' id='word_1_778' title='bbox 3170 5242 3179 5243; x_wconf 21' lang='grc' dir='ltr'>ί</span> <span class='ocrx_word' id='word_1_779' title='bbox 3373 5241 3381 5243; x_wconf 22' lang='grc' dir='ltr'><em>Α</em></span> <span class='ocrx_word' id='word_1_780' title='bbox 3493 5232 3549 5243; x_wconf 84' lang='grc'><em>,,</em></span> <span class='ocrx_word' id='word_1_781' title='bbox 3618 5218 3727 5243; x_wconf 34' lang='grc' dir='ltr'><strong>ψη</strong></span> 
     </span>
    </p>
   </div>
   <div class='ocr_carea' id='block_1_114' title="bbox 2314 5220 3744 5326">
    <p class='ocr_par' dir='ltr' id='par_1_114' title="bbox 2314 5220 3744 5326">
     <span class='ocr_line' id='line_1_114' title="bbox 2314 5220 3744 5326; baseline -0.021 -14"><span class='ocrx_word' id='word_1_782' title='bbox 2314 5220 2599 5326; x_wconf 41' lang='lat' dir='ltr'><strong>Sardum</strong></span> <span class='ocrx_word' id='word_1_783' title='bbox 2643 5252 2834 5322; x_wconf 77' lang='lat' dir='ltr'><strong>species</strong></span> <span class='ocrx_word' id='word_1_784' title='bbox 2867 5249 2988 5311; x_wconf 84' lang='lat' dir='ltr'><strong>cibi,</strong></span> <span class='ocrx_word' id='word_1_785' title='bbox 3022 5254 3128 5300; x_wconf 89' lang='lat' dir='ltr'><strong>etc.</strong></span> <span class='ocrx_word' id='word_1_786' title='bbox 3165 5241 3411 5326; x_wconf 40' lang='lat' dir='ltr'><strong>liesp‘incit</strong></span> <span class='ocrx_word' id='word_1_787' title='bbox 3448 5234 3513 5289; x_wconf 89' lang='lat' dir='ltr'><strong>ad</strong></span> <span class='ocrx_word' id='word_1_788' title='bbox 3538 5232 3683 5285; x_wconf 81' lang='lat' dir='ltr'><strong>locum</strong></span> <span class='ocrx_word' id='word_1_789' title='bbox 3706 5220 3744 5270; x_wconf 66' lang='grc' dir='ltr'><strong>ιὶ·</strong></span> 
     </span>
    </p>
   </div>
   <div class='ocr_carea' id='block_1_115' title="bbox 2244 5312 3384 5396">
    <p class='ocr_par' dir='ltr' id='par_1_115' title="bbox 2244 5312 3384 5396">
     <span class='ocr_line' id='line_1_115' title="bbox 2244 5312 3384 5396; baseline -0.019 -10"><span class='ocrx_word' id='word_1_790' title='bbox 2244 5312 2328 5386; x_wconf 79' lang='lat' dir='ltr'><strong>bri</strong></span> <span class='ocrx_word' id='word_1_791' title='bbox 2353 5312 2816 5396; x_wconf 46' lang='lat' dir='ltr'><strong>sapientiamcap.</strong></span> <span class='ocrx_word' id='word_1_792' title='bbox 2852 5335 2963 5379; x_wconf 80' lang='lat' dir='ltr'><strong>xvi,</strong></span> <span class='ocrx_word' id='word_1_793' title='bbox 2991 5332 3135 5396; x_wconf 79' lang='lat' dir='ltr'><strong>vers.</strong></span> <span class='ocrx_word' id='word_1_794' title='bbox 3166 5313 3264 5396; x_wconf 51' lang='grc' dir='ltr'><strong>ἓοξ</strong></span> 
     </span>
    </p>
   </div>
   <div class='ocr_carea' id='block_1_116' title="bbox 2316 5368 3739 5470">
    <p class='ocr_par' dir='ltr' id='par_1_116' title="bbox 2316 5368 3739 5470">
     <span class='ocr_line' id='line_1_116' title="bbox 2316 5368 3739 5470; baseline -0.007 -23"><span class='ocrx_word' id='word_1_795' title='bbox 2918 5368 3135 5470; x_wconf 65' lang='lat' dir='ltr'><strong>speciem</strong></span> <span class='ocrx_word' id='word_1_796' title='bbox 3209 5368 3373 5470; x_wconf 18' lang='lat' dir='ltr'><strong>pidici.</strong></span> <span class='ocrx_word' id='word_1_797' title='bbox 3384 5423 3396 5470; x_wconf 74' lang='lat'><strong>.</strong></span> <span class='ocrx_word' id='word_1_798' title='bbox 3407 5420 3432 5470; x_wconf 54' lang='grc' dir='ltr'><strong>,Ι</strong></span> 
     </span>
    </p>
   </div>
   <div class='ocr_carea' id='block_1_117' title="bbox 2250 5444 3739 5524">
    <p class='ocr_par' dir='ltr' id='par_1_117' title="bbox 2250 5444 3739 5524">
     <span class='ocr_line' id='line_1_117' title="bbox 2250 5444 3739 5524; baseline -0.019 0"><span class='ocrx_word' id='word_1_799' title='bbox 2250 5444 2452 5524; x_wconf 55' lang='lat' dir='ltr'><strong>Scribit</strong></span> <span class='ocrx_word' id='word_1_800' title='bbox 2468 5444 2651 5519; x_wconf 62' lang='lat' dir='ltr'><strong>tamen</strong></span> <span class='ocrx_word' id='word_1_801' title='bbox 2672 5444 2819 5517; x_wconf 82' lang='lat' dir='ltr'><strong>hunc</strong></span> <span class='ocrx_word' id='word_1_802' title='bbox 2842 5464 2893 5514; x_wconf 91' lang='lat' dir='ltr'><strong>in</strong></span> <span class='ocrx_word' id='word_1_803' title='bbox 2918 5444 3135 5513; x_wconf 79' lang='lat' dir='ltr'><strong>modum</strong></span> <span class='ocrx_word' id='word_1_804' title='bbox 3160 5444 3400 5507; x_wconf 80' lang='lat' dir='ltr'><strong>Joannes</strong></span> <span class='ocrx_word' id='word_1_805' title='bbox 3414 5444 3739 5524; x_wconf 52' lang='grc' dir='ltr'>ὐειιιιςιξεςιξιξξν</span> 
     </span>
    </p>
   </div>
   <div class='ocr_carea' id='block_1_118' title="bbox 2250 5508 3742 5606">
    <p class='ocr_par' dir='ltr' id='par_1_118' title="bbox 2250 5508 3742 5606">
     <span class='ocr_line' id='line_1_118' title="bbox 2250 5508 3742 5606; baseline -0.013 -12"><span class='ocrx_word' id='word_1_806' title='bbox 2250 5557 2337 5606; x_wconf 87' lang='grc' dir='ltr'>ιιι,</span> <span class='ocrx_word' id='word_1_807' title='bbox 2368 5547 2551 5592; x_wconf 84' lang='lat' dir='ltr'><strong>contra</strong></span> <span class='ocrx_word' id='word_1_808' title='bbox 2593 5531 2965 5606; x_wconf 62' lang='lat' dir='ltr'><strong>[conontachgs</strong></span> <span class='ocrx_word' id='word_1_809' title='bbox 2994 5545 3012 5581; x_wconf 89' lang='lat'><strong><em>:</em></strong></span> <span class='ocrx_word' id='word_1_810' title='bbox 3164 5521 3550 5606; x_wconf 42' lang='lat' dir='ltr'><strong>{dpuéminaﬂi</strong></span> <span class='ocrx_word' id='word_1_811' title='bbox 3575 5508 3742 5606; x_wconf 50' lang='lat' dir='ltr'><strong>Si:</strong></span> 
     </span>
    </p>
   </div>
   <div class='ocr_carea' id='block_1_119' title="bbox 2240 5570 3740 5688">
    <p class='ocr_par' dir='ltr' id='par_1_119' title="bbox 2240 5570 3740 5688">
     <span class='ocr_line' id='line_1_119' title="bbox 2252 5570 3719 5621; baseline -0.02 -27"><span class='ocrx_word' id='word_1_812' title='bbox 2252 5570 2337 5606; x_wconf 70' lang='lat' dir='ltr'><strong>III,</strong></span> <span class='ocrx_word' id='word_1_813' title='bbox 2368 5570 2551 5592; x_wconf 69' lang='grc' dir='ltr'>ιιυιιιιιι</span> <span class='ocrx_word' id='word_1_814' title='bbox 2593 5570 2965 5589; x_wconf 57' lang='grc' dir='ltr'><strong>ισκυιουηιισυηνυ</strong></span> <span class='ocrx_word' id='word_1_815' title='bbox 2994 5570 3007 5581; x_wconf 76' lang='grc' dir='ltr'><strong>ι</strong></span> <span class='ocrx_word' id='word_1_816' title='bbox 3062 5570 3129 5580; x_wconf 67' lang='grc' dir='ltr'>νν</span> <span class='ocrx_word' id='word_1_817' title='bbox 3175 5570 3269 5594; x_wconf 62' lang='lat' dir='ltr'><strong>.&quot;r</strong></span> <span class='ocrx_word' id='word_1_818' title='bbox 3307 5570 3399 5575; x_wconf 59' lang='grc'><strong>----</strong></span> <span class='ocrx_word' id='word_1_819' title='bbox 3449 5570 3459 5587; x_wconf 61' lang='grc'><strong>⁸</strong></span> <span class='ocrx_word' id='word_1_820' title='bbox 3676 5570 3719 5621; x_wconf 48' lang='grc' dir='ltr'><strong>,δ</strong></span> 
     </span>
     <span class='ocr_line' id='line_1_120' title="bbox 2240 5584 3740 5688; baseline -0.021 -23"><span class='ocrx_word' id='word_1_821' title='bbox 2240 5612 2426 5688; x_wconf 75' lang='grc' dir='ltr'>δωλογ,</span> <span class='ocrx_word' id='word_1_822' title='bbox 2524 5606 2700 5688; x_wconf 55' lang='grc' dir='ltr'><strong>ῖοῦἱξε,</strong></span> <span class='ocrx_word' id='word_1_823' title='bbox 2728 5604 2774 5673; x_wconf 82' lang='grc' dir='ltr'>ἢ</span> <span class='ocrx_word' id='word_1_824' title='bbox 2808 5601 2983 5688; x_wconf 57' lang='grc' dir='ltr'>Ἑοῇδε,</span> <span class='ocrx_word' id='word_1_825' title='bbox 3008 5598 3133 5688; x_wconf 50' lang='grc' dir='ltr'><strong>ν(ρξ’</strong></span> <span class='ocrx_word' id='word_1_826' title='bbox 3166 5594 3248 5679; x_wconf 51' lang='lat' dir='ltr'><strong>Coi</strong></span> <span class='ocrx_word' id='word_1_827' title='bbox 3282 5595 3463 5675; x_wconf 61' lang='lat' dir='ltr'><strong>gruxsv</strong></span> <span class='ocrx_word' id='word_1_828' title='bbox 3487 5586 3656 5688; x_wconf 44' lang='lat' dir='ltr'><strong>Egit“</strong></span> 
     </span>
    </p>
   </div>
   <div class='ocr_carea' id='block_1_120' title="bbox 2239 5656 3725 5759">
    <p class='ocr_par' dir='ltr' id='par_1_120' title="bbox 2239 5656 3725 5759">
     <span class='ocr_line' id='line_1_121' title="bbox 2239 5656 3725 5759; baseline -0.023 -22"><span class='ocrx_word' id='word_1_829' title='bbox 2724 5656 2943 5743; x_wconf 58' lang='grc' dir='ltr'><strong>πίιιῆσίαι</strong></span> <span class='ocrx_word' id='word_1_830' title='bbox 2976 5656 3187 5723; x_wconf 57' lang='lat' dir='ltr'><strong>deum</strong></span> <span class='ocrx_word' id='word_1_831' title='bbox 3223 5656 3455 5735; x_wconf 57' lang='grc' dir='ltr'>ὃπερὲὶν</span> <span class='ocrx_word' id='word_1_832' title='bbox 3499 5656 3636 5724; x_wconf 72' lang='grc' dir='ltr'><strong>τύχῃ,</strong></span> <span class='ocrx_word' id='word_1_833' title='bbox 3674 5656 3725 5695; x_wconf 69' lang='grc' dir='ltr'><strong>κει</strong></span> 
     </span>
    </p>
   </div>
  </div>
