3976 6340
221 286 351 341 liii!

1390 282 1959 342 BECOGNITIONUM
1992 285 2121 341 LIB.
2159 288 2197 340 I.

3316 288 3451 357 ιεδο

217 408 326 470 post
359 408 440 454 tot
494 415 561 454 ac
600 407 755 456 tanta
801 416 924 472 quae
950 402 1202 457 viderant
1226 400 1520 464 mirabilia,
1566 398 1769 455 veteris
1796 404 1846 462 Α
1946 398 2409 473 XXXVIIIJgitur
2435 399 2729 472 Moyses“,
2764 398 2851 457 his
2878 399 3308 466 administratis,
3340 402 3453 456 Au-

213 490 607 546 consuetudinis
648 491 840 548 sordes
888 493 1115 548 eIimare
1176 509 1206 547 a
1260 507 1319 547 se
1367 499 1531 561 atque
1565 491 1779 547 abster-

212 598 324 652 gerc
352 582 735 651 nequiverunt.
770 582 835 635 Et
867 584 938 637 ob
954 583 1059 637 hoc
1089 584 1269 639 brevis
1302 583 1467 652 spatii
1500 583 1604 637 iter
1625 582 1777 651 quod

210 688 268 728 es
294 672 521 743 Algypto
547 673 697 727 ducit
737 673 805 726 ad
830 671 1071 726 Iudaeam
1111 673 1459 742 relinquens,
1509 672 1777 726 immenso

210 764 364 819 eremi
411 763 619 817 ambitu
675 763 787 833 egit
813 778 911 817 eos
949 762 1186 832 Moyses,
1232 762 1279 816 si
1314 761 1453 815 forte
1482 760 1675 829 possit,
1716 767 1775 813 ut

211 857 449 926 superius
521 856 987 920 memoravimus,
1050 863 1280 910 vetustte
1345 852 1770 908 consuetudinis

210 952 337 1004 mala
401 950 627 1004 novellae
692 948 1059 1004 institutionis
1126 948 1532 1020 permutatione
1586 948 1772 1001 discu—

208 1050 331 1094 tere.

276 1130 510 1186 XXXVI.
565 1130 701 1186 Cum
734 1132 952 1187 interim
992 1130 1167 1185 fidelis
1193 1137 1248 1185 et
1282 1129 1521 1199 prudens
1549 1128 1771 1199 dispen-

206 1232 343 1278 sator
392 1223 602 1299 Moyses
648 1222 964 1298 pervidens,
1021 1221 1221 1291 populo
1258 1235 1323 1274 ex
1375 1219 1767 1290 Egyptiorum

204 1314 464 1372 consertio
488 1320 651 1372 altius
685 1315 987 1371 inolevissc
1009 1312 1197 1367 vitium
1225 1310 1388 1372 idolis
1422 1308 1765 1371 immolandi,

199 1424 292 1475 nec
319 1426 474 1482 posse
510 1411 577 1465 de
605 1412 686 1465 eis
723 1410 963 1465 radicem
999 1405 1127 1462 mali
1161 1403 1328 1471 hujus
1356 1402 1557 1465 excidi,
1578 1402 1770 1455 immo-

199 1503 303 1557 lare
345 1502 565 1571 quidem
612 1503 692 1556 eis
733 1500 1032 1563 concessit,
1085 1496 1179 1555 sed
1212 1493 1321 1549 Deo
1365 1494 1467 1549 soli
1511 1494 1614 1547 hoc
1645 1492 1762 1547 ﬁeri

201 1596 456 1664 permisit,
492 1602 550 1648 ut
591 1594 828 1648 mediam
855 1591 1263 1662 quodammodo
1293 1594 1502 1659 partem
1537 1584 1652 1639 vitii
1684 1587 1765 1639 al—

196 1688 298 1741 tius
318 1687 490 1740 incliti
530 1693 839 1751 resecaret;
870 1684 1032 1737 aliam
1061 1698 1190 1737 vero
1204 1681 1461 1744 mediam,
1480 1693 1577 1748 per
1596 1677 1761 1730 alium

193 1789 247 1836 et
289 1778 352 1833 ad
398 1778 550 1833 aliud
606 1785 821 1848 tempus
857 1782 1163 1831 reservaret
1200 1771 1596 1828 emendandam
1619 1809 1633 1831 ,
1669 1784 1765 1837 per

194 1873 336 1927 illum
381 1872 612 1933 scilicet,
664 1870 731 1924 de
759 1886 869 1939 quo
897 1869 1012 1938 ipse
1034 1866 1213 1922 dixit:
1260 1864 1579 1935 Prop/istam
1611 1862 1750 1916 vobis

190 1964 453 2017 suscitabit
488 1963 599 2033 (38)
632 1962 887 2015 Dominus
916 1960 1056 2014 Deus
1095 1969 1259 2014 vester
1290 1960 1424 2012 sicut
1456 1974 1555 2021 me,
1589 1957 1760 2025 ipsum

190 2058 360 2110 audite
398 2056 688 2109 secundum
742 2055 916 2109 omnia
940 2069 1055 2123 qua:
1084 2053 1279 2106 dixerit
1314 2050 1479 2105 vobis.
1522 2050 1755 2117 Quiruu-

184 2165 280 2219 que
302 2148 431 2202 enim
449 2164 550 2201 non
570 2146 797 2200 audierit
812 2145 1118 2216 prophetam
1136 2144 1307 2209 illum,
1324 2142 1763 2197 exterminabitur

184 2242 356 2292 anima
376 2239 488 2307 ejus
512 2238 574 2291 de
594 2237 787 2306 populo
821 2252 916 2291 suo
938 2236 1006 2291 ⁸³.

262 2329 519 2385 XXXVII.
546 2331 627 2385 Ad
671 2331 785 2384 haec
812 2336 995 2384 autem
1046 2331 1208 2383 etiam
1244 2328 1424 2383 locum
1456 2328 1665 2394 statuit,
1700 2326 1757 2381 in

184 2440 290 2495 quo
324 2425 438 2479 solo
472 2424 662 2478 liceret
698 2423 780 2477 eis
827 2422 1114 2477 immolare
1155 2419 1265 2477 Deo
1287 2421 1353 2477 ⁸³.
1404 2420 1521 2475 IIoc
1574 2428 1756 2476 autem

182 2525 346 2570 totum
376 2531 439 2570 eo
482 2522 779 2586 prospectu
818 2514 1131 2585 gerebatur,
1160 2521 1219 2567 ut
1254 2528 1377 2567 cum
1411 2520 1624 2583 tempus
1652 2528 1756 2582 op-

181 2618 465 2679 portunum
498 2610 735 2663 venisset
786 2617 839 2661 et
875 2606 1202 2661 didicissent
1251 2622 1348 2677 per
1409 2606 1751 2675 pr0phetam,

183 2702 309 2771 quia
339 2700 483 2755 Deus
520 2698 951 2754 misericordiam
977 2698 1085 2752 vult
1111 2705 1164 2752 et
1196 2713 1301 2751 non
1327 2696 1658 2753 sacrificium
1680 2695 1751 2761 ⁸⁸,

1878 504 1975 544 sen
2014 490 2305 561 quemdam
2346 493 2569 546 nomine
2600 506 2923 561 praeponens
2955 492 3158 563 p0pulo
3178 532 3195 557 ,
3226 493 3320 562 qui
3354 509 3452 549 eos

1876 590 2158 637 revocaret
2208 583 2279 637 ad
2328 583 2560 653 patriam
2617 592 2857 646 terram,
2912 584 3031 653 ipse
3081 583 3150 639 ad
3207 593 3451 639 montem

1874 675 2167 743 quemdam
2198 684 2469 745 praecepto
2520 674 2608 730 Dei
2662 675 2897 730 viventis
2945 675 3282 741 ascendens,
3336 678 3451 731 illic

1873 765 2165 823 defunctus
2214 777 2340 835 est;
2391 768 2552 837 cujus
2604 774 2787 822 tamen
2840 768 2971 822 talis
3022 768 3127 822 fuit
3174 783 3356 831 mors,
3391 775 3451 822 ut

1874 874 2051 928 usque
2080 858 2135 912 in
2168 859 2495 914 hodiernum
2524 859 2667 913 diem
2714 859 3053 929 sepulturam
3100 860 3223 928 ejus
3264 860 3451 914 nullus

1874 950 2165 1004 invenerit.
2197 948 2267 1003 Ut
2296 966 2424 1021 ergo
2450 952 2683 1021 populus
2713 951 2951 1020 patrium
2978 950 3206 1021 contigit
3234 952 3449 1018 solum,

1870 1056 1967 1110 per
2012 1041 2412 1111 providentiam
2458 1040 2552 1095 Dei
2596 1041 2770 1110 primo
2810 1042 2998 1096 statim
3046 1040 3301 1111 ingressu
3342 1042 3452 1097 ini~

1870 1148 2101 1203 quarum
2140 1134 2387 1203 gentium
2433 1134 2769 1187 habitatores
2805 1132 3083 1202 fugantur,
3117 1142 3171 1188 et
3198 1115 3301 1203 ipsi
3332 1134 3449 1189 ha:-

1870 1223 2158 1279 reditatem
2191 1235 2474 1294 paternam
2503 1225 2690 1292 judice
2738 1232 2888 1279 sorte
2930 1225 3262 1295 suscipiunt.
3308 1224 3448 1280 Tum

1866 1316 2066 1375 deinde
2123 1334 2220 1388 per
2277 1319 2616 1387 aliquantmn
2663 1318 2924 1387 temporis
2963 1317 3277 1385 judicibus,
3336 1335 3448 1373 non

1865 1411 2089 1483 regibus
2119 1410 2409 1481 gubernati
2431 1450 2447 1475 ,
2480 1418 2625 1465 statu
2655 1408 3042 1478 tranquilliore
3073 1408 3345 1464 durarunt
3374 1410 3444 1464 ⁸⁷.

1866 1495 1971 1553 Ubi
2000 1514 2131 1554 vero
2159 1506 2420 1570 tyrannos
2452 1498 2557 1554 sibi
2587 1498 2758 1567 magis
2790 1498 3094 1568 quaesivere
3134 1514 3298 1569 quam
3344 1515 3436 1554 rc—

1863 1604 1992 1659 ges,
2042 1596 2176 1645 tunc
2220 1590 2383 1645 etiam
2432 1590 2487 1644 in
2534 1590 2684 1653 loco,
2712 1590 2807 1659 qui
2851 1590 2931 1645 eis
2962 1588 3234 1645 orationis
3273 1606 3443 1645 causa

1871 1680 2050 1735 fuerat
2093 1681 2515 1751 praedestinatus
2535 1720 2550 1744 ,
2585 1681 2846 1750 templum
2878 1696 2978 1750 pro
3008 1681 3308 1736 ambitione
3352 1697 3445 1735 re.-

1869 1773 1955 1842 gia
1985 1780 2381 1837 construxere,
2412 1780 2468 1828 et
2497 1772 2577 1827 sic
2610 1787 2705 1841 per
2734 1773 2981 1827 ordinem
3014 1773 3233 1843 regibus
3263 1772 3445 1843 impiis

1866 1864 1969 1919 sibi
2000 1865 2235 1919 invicem
2267 1863 2695 1920 succedentibus
2720 1904 2737 1928 ,
2766 1863 2836 1917 ad
2864 1863 3103 1934 majores
3134 1864 3446 1935 impietates

1863 1956 2030 2012 etiam
2062 1956 2299 2026 populus
2330 1956 2648 2011 declinavit.

1934 2043 2180 2105 XXXIX.
2225 2044 2295 2103 Ut
2322 2054 2503 2102 autem
2535 2055 2754 2118 tempus
2785 2047 2980 2103 adesse
3010 2049 3206 2120 erepit,
3238 2063 3347 2119 quo
3387 2047 3444 2103 id

1861 2141 2007 2211 quod
2028 2132 2225 2196 deesse
2253 2139 2456 2211 Moysis
2506 2139 2774 2194 institutis
2814 2139 3053 2196 diximus
3097 2141 3440 2213 impleretur,

1770 2284 1773 2287 λ
1859 2242 1914 2289 et
1952 2234 2215 2304 propheta
2250 2249 2410 2304 quem
2448 2232 2810 2305 prmeinuerat
2848 2239 3176 2303 appareret,
3210 2232 3305 2303 qui
3347 2248 3442 2289 eos

1860 2329 2038 2401 primo
2091 2343 2188 2398 per
2237 2326 2673 2382 misericordiam
2720 2325 2814 2381 Dei
2860 2330 3109 2380 moneret
3151 2340 3371 2382 cessare
3411 2342 3463 2403 a_

1856 2420 2146 2478 sacriﬁciis
2165 2460 2181 2485 ,
2213 2426 2269 2473 et
2299 2434 2365 2475 ne
2400 2417 2539 2473 forte
2566 2426 2822 2489 putarent
2851 2416 3203 2473 cessantibus
3241 2416 3441 2473 hostiis

1860 2512 2245 2570 remissionem
2279 2511 2384 2567 sibi
2417 2527 2527 2565 non
2578 2510 2692 2566 ﬁeri
2734 2520 3121 2580 peccatorum,
3168 2500 3461 2582 baptisma

1853 2605 1937 2660 eis
1964 2620 2061 2674 per
2089 2619 2287 2673 aquam
2323 2603 2547 2667 statuit,
2579 2602 2634 2656 in
2662 2616 2772 2672 quo
2800 2601 2868 2656 ab
2900 2601 3155 2657 omnibus
3190 2604 3433 2672 peccatis

1854 2695 2112 2750 invocato
2158 2690 2280 2765 ejus
2325 2694 2548 2747 nomine
2588 2691 2957 2755 solverentur,
3008 2696 3063 2745 et
3106 2690 3175 2747 de
3218 2688 3435 2766 reliquo

174 2791 423 2849 viderent
450 2806 571 2845 eum
603 2791 696 2860 qui
745 2805 839 2845 eos
884 2788 1103 2844 doceret
1155 2789 1335 2843 locum
1386 2787 1483 2841 Dei
1514 2789 1748 2843 electum
1840 2788 2151 2859 perfectura
2182 2788 2351 2840 vitam
2398 2793 2691 2854 sequentes
2723 2783 2779 2837 in
2811 2782 3227 2839 immortalitate
3271 2785 3438 2839 dura-

172 2898 297 2937 essc
317 2883 633 2952 sapientiam
664 2878 812 2950 ejus,
848 2883 901 2936 in
932 2898 1040 2952 quo
1070 2882 1388 2937 conveniret
1420 2881 1603 2935 offerri
1647 2881 1751 2935 bo-

174 2971 306 3025 stias
347 2971 473 3033 Deo,
503 2972 647 3026 hunc
672 2976 851 3027 autem
884 2973 1097 3036 locum,
1129 2973 1222 3042 qui
1253 2966 1321 3026 ad
1355 2979 1569 3042 tempus
1600 2972 1752 3027 vide-

1851 2888 2013 2944 rent,
2064 2894 2175 2933 non
2228 2876 2499 2948 pecudum
2554 2875 2822 2945 sanguine
2870 2879 2967 2930 sed
3010 2875 3294 2945 sapientia:
3342 2876 3437 2932 Dei

1854 2972 2235 3045 puriﬁcatione
2271 2970 2509 3040 purgati.
2557 2967 2802 3037 Denique
2850 2967 3016 3022 etiam
3062 2968 3167 3022 hoc
3208 2969 3435 3039 ponitur

172 3050 329 3115 batur
366 3064 609 3128 electus,
660 3064 1068 3119 incursionibus
1126 3065 1366 3119 hostium
1405 3072 1461 3119 et
1517 3065 1748 3121 excidiis
1777 3097 1819 3153 ο
1851 3062 2073 3119 evidens
2118 3061 2298 3133 magni
2356 3060 2603 3132 mysterii
2650 3059 2813 3128 hujus
2855 3058 3123 3119 indicium
3172 3058 3316 3128 (39),
3374 3066 3436 3114 ut

170 3170 313 3225 sape
370 3164 647 3222 vexatum,
708 3163 762 3210 et
802 3155 868 3208 ad
927 3156 1180 3209 ultimum
1220 3172 1438 3226 quoque
1495 3150 1749 3211 audirent

170 3247 388 3318 penitus
445 3245 888 3301 excidendum”.
940 3248 997 3300 In
1046 3246 1205 3315 cujus
1262 3248 1341 3300 rei
1392 3245 1550 3301 tidem
1583 3242 1749 3302 etiam

167 3343 295 3390 aute
325 3333 615 3389 adventum
676 3336 789 3391 veri
842 3337 1153 3406 praphetaa,
1210 3336 1301 3406 qui
1333 3343 1479 3391 esset
1536 3334 1749 3392 hostias

167 3440 294 3477 cum
345 3425 466 3478 loco
508 3425 714 3494 pariter
750 3426 1157 3496 repudiaturus,
1204 3441 1347 3495 saepe
1385 3427 1453 3481 ab
1496 3427 1747 3489 hostibus

166 3514 457 3584 populatus
496 3522 580 3569 est
628 3523 681 3568 et
711 3515 835 3585 igne
883 3514 1179 3578 incensus;
1216 3523 1379 3585 atque
1408 3518 1463 3569 in
1508 3516 1742 3587 captivi-

165 3614 333 3659 tatem
399 3606 636 3676 populus
678 3607 945 3661 abductus
1006 3609 1059 3661 in
1108 3616 1322 3662 exteras
1372 3608 1643 3673 nationes,
1694 3616 1749 3663 ct

161 3698 362 3755 exinde
393 3716 516 3752 cum
558 3700 625 3753 ad
654 3699 1085 3754 misericordiam
1121 3698 1212 3754 Dei
1240 3698 1558 3770 confugeret
1589 3716 1747 3755 revo-

160 3786 321 3845 catus
368 3799 486 3857 est,
532 3800 589 3845 ut
624 3807 720 3861 per
766 3792 878 3845 hare
937 3791 1244 3855 doceretur,
1297 3792 1424 3862 quia
1476 3793 1747 3847 sacriticia

158 3880 400 3937 oﬂerens
438 3882 731 3953 expellitur
762 3889 816 3935 ct
858 3881 910 3934 in
965 3898 1159 3937 manus
1199 3883 1438 3936 hostium
1481 3882 1737 3949 traditur,

159 3973 596 4030 misericordiam
626 3988 757 4028 vero
790 3972 993 4028 faciens
1026 3982 1078 4027 et
1129 3974 1421 4043 justitiam,
1481 3975 1600 4030 sine
1648 3991 1740 4030 sa-

154 4065 387 4120 crificiis
419 4065 485 4121 de
516 4067 825 4135 captivitate
845 4068 1108 4120 liberatur
1132 4068 1257 4121 etin
1280 4076 1480 4121 terram
1507 4068 1740 4137 patriam

155 4155 492 4210 restituitur.
542 4155 648 4211 Sed
706 4156 809 4210 hoc
841 4157 1142 4228 intelligere
1190 4171 1395 4225 paucos
1451 4157 1743 4211 admodum

151 4244 383 4310 accidit.
416 4244 607 4301 Plures
642 4248 787 4301 enim
808 4248 1024 4302 etiamsi
1060 4248 1264 4304 sentire
1302 4248 1416 4302 haec
1457 4258 1513 4302 et
1549 4249 1746 4303 adver-

151 4343 276 4389 tere
309 4344 580 4405 poterant,
614 4338 758 4408 vulgi
793 4347 972 4394 tamen
992 4339 1298 4399 irrationali
1317 4339 1573 4409 opinione
1599 4349 1744 4395 tene-

1852 3155 2032 3210 omnis
2078 3154 2173 3225 qui
2218 3152 2448 3208 credens
2503 3150 2782 3221 propheta:
2824 3150 2952 3205 huic
2978 3189 2993 3213 ,
3040 3149 3132 3219 qui
3174 3164 3205 3203 a
3249 3149 3435 3221 Moyse

1855 3248 2153 3319 prmdictus
2197 3253 2313 3311 est,
2365 3244 2678 3315 baptizatur
2722 3243 2777 3296 in
2830 3240 3051 3295 nomine
3098 3241 3310 3312 ipsius,
3362 3243 3433 3297 ab

1849 3341 2068 3396 excidio
2100 3339 2226 3394 belli
2254 3337 2402 3409 quod
2435 3336 2730 3390 incredula:
2760 3334 2908 3406 genti
2936 3334 3184 3388 imminet
3212 3349 3277 3387 ac
3310 3334 3430 3389 loco

1848 3434 1953 3504 ipsi
1974 3472 1989 3497 ,
2027 3439 2276 3488 servetur
2307 3430 2543 3492 illaesus,
2573 3443 2682 3482 non
2709 3425 2995 3481 credentes
3024 3440 3152 3479 vero
3183 3434 3429 3481 extorres

1850 3525 1972 3578 loco
2005 3531 2059 3578 et
2088 3534 2258 3592 regno
2289 3520 2420 3574 fiant
2440 3560 2456 3584 ,
2492 3528 2549 3574 ut
2579 3519 2666 3573 vel
2696 3516 2850 3572 inviti
2886 3516 3193 3587 intelligant
3219 3524 3272 3571 et
3298 3518 3431 3571 obe-

1848 3616 2003 3671 diant
2034 3612 2306 3668 voluntati
2340 3608 2455 3667 Dei.

1862 3692 1866 3696 ’
1915 3702 2142 3761 XL.IIis
2172 3705 2339 3776 igitur
2369 3705 2449 3771 ita,
2468 3700 2877 3773 praeordinatis,
2917 3697 3077 3755 adest
3105 3698 3200 3770 qui
3230 3715 3429 3768 exspe~

1849 3786 2126 3862 etabatur,
2160 3796 2363 3852 indicia
2396 3796 2483 3850 sui
2515 3794 2717 3866 quibus
2750 3795 2902 3849 lierct
2943 3792 3299 3857 manifestus,
3346 3795 3425 3847 si-

1846 3906 1949 3963 gna
1999 3899 2052 3945 et
2097 3888 2347 3960 prodigia
2389 3884 2673 3942 deferens.
2732 3882 2840 3938 Sed
2871 3898 2941 3938 ne
2971 3883 3051 3938 sic
3079 3883 3297 3953 quidem
3332 3898 3429 3952 po-

1849 3978 2012 4048 pulus
2048 3973 2321 4038 credidit,
2365 3974 2458 4043 qui
2505 3973 2573 4027 ad
2618 3974 2735 4027 hazc
2772 3970 3045 4027 credenda
3089 3979 3168 4026 tot
3207 3972 3424 4027 sarculis

1846 4068 2094 4125 eruditus
2130 4074 2213 4123 est
2242 4084 2255 4133 ;
2290 4074 2345 4120 et
2375 4081 2485 4119 non
2515 4066 2693 4121 solum
2727 4080 2839 4119 non
2882 4063 3146 4129 credidit,
3192 4065 3285 4119 sed
3329 4064 3426 4118 ad-

1847 4160 1985 4216 didit
2014 4158 2320 4214 inlidelitati
2367 4157 2801 4227 blasphemiam,
2848 4170 3102 4211 voracem
3145 4155 3422 4210 hominem

1793 4286 1803 4294 -
1846 4261 1900 4308 et
1934 4251 2122 4307 ventri~
2139 4249 2469 4306 servientem
2500 4248 2567 4312 ⁸⁸,
2602 4263 2664 4303 ac
2694 4247 2941 4304 dzemone
2984 4247 3071 4317 agi
3112 4262 3235 4301 eum
3264 4286 3280 4311 ,
3323 4248 3420 4317 qui

1845 4341 1917 4395 ob
1944 4341 2175 4394 salutem
2207 4354 2363 4394 suam
2392 4346 2651 4400 venerat,
2710 4337 2919 4391 dicens.
2964 4335 3022 4391 In
3064 4343 3277 4391 tantum
3322 4354 3423 4393 ne-

142 4426 382 4482 bantur.
431 4427 734 4483 Paucorum
760 4446 996 4500 namque
1026 4438 1111 4486 est
1157 4441 1305 4487 recta
1332 4446 1457 4485 cum
1488 4432 1741 4487 libertate
1774 4441 1818 4495 Ι)
1849 4434 2023 4504 quitia
2065 4433 2339 4486 malorum
2390 4430 2714 4485 ministeriis
2754 4430 2931 4493 valet,
2982 4430 3130 4500 quod
3174 4430 3282 4485 nisi
3319 4430 3419 4483 Sa-

146 4521 461 4576 sententia.

1846 4525 2049 4596 pientia
2096 4522 2191 4578 Dei
2234 4522 2502 4577 adfuisset
2548 4522 2634 4577 his
2672 4523 2767 4593 qui
2815 4523 3051 4595 diligunt
3090 4527 3417 4592 veritatem,

229 4678 287 4750 ξξ
323 4679 480 4734 Deut.
508 4697 663 4743 xvm,
701 4682 787 4748 15;
809 4680 929 4735 Act.
960 4697 1041 4745 ιιι,
1071 4681 1163 4747 22,
1194 4682 1283 4750 2ἶ».
1361 4684 1408 4714 ⁸³
1442 4683 1597 4738 Deut.
1654 4700 1751 4745 xu,

1857 4685 1895 4748 i;
1945 4681 1989 4735 ll
2047 4682 2226 4736 Paral.
2278 4698 2377 4746 vn,
2434 4681 2521 4737 12.
2600 4682 2645 4713 ⁸⁸
2688 4681 2877 4738 Matth.
2939 4699 3015 4748 Ix,
3074 4684 3159 4750 15,
3191 4702 3308 4747 ιιι,
3360 4685 3414 4737 7.

141 4749 196 4781 ³⁸
233 4748 431 4805 Matth.
459 4768 607 4817 xxiv,
632 4753 667 4805 2
690 4771 704 4819 ;
731 4752 865 4807 Luc.
884 4769 1002 4817 χιιι,
1027 4752 1117 4807 44.

1206 4746 1251 4783 ⁸⁸
1282 4751 1442 4809 Deut.
1471 4771 1623 4816 xui,
1657 4770 1827 4819 χχχιι,
1868 4746 2050 4807 ixxrv.

2149 4754 2193 4784 ⁸⁷
2236 4752 2252 4805 l
2284 4750 2414 4823 Reg.
2445 4767 2562 4808 \‘lll.
2643 4752 2688 4784 ⁸⁸
2728 4753 2915 4807 Matth.
2948 4770 3023 4821 ix;
3053 4753 3213 4810 Joan.
3248 4772 3342 4809 vn.

1456 4926 1820 4984 COTELERII
1872 4928 2113 5005 Norae.

130 5084 718 5157 dvﬁkauéxtdﬂwpa
750 5085 1065 5157 βουκρὸωου.
1105 5084 1158 5139 Id
1190 5095 1273 5141 est
1300 5104 1313 5140 :
1346 5084 1467 5139 Non
1492 5088 1629 5139 enim
1660 5087 1731 5156 fe-

129 5155 340 5211 cerunt
370 5155 537 5217 Iovis,
566 5166 658 5208 aut
688 5157 842 5223 hujus
872 5155 1075 5209 illiusve
1103 5158 1468 5215 simulacrum.
1494 5159 1583 5210 sed
1609 5155 1730 5210 absa

126 5244 247 5299 que
286 5238 439 5299 certo
470 5227 921 5299 consilioaurum
953 5227 1204 5280 dederunt
1246 5237 1299 5279 ut
1343 5230 1487 5299 ﬁeret
1532 5230 1731 5282 idolum

123 5296 504 5368 quodcunque
522 5314 636 5350 sors
666 5296 973 5359 obtulisset;
1004 5307 1158 5367 atque
1184 5299 1255 5350 ita
1286 5300 1411 5351 exiit
1444 5297 1615 5352 boriui
1642 5316 1731 5351 ca-

117 5368 279 5438 pitis
308 5369 521 5438 eﬂigies.

214 5436 379 5509 (38):
392 5436 723 5509 Prophetanv
742 5436 882 5491 vobis
906 5438 1202 5499 suscitabit,
1232 5448 1337 5492 etc.
1366 5437 1530 5493 Recte
1556 5455 1729 5492 mem-

118 5507 342 5563 brana:
356 5507 537 5578 Regi-.0
550 5520 597 5563 et
614 5509 674 5563 P.
698 5507 874 5572 Petili,
895 5525 1031 5578 quas
1051 5525 1160 5578 pne
1176 5511 1351 5564 oculis
1376 5511 1547 5561 Labeo
1567 5524 1579 5559 :
1601 5509 1737 5563 Deus

117 5588 325 5633 vester
350 5581 490 5631 sicut
525 5597 603 5633 me
629 5592 649 5633 .‘
690 5580 859 5645 ipsum
887 5580 1065 5632 audite
1083 5580 1366 5632 secundum
1399 5580 1592 5641 omnia,
1627 5588 1733 5634 etc.

118 5650 191 5703 In
221 5646 503 5704 Chronico
519 5649 823 5704 Radcriano
837 5664 933 5702 seu
955 5651 1342 5713 Alexandrino,
1364 5651 1534 5719 p.180
1559 5668 1571 5702 :
1598 5651 1735 5719 Προ-

116 5722 336 5799 φῄτηκί
378 5721 514 5799 ὑμῖν.
550 5721 837 5799 ductoris;
883 5719 1084 5799 Κόρης
1122 5724 1149 5774 ὁ
1184 5722 1314 5799 Θξὸς
1341 5721 1404 5799 ἐκ
1435 5720 1561 5799 τῶν,
1576 5719 1730 5799 ἀδεξμ

112 5790 265 5859 φῶν
303 5790 387 5852 ὡς
420 5790 535 5860 ἐμὲ.
586 5790 756 5841 Αὑτοῦ
805 5790 1095 5843 ἀκούσεσθε
1128 5791 1266 5844 κατὰ
1300 5792 1503 5857 πάντα,
1536 5791 1633 5844 ὅσα
1667 5790 1730 5842 ἂν

1838 5087 1965 5160 sirm
1981 5087 2115 5158 πρὸς
2133 5087 2294 5157 ὑμᾶς.
2313 5088 2502 5160 Ἔσται
2521 5087 2597 5160 δὲ,
2622 5090 2768 5142 πᾶσα
2784 5088 2949 5160 ψυχὴ,
2972 5088 3091 5158 ἥτις
3108 5086 3206 5142 οὐκ
3226 5089 3409 5160 ἀκούει

1838 5157 2239 5230 τᾳῦίπροςρήτου
2270 5158 2494 5223 ἐκείνου,
2527 5157 3029 5230 ὲξολοθρεύθήσὲτᾰι
3060 5161 3123 5211 ὲκ
3156 5159 3248 5212 τοῦ
3281 5160 3412 5214 λαοῦ

1839 5228 2360 5301 αὺτῆςηνοισείοιιεε
2384 5234 2545 5283 etiam
2588 5228 2810 5301 Syriaca
2852 5228 2904 5283 et
2939 5230 3172 5283 Arabica
3213 5244 3412 5300 agnos-

1838 5307 1990 5355 cunt.
2016 5298 2078 5351 de
2109 5300 2301 5368 papula
2329 5314 2444 5354 suo.
2629 5298 2642 5301 ⁷
3138 5302 3159 5319 ’

1908 5368 2022 5439 (59)
2069 5368 2181 5422 Ηοι·
2201 5371 2414 5438 ponitur
2444 5369 2646 5423 evidens
2680 5370 2856 5438 magni
2879 5370 3115 5439 mysterii
3135 5368 3290 5437 hujus
3319 5371 3406 5423 in-

1840 5437 2204 5509 dicium,getc.
2241 5438 2296 5493 Si
2330 5441 2417 5493 cui
2452 5442 2553 5495 ista
2590 5449 2719 5495 sunt
2749 5437 2982 5493 Obscura
3010 5480 3025 5501 ,
3065 5442 3203 5509 legat
3238 5440 3408 5493 Euse—

1841 5507 2171 5574 bium,llist.
2210 5511 2298 5563 lih.
2326 5512 2634 5581 Ilt,cap.5;
2675 5510 3060 5581 Epiphanium,
3099 5507 3285 5564 Iuercsi
3312 5510 3404 5575 29,

1840 5594 1991 5632 ιιιιιιι.
2031 5580 2079 5646 7;
2114 5581 2240 5648 iper.
2276 5581 2364 5641 50,
2394 5580 2542 5634 num.
2577 5582 2642 5645 9;
2680 5580 2799 5633 Lib.
2850 5584 2912 5633 de
2950 5597 3112 5634 meus.
3145 5590 3191 5631 et
3219 5584 3402 5648 pond.,

1837 5664 1956 5718 cap.
1991 5634 2079 5714 15$
2108 5634 2494 5721 'I‘lieodoritutn
2524 5652 2589 5705 ad
2620 5634 2894 5704 Zacharia:
2921 5667 3031 5717 κεν,
3060 5651 3113 5717 2;
3142 5634 3406 5721 Νἰῦοιιιοόί

1837 5734 1977 5783 rum,
2034 5721 2364 5785 Cedrenum,
2426 5720 2760 5788 Freculfum,
2816 5730 2925 5776 etc.
2981 5722 3065 5775 Ab
3108 5723 3175 5776 iis
3226 5720 3403 5777 lucem

1834 5800 1997 5859 petat.
