3976 6340
561 253 715 311 1251

1414 254 1470 309 S.
1509 250 1906 309 CLEMENTIS
1940 252 1958 306 l
1994 252 2159 311 ROM.
2200 253 2401 311 PONT.
2444 252 2671 311 OPERA
2707 252 2933 311 ΒΗΜΛ.

3599 270 3695 328 ΙΞόΞ

564 381 760 422 omnes
802 380 942 435 pene
984 366 1150 421 simul
1198 365 1402 437 impius
1452 381 1609 421 error
1659 367 1985 422 involvet-et.
2036 366 2150 421 Nos
2180 390 2225 447 Α
2256 368 2471 435 locum,
2525 384 2689 440 quem
2740 384 2850 424 non
2896 376 3121 440 potuere
3168 384 3495 444 resurgentem
3537 386 3698 451 tenere,

558 474 694 531 ergo
721 459 929 529 primos
958 459 1123 530 elegit
1167 458 1460 515 duodecim
1504 460 1610 516 sibi
1656 460 1978 525 credentes,
2009 475 2153 531 quos

568 554 855 625 apostolos
898 553 1205 607 nominavit
1234 553 1302 617 ⁸⁸,
1343 552 1695 622 postmodum
1743 553 1882 609 alios
1932 560 2157 622 septua-

563 647 713 717 ginta
741 646 883 701 duos
915 646 1028 716 (60)
1074 645 1500 716 probatissimos
1543 644 1849 715 discipulos
1881 644 1950 708 ”,
1982 651 2042 698 ut
2072 644 2154 697 vel

564 738 669 793 hoc
696 737 860 791 modo
885 737 1163 807 recognita
1224 736 1463 807 imagine
1494 735 1701 808 Moysis
1727 735 1977 791 crederet
2007 735 2154 789 mul-

564 830 731 886 titudc
769 831 841 895 ",
874 832 1002 901 quia
1035 831 1125 886 hic
1155 838 1276 899 est,
1306 846 1466 902 quem
1499 830 1750 900 praedixit
1782 826 1996 902 Moyses
2024 845 2157 885 ven-

562 931 749 978 turum
781 925 1104 995 prophetam
1135 924 1207 980 ".

633 1016 772 1072 XLI.
816 1016 923 1072 Sed
953 1016 1207 1073 fortassis
1235 1016 1381 1072 dicat
1406 1017 1610 1087 aliquis
1630 1058 1646 1083 ,
1672 1014 1799 1087 quia
1824 1014 2026 1070 imitari
2052 1032 2175 1095 nu-r

564 1126 773 1165 mcrmn
805 1110 1116 1181 cuicunque
1149 1109 1417 1180 possibile
1448 1117 1533 1164 est
1560 1127 1576 1176 ;
1611 1116 1666 1163 et
1694 1106 1827 1179 quid
1874 1107 1941 1162 de
1983 1107 2158 1178 signis

563 1211 617 1259 et
666 1205 971 1259 virtutibus
1028 1203 1218 1267 dicet,
1270 1219 1391 1273 qua:
1446 1203 1550 1258 iste
1609 1202 1889 1257 faciebat?
1945 1201 2155 1256 Etenim

566 1295 780 1369 Moyses
808 1297 1040 1352 virtutes
1071 1306 1126 1350 et
1156 1297 1426 1351 sanitates
1469 1294 1675 1351 fecerat
1707 1296 1764 1349 in
1812 1293 2069 1367 Egypto.
2106 1292 2157 1349 Is

564 1398 787 1459 quoque
809 1428 824 1453 ,
861 1404 1025 1459 quem
1059 1389 1175 1459 ipse
1206 1388 1462 1459 prmdixit
1492 1388 1635 1442 sicut
1664 1402 1725 1442 se
1755 1387 1938 1457 ipsum
1971 1401 2159 1443 surre-

565 1491 786 1537 cturum
820 1482 1143 1552 prophetam
1163 1521 1177 1544 ,
1210 1496 1335 1535 cmn
1364 1495 1582 1534 omnem
1612 1481 1932 1550 languorem
1959 1485 2015 1535 et
2038 1494 2160 1535 om-

569 1584 692 1623 nem
724 1568 1095 1623 infirmitatem
1127 1579 1346 1623 curaret
1378 1568 1432 1622 in
1464 1570 1655 1638 plebe,
1685 1569 1918 1624 virtutes
1950 1567 2159 1625 faceret

569 1660 890 1716 innumeras
912 1700 928 1724 ,
964 1660 1129 1714 vitam
1166 1661 1575 1731 evangelizaret
1607 1668 1867 1715 aeternam
1891 1701 1905 1722 ,
1953 1662 2023 1715 ab
2054 1661 2159 1714 im-

2255 478 2469 533 magum
2506 462 2799 529 dicebant;
2832 463 2924 516 alii
2958 462 3224 517 finxerunt
3252 462 3462 521 furatum
3487 468 3542 525 ".

2326 553 2507 609 XLIII.
2553 553 2939 609 Verumtamen
2973 555 3171 609 veritas
3201 556 3382 626 ubique
3406 560 3624 618 vincebat.
3650 566 3703 622 Ad

2256 647 2518 702 indicium
2543 647 2689 703 enim
2714 687 2729 711 ,
2756 645 2902 718 quod
2927 647 3042 701 haec
3074 646 3249 701 divina
3271 649 3448 705 virtute
3474 666 3703 721 agerentur,

2255 751 2358 791 nos
2397 737 2491 806 qui
2536 734 2819 791 fueramus
2864 736 3217 806 paucissimi,
3263 753 3492 808 processu
3512 737 3704 811 dierum,

2255 829 2587 899 astipulante
2628 828 2762 893 Deo,
2791 830 2964 884 multo
3008 832 3193 901 plures
3234 846 3383 901 quam
3426 833 3492 887 illi
3516 837 3710 891 etlicieba-

2258 930 2401 977 mur,
2439 916 2514 969 ita
2556 924 2615 970 ut
2658 917 2956 987 aliquando
2998 919 3419 988 pertimescerent
3455 925 3707 982 sacerdotes.

2260 1022 2329 1061 ne
2352 1006 2492 1062 forte
2524 1022 2620 1078 per
2644 1007 2736 1063 Dei
2763 1008 3159 1078 providentiam
3188 1012 3253 1065 ad
3276 1011 3596 1069 confusionem
3614 1017 3712 1086 ipso-

2257 1110 2416 1164 rum,
2463 1099 2520 1154 in
2579 1098 2738 1155 fidem
2792 1110 3038 1155 nostram
3086 1102 3363 1159 universus
3401 1108 3591 1175 pepulus
3625 1123 3711 1161 cons

2259 1192 2475 1247 veniret
2500 1209 2516 1259 ;
2552 1191 2870 1264 frequenter
2900 1194 3182 1250 mittentes
3211 1195 3276 1250 ad
3306 1212 3398 1251 nos
3426 1199 3655 1269 rogabant,
3676 1209 3715 1253 ut

2257 1285 2340 1341 eis
2373 1285 2441 1341 de
2488 1284 2619 1342 Jcsu
2661 1286 3097 1351 disserercmus,
3135 1288 3181 1343 si
3230 1287 3340 1358 ipse
3377 1299 3503 1344 esset
3530 1292 3716 1361 propheta

2258 1394 2419 1449 quem
2444 1378 2661 1451 Moyses
2687 1379 2942 1451 prmdixit
2968 1420 2982 1444 ,
3008 1382 3101 1452 qui
3129 1389 3210 1435 est
3234 1380 3465 1436 Christus
3482 1383 3717 1437 alemus".

2260 1470 2338 1527 De
2369 1472 2474 1527 hoc
2500 1472 2647 1528 enim
2682 1472 2802 1528 solo
2832 1472 2995 1527 nobis
3023 1473 3119 1545 qui
3147 1473 3461 1530 credidimus
3495 1474 3539 1527 in
3567 1473 3717 1533 lusum.

2260 1565 2552 1622 adversum
2599 1582 2709 1620 non
2757 1566 3048 1622 credentes
3078 1565 3297 1621 Iudaeos
3325 1566 3518 1621 videtur
3542 1583 3633 1622 esse
3653 1567 3723 1620 dif-

2261 1660 2515 1716 ferentia.
2548 1658 2750 1715 Verum
2798 1675 2924 1715 cum
2974 1660 3286 1731 frequenter
3323 1675 3471 1729 super
3506 1660 3587 1714 hoc
3618 1675 3723 1729 roga-

568 1753 676 1824 piis
707 1761 866 1809 actus
894 1761 979 1808 est
1016 1752 1071 1807 in
1102 1768 1322 1808 crucem
1352 1769 1367 1820 ;
1403 1752 1549 1824 quod
1587 1762 1767 1808 tamen
1804 1753 2009 1807 factum
2039 1754 2155 1808 vir—
2189 1750 2230 1807 Β
2262 1761 2382 1810 rent
2404 1793 2419 1819 ,
2468 1768 2570 1809 nos
2620 1761 2802 1809 autem
2853 1762 3227 1825 opportunum
3272 1761 3469 1823 tempus
3510 1752 3725 1823 requirere-

570 1854 686 1901 tute
731 1846 852 1915 ejus
892 1860 1218 1901 conversum
1254 1852 1337 1899 est
1382 1845 1437 1899 in
1482 1844 1707 1899 bonum.
1758 1843 2004 1914 Denique
2032 1860 2159 1898 eum

570 1946 875 2010 pateretur,
909 1938 1091 1994 omnis
1123 1938 1171 1993 ei
1203 1948 1531 2007 compa’ssus
1574 1948 1660 1993 est
1702 1938 1990 2005 mundus;
2035 1951 2160 1993 nam

569 2037 625 2086 et
656 2031 739 2087 sol
769 2031 1103 2085 obscuratus
1132 2038 1253 2093 est,
1289 2039 1619 2100 montesque
1665 2029 1903 2100 disrupti
1925 2069 1939 2092 ,
1972 2036 2027 2084 et
2076 2043 2165 2083 se-

574 2124 767 2194 pulcra
795 2121 1069 2194 patefacta
1104 2129 1263 2187 sunt,
1290 2123 1471 2178 velum
1501 2123 1688 2194 templi
1716 2126 1950 2178 scissum
1981 2130 2065 2177 est
2092 2120 2161 2186 ",

570 2217 721 2273 velut
754 2217 1064 2273 lamentans
1092 2217 1363 2271 excidium
1396 2216 1518 2270 loco
1547 2216 1860 2271 imminens.
1890 2214 1956 2268 Et
1980 2222 2164 2269 tamen

572 2326 699 2365 cum
729 2309 919 2365 omnis
946 2308 1186 2365 mundus
1213 2316 1527 2365 commotus
1555 2308 1664 2373 sit,
1700 2308 1803 2379 ipsi
1848 2298 2176 2363 etiamnunc

574 2403 643 2457 a‘d
676 2403 1097 2474 inquisitionem
1130 2410 1415 2457 tantarum
1447 2418 1632 2458 rerum
1664 2403 1982 2458 nullatenus
2012 2416 2179 2455 com-

578 2506 894 2551 ιιιονειιιιιτ.

644 2589 804 2647 XLII.
836 2589 1035 2646 Verum
1068 2590 1331 2662 quoniam
1406 2590 1781 2646 necessarium
1823 2594 1943 2646 erat
2002 2594 2063 2642 ut
2102 2587 2159 2642 in

575 2676 757 2740 locum
791 2701 983 2741 eorum
1012 2683 1107 2755 qui
1138 2683 1408 2738 increduli
1442 2682 1871 2754 permanebant,
1902 2695 2169 2737 vocaren-

575 2764 667 2831 tur
697 2786 887 2849 gentes
908 2817 924 2842 ,
956 2784 1016 2832 ut
1048 2777 1355 2847 repleretur
1389 2775 1481 2829 ille
1511 2790 1778 2829 numerus
1809 2772 1905 2844 qui
1934 2772 2165 2827 demon-

575 2877 785 2925 stratus
827 2867 1007 2923 fuerat
1046 2867 1283 2921 Abrahze
1337 2868 1404 2931 ",
1450 2867 1689 2922 tuittitur
1738 2866 1792 2920 in
1845 2866 2168 2921 universum

578 2962 845 3016 mundum
874 2962 1134 3017 salutaris
1163 2961 1315 3032 regni
1343 2960 1437 3015 Dei
1466 2960 1804 3032 praedicatio.
1830 2958 2180 3014 Perturban--

578 3060 669 3107 tur
698 3053 771 3108 ob
803 3053 905 3107 hoc
935 3051 1201 3107 mundani
1234 3051 1466 3124 spiritus
1490 3093 1505 3116 ,
1538 3052 1631 3122 qui
1678 3052 1987 3107 libertatem
2018 3067 2168 3123 quae-

577 3144 835 3200 rentibus
865 3160 1082 3216 semper
1113 3143 1425 3209 obsistunt,
1453 3152 1509 3200 et
1540 3143 1609 3198 ad
1641 3142 2033 3201 destruendam
2068 3142 2167 3198 Dei

578 3236 998 3293 aedificationem
1026 3252 1277 3292 errorum
1324 3236 1611 3293 machinas
1642 3245 1933 3308 quarunt,
1965 3236 2171 3308 quibus

580 3328 668 3391 hi,
701 3329 796 3400 qui
847 3328 915 3383 ad
961 3329 1159 3385 salutis
1205 3336 1260 3385 et
1303 3328 1576 3385 libertatis
1627 3329 1857 3401 gloriam
1902 3328 2167 3394 tendunt,

582 3420 920 3477 obsistentes
952 3429 1008 3476 et
1038 3436 1242 3492 agones
1275 3420 1567 3476 adversum
1612 3437 1710 3478 eos
1752 3437 1862 3476 non
1908 3421 2172 3477 minimos

580 3496 917 3569 desudantes
941 3554 956 3575 ,
993 3512 1251 3569 fortiores
1279 3512 1502 3574 ell‘ecti,
1550 3512 1619 3567 ad
1668 3513 1865 3569 salutis
1907 3527 2168 3569 coronam

581 3607 809 3683 veniant
836 3622 943 3661 non
981 3607 1102 3662 sine
1132 3607 1314 3679 palma
1345 3607 1610 3662 victoriae.
1644 3605 1867 3662 Interim
1898 3622 2024 3661 cum
2054 3622 2177 3679 pas-

579 3716 677 3777 sus
708 3706 893 3764 esset,
928 3708 982 3755 et
1012 3700 1079 3754 ab
1111 3699 1253 3753 hora
1284 3708 1439 3755 sexta
1470 3716 1646 3770 usque
1677 3699 1744 3754 ad
1776 3716 1975 3755 nonam
2011 3718 2175 3757 mun-

580 3791 707 3864 dum
740 3790 980 3847 tenebrae
1006 3792 1338 3863 pressissent
1361 3792 1428 3856 ³⁸.
1458 3792 1572 3849 sole
1596 3791 1810 3848 reddito
1837 3808 1899 3847 ac
1922 3793 2086 3849 rebus
2114 3793 2168 3848 in

590 3883 841 3939 ordinem
876 3885 1180 3948 restitutis,
1211 3886 1378 3942 etiam
1424 3885 1675 3941 homines
1716 3901 1952 3956 nequam
1997 3888 2065 3942 ad
2110 3903 2169 3942 se

582 3985 746 4048 atque
778 3976 846 4031 ad
880 3993 1059 4032 mores
1091 3994 1224 4035 suos
1254 3987 1401 4034 metu
1433 3991 1687 4034 cessante
1725 3979 1964 4051 regressi
2009 3987 2163 4035 sunt.

580 4067 718 4123 Nam
747 4069 967 4140 quidam
1003 4084 1192 4125 eorum
1223 4085 1346 4124 cum
1379 4070 1528 4125 omni
1574 4070 1824 4125 custodia
1877 4080 2165 4133 servantes

644 4226 690 4258 ⁸³
723 4226 913 4283 Matth.
941 4242 997 4283 κ.
1073 4228 1119 4261 ⁹⁰
1156 4226 1288 4283 Luc.

586 4313 677 4365 xv;
713 4298 835 4352 Act.
872 4315 989 4353 xm.
1045 4334 1047 4338 ι
1081 4299 1131 4332 ⁸⁵
1165 4299 1356 4354 Matth.
1390 4316 1563 4365 xxv",
1596 4303 1685 4358 45.

1472 4230 1514 4263 ⁸⁸
1553 4228 1717 4288 Num.
1750 4244 1824 4292 ιι,
1869 4230 1957 4285 16.
2035 4232 2080 4266 ⁹¹
2120 4230 2180 4285 Ilt

2170 4238 2277 4285 ent.
2316 4246 2473 4289 xvtu.
2508 4228 2594 4283 15.
2673 4225 2720 4258 ”
2759 4224 2950 4281 Matth.
2982 4239 3158 4288 xxv",
3193 4223 3285 4289 45,
3318 4222 3404 4286 51,
3440 4218 3519 4275 52.

1763 4302 1809 4333 “
1850 4303 2039 4357 Matth.
2074 4318 2269 4365 xxvut,
2306 4302 2393 4355 l3.
2471 4301 2515 4332 ’⁷
2552 4298 2711 4354 Joan.
2745 4314 2845 4361 xu,
2878 4297 2968 4352 54.

2266 1860 2419 1909 mus,
2448 1843 2752 1914 septimana
2778 1844 2890 1915 jam
2924 1860 3033 1899 una
3065 1860 3133 1899 ex
3165 1844 3406 1914 passione
3434 1842 3603 1897 Domini
3626 1857 3726 1896 com-

2264 1937 2515 2007 plebatur
2544 1951 2814 1992 annorum
2837 1977 2852 2002 ,
2887 1937 3127 1993 ecclesia
3161 1935 3367 1991 Domini
3408 1936 3455 1990 in
3485 1934 3725 1989 Hierusale-

2263 2030 2563 2085 constituta
2593 2028 2977 2099 copiosissime
3013 2028 3375 2099 multiplicata
3418 2027 3638 2081 crescebat
3666 2040 3726 2095 per

2264 2122 2530 2181 Iacobum
2556 2163 2569 2187 ,
2605 2123 2699 2195 qui
2732 2138 2763 2177 a
2794 2122 3029 2177 Domino
3073 2122 3357 2176 ordinatus
3385 2129 3458 2177 est
3495 2121 3539 2174 in
3571 2136 3617 2175 ea
3647 2120 3724 2189 epi-

2267 2231 2469 2286 scopus
2491 2256 2505 2277 ,
2537 2215 2864 2272 rectissimis
2895 2214 3398 2285 dispensationibus
3422 2213 3670 2282 gubernata.

2337 2305 2525 2361 XLIV.
2562 2306 2702 2363 Cum
2753 2316 2938 2362 autem
2994 2321 3098 2361 nos
3150 2304 3429 2360 duodecim
3480 2301 3654 2374 apostoli
3685 2301 3726 2354 al

2268 2399 2412 2454 diem
2464 2397 2685 2455 Pascha:
2725 2413 2851 2453 cum
2904 2398 3115 2470 ingenti
3163 2394 3500 2452 multitudine
3534 2392 3729 2449 convenis.

2170 2508 2171 2511 ‘
2269 2510 2491 2560 scmus,
2541 2493 2776 2565 ingressi
2833 2493 3127 2549 ecclesiam
3186 2492 3411 2547 fratrum
3459 2489 3731 2560 unusquisque

2268 2597 2522 2643 nostrum
2542 2629 2556 2654 ,
2588 2585 2792 2642 Iacobo
2817 2586 3199 2658 interrogante
3227 2601 3346 2657 qua:
3367 2600 3395 2637 a
3419 2584 3553 2639 nobis
3572 2598 3641 2653 per
3657 2582 3730 2635 loca

2271 2680 2485 2751 singula
2517 2689 2674 2750 gesta
2709 2681 2854 2743 sint,
2885 2678 3152 2735 audiente
3182 2678 3380 2749 populo
3413 2677 3608 2731 breviter
3627 2688 3731 2743 expo-

2271 2774 2474 2828 nimus.
2510 2770 2570 2826 In
2600 2772 2804 2843 quibus
2837 2770 3079 2841 Caiphas
3112 2769 3361 2841 pontifex
3384 2809 3397 2832 ,
3426 2767 3581 2823 missis
3602 2767 3648 2818 ad
3672 2779 3732 2817 nos

2270 2861 2687 2930 sacerdotibus,
2720 2873 2878 2936 rogat
2910 2864 3100 2919 venire
3154 2863 3223 2917 ad
3265 2878 3353 2926 se,
3399 2869 3453 2916 ut
3494 2868 3568 2914 aut
3598 2859 3735 2912 ratione

2270 2957 2568 3016 doceamus
2598 2972 2724 3013 eum
2746 2996 2762 3022 ,
2797 2957 2927 3029 quia
2957 2954 3122 3013 Jcsus
3157 2966 3394 3013 aaternus
3432 2964 3505 3011 est
3540 2952 3733 3009 Christus.

2271 3058 2366 3105 aut
2396 3051 2515 3122 ipse
2546 3066 2649 3106 nos
2680 3050 2910 3114 doceat,
2944 3051 3071 3121 quia
3106 3066 3221 3105 non
3265 3056 3374 3117 est,
3416 3063 3511 3120 quo
3536 3048 3578 3101 in
3604 3054 3738 3099 utram-

2272 3145 2403 3201 libet
2445 3144 2607 3200 fidem
2653 3144 2950 3199 universus
2994 3146 3237 3215 populus
3281 3133 3737 3204 conveniret;ethoc

2270 3238 2449 3292 facere
2482 3253 2583 3292 nos
2613 3235 2927 3307 frequenter
2954 3245 3176 3291 exorat.
3210 3233 3321 3290 Nos
3348 3249 3469 3289 vero
3492 3246 3605 3301 srepe
3625 3226 3741 3281 distu-

2269 3330 2468 3394 limus,
2505 3338 2721 3399 tempus
2753 3342 2970 3399 semper
3007 3328 3377 3398 opportunius
3400 3313 3741 3395 requirentesﬁt

2271 3438 2371 3494 ego
2400 3421 2656 3477 Clemens
2689 3419 2951 3491 respondi
2986 3419 3053 3473 ad
3098 3420 3209 3475 hoc
3238 3440 3251 3475 :
3299 3417 3433 3473 Puto
3466 3414 3586 3488 quod
3614 3422 3651 3467 et
3678 3409 3741 3462 hoc

2271 3512 2453 3582 ipsum
2506 3510 2652 3582 quod
2704 3514 2992 3583 quaeritur,
3040 3520 3233 3565 utrum
3290 3511 3401 3581 ipse
3442 3508 3504 3564 sit
3541 3504 3741 3560 Christus.

2275 3606 2508 3659 multum
2535 3603 2710 3675 prosit
2740 3601 2808 3657 ad
2838 3602 2961 3659 fidei
2996 3603 3275 3659 rationem
3308 3601 3415 3674 (ll)
3436 3641 3450 3665 ,
3479 3594 3640 3667 alioqui
3660 3607 3746 3647 nun-

2271 3714 2436 3772 quam
2469 3696 2715 3769 pontifex
2750 3712 2851 3767 pro
2885 3696 2990 3750 hoc
3020 3704 3129 3749 tam
3166 3695 3474 3765 frequenter
3499 3690 3742 3760 rogarehul

2272 3789 2339 3848 de
2367 3791 2591 3846 Christo
2620 3790 2707 3846 vel
2739 3789 2979 3845 disceret
3004 3788 3087 3842 vel
3112 3786 3362 3842 doceret.
3387 3784 3450 3839 Et
3474 3781 3663 3838 Petrus:
3684 3774 3748 3828 lie-

2271 3891 2358 3937 cte
2386 3882 2724 3953 respondisti
2753 3920 2768 3945 ,
2800 3896 2834 3933 o
2860 3878 3138 3934 Clemens.
3177 3875 3335 3933 Sicut
3364 3878 3499 3931 enim
3528 3874 3618 3929 sine
3634 3866 3749 3923 oculis

2272 3990 2500 4030 cernere
2533 3989 2697 4029 nemo
2727 3980 2945 4044 potest,
2983 3985 3084 4025 nec
3116 3970 3244 4025 sine
3274 3969 3491 4024 auribus
3515 3977 3663 4034 capere
3686 3972 3750 4011 au.

2273 4068 2445 4123 ditmu
2468 4109 2483 4133 ,
2514 4067 2595 4121 vel
2625 4067 2837 4137 absque
2878 4064 3109 4118 naribus
3152 4061 3440 4117 odoratum
3460 4100 3475 4124 ,
3512 4068 3645 4122 neque
3673 4049 3752 4104 sine

3601 4212 3637 4244 ”
3660 4206 3753 4262 Ceno

1883 4477 2250 4535 COTELERII
2310 4476 2543 4534 ΝΟΤᾹΞ.

661 4654 775 4725 (40)
812 4652 1063 4725 Septuag.
1088 4651 1598 4709 duosNariaIectio
1621 4650 1993 4725 I._u_c.x.rl,l7,
2026 4650 2168 4725 apud

2205 4665 2246 4719 ι)
2275 4652 2496 4725 sionem,
2509 4650 2604 4725 ἒβη
2624 4649 2880 4725 Eusebio,
2909 4648 3470 4725 DemoristrLeuangcl._.
3491 4644 3571 4697 lib.
3593 4654 3657 4697 Ill,

588 4723 811 4781 Graecos
838 4735 891 4780 et
920 4723 1165 4787 Latinos,
1191 4724 1561 4795 ἑϐδομήκοντα
1578 4733 1631 4777 et
1653 4723 2029 4795 é6ﬁouﬁxovza
2052 4723 2166 4787 δύο,

587 4806 690 4843 ιη
742 4804 796 4851 et
831 4815 1001 4852 LXXII.
1038 4795 1227 4850 Verum
1251 4792 1521 4862 quoniam,
1549 4792 1999 4863 iuquitOrigcues
2022 4794 2168 4848 hom.

584 4868 677 4930 27,
694 4867 748 4920 in
769 4865 1058 4928 Numeros,
1081 4884 1181 4919 mm
1200 4866 1370 4919 soluat
1395 4864 1518 4918 illos
1534 4862 1806 4916 duodecim
1827 4862 1976 4934 elegit
2000 4864 2175 4917 Domi-

586 4954 686 4992 nus
703 4948 753 4991 et
781 4937 1028 4991 Salvator
1050 4948 1248 4996 noster,
1286 4936 1375 4989 sed
1406 4946 1454 4990 et
1482 4935 1617 4987 alios
1643 4937 1973 5004 septuaginta
2013 4935 2169 4997 duos;

588 5010 790 5064 idcirco
817 5025 920 5062 non
946 5008 1116 5062 solum
1152 5006 1429 5060 duodecim
1457 5006 1646 5074 fatales,
1666 5006 1754 5058 sed
1772 5016 1819 5058 et
1834 5008 2169 5074 septuaginta

586 5081 708 5134 dure
738 5079 953 5133 arbores
978 5079 1282 5131 scribuntur
1306 5095 1418 5132 esse
1450 5077 1772 5146 palmarum.
1810 5076 1871 5128 Et
1915 5076 2100 5129 hmuil.
2138 5075 2169 5127 7

591 5152 643 5203 iu
681 5149 925 5204 Exodum
962 5169 974 5203 :
1010 5148 1093 5203 lbi
1115 5150 1274 5203 etiam
1316 5149 1530 5202 arbores
1561 5147 1882 5216 reperientur
1913 5164 2013 5199 Lxx
2055 5146 2170 5215 pal-

590 5238 821 5275 marum.
874 5219 997 5273 Non
1045 5222 1183 5274 enim
1229 5220 1331 5273 soli
1378 5236 1453 5273 xu
1503 5219 1728 5287 apostoli
1772 5218 1927 5284 [idem
1968 5216 2168 5270 Christi

590 5292 1029 5362 prwdicaverunt,
1064 5292 1153 5344 sed
1174 5300 1223 5344 et
1256 5291 1350 5344 alii
1374 5305 1478 5344 ιιι(
1512 5287 2167 5362 missiadpm'tlicaudum

593 5357 802 5417 uerbum
825 5363 914 5417 Dei
929 5363 1341 5433 referuntugper
1358 5378 1485 5433 quos
1504 5361 1708 5433 palmas
1723 5360 1955 5433 victoria:
1972 5357 2174 5413 Christi

592 5434 821 5488 mundus
852 5430 1179 5504 agnosceret.
1218 5432 1310 5487 Sic
1346 5430 1491 5504 apud
1614 5431 2001 5504 Augttstitutm,
2036 5438 2169 5485 tom.

595 5504 684 5582 Ill.
721 5500 927 5559 Auctor
960 5503 1146 5582 Qperis
1177 5507 1239 5582 de
1282 5500 1611 5557 mirabilibus
1658 5518 1825 5582 sacra:
1861 5500 2171 5582 §criptr¢rw,

596 5577 691 5630 lib.
727 5594 763 5638 ι,
798 5592 918 5645 cap.
962 5572 1015 5630 9.
1057 5578 1269 5629 confert
1302 5591 1425 5629 cum
1462 5590 1612 5645 Lxsu
1640 5572 1927 5645 discipulis
1961 5572 2174 5645 linguas

596 5661 747 5703 usu
806 5641 956 5700 ortas
995 5662 1025 5698 a
1058 5663 1207 5700 Lutt
1250 5647 1386 5701 viris
1425 5646 1493 5698 ad
1535 5641 1948 5699 aedificationem
2006 5641 2175 5696 turris

599 5715 941 5786 Babylonica:
972 5718 1337 5786 congregatis,
1373 5726 1424 5770 et
1453 5730 1601 5768 Lxxn
1628 5715 1875 5786 seniores
1906 5729 2000 5782 per
2026 5711 2176 5786 Moy—

602 5780 955 5844 scm'elcctos
988 5806 1001 5841 :
1038 5780 1225 5842 mima
1263 5780 1619 5850 Tertulliano,
1659 5780 1987 5858 tv-adversus
2028 5780 2178 5838 Har-

2275 4704 2331 4787 9;
2365 4704 2686 4777 Elissebio'ac
2719 4704 3052 4790 Theophane
3086 4721 3142 4774 in
3178 4704 3382 4775 Catena
3416 4717 3669 4790 Gratum]:
3692 4704 3758 4784 P5"

2279 4778 2418 4846 trum
2453 4793 2521 4845 ad
2550 4790 2775 4856 Lucam,-
2796 4778 3063 4861 Gregorio
3093 4790 3371 4861 Nysseno.
3393 4790 3460 4861 De
3504 4786 3606 4861 ῑξῇια
3628 4778 3757 4861 Hosis,

2276 4880 2329 4933 p.
2363 4864 2490 4928 215;
2528 4856 3058 4933 llieronymo,cpist.
3090 4856 3214 4924 127,
3235 4878 3400 4933 num.
3496 4856 3683 4921 aliisque
3702 4860 3759 4933 ref

2276 4931 2617 4989 centiorihus
2643 4974 2657 4994 ,
2695 4931 2748 4987 in
2791 4931 3017 5003 ﬁguram
3059 4947 3160 4986 ιι(
3214 4931 3759 5003 (ΙίερίριιΙοτιιιιιριξεξξη-

2277 5014 2367 5060 ιιιι·
2408 5022 2512 5059 Lxx
2558 4989 2805 5060 seniores
2826 4989 3153 5067 \Israelitici,
3202 5020 3307 5057 Lxx
3340 4989 3516 5071 palma:
3557 4989 3759 5069 ad—Elfﬂc

2273 5086 2327 5131 et
2359 5092 2457 5130 Lxx
2492 5076 2744 5130 nationes
2770 5091 2799 5127 a
2831 5091 2935 5129 Lxx
2967 5075 3202 5144 posteris
3238 5072 3351 5128 Noe
3386 5072 3618 5126 ducentes
3648 5074 3761 5144 ongi-

2272 5163 2415 5201 uem.
2455 5145 2629 5199 Porro
2659 5162 2921 5200 numerus
2955 5143 3103 5200 Lxxu
3162 5156 3557 5215 [uirtuttnerum
3589 5150 3670 5190 ιιι

2272 5219 2430 5287 primi
2462 5227 2657 5286 potest,
2690 5226 2749 5271 ut
2771 5217 2977 5272 dictum
3005 5216 3105 5271 fuit
3136 5209 3205 5271 ad
3236 5214 3443 5269 Hei-mw
3468 5228 3502 5275 ι,
3526 5209 3571 5274 3,
3593 5220 3677 5261 non
3696 5214 3760 5252 αυ-

2274 5297 2386 5360 tetu
2414 5304 2649 5360 Lxx_per
2680 5303 2855 5342 Lxxu.
3002 5356 3028 5360 Δ
3091 5356 3121 5360 υ
3301 5353 3330 5360 _
3399 5354 3414 5360 _
3507 5350 3517 5360 .
3556 5350 3566 5360 ,
3607 5335 3756 5360 ,η

2345 5358 2456 5428 (ll)
2503 5344 2654 5412 Fidei
2682 5360 2961 5412 rationem.
2992 5356 3257 5428 Codicum
3298 5350 3586 5428 Sorbouici,
3607 5344 3758 5428 'l'ltuaat

2274 5438 2328 5486 et,
2352 5420 2772 5493 'Ca'pdeleriani,
2808 5442 2892 5485 est
2933 5427 3337 5496 matomiqaw,
3376 5440 3404 5477 a

2280 5503 2450 5554 ποιεῖν
2484 5490 3019 5572 ιιι-ττισεικιιτὲριὲζσῐᾷιιιιἱ
3061 5514 3167 5572 quo
3198 5490 3426 5572 utuntur
3460 5490 3619 5572 Ignatii
3646 5490 3758 5572 inflet“

2281 5573 2495 5641 polator
2531 5568 2705 5639 Epist.
2730 5569 2799 5623 ad
2829 5557 3103 5641 Ephesios,
3135 5585 3191 5641 n_.
3219 5567 3309 5630 l8,
3334 5557 3531 5641 fiuctor
3556 5557 3760 5641 Catulli?

2285 5628 2485 5696 lionum
2509 5628 2762 5711 apostol"
2795 5628 2890 5695 lib:
2924 5657 2976 5701 ν,
3006 5628 3128 5710 cap.
3148 5628 3303 5711 εχει
3320 5635 3545 5711 Cyrilltts

2284 5696 2601 5785 Iymitanu's,
2634 5696 2761 5785 tum,
2784 5712 2839 5766 in
2886 5696 2990 5785 line
3028 5696 3383 5785 pfaefationis'
3408 5705 3469 5760 ad
3507 5696 3757 5759 Catulum.

2284 5780 2398 5839 tum
2426 5786 2479 5838 in
2517 5784 2787 5855 principio
2816 5780 3114 5838 catccitcsis
3140 5780 3223 5834 Η.
