4030 6338
594 329 735 387 1355

1436 332 1491 391 s.
1528 298 1918 392 CLEMENTIS
1950 336 1969 389 1
2004 336 2169 394 non.
2204 338 2409 397 rom.
2444 341 2672 398 OPERA
2708 344 2940 406 DUBIA.

3705 355 3839 411 1256

582 459 712 500 eum
747 444 1015 507 dixisset,
1050 461 1160 499 non
1209 444 1559 504 dubitaretur
1588 460 1641 505 et
1674 453 1994 523 prophetam
2036 470 2161 508 eum
2195 464 2236 529 Α
2264 457 2317 510 hi
2367 473 2492 512 vero
2535 460 2626 528 qui
2656 460 2791 513 nihil
2833 461 2900 516 de
2926 461 3046 531 ipso
3080 463 3297 531 penitus
3327 464 3636 528 audierant.
3671 478 3727 523 et
3750 480 3839 524 ve‘

585 534 792 600 fuisse,
840 537 1057 591 etiarnsi
1109 539 1375 609 scriptum
1424 558 1533 596 non
1575 553 1723 597 esset
1772 544 1827 597 in
1880 546 2038 615 lege:
2082 546 2157 599 ita

586 643 711 682 cum
745 635 956 680 certum
1002 628 1074 683 sit
1119 645 1244 683 eum
1288 632 1611 702 prophetam
1657 633 1862 701 fuisse,
1906 637 2160 691 similiter

580 727 792 773 certum
822 730 905 773 est
942 728 997 773 et
1026 721 1170 789 quod
1207 732 1407 778 unctus
1439 726 1540 789 sit,
1572 726 1700 794 quia
1733 726 1851 781 sine
1882 739 2158 796 unguento

579 808 910 879 prophetare
950 826 1056 865 non
1092 821 1329 882 poterat.
1363 813 1563 869 Verum
1607 817 1710 873 hoc
1752 820 1924 889 magis
1975 820 2157 876 dicere

520 960 523 961 ν
582 909 639 955 te
672 902 954 971 oportuit,
990 905 1035 958 si
1066 905 1305 960 chrisma
1348 918 1467 963 arte
1513 910 1848 979 myropolica
1889 913 2158 982 composi-

530 1050 533 1057 ,
579 1001 698 1046 tum
746 1002 831 1047 est
862 996 931 1049 ab
976 996 1195 1062 Aaron,
1242 1000 1518 1069 quomodo
1560 1000 1773 1071 primus
1822 1002 1984 1056 homo
2038 1020 2156 1077 per-

522 1158 531 1161 _
580 1086 710 1155 ungi
751 1088 929 1156 potuit
968 1099 1247 1159 unguento
1288 1101 1450 1157 ante,
1492 1095 1908 1163 compositionis
1941 1097 2153 1153 artibus

577 1175 822 1230 nondum
854 1179 1133 1246 repertis?
1187 1178 1253 1231 Et
1287 1195 1391 1249 ego
1422 1180 1682 1250 respondi
1710 1200 1722 1235 :
1779 1180 1898 1235 Non
1928 1198 2015 1237 me
2050 1191 2153 1236 tra-

579 1265 752 1320 ducas
776 1306 792 1331 ,
822 1266 983 1323 Petre
1013 1287 1026 1335 ;
1062 1284 1171 1323 non
1232 1270 1378 1326 enim
1418 1271 1485 1324 de
1524 1282 1804 1344 unguento
1846 1275 2150 1343 composito

575 1368 629 1414 et
662 1359 949 1429 temporali
982 1361 1106 1415 oleo
1158 1361 1373 1431 loquor,
1421 1362 1513 1416 sed
1559 1363 1626 1417 de
1671 1364 1767 1417 illo
1816 1364 2056 1434 simplici
2095 1375 2149 1419 et

573 1462 814 1516 aeterno,
867 1452 1011 1522 quod
1064 1468 1095 1506 a
1146 1452 1257 1509 Deo
1307 1454 1510 1510 factum
1563 1471 1686 1510 esse
1736 1456 2015 1521 docuisti,
2078 1458 2146 1512 ad

574 1545 733 1613 cujus
798 1543 1215 1601 similitudinem
1266 1545 1410 1599 istud
1465 1548 1830 1618 compositum
1897 1564 2018 1603 esse
2080 1550 2147 1603 ab

578 1635 893 1690 hominibus
922 1636 1079 1695 dicis.

644 1725 873 1781 XLVIII.
916 1727 981 1780 Et
1027 1726 1221 1783 Petrus
1254 1728 1320 1781 ad
1361 1728 1496 1795 haec,
1552 1736 1611 1783 ut
1646 1729 1949 1798 videbatur,
2001 1730 2143 1785 indi-

2262 547 2409 601 nisse
2437 534 2702 611 credant,
2733 558 2786 604 et
2818 558 3104 607 venturum
3135 564 3376 624 sperant.
3411 554 3476 608 Et
3506 555 3582 610 ita‘
3629 558 3685 610 in
3725 573 3840 611 orn-

2259 640 2419 693 nibus
2457 640 2737 709 prophetia
2788 641 2961 697 fidelis
3003 647 3275 715 apparuit,
3326 662 3447 717 qum
3487 648 3628 702 dixit
3664 650 3837 719 ipsum

2257 746 2378 785 esse
2404 733 2866 801 exspectationem
2896 736 3160 805 gentium.
3206 736 3543 794 Erraverunt
3581 756 3720 811 ergo
3747 741 3838 795 Ju-

2259 822 2359 877 daei
2391 823 2458 877 de
2486 825 2662 893 primo
2691 822 2907 879 Domini
2939 827 3175 883 adventu
3205 847 3219 896 ;
3272 838 3325 885 et
3356 831 3498 885 inter
3538 847 3644 886 nos
3674 841 3837 903 atque

2255 915 2405 983 ipsos
2444 914 2509 968 de
2549 914 2652 967 hoc
2679 924 2762 970 est
2792 915 2909 970 solo
2935 916 3247 976 dissidium.
3300 918 3435 974 Nam
3464 922 3612 988 quod
3649 933 3836 977 ventu-

2255 1020 2352 1060 rus
2382 1006 2453 1059 sit
2482 1004 2755 1072 Christus,
2809 1016 3012 1062 norunt
3060 1010 3224 1065 etiam
3264 1011 3371 1082 ipsi
3398 1019 3450 1066 et
3484 1021 3832 1083 exspectant;

2211 1106 2219 1112 '
2253 1096 2397 1166 quod
2444 1105 2622 1152 autem
2665 1100 2780 1168 jam
2829 1101 3041 1154 venerit
3079 1101 3134 1155 in
3165 1101 3473 1157 humilitate
3499 1103 3590 1157 hic
3630 1105 3729 1173 qui
3757 1105 3836 1157 di-

2252 1186 2395 1239 citur
2415 1187 2595 1251 Jesus,
2631 1190 2902 1259 ignorant.
2937 1188 3005 1243 Et
3040 1190 3095 1244 in
3125 1192 3228 1247 hoc
3272 1194 3507 1247 maxime
3552 1194 3682 1263 ejus
3712 1210 3834 1249 con-

2250 1276 2497 1331 firmatur
2547 1279 2832 1342 adventus,
2888 1280 3035 1349 quod
3087 1282 3135 1335 ei
3182 1297 3295 1336 non
3340 1298 3532 1337 omnes
3574 1283 3829 1338 credunt.

2318 1368 2403 1424 Ll.
2463 1369 2621 1424 Hunc
2654 1387 2784 1441 ergo
2829 1372 2975 1428 Deus
3019 1372 3318 1427 destinavit
3364 1374 3419 1427 in
3468 1374 3579 1428 fine
3623 1376 3827 1441 mundi,

2249 1460 2377 1531 quia
2422 1460 2757 1532 impossibile
2801 1472 2918 1518 erat
2964 1464 3277 1518 mortalium
3311 1466 3450 1519 mala
3480 1468 3711 1536 purgari
3740 1483 3832 1537 per

2248 1552 2413 1606 alium
2436 1593 2452 1617 ,
2480 1553 2689 1625 integra
2729 1553 2995 1609 duntaxat
3026 1563 3378 1626 permanente
3403 1556 3638 1611 humani
3668 1573 3831 1629 gene-

2248 1644 2325 1699 ris
2353 1654 2625 1712 creatura,
2662 1645 2765 1700 hoc
2815 1655 2901 1701 est
2947 1647 3099 1701 salva
3149 1648 3362 1702 arbitrii
3405 1648 3687 1703 libertate.
3719 1648 3829 1704 Hoc

2248 1735 2411 1805 igitur
2451 1744 2595 1791 statu
2644 1736 2902 1791 incolumi
2935 1745 3241 1802 reservato,
3296 1738 3532 1794 invitare
3576 1740 3732 1795 venit
3762 1740 3829 1794 ad

571 1836 791 1890 gnans:
829 1819 970 1886 Quid
1018 1828 1198 1894 putas,
1248 1818 1523 1885 Clemens,
1568 1821 1696 1891 quia
1737 1836 1928 1877 omnes
1967 1822 2145 1875 omnia
2178 1824 2219 1878 Β
2249 1844 2473 1898 regnum
2499 1828 2679 1897 justos
2712 1844 2961 1899 quosque
3000 1837 3055 1883 et
3097 1844 3193 1885 eos
3222 1831 3314 1900 qui
3341 1832 3561 1901 placere
3596 1833 3827 1888 studue-

572 1921 699 1966 ante
746 1919 959 1981 tempus
1010 1912 1151 1968 scire
1192 1912 1524 1982 possumus?
1567 1911 1671 1967 Sed
1710 1927 1857 1966 nunc
1890 1912 1967 1966 uti
2010 1928 2078 1967 ne
2115 1928 2145 1966 a

568 2004 851 2073 proposito
897 2018 1149 2058 sermone
1187 2002 1527 2067 recedamus,
1560 2004 1695 2058 alias
1727 2004 1822 2058 tibi
1866 2019 1988 2057 cum
2019 2020 2147 2075 pro-

569 2092 745 2147 fectus
786 2101 914 2148 tuus
954 2092 1279 2148 manifestus
1315 2093 1510 2159 fuerit,
1543 2094 1610 2149 de
1649 2094 1733 2151 his
1773 2084 2139 2165 apertius-ex-

566 2199 853 2254 ponemus.
886 2184 1039 2239 Tunc
1068 2192 1247 2246 autem
1268 2193 1544 2256 unguento
1574 2186 1875 2259 composito
1902 2203 2141 2257 perunc-

566 2284 656 2330 tus
688 2276 931 2345 pontifex
964 2275 1048 2330 vel
1079 2276 1340 2346 propheta
1364 2319 1377 2342 ,
1412 2276 1504 2331 Dei
1529 2277 1696 2332 altare
1719 2278 2056 2334 succendens
2085 2279 2140 2332 in

562 2369 709 2422 omni
746 2366 948 2422 mundo
982 2368 1166 2423 clarus
1197 2368 1516 2423 habebatur.
1544 2367 1648 2423 Sed
1680 2377 1802 2439 post
1828 2369 2009 2425 Aaron
2046 2370 2139 2441 qui

568 2460 819 2531 pontifex
850 2460 972 2525 fuit,
1004 2461 1144 2516 alius
1172 2477 1237 2516 ex
1259 2461 1415 2531 aquis
1448 2462 1761 2525 assumitur,
1787 2477 1895 2515 non
1920 2458 2139 2533 Moysen

560 2552 706 2615 dico,
751 2551 844 2607 sed
878 2552 1027 2615 illum
1055 2552 1145 2621 qui
1179 2551 1237 2615 in
1283 2551 1439 2620 aquis
1476 2550 1729 2625 baptismi
1759 2549 1932 2606 Filius
1965 2566 1998 2604 a
2029 2551 2140 2608 Deo

559 2645 882 2716 appellatus
911 2652 995 2721 est
1042 2645 1110 2698 ".
1164 2642 1323 2699 Jesus
1376 2658 1610 2712 namque
1657 2651 1761 2703 est.
1817 2644 1909 2713 qui
1956 2644 2133 2717 ignem

559 2737 711 2790 illum
742 2751 901 2806 quem
947 2734 1281 2795 accendebat
1312 2732 1554 2803 pontifex
1602 2748 1702 2802 pro
1730 2735 1969 2812 peccatis
1990 2774 2005 2800 ,
2049 2751 2138 2791 re-

557 2829 749 2883 stinxit
772 2843 868 2897 per
895 2827 1147 2901 baptismi
1172 2826 1519 2897 gratiamgex
1539 2841 1648 2897 quo
1674 2827 1823 2891 enirn
1851 2828 1938 2882 hic
1965 2844 2135 2900 appa-

556 2920 687 2983 ruit,
715 2920 949 2983 cessavit
977 2919 1238 2984 chrisma,
1272 2934 1367 2989 per
1390 2917 1533 2987 quod
1564 2918 1911 2991 pontificatus
1930 2922 2136 2992 praebe-

554 3010 718 3065 batur
738 3052 752 3074 ,
792 3013 876 3066 vel
909 3012 1215 3087 prophetia,
1248 3012 1331 3066 vel
1364 3028 1612 3082 regnum.

478 3096 479 3099 “
625 3102 810 3159 XLIX.
863 3102 1021 3167 Hunc
1050 3103 1215 3174 igitur
1250 3102 1565 3161 adfuturum
1608 3105 1857 3179 praedixit
1894 3106 2128 3179 Moyses,

552 3195 647 3265 qui
675 3195 846 3266 legem
880 3194 977 3255 Dei
1002 3196 1314 3257 horninibus
1340 3195 1567 3259 tradidit
1587 3215 1602 3264 ;
1622 3186 1726 3252 ised
1755 3205 1809 3252 et
1837 3198 1978 3253 allus
2003 3208 2130 3255 ante

552 3288 767 3355 ipsum,
820 3288 963 3343 sicut
1010 3289 1106 3343 tibi
1156 3297 1209 3343 et
1240 3296 1365 3343 ante
1404 3289 1516 3358 jam
1571 3288 1786 3345 tradidi.
1838 3288 1957 3359 Ipse
2000 3305 2131 3361 ergo

550 3376 812 3433 iudicavit
868 3394 993 3433 eum
1047 3387 1336 3433 venturum
1384 3380 1563 3449 primo
1624 3380 1842 3449 quidem
1893 3380 2127 3435 adventu

552 3469 812 3524 humilem
834 3509 849 3533 ,
884 3469 1129 3525 secundo
1157 3485 1287 3524 vero
1323 3470 1643 3540 gloriosum.
1678 3468 1741 3522 Et
1768 3470 1975 3540 primus
2006 3471 2131 3542 qui-

546 3563 670 3617 dem
708 3562 821 3631 jam
870 3562 1128 3632 impletus
1156 3570 1259 3625 est,
1293 3577 1417 3615 cum
1451 3561 1600 3616 venit
1629 3570 1683 3615 et
1719 3561 1925 3626 docuit,
1965 3570 2020 3618 et
2042 3563 2136 3633 ju-.

545 3653 650 3709 de'x
679 3653 921 3707 omnium
950 3653 1230 3722 judicatus
1261 3660 1365 3716 est,
1404 3667 1466 3705 ac
1500 3660 1832 3723 peremptus.
1874 3651 2125 3707 Secundo

543 3757 675 3797 vero
703 3739 938 3796 adventu
966 3742 1318 3811 judicaturus
1354 3741 1627 3805 adveniet,
1677 3749 1730 3795 et
1765 3742 1960 3810 impios
2000 3741 2123 3811 qui-

542 3835 665 3889 dem
714 3833 1119 3897 condemnabit,
1170 3833 1289 3902 pios
1333 3848 1464 3888 vero
1510 3837 1565 3886 in
1604 3833 1940 3887 consortium
1968 3834 2121 3900 regni

542 3926 973 3995 societatemque
1003 3925 1285 3995 suscipiet.
1316 3923 1481 3990 Fides
1507 3940 1635 3979 vero
1672 3925 1895 3981 secundi
1928 3925 2121 3981 adven-

538 4028 629 4072 tus
657 4024 871 4072 constat
893 4032 957 4071 ex
993 4018 1195 4087 primo.
1232 4015 1525 4086 Pmphette
1561 4016 1706 4070 enim
1737 4014 1803 4069 de
1834 4015 2008 4085 primo
2039 4016 2118 4071 loc

538 4110 651 4165 cuti
685 4116 848 4172 sunt,
892 4115 945 4163 et
992 4108 1267 4178 praecipue
1310 4106 1479 4161 Jacob
1519 4116 1573 4161 et
1600 4105 1835 4177 Moyses,
1867 4108 2114 4160 nonnulli

536 4209 721 4254 tamen
748 4200 912 4254 etiam
934 4199 1001 4254 de
1023 4198 1289 4253 secundo.
1320 4196 1425 4253 Sed
1452 4199 1860 4265 magnificentia
1888 4200 2116 4269 prophe-

534 4294 625 4347 tize
651 4293 707 4346 in
736 4293 839 4346 hoc
863 4292 1101 4345 maxime
1132 4291 1542 4360 comprobatur,
1579 4289 1729 4359 quod
1751 4290 1885 4344 nihil
1916 4307 2114 4352 secun-

535 4386 663 4440 dum
712 4383 1156 4453 consequentiam
1211 4397 1394 4437 rerum
1441 4382 1509 4437 de
1571 4381 1775 4437 futuris
1820 4381 2105 4450 dixerunt;

2245 1926 2375 1972 runt
2416 1919 2487 1982 ei,
2537 1919 2738 1989 quibus
2765 1920 2905 1974 bona
2936 1921 3227 1976 ineffabilia
3259 1924 3590 1991 praeparavit
3625 1932 3679 1978 et
3708 1922 3832 1979 Hie-

2244 2011 2480 2064 rusalem
2508 2011 2777 2065 civitatem
2801 2013 3101 2078 caelestem,
3129 2028 3252 2083 quae
3275 2029 3440 2083 super
3472 2014 3822 2083 splendorem

2244 2101 2376 2157 solis
2425 2100 2652 2172 fulgebit
2701 2102 2755 2157 in
2811 2103 3145 2159 habitatione
3190 2113 3528 2160 sanctorum.
3584 2106 3822 2176 Iniustos

2242 2208 2370 2249 vero
2400 2203 2452 2249 et
2481 2194 2697 2264 impios,
2727 2202 2780 2250 et
2811 2195 2903 2265 qui
2944 2211 3045 2265 pro
3076 2196 3247 2250 nihilo
3277 2195 3588 2252 habuerunt
3632 2198 3819 2265 Deum,

2242 2283 2700 2355 commissamque
2752 2284 2857 2339 sibi
2890 2286 3053 2339 vitam
3086 2284 3303 2341 diversa
3333 2286 3402 2340 ad
3440 2286 3655 2358 ﬂagitia
3700 2304 3821 2343 con-

2241 2376 2521 2441 tulerunt,
2548 2390 2611 2429 ac
2638 2384 2855 2446 tempus
2884 2378 3067 2447 aperis
3089 2377 3247 2447 justi,
3278 2379 3611 2433 exercitium
3648 2380 3820 2438 fecere

2240 2469 2479 2533 malitiae,
2519 2472 2951 2541 competentibus
3001 2473 3247 2544 ipsisque
3289 2473 3471 2544 dignis
3517 2475 3819 2531 ultionibus

2238 2558 2433 2615 tradet.
2479 2560 2689 2616 Caatera
2730 2577 2861 2618 vero
2888 2579 3009 2633 quae
3038 2564 3113 2618 Ibi
3161 2579 3422 2635 gerentur
3469 2565 3719 2636 proferri
3767 2576 3818 2621 et

2237 2649 2443 2719 eloqui,
2470 2665 2649 2720 neque
2673 2653 2884 2722 angelis
2908 2669 3084 2723 neque
3114 2654 3430 2709 hominibus
3454 2654 3539 2711 fas
3569 2663 3695 2724 est;
3726 2657 3818 2711 sed

2237 2737 2339 2793 hoc
2368 2746 2581 2794 tantum
2608 2741 2752 2796 scire
2785 2756 2886 2797 nos
2924 2741 3154 2808 sufficit,
3185 2743 3331 2813 quod
3357 2745 3523 2799 bonis
3551 2754 3820 2801 aeternam

2235 2830 2501 2886 bonorum
2538 2833 2937 2915 possessionem
2960 2834 3205 2891 conferet
3234 2834 3399 2890 Deus.

2302 2920 2414 2977 LII.
2466 2921 2565 2978 His
2603 2924 2672 2977 ab
2701 2940 2766 2979 eo
2808 2926 2970 2980 dictis
3022 2942 3123 2997 ego
3162 2927 3463 2997 respondi:
3495 2927 3552 2982 Si
3598 2926 3817 2986 Christi

2233 3029 2401 3085 regno
2451 3015 2705 3071 fruentur
2750 3017 2827 3082 hi,
2863 3033 3003 3089 quos
3045 3019 3225 3088 justos
3255 3020 3515 3074 invenerit
3542 3019 3673 3088 ejus
3703 3024 3815 3076 ad-

2233 3113 2449 3171 ventus,
2481 3122 2612 3177 ergo
2630 3108 2723 3178 qui
2752 3116 2878 3163 ante
2917 3108 3207 3164 adventum
3230 3110 3352 3179 ejus
3375 3109 3623 3166 defuncti
3655 3120 3812 3177 sunt,

2233 3214 2401 3272 regno
2435 3204 2656 3273 penitus
2696 3204 3004 3259 carebunt?
3036 3204 3172 3259 Tum
3198 3203 3397 3261 Petrus
3426 3225 3443 3261 :
3488 3203 3660 3277 Cogis
3698 3222 3809 3272 me,

2232 3280 2428 3362 inquit,
2477 3308 2511 3348 ο
2556 3292 2833 3361 Clemens,
2880 3296 3062 3365 aliqua
3105 3295 3174 3351 de
3218 3296 3596 3358 ineffabilibus
3636 3299 3815 3369 publi-

2229 3398 2373 3441 care.
2418 3383 2808 3442 Verumtamen
2848 3387 3205 3459 quoadusque
3253 3388 3490 3458 proferri
3526 3389 3680 3457 licet,
3729 3390 3811 3444 fa-

2228 3490 2352 3530 cere
2370 3492 2478 3531 non
2507 3478 2733 3548 pigebit.
2772 3477 3023 3537 Christus
3046 3520 3062 3547 ,
3105 3479 3199 3552 qui
3223 3480 3293 3536 ab
3316 3481 3477 3536 initio
3506 3489 3562 3538 et
3592 3498 3809 3554 semper

2225 3573 2363 3630 erat,
2392 3581 2488 3636 per
2512 3568 2758 3638 singulas
2789 3584 3034 3641 quasque
3056 3558 3434 3642 generationes
3470 3575 3604 3642 piis.
3634 3576 3806 3630 laten-

2223 3663 2307 3710 ter
2334 3657 2480 3721 licet,
2513 3675 2727 3730 semper
2757 3670 2935 3716 tamen
2959 3662 3169 3725 aderat.
3199 3663 3283 3717 his
3304 3664 3607 3734 praecipue,
3636 3681 3667 3719 a
3692 3666 3807 3734 qui-

2223 3746 2326 3801 bus
2363 3749 2803 3817 exspectabatur,
2838 3751 3143 3821 quibusque
3183 3749 3498 3821 frequenter
3525 3754 3803 3823 apparuit.

2224 3837 2327 3893 Sed
2359 3854 2467 3893 non
2506 3848 2624 3895 erat
2653 3848 2887 3911 tempus,
2932 3850 2993 3894 ut
3032 3850 3163 3895 tunc
3193 3842 3451 3896 resolutis
3475 3830 3802 3913 corpOribus

2220 3924 2373 3981 fieret
2420 3929 2790 3995 resurrectio;
2827 3928 2921 3983 sed
2955 3927 3070 3983 inec
3111 3930 3285 3999 magis
3325 3931 3699 3985 remuneratio
3720 3933 3803 3984 vi-

2218 4014 2450 4071 debatur
2480 4034 2509 4071 a
2539 4016 2670 4086 Deo,
2721 4027 2780 4073 ut
2818 4020 2911 4089 qui
2962 4020 3301 4074 inveniretur
3328 4020 3516 4089 justus
3540 4061 3559 4085 ,
3591 4022 3803 4076 diutius

2217 4120 2560 4177 permaneret
2590 4110 2643 4164 in
2675 4126 2925 4181 corpore,
2970 4121 3063 4164 aut
3096 4120 3264 4175 certe,
3289 4113 3433 4167 sicut
3461 4113 3529 4167 de
3555 4114 3801 4184 quodam

2210 4198 2363 4265 justo
2413 4198 2693 4253 evidenter
2745 4200 2981 4254 refertur
3028 4202 3081 4254 in
3129 4202 3329 4257 litteris
3383 4203 3519 4273 legis
3564 4205 3607 4268 ¹,
3648 4205 3796 4275 quod

2213 4290 2553 4345 transtulerit
2602 4305 2725 4344 eum
2774 4289 2937 4347 Deus.
2978 4291 3150 4346 Simili
3182 4295 3430 4363 exemplo
3465 4296 3635 4349 etiam
3667 4310 3796 4349 cum

2211 4382 2426 4437 caeteris
2462 4390 2669 4452 gestum
2704 4390 2789 4437 est
2833 4383 2923 4453 qui
2980 4386 3099 4454 ejus
3142 4385 3403 4438 voluntati
3437 4386 3796 4455 placuerunt,

532 4476 1058 4547 alioquitestimasse
1092 4476 1273 4545 potius
1306 4475 1580 4543 sapientes
1603 4475 1725 4539 v‘ri,
1756 4475 1899 4545 quod
1924 4491 2107 4529 rerum
2140 4493 2184 4547 ι)
2210 4480 2267 4525 ut
2311 4473 2376 4526 ad
2428 4471 2742 4542 paradisum
2786 4475 3038 4528 translati
3089 4483 3377 4529 serventur
3420 4475 3491 4529 ad
3535 4494 3796 4547 regnum.

529 4569 923 4638 consequentia
951 4566 1274 4632 dictaverat,
1308 4565 1648 4621 viderentur.

600 4658 663 4713 L.
696 4658 853 4724 Quod
887 4665 1067 4711 autem
1098 4656 1242 4719 dico,
1268 4656 1373 4710 tale
1406 4664 1499 4711 cst
1533 4676 1545 4710 :
1579 4656 1858 4712 Christum
1898 4658 2101 4727 suscipi

529 4767 561 4804 a
589 4750 791 4809 Judzeis
821 4750 889 4805 ad
920 4764 1058 4819 quos
1098 4756 1344 4812 venerat,
1386 4749 1616 4804 et~credi
1646 4750 1716 4811 ci,
1758 4750 1850 4819 qui
1877 4764 2104 4819 exspec—

527 4842 750 4896 tabatur
795 4841 862 4895 ad
910 4840 1140 4894 salutem
1186 4840 1373 4909 populi
1436 4839 1736 4893 secundum
1783 4840 2102 4897 traditiones

524 4943 774 5004 patrum,
806 4948 1152 5003 consequens
1182 4940 1319 4995 erat,
1348 4942 1535 5003 gentes
1557 4948 1684 4988 vero
1715 4932 1922 4989 alienas
1952 4934 2021 4987 ab
2037 4950 2103 4989 eo

525 5024 660 5090 fore,
721 5024 919 5093 quibus
970 5038 1147 5092 neque
1198 5022 1526 5090 promissum
1577 5020 1875 5089 quidquam
1920 5019 1987 5075 de
2034 5036 2099 5075 eo

522 5131 698 5187 neque
721 5116 1099 5169 annuntiatum
1145 5113 1361 5175 fuerat,
1405 5112 1514 5165 imo
1543 5112 1741 5181 quibus
1776 5128 1844 5166 ne
1876 5113 2097 5166 nomine

520 5203 738 5273 quidem
774 5203 894 5274 ipso
932 5202 1225 5273 aliquando
1267 5202 1601 5255 innotuerat.
1649 5200 1714 5255 Et
1744 5209 1928 5255 tamen
1975 5217 2097 5271 pro-

519 5298 695 5367 phette
714 5337 728 5360 ,
759 5304 951 5350 contra
978 5295 1222 5349 ordinem
1251 5301 1304 5348 et
1332 5293 1777 5361 consequentiam
1805 5309 1990 5347 rerum
2014 5292 2098 5345 di-

516 5404 645 5444 xere
672 5404 796 5443 eum
845 5376 1298 5458 exspectationem
1328 5384 1570 5455 gentium
1607 5385 1696 5448 ¹⁰⁰,
1746 5394 1799 5438 et
1830 5400 1939 5438 non
1986 5383 2085 5439 Ju-

517 5479 755 5533 dazorum
803 5477 1066 5533 futurum.
1100 5475 1177 5530 lta
1214 5475 1448 5543 denique
1479 5481 1531 5528 et
1559 5481 1770 5543 gestum
1801 5481 1904 5528 est.
1941 5472 2079 5535 Cum

514 5573 657 5625 enim
683 5571 918 5625 venisset
948 5612 961 5633 .
996 5571 1063 5623 ab
1088 5568 1173 5621 his
1201 5568 1293 5637 qui
1322 5581 1447 5620 eum
1479 5573 1795 5633 exspectare
1821 5564 2083 5620 videban—

518 5672 605 5715 tur
619 5675 680 5713 ex
706 5660 997 5714 traditione
1020 5658 1309 5725 majorum,
1336 5654 1558 5709 omnino
1583 5654 1802 5725 agnitus
1828 5668 1939 5709 non
1957 5663 2043 5709 est
2067 5673 2081 5722 ;

585 5835 629 5872 υ
667 5833 853 5893 Matth.
879 5851 957 5902 tu,
996 5834 1079 5889 l7.
1153 5836 1223 5907 f”
1266 5833 1401 5889 Gen.
1431 5848 1583 5900 xux,
1620 5832 1705 5887 10.
1768 5835 1797 5909 7‘
1844 5831 1979 5886 Gen.
2006 5846 2057 5897 v,
2085 5828 2176 5889 9.4.

2206 4578 2394 4618 eorum
2432 4577 2560 4617 vero
2596 4562 2687 4631 qui
2740 4580 2847 4617 non
2880 4565 2946 4617 ad
2996 4565 3265 4635 integrum
3294 4572 3526 4635 potuere
3566 4570 3802 4637 explere

2204 4670 2449 4721 normam
2471 4655 2723 4721 justitiaz,
2763 4655 2858 4711 sed
2888 4658 3101 4727 aliquas
3142 4659 3194 4711 in
3230 4674 3327 4713 sua
3360 4673 3530 4713 carne
3564 4662 3801 4714 malitia:

2202 4747 2462 4815 reliquias
2506 4746 2767 4812 habuere,
2805 4763 3037 4816 corpora
3084 4749 3304 4817 quidem
3342 4749 3798 4815 resolverentur,

2203 4840 2395 4893 animae
2423 4854 2552 4892 vero
2584 4849 2935 4894 servarentur
2963 4839 3020 4893 in
3052 4840 3220 4895 bonis
3257 4840 3506 4911 laetisque
3540 4845 3795 4913 regioni-

2202 4930 2326 4994 bus,
2362 4939 2421 4983 ut
2451 4930 2504 4984 in
2550 4931 2953 4991 resurrectione
2993 4939 3358 4995 mortuorum,
3390 4946 3516 4985 cum
3557 4949 3661 4988 sua
3694 4951 3794 4989 re—

2200 5021 2465 5091 ceperint,
2512 5021 2628 5091 ipsa
2672 5023 2785 5090 jam
2848 5023 3187 5083 resolutione
3247 5024 3503 5093 purgati,
3550 5040 3657 5094 pro
3704 5025 3799 5079 his

2197 5125 2317 5179 qua:
2350 5110 2490 5165 bene
2532 5120 2836 5180 gesserant,
2883 5122 3088 5167 aeterna
3120 5114 3431 5168 haereditate
3467 5117 3801 5183 potiantur.

2196 5199 2260 5252 Et
2292 5199 2417 5255 ideo
2447 5201 2591 5255 beati
2632 5209 2759 5255 sunt
2794 5218 2983 5258 omnes
3014 5204 3109 5273 qui
3144 5218 3372 5273 regnum
3412 5201 3635 5261 Christi
3672 5207 3808 5261 fue-

2191 5292 2305 5345 rint
2362 5292 2567 5361 adepti,
2614 5293 2741 5361 quia
2788 5310 2893 5347 non
2927 5296 3106 5350 solum
3160 5294 3358 5351 inferni
3403 5310 3612 5367 pmnas
3649 5299 3810 5353 eﬂ’u—

2190 5381 2357 5451 gient,
2388 5382 2482 5437 sed
2506 5391 2560 5439 et
2588 5384 3037 5452 incorruptibiles
3061 5386 3487 5456 permanebunt,
3515 5397 3584 5443 et
3616 5392 3813 5459 primi

2190 5470 2357 5526 Deum
2402 5471 2619 5528 Patrem
2659 5473 2955 5540 videbunt,
2989 5485 3154 5549 atque
3188 5479 3328 5532 inter
3367 5479 3587 5548 primos
3632 5485 3816 5552 apud

2188 5563 2358 5619 Deum
2393 5564 2620 5621 honoris
2655 5567 2901 5622 ordinem
2943 5578 3368 5638 consequentur.

2264 5654 2391 5713 LIII.
2426 5655 2654 5728 Propter
2684 5658 2828 5729 quod
2860 5676 2969 5716 non
3012 5661 3235 5715 minima
3261 5660 3325 5716 dc
3357 5660 3588 5723 Christo
3631 5680 3807 5737 qua.»
