4030 6338
322 334 343 377 ⁸1
356 334 457 387 9.37

1528 329 2100 388 RECOGNTIONUM
2139 329 2265 384 LIB.
2303 330 2344 386 1.
2393 356 2403 366 -

3368 376 3371 377 ν
3434 333 3571 388 1238

316 453 422 505 stio
444 449 694 514 habetur,
718 455 772 503 et
798 448 1041 504 inﬁdeles
1067 450 1271 519 quique
1289 466 1356 505 ex
1391 446 1593 504 Judaeis
1620 452 1886 503 immensa
1920 453 1961 508 Α
1990 444 2185 514 cipulis
2227 440 2455 498 Joannis
2499 444 2634 516 (46),
2682 446 2775 514 qui
2824 446 3149 500 videbantur
3196 462 3318 504 esss
3364 449 3567 518 magni,

314 542 607 596 adversum
646 556 749 595 nos
790 541 1004 596 insania
1047 552 1490 605 commoventur,
1534 552 1783 596 verentes
1824 557 1891 595 ne

315 631 457 687 forte
500 634 621 701 ipse
653 630 746 693 sit,
795 634 848 686 in
881 649 1042 703 quem
1078 644 1470 703 peccaverunt;
1523 643 1579 688 et
1621 649 1687 687 eo
1720 632 1892 702 magis

314 732 496 779 metus
526 725 811 789 increscit,
852 727 999 795 quod
1038 728 1240 789 sciunt,
1274 726 1455 780 statim
1494 734 1552 779 ut
1575 742 1699 780 eum
1739 726 1889 779 cruci

312 814 554 877 ailixere,
590 817 901 871 universum
942 818 992 873 ei
1037 834 1385 887 compassum
1427 834 1551 873 esse
1603 818 1888 883 mundum,

312 924 627 978 corpusque
658 911 777 979 ejus
806 910 1052 981 diligenti
1084 926 1115 963 a
1144 911 1474 967 secustodia
1505 920 1888 965 conservatum

314 1018 589 1071 nusquam
643 1005 1057 1073 comparuisse,
1118 1014 1280 1073 atque
1333 1002 1401 1055 ad
1454 1002 1611 1056 ﬁdem
1650 1000 1889 1055 nominis

313 1094 438 1162 ejus
489 1093 805 1149 innumeras
855 1094 1232 1151 multitudines
1271 1093 1585 1147 convenire.
1631 1090 1788 1145 Unde
1836 1097 1889 1145 ct

313 1181 585 1251 compulsi
625 1191 754 1237 sunt
798 1198 903 1237 una
950 1198 1075 1237 cum
1126 1181 1379 1253 pontiﬁce
1418 1180 1644 1249 Caipha,
1690 1180 1888 1251 saepius

314 1275 533 1328 mittere
574 1274 642 1327 ad
675 1289 776 1329 nos
800 1314 815 1338 ,
863 1284 921 1329 ut
948 1274 1017 1329 de
1056 1275 1297 1328 nominis
1326 1273 1447 1341 ejus
1484 1273 1709 1326 veritate
1734 1287 1887 1341 qua:-

313 1372 549 1418 reretur.
606 1363 851 1434 Cumque
907 1365 1098 1419 crebro
1141 1364 1500 1433 deposcerent
1552 1368 1611 1414 ut
1653 1361 1720 1415 de
1759 1360 1887 1414 Jesu

312 1463 408 1507 aut
446 1454 721 1508 discerent
764 1463 856 1508 aut
888 1454 1171 1518 docerent,
1211 1456 1256 1510 si
1287 1455 1405 1523 ipse
1438 1462 1583 1509 esset
1610 1453 1885 1512 Christus,

312 1546 492 1598 visum
532 1546 691 1601 nobis
727 1556 810 1600 est
840 1547 1139 1601 ascendere
1186 1546 1251 1599 ad
1282 1546 1563 1617 templum,
1607 1554 1661 1600 et
1703 1560 1887 1599 coram

311 1639 469 1692 omni
526 1640 726 1708 populo
780 1641 1073 1709 protestari
1114 1640 1180 1694 de
1230 1656 1314 1703 eo,
1368 1641 1532 1695 simul
1578 1648 1629 1693 et
1660 1654 1888 1708 arguere

308 1726 533 1783 Judaeos
558 1728 625 1782 de
659 1730 865 1795 multis,
897 1746 1019 1799 quae
1056 1731 1124 1785 ab
1152 1731 1233 1786 eis
1270 1731 1508 1785 absurde
1538 1730 1883 1800 gerebantur.

1993 544 2354 605 segregarunt
2385 552 2444 590 se
2473 551 2502 589 a
2543 537 2742 607 populo
2772 544 2825 590 et
2857 537 3178 607 magistrum
3210 554 3369 593 suum
3402 541 3569 593 veluti

1990 628 2267 683 Christum
2316 628 2705 696 praedicarunt.
2752 625 2876 681 Haec
2919 641 3096 683 autem
3131 629 3315 683 omnia
3364 647 3573 702 pracpa-

1990 734 2107 777 rata
2143 732 2271 776 sunt
2298 722 2616 784 schismata,
2660 730 2718 775 ut
2741 730 2795 776 et
2831 722 2964 777 ﬁdes
2986 721 3191 777 Christi
3211 738 3307 792 per
3322 723 3439 779 haec
3468 727 3571 780 im-

1990 814 2286 884 pediretur,
2320 822 2375 868 et
2400 814 2687 882 baptisma.
3100 826 3101 829 ‘

2059 903 2168 959 LV.
2210 904 2619 965 Verumtamen,
2664 911 2722 957 ut
2772 903 2956 959 dicere
3009 921 3378 975 cmperamus.
3438 922 3565 962 cum

1988 994 2302 1065 frequenter
2344 1009 2445 1048 nos
2487 994 2729 1063 pontifex
2768 1009 2863 1063 per
2916 995 3230 1050 sacerdotes
3282 1006 3567 1066 rogasset,

1990 1093 2049 1139 ut
2086 1085 2153 1139 de
2199 1084 2326 1139 Jesu
2370 1100 2553 1139 sermo
2582 1085 2740 1140 nobis
2779 1086 3072 1141 haberetur
3110 1086 3179 1139 ad
3220 1087 3566 1153 alterutrum,

1991 1175 2082 1229 ubi
2111 1184 2480 1245 opportunum
2524 1176 2703 1232 visum
2744 1183 2829 1230 est
2872 1185 2925 1231 et
2966 1177 3115 1231 omni
3150 1176 3407 1237 Ecclesia:
3449 1181 3567 1251 pla-

1989 1268 2123 1329 cuit,
2157 1267 2512 1323 ascendimus
2554 1266 2621 1320 ad
2654 1268 2937 1337 templum,
2972 1278 3026 1324 et
3062 1278 3272 1327 stantes
3300 1273 3353 1325 in
3384 1273 3568 1343 gradi-

1991 1360 2101 1413 bus.
2124 1376 2233 1414 una
2260 1376 2386 1414 cum
2419 1360 2676 1415 ﬁdelibus
2719 1362 2983 1416 fratribus
3024 1365 3229 1420 nostris
3249 1406 3263 1427 ,
3296 1366 3439 1421 facto
3469 1382 3565 1436 po-

1992 1452 2103 1522 puli
2142 1468 2356 1509 summo
2378 1454 2615 1517 silentio,
2653 1456 2803 1525 prior
2830 1455 3070 1525 pontifex
3097 1458 3262 1527 coepit
3291 1458 3565 1515 adhortari

1992 1545 2272 1614 populum,
2302 1555 2359 1598 ut
2389 1546 2655 1615 patienter
2675 1554 2729 1601 ct
2753 1563 2876 1601 cum
2903 1548 3086 1617 quiete
3109 1550 3353 1611 audiant,
3374 1551 3567 1606 simul-

1990 1652 2096 1704 que
2121 1652 2452 1707 eorumquae
2476 1638 2706 1693 dicenda
2739 1648 2868 1693 sunt
2923 1647 3091 1695 testes
3112 1641 3393 1709 etjudices
3415 1643 3563 1698 liant.

1991 1723 2129 1779 Tum
2161 1726 2366 1782 deinde.
2400 1728 2597 1781 multis
2620 1728 2874 1782 laudibus
2905 1727 3140 1783 eﬂ‘erens
3171 1728 3567 1783 sacriﬁciorum

311 1819 373 1873 In
403 1821 603 1873 multas
633 1822 832 1875 etenim
862 1822 974 1891 jam
1012 1830 1195 1892 partes
1237 1823 1470 1892 pupulus
1512 1820 1885 1884 scindebatur,
1922 1810 1961 1863 Β
1992 1816 2177 1879 ritum,
2220 1818 2331 1887 'qui
2385 1817 2453 1871 ad
2514 1819 2894 1874 remissionem
2932 1829 3280 1888 peccatorum
3329 1819 3569 1875 humano

310 1913 473 1967 initio
502 1921 724 1982 sumpto
757 1930 788 1966 a
816 1913 1029 1969 Joanne
1054 1915 1318 1984 Baptista.

384 2004 519 2060 LIV.
551 2005 688 2060 Cum
725 2007 869 2061 enim
910 2007 1024 2076 jam
1063 2008 1373 2062 immineret
1407 2015 1563 2063 ortus
1590 2009 1793 2066 Christi
1816 2011 1883 2065 ad

310 2100 582 2152 sacriﬁcia
623 2099 845 2169 quidem
887 2101 1270 2170 reprimenda,
1317 2100 1733 2170 baptismivero
1760 2119 1885 2174 gra-

308 2190 442 2243 tiam
496 2190 856 2260 largiendam,
915 2191 1171 2246 inimicus
1219 2207 1287 2245 ex
1334 2191 1423 2247 bis
1470 2207 1592 2261 quae
1628 2193 1885 2262 praedicta

311 2282 529 2336 fuerant
562 2283 759 2337 adesse
785 2292 1031 2353 itempus
1072 2283 1407 2355 intelligens,
1453 2284 1684 2354 [diversa
1735 2287 1886 2341 schi-

310 2384 456 2429 mata
485 2375 819 2444 Operabatur
854 2377 909 2429 in
954 2377 1156 2446 populo
1184 2378 1298 2448 (Μ)
1320 2418 1336 2442 ,
1369 2388 1426 2433 ut
1463 2379 1510 2435 si
1552 2379 1693 2435 forte
1731 2382 1886 2451 prius

309 2477 596 2538 peccatum
636 2470 905 2539 potuisset
942 2470 1170 2535 aboleri,
1220 2472 1461 2527 secunda
1495 2474 1695 2545 corrigi
1725 2475 1885 2545 culpa

309 2576 422 2615 non
452 2570 657 2631 posset.
705 2562 835 2617 Erat
865 2579 996 2635 ergo
1032 2564 1269 2633 primum
1300 2565 1538 2621 schisma
1568 2582 1760 2621 eorum
1790 2567 1885 2637 qui

307 2653 638 2709 dicebantur
694 2653 1016 2721 Sadducmi,
1092 2657 1251 2712 initio
1304 2657 1536 2714 Ioannis
1584 2659 1696 2729 jam
1748 2676 1887 2730 pene

311 2747 655 2817 temporibus
682 2758 917 2817 sumpto.
952 2748 1128 2820 Hique
1154 2760 1211 2805 ut
1242 2752 1731 2822 cmterisjustiores
1749 2752 1884 2824 (45),

307 2857 601 2911 segregare
632 2857 692 2896 se
722 2856 938 2912 coepere
968 2858 998 2895 a
1030 2844 1214 2913 p0puli
1251 2856 1418 2911 coetu,
1458 2855 1512 2901 et
1545 2855 1885 2901 mortuorum

309 2936 775 2990 resurrectionem
818 2938 1065 3005 negare’
1101 2936 1265 3009 idque
1317 2946 1641 3009 argumento
1695 2940 1887 2996 inﬁde-

309 3028 484 3082 litatis
541 3044 811 3092 asserere,
891 3030 1136 3087 dicentes
1192 3047 1302 3087 non
1357 3048 1482 3089 esse
1538 3034 1763 3103 dignum
1827 3043 1885 3092 ut

306 3123 467 3187 quasi
504 3121 610 3176 sub
645 3121 897 3178 mercede
929 3126 1211 3195 proposita
1244 3127 1458 3181 colatur
1486 3127 1647 3183 Deus.
1681 3129 1885 3186 Auctor

306 3231 440 3269 vero
474 3216 765 3271 sententia:
808 3218 972 3285 hujus
1015 3218 1225 3287 primus
1256 3217 1569 3284 Dositheus,
1616 3225 1889 3282 secundus

308 3306 498 3359 Simon
525 3306 645 3364 fuit.
671 3310 827 3363 Aliud
852 3308 1181 3363 Samarzeum
1204 3310 1441 3365 schisma
1468 3319 1585 3379 est;
1618 3314 1719 3379 ipsi
1741 3315 1886 3371 enim

306 3404 771 3459 resurrectionem
807 3414 1147 3457 mortuorum
1188 3413 1451 3475 negantes
1471 3416 1745 3471 asserunt,
1777 3427 1886 3467 non

306 3494 801 3567 iullierosolymis,
841 3496 938 3551 sed
971 3496 1026 3549 in
1059 3504 1241 3551 monte
1280 3495 1499 3552 Garizin
1549 3500 1883 3557 adorandum

303 3600 432 3639 esse
474 3584 664 3641 Deum.
714 3586 817 3651 Qui
851 3592 1030 3639 tamen
1060 3600 1226 3639 unum
1264 3600 1449 3639 verum
1476 3587 1793 3656 prophetam
1816 3606 1883 3643 ex

309 3678 513 3747 Moysis
552 3678 1030 3731 vaticinationibus
1063 3683 1209 3731 recte
1255 3687 1668 3747 exspectantes,
1708 3682 1887 3751 pravi-

307 3779 420 3824 tate
465 3770 711 3825 Dosithei
756 3770 994 3839 impediti
1025 3778 1174 3831 sunt,
1206 3785 1273 3823 ne
1296 3770 1439 3823 hunc
1469 3787 1629 3840 quem
1662 3788 1889 3844 exspec-

308 3861 518 3923 tabant,
573 3860 860 3915 crederent
915 3874 1039 3913 esse
1079 3858 1285 3913 Jesum.
1351 3858 1555 3915 Scriba:
1592 3879 1807 3934 quoque
1833 3875 1888 3920 et

308 3951 567 4006 Pharisaei
603 3952 657 4006 in
678 3952 824 4006 aliud
850 3952 1086 4007 schisma
1109 3950 1471 4008 deducuntur.
1505 3953 1610 4008 Sed
1634 3955 1686 4009 hi
1712 3957 1886 4026 bapti-

308 4045 414 4102 zati
456 4060 486 4097 a
524 4044 755 4103 Joanne.
786 4052 840 4099 et
866 4046 1014 4099 velut
1053 4047 1259 4101 clavem
1287 4048 1438 4116 regni
1466 4048 1728 4103 caalorum
1759 4066 1880 4105 ver-

306 4136 436 4189 bum
461 4137 708 4191 veritatis
738 4144 984 4191 tenentes
1023 4152 1088 4191 ex
1126 4136 1328 4208 Moysis
1364 4139 1657 4199 traditione
1686 4157 1873 4197 susce—

306 4238 481 4299 ptum,
520 4230 868 4283 occultarunt
897 4229 1121 4283 auribus
1149 4232 1329 4301 populi
1360 4240 1400 4286 ⁸.
1449 4230 1552 4288 Sed
1583 4241 1637 4289 et
1663 4249 1729 4289 ex
1755 4234 1871 4291 dis-

389 4392 409 4421 ’
435 4387 623 4442 Matth.
659 4402 794 4451 χχιι,
822 4388 911 4440 25.
986 4386 1007 4417 ³
1041 4386 1169 4441 Luc.
1206 4404 1284 4453 ιι,
1315 4389 1403 4444 52.

1938 1958 1941 1963 .
1992 1910 2179 1979 generi
2232 1910 2497 1966 divinitus
2547 1921 2690 1966 esset
2743 1910 3010 1975 indultus,
3056 1912 3392 1968 causabatur
3434 1911 3569 1968 Jesu

1990 2000 2171 2056 nostri
2206 2002 2475 2071 baptisma
2507 2004 2654 2057 velut
2683 2010 2876 2057 contra
2912 2003 3027 2058 haec
3054 2019 3230 2073 nuper
3261 2004 3564 2058 inductum.

1940 2140 1945 2143 .
1992 2091 2100 2146 Sed
2131 2093 2597 2162 propositionibus
2627 2093 2748 2161 ejus
2778 2108 3075 2149 occurrens
3108 2092 3417 2155 Mattbaeus.
3449 2093 3567 2148 evi-

1990 2180 2184 2237 denter
2211 2183 2451 2236 ostendit
2524 2183 2670 2252 quod
2720 2183 2766 2238 si
2813 2183 2935 2253 quis
2980 2182 3107 2238 Jesu
3156 2184 3425 2253 baptisma
3460 2199 3567 2238 non

1990 2273 2156 2329 fuerit
2211 2282 2561 2334 consecutus.
2614 2276 2661 2331 is
2711 2292 2819 2331 non
2864 2276 3040 2330 solum
3099 2278 3361 2331 caelorum
3400 2294 3569 2349 regno

1990 2363 2339 2419 fraudabitur
2359 2406 2373 2430 ,
2405 2382 2591 2421 verum
2626 2376 2678 2422 et
2701 2368 2754 2421 in
2791 2368 3195 2423 resurrectione
3223 2376 3566 2425 mortuorum

1989 2472 2099 2511 non
2144 2458 2349 2528 absque
2402 2459 2645 2528 periculo
2693 2457 2822 2523 erit,
2873 2459 3088 2513 etiau'isi
3130 2459 3285 2514 bonae
3339 2462 3466 2516 vita:
3510 2471 3565 2516 et

1990 2556 2151 2605 rectae
2177 2552 2373 2605 mentis
2404 2551 2761 2621 praerogativa
2800 2552 3100 2607 muniatur.
3136 2550 3263 2606 llaec
3286 2560 3340 2607 et
3376 2553 3463 2609 bis
3490 2555 3569 2609 si-

1990 2642 2137 2695 milia
2164 2650 2490 2712 prosecutus
2522 2642 2675 2697 siluit
2704 2641 3007 2697 Maltharus.

2059 2753 2195 2810 LVI.
2257 2753 2364 2809 Sed
2409 2752 2836 2810 Sadduomorum
2877 2772 3025 2827 pars,
3076 2772 3195 2827 qua:
3248 2765 3408 2828 negat
3444 2773 3567 2813 esse

1990 2849 2449 2903 resurrectionem
2494 2856 2858 2911 mortuorum,
2915 2849 3194 2919 indignata
3240 2857 3345 2913 est,
3393 2849 3467 2903 ita
3502 2858 3565 2902 ut

1990 2942 2208 3012 quidam
2273 2958 2336 2996 ex
2396 2942 2531 3012 ipsis
2591 2942 2659 2997 de
2715 2944 2915 2998 medio'
2967 2944 3151 3013 populi
3211 2943 3564 3007 exclamaret,

1988 3034 2180 3089 dicens
2214 3036 2442 3088 multum
2482 3050 2667 3089 errare
2699 3050 2795 3089 eos
2830 3034 2923 3104 qui
2957 3042 3146 3105 putent
3188 3044 3434 3091 mortuos
3466 3035 3567 3088 ali-

1990 3126 2211 3196 quando
2240 3142 2545 3197 resurgere.
2581 3125 2788 3181 Contra
2823 3126 2971 3181 bunc
3001 3126 3248 3182 Andreas
3279 3142 3433 3182 meus
3458 3125 3569 3180 fra-

1991 3228 2076 3274 ter
2103 3220 2463 3289 respondens,
2508 3218 2696 3273 docuit
2714 3234 2958 3273 errorem
2993 3237 3099 3273 non
3132 3235 3255 3274 esse
3276 3260 3290 3283 ,
3324 3218 3416 3274 sed
3441 3234 3564 3273 cer-

1988 3311 2259 3366 tissimam
2291 3310 2472 3374 ﬁdem,
2502 3310 2649 3381 quod
2680 3311 2879 3365 mortui
2910 3320 3223 3382 resurgant,
3257 3312 3563 3367 secundum

1986 3417 2048 3456 ea
2076 3418 2196 3472 quae
2223 3402 2407 3458 docuit
2435 3403 2481 3457 is
2508 3442 2524 3466 ,
2567 3418 2727 3473 quem
2758 3400 2972 3473 Moyses
3003 3404 3252 3473 pra'dixit
3276 3413 3563 3457 venturum

1988 3495 2343 3564 prophetam;
2376 3502 2470 3548 aut
2492 3496 2537 3550 si
2562 3511 2674 3549 non
2701 3495 2978 3549 videretur
3002 3495 3084 3549 eis
3107 3495 3223 3564 ipse
3252 3510 3374 3549 esse
3400 3511 3561 3564 quem

1987 3588 2235 3658 praedixi:
2267 3586 2496 3660 Moyses,
2512 3587 2578 3643 de
2608 3587 2734 3653 hoc,
2776 3587 2977 3658 inquit,
3010 3588 3187 3657 primo
3225 3588 3559 3657 requiratur,

1990 3688 2050 3734 ut
2100 3695 2223 3733 cum
2262 3679 2542 3735 evidenter
2587 3681 2704 3750 ipse
2759 3678 2928 3734 fuerit
2972 3679 3269 3750 probatus,
3308 3678 3445 3733 nihil
3493 3678 3563 3733 de

1986 3772 2199 3842 reliquo
2257 3788 2421 3842 super
2480 3773 2567 3827 his
2611 3788 2733 3843 qua:
2782 3770 2970 3826 docuit
3036 3771 3365 3841 ambigatur.
3435 3767 3562 3824 ﬂare

1986 3872 2167 3919 autem
2185 3873 2239 3919 et
2255 3865 2339 3921 bis
2365 3864 2563 3921 similia
2589 3865 2745 3935 plura
2760 3871 3096 3936 protestatus
3116 3863 3267 3918 siluit
3288 3861 3556 3917 Andreas.

2056 3955 2215 4013 LVII.
2262 3956 2570 4014 Samarzeus
2606 3972 2735 4012 vero
2775 3957 3018 4028 quidam,
3058 3954 3333 4012 contraria
3365 3955 3562 4025 populo

1980 4059 2038 4107 et
2072 4051 2182 4105 Deo
2222 4051 2471 4121 loquens,
2503 4058 2557 4106 et
2592 4066 2769 4121 neque
2806 4057 3052 4104 mortuos
3089 4063 3344 4103 asserens
3370 4062 3561 4101 resur-

1998 4152 2272 4206 recturos,
2307 4159 2483 4212 neque
2509 4159 2633 4198 eum
2656 4142 2854 4213 quiest
2891 4142 2945 4195 in
2974 4140 3315 4196 Hierusalem
3348 4139 3557 4193 eultum

1987 4234 2084 4289 Dei
2131 4236 2426 4291 tenendum
2446 4274 2464 4301 ,
2503 4236 2597 4293 sed
2631 4243 2869 4291 montem
2893 4233 3115 4289 Garizin
3146 4230 3514 4289 venerandum
3537 4258 3556 4285 ι

1590 4566 1957 4624 COTELERII
2010 4569 2243 4627 NOTAE.

376 4773 501 4841 (ﬂ)
537 4771 751 4825 Diuersa
778 4771 1063 4824 schismata
1085 4769 1479 4841 operabatnrin
1502 4768 1710 4838 populo.
1736 4769 1870 4823 Pro—
1901 4777 1946 4832 D
1975 4772 2075 4831 nii,
2126 4771 2397 4841 corrigere
2447 4769 2707 4841 debemus
2748 4767 2973 4822 Suidam
3009 4767 3399 4841 :Zabbguxai’o;
3447 4771 3554 4823 ἀπὸ

306 4840 425 4897 fero
458 4840 513 4897 in
548 4858 605 4896 re
636 4842 849 4910 vulgata
881 4841 1084 4908 aliquid
1126 4858 1231 4895 non
1273 4840 1419 4893 omni
1463 4857 1523 4893 ex
1560 4847 1712 4910 parte
1754 4842 1872 4894 vul-

302 4923 488 4983 gatum
542 4932 553 4966 :
602 4909 895 4983 formulam
954 4911 1193 4983 Grzecam
1242 4910 1588 4983 renuntiandi
1634 4909 1874 4983 .Iudaicre

306 4982 576 5054 religioni,
602 4982 1058 5054 IIebrteorumque
1087 4982 1363 5054 ritibuset
1410 4982 1611 5054 sec_tis_;
1646 4982 1875 5050 aiilplio-

305 5050 536 5106 reufilla
576 5069 694 5122 quze
730 5050 1379 5122 habetur’Euchologiiip.
1411 5050 1534 5105 544.
1571 5051 1697 5103 Eam
1718 5069 1875 5122 com-

306 5125 562 5193 plectitur
589 5121 757 5193 codex
780 5121 984 5192 Regius
1012 5122 1169 5177 l8l8.
1196 5152 1264 5161 -—
1288 5121 1475 5193 Exstat
1499 5137 1623 5175 vero
1650 5121 1786 5193 infra
1820 5122 1873 5175 in

306 5191 540 5316 Appemé.
589 5192 826 5247 Monum.
872 5191 963 5249 bis
1027 5193 1293 5263 Recognit.
1361 5192 1512 5245 libris
1581 5191 1872 5260 subjecla,

306 5281 455 5316 num.
534 5306 544 5316 .

305 5281 455 5318 num.
491 5281 544 5317 z.

376 5335 488 5405 (45)
533 5332 599 5385 Ut
627 5335 830 5405 carteris
848 5333 1123 5405 justiores.
1166 5331 1376 5405 Allusio
1401 5331 1465 5383 ad
1491 5346 1683 5405 nomen
1750 5330 1877 5405 Ilie-

306 5401 592 5475 ronymus,
628 5405 729 5457 sub
764 5404 927 5475 ﬁnem
975 5403 1099 5457 libri
1139 5420 1199 5457 Ill
1272 5401 1779 5475 Commentariorum
1822 5403 1874 5454 in

305 5471 617 5528 Matthwum
668 5490 684 5527 :
748 5473 1029 5527 Sadducwi
1084 5484 1256 5527 autent
1317 5473 1405 5541 qui
1463 5471 1874 5541 interpretantur

295 5547 451 5613 justi,
478 5554 525 5598 et
549 5546 648 5611 ipsi
679 5544 1012 5597 vindicabant
1039 5544 1139 5597 sibi
1180 5540 1449 5613 quodnon
1480 5540 1871 5613 eratttaj‘lteo.

304 5610 589 5685 phylartus
623 5615 689 5667 ad
723 5614 917 5667 Matth.
954 5614 1123 5685 ttt.7,
1162 5610 1232 5685 De
1277 5611 1637 5685 sadttucarisa
1663 5610 1869 5685 Ἑρμη-

304 5681 543 5738 iustior-tat
575 5685 651 5743 δὲ,
686 5685 899 5737 δίκαιοι.
950 5684 1111 5735 Σεδὲκ
1158 5683 1263 5753 γὰρ
1319 5684 1350 5751 ἡ
1399 5681 1731 5753 δικαιοῡίὂνητ
1780 5684 1869 5733 Δι-

305 5758 491 5818 καξους
519 5754 623 5822 γὰρ
656 5755 879 5824 ἑαυτοὺς
909 5754 1205 5824 ῲγόμαζον.
1237 5752 1328 5805 "ll
1362 5752 1504 5824 γάπὸγ
1524 5752 1871 5824 αἱρεξεᾴρχου

308 5826 489 5879 Σαὸὼκ
532 5820 899 5893 ὂνόμάξονται.
929 5820 1099 5890 Unde,
1144 5838 1207 5878 ac
1236 5835 1298 5879 ex
1329 5820 1597 5879 similibus
1640 5820 1872 5893 Epipha-

1978 4843 2162 4895 τόπου.
2214 4835 2689 4910 δεῖνίρδθῐδιιιηάπὸ
2720 4840 2941 4910 τρόπῳ,
2972 4856 3004 4892 a
3052 4835 3299 4910 moribus.
3358 4837 3555 4893 Remo-

1978 4914 2086 4965 tior
2107 4920 2190 4965 est
2220 4907 2527 4965 eluendatio
2559 4907 2766 4973 Drusii,
2800 4926 2861 4963 Ill
2895 4909 2965 4963 De
2987 4910 3140 4963 sectis
3159 4907 3471 4961 Judazorum
3494 4911 3549 4971 4,

1978 4983 2087 5037 ἀπὸ
2116 4982 2390 5034 Δοσιθέου.

2054 5053 2164 5121 (46)
2208 5051 2289 5106 Ea:
2318 5040 2589 5119 discipulis
2609 5048 2857 5121 Joannis,
2893 5057 3000 5103 etc.
3034 5047 3277 5121 Vigilius
3307 5048 3552 5118 Tapsen-

1982 5123 2057 5177 sis
2092 5118 2183 5176 lib.
2245 5138 2260 5175 1
2292 5131 2473 5174 contra
2503 5121 2709 5183 Arium,
2736 5120 3022 5174 Sabellium
3044 5129 3092 5171 et
3125 5118 3404 5171 P/totinum
3426 5135 3547 5189 cap.

1982 5194 2053 5247 20
2080 5213 2090 5245 :
2133 5192 2198 5245 Et
2226 5193 2348 5261 quia
2386 5191 2537 5244 multi
2566 5197 2867 5258 dogmatum
2902 5203 3149 5261 novorum
3187 5200 3425 5243 auctores
3454 5207 3550 5243 ea:-

1980 5260 2246 5327 stiterant,
2288 5263 2541 5315 doctrina:
2592 5261 2853 5314 obviantes
2906 5260 3236 5327 apostolicw,
3275 5270 3551 5329 omnesque

1979 5344 2260 5387 sectatores
2295 5349 2417 5386 suos
2446 5332 2728 5399 discipulos
2760 5330 3125 5394 nominabant,
3153 5346 3242 5383 nec
3276 5340 3390 5382 erat
3435 5331 3550 5383 ulla

1979 5405 2205 5458 nominis
2257 5404 2502 5457 discretio
2551 5403 2686 5455 inter
2734 5419 2878 5455 veros
2923 5400 3188 5469 falsosque
3233 5400 3544 5467 discipulos,

1977 5476 2082 5529 sire
2104 5475 2189 5534 qui
2221 5473 2438 5535 Christi,
2470 5474 2575 5526 sive
2603 5473 2693 5542 qui
2731 5470 2990 5542 Dosithei,
3021 5471 3126 5524 sive
3164 5469 3408 5531 Tlteodte.
3440 5472 3547 5524 sive

1972 5543 2131 5597 Judw
2161 5544 2459 5612 cujusdam,
2494 5540 2794 5596 sive‘etiam
2838 5540 3064 5612 Joannis
3110 5550 3416 5612 sectatores,
3456 5543 3546 5612 qui

1973 5632 2030 5669 se
2065 5610 2454 5684 quasiChristo
2485 5612 2591 5684 (ita
2642 5612 2969 5684 membranzc
2992 5610 3174 5681 Regia:
3224 5627 3280 5684 n.
3330 5610 3545 5673 358.ct

1932 5751 1935 5755 ν
1972 5681 2141 5740 editio
2184 5681 2510 5739 Cassandril‘
2544 5682 2749 5755 credere
2783 5681 3113 5751 fatebantur;
3159 5682 3437 5737 noluerunt
3486 5692 3546 5740 ut

1980 5774 2082 5811 uno
2107 5754 2483 5825 discipulorum
2514 5754 2719 5808 nomine
2751 5762 3101 5807 censerentur.
