3976 6340
525 296 665 354 1239

1375 294 1434 352 S.
1471 293 1866 352 CLEMENTIS
1898 293 1919 350 l
1955 293 2122 353 ROM.
2157 295 2360 354 PONT.
2397 296 2628 366 OPERA
2660 296 2884 354 DUBIA.

3636 305 3779 361 «ξω

521 414 735 472 addidit
775 421 967 469 contra
1007 425 1112 468 nos
1139 411 1306 466 etiam
1350 411 1498 476 haec,
1543 411 1689 482 quod
1717 413 1880 476 Jesus
1911 419 2098 468 noster
2126 448 2170 505 Α
2198 410 2372 484 major
2406 415 2496 470 ille
2522 415 2642 480 sine
2672 415 2875 481 dubio,
2907 417 3004 488 qui
3033 425 3088 476 et
3115 418 3381 490 propheta
3420 428 3477 484 et
3515 419 3783 478 Christus

508 523 628 564 non
664 514 810 563 esset
843 506 979 576 ipse,
1024 519 1186 574 quem
1217 502 1432 575 Moyses
1454 505 1776 575 prophetam
1807 512 2096 566 venturum

517 617 642 657 esse
674 598 1005 670 praedixerit.
1046 596 1353 653 Adversum
1391 597 1539 652 hunc
1569 605 1624 652 et
1648 597 1814 651 alium
1845 597 1941 668 qui
1973 612 2097 652 cum

519 695 642 763 ipso
720 691 838 745 hac
917 687 1109 744 eadem
1191 689 1628 759 prosequebatur
1689 689 1933 755 Zebedasi
2001 689 2096 744 ﬁlii

515 783 754 839 Jacobus
806 789 861 838 et
910 780 1153 837 Joannes
1198 781 1552 836 vehementer
1599 780 1780 838 obnisi
1829 791 1991 845 sunt,
2043 789 2097 839 et

513 869 768 941 quamvis
824 869 1090 924 haberent
1132 869 1490 934 mandatum,
1545 885 1614 926 ne
1674 869 2097 940 ingrederentur

515 962 765 1018 civitates
786 976 974 1016 eorum
1002 976 1182 1032 neque
1211 962 1438 1018 verbum
1469 963 1552 1019 eis
1580 962 1986 1033 praedicationis
2011 961 2097 1016 in-

514 1057 722 1112 ferrent
748 1056 793 1120 δ,
817 1065 998 1110 tamen
1021 1070 1091 1110 ne
1120 1070 1305 1110 sermo
1322 1071 1534 1126 eorum,
1561 1057 1609 1112 si
1640 1055 1957 1116 confutatus
1985 1070 2094 1116 non

513 1157 682 1214 esset,
721 1147 952 1202 aliorum
991 1146 1207 1202 laederet
1239 1146 1432 1214 ﬁdem,
1467 1148 1543 1202 ita
1573 1147 1872 1222 prudenter
1900 1155 1954 1203 et
1983 1145 2095 1210 for-

512 1241 642 1296 titer
703 1239 1149 1310 responderunt,
1201 1247 1261 1294 ut
1320 1247 1642 1311 perpetuum
1685 1241 1770 1295 eis
1816 1239 2092 1296 silentium

511 1333 728 1389 darent.
780 1331 917 1385 Nam
942 1328 1183 1386 Jacobus
1213 1329 1280 1385 de
1315 1332 1722 1388 resurrectione
1749 1341 2093 1392 mortuorum

512 1440 641 1479 cum
671 1424 842 1478 totius
871 1421 1056 1493 populi
1093 1421 1278 1477 favore
1315 1424 1596 1492 peroravit
1629 1463 1647 1488 ,
1685 1421 1926 1492 Joannes
1965 1440 2094 1492 vero

513 1514 794 1579 ostendit,
839 1515 968 1583 quia
1001 1512 1046 1569 si
1075 1521 1360 1576 cessarent
1403 1513 1471 1568 ab
1513 1529 1702 1569 errore
1743 1515 1949 1578 montis
1987 1513 2089 1569 Ga-

513 1609 690 1672 rizln,
746 1611 1152 1676 consequenter
1205 1613 1568 1675 agnoscerent
1613 1605 1794 1684 ipsum
1841 1621 1964 1662 esse
2004 1604 2092 1674 Je-

513 1715 635 1756 sum
658 1739 673 1762 ,
704 1697 798 1768 qui
841 1695 1144 1756 secundum
1187 1696 1530 1766 pr0pbetiam
1579 1697 1782 1769 Moysis
1811 1707 2094 1776 exspecta-

2199 516 2316 570 est,
2350 522 2513 582 quam
2545 505 2638 562 ille
2667 507 2762 576 qui
2793 506 2970 567 solum
3003 507 3270 578 propheta
3299 517 3406 567 est.
3440 508 3575 566 Haec
3605 521 3665 566 et
3700 512 3786 568 his

2198 599 2400 654 similia
2435 600 2592 670 plura
2622 607 2950 678 prosecutus
2976 600 3148 666 siluit.
3195 600 3330 656 Post
3357 602 3508 658 hunc
3537 601 3788 658 Jacnbus

2197 690 2410 773 Alphaei
2453 705 2761 746 sermonem
2801 689 2933 750 fecit
2975 690 3044 745 ad
3084 693 3384 763 p0pulum,
3429 709 3544 764 quo
3589 707 3787 748 σειρο-

2195 781 2352 836 deret
2370 820 2386 845 ,
2417 797 2528 836 non
2555 779 2678 835 ideo
2709 780 3046 848 credendum
3075 797 3201 842 esse
3229 781 3359 838 Jesu
3387 822 3404 849 ,
3433 785 3568 855 quia
3607 785 3682 838 de
3723 798 3791 839 eo

2196 875 2476 945 prophetae
2503 873 2854 948 praedixerint
2874 913 2890 938 ,
2921 875 3015 930 sed
3048 873 3174 930 ideo
3218 876 3395 946 magis
3439 876 3789 931 credendum

2195 982 2320 1022 esse
2348 967 2659 1038 prophetis,
2689 967 2835 1038 quod
2870 982 2995 1022 vere
3021 968 3300 1038 propheta:
3344 969 3491 1034 sint,
3523 970 3664 1039 quia
3707 968 3790 1023 eis

2194 1058 2571 1114 testimonium
2623 1059 2882 1114 Christus
2933 1059 3148 1114 reddat.
3191 1057 3327 1114 Nam
3377 1061 3685 1130 praesentia
3733 1069 3790 1116 et

2195 1151 2465 1218 adventus
2494 1151 2701 1206 Christi
2753 1152 2880 1208 illos
2909 1168 3037 1209 vere
3077 1152 3374 1226 prophetas
3413 1153 3590 1213 fuisse
3629 1155 3792 1209 desi-

2194 1250 2345 1312 gnat.
2397 1240 2623 1298 Dicebat
2664 1244 2815 1300 enim
2862 1259 2972 1298 non
3015 1243 3083 1307 ab
3133 1230 3490 1298 inferioribus
3539 1243 3788 1313 majori,

2194 1334 2290 1390 sed
2320 1349 2350 1388 a
2381 1336 2590 1406 majore
2635 1336 2991 1404 inferioribus
3039 1335 3163 1390 ﬁdei
3205 1337 3586 1392 testimonium
3630 1335 3785 1390 dari.

2194 1424 2321 1480 Hzec
2349 1434 2404 1481 et
2432 1429 2606 1483 multa
2637 1429 2725 1484 his
2755 1427 2956 1484 similia
2995 1434 3322 1498 prosecutus
3343 1466 3358 1491 ,
3405 1427 3577 1482 etiam
3621 1425 3791 1481 Jaco-

2195 1519 2299 1576 bus
2331 1521 2504 1577 siluit.
2537 1521 2671 1578 Post
2698 1522 2847 1578 hunc
2873 1522 3141 1580 Lehbaeus
3170 1523 3430 1592 populum
3468 1524 3646 1593 erepit
3690 1539 3791 1578 ve-

2193 1613 2478 1680 hementer
2507 1631 2741 1689 arguere
2762 1657 2778 1683 ,
2811 1618 2957 1688 quod
2989 1633 3100 1672 non
3127 1618 3415 1673 crederent
3439 1615 3580 1673 Jesu
3605 1618 3653 1682 ⁵,
3685 1618 3788 1688 (ιιί

2193 1706 2276 1761 eis
2312 1715 2523 1763 tantum
2569 1709 2871 1778 profuerit,
2914 1708 3164 1773 docendo
3194 1725 3316 1780 quae
3342 1709 3439 1765 Dei
3480 1719 3650 1774 sunt,
3687 1726 3788 1765 so-

511 1791 674 1847 batur
725 1805 850 1846 esse
899 1795 1172 1844 venturus
1192 1826 1207 1851 ,
1263 1787 1525 1857 quoniam
1574 1787 1796 1857 quidem
1849 1788 2006 1858 signa
2037 1794 2093 1855 et
2122 1814 2165 1869 B
2193 1790 2358 1848 lando
2387 1793 2620 1858 afﬂictos
2642 1835 2658 1861 ,
2693 1797 2964 1853 medendo
2995 1797 3258 1866 inﬁrmis,
3288 1814 3563 1870 pauperes
3582 1801 3792 1855 conso-

510 1881 793 1954 prodigia,
831 1886 892 1936 ut
928 1879 1059 1936 fecit
1104 1879 1356 1951 Moyses,
1399 1877 1651 1946 itafecit
1688 1878 1852 1942 etiam
1893 1877 2088 1949 Jesus,

509 1982 565 2036 et
595 1973 820 2028 dubium
857 1987 964 2028 non
994 1979 1079 2038 est
1105 1971 1239 2043 quin
1268 1969 1568 2032 similitudo
1599 1969 1877 2041 signorum
1911 1970 2092 2044 ipsum

511 2081 636 2122 esse
663 2071 919 2130 testetur,
952 2079 1115 2135 quem
1145 2064 1290 2131 sicut
1336 2078 1397 2121 se
1443 2061 1580 2127 dixit
1615 2076 1739 2117 esse
1776 2067 2088 2130 venturum,

510 2157 635 2212 llaec
665 2164 720 2213 et
751 2156 857 2210 alia
887 2156 1047 2226 plura
1076 2155 1165 2211 his
1198 2153 1399 2211 similia
1431 2154 1716 2224 protestati
1747 2153 1966 2225 siluere.

581 2247 768 2307 LVIII.
807 2247 874 2302 Et
901 2261 1035 2310 ecce
1066 2246 1293 2317 quidam
1324 2245 1393 2300 de
1425 2243 1637 2310 Scribis
1667 2244 1736 2300 de
1770 2243 1952 2301 medio
1985 2259 2089 2313 po-

514 2341 631 2413 puli
663 2340 982 2396 exclamans
1019 2339 1094 2393 ait
1122 2357 1135 2394 :
1165 2336 1329 2402 Jesus
1361 2346 1544 2393 vester
1575 2337 1732 2409 signa
1763 2344 1817 2400 et
1845 2335 2090 2410 prodigia

509 2449 631 2504 quae
672 2433 839 2497 fecit,
886 2440 947 2489 ut
991 2446 1185 2503 magus
1228 2447 1338 2489 non
1372 2437 1431 2496 ut
1461 2431 1730 2502 propheta
1763 2423 1915 2486 fecit.
1951 2428 2092 2485 Huic

507 2522 794 2594 Philippus
821 2508 1174 2579 vehementer
1201 2523 1444 2585 occurrit
1471 2512 1768 2589 ostendens
1786 2562 1801 2588 ,
1833 2523 1960 2592 quia
1987 2522 2097 2577 hac

509 2615 726 2670 ratione
753 2623 1040 2678 accusaret
1067 2613 1232 2678 etiam
1264 2612 1509 2686 Moysen.
1536 2613 1674 2670 Cum
1700 2614 1849 2669 enim
1877 2612 2091 2685 Moyses

508 2710 664 2781 signa
697 2716 753 2764 et
783 2706 1035 2779 prodigia
1071 2705 1263 2768 fecerit
1292 2708 1349 2762 in
1378 2707 1652 2782 .(Egypto,
1699 2707 1954 2775 similiter
1994 2723 2092 2764 au-

509 2811 618 2858 tem
648 2809 702 2857 et
731 2799 894 2860 Jesus
924 2801 979 2855 in
1024 2798 1213 2867 Judzea
1240 2840 1255 2866 ,
1288 2789 1541 2857 dubitari.
1575 2816 1684 2874 non
1719 2801 1924 2871 possit,
1957 2801 2091 2872 quin

509 2892 658 2962 quod
703 2892 772 2948 de
816 2890 945 2955 Jesu
989 2891 1290 2958 diceretur,
1333 2891 1437 2946 hoc
1483 2892 1646 2946 etiam
1675 2891 1744 2947 de
1773 2890 1958 2963 Moyse
1984 2891 2091 2948 dici

2192 1885 2356 1950 lando
2374 1927 2389 1953 ,
2417 1887 2511 1945 sed
2542 1902 2642 1957 pro
2669 1888 2756 1944 his
2786 1889 3043 1947 omnibus
3073 1890 3233 1945 bonis
3261 1891 3388 1944 odia
3417 1900 3779 1961 mortemqu

2192 1977 2554 2036 reddiderint.
2599 1979 2726 2036 Haec
2769 1988 2825 2045 et
2863 1981 2954 2037 his
2994 1981 3195 2042 similia
3242 1982 3397 2053 plura
3446 1999 3579 2038 cum
3632 1991 3786 2039 esset

2191 2071 2393 2141 populo
2422 2079 2786 2144 protestatus,
2821 2074 2993 2131 siluit.

2261 2159 2376 2221 LX.
2413 2161 2482 2218 Et
2510 2179 2640 2220 ecce
2671 2181 2814 2222 unus
2843 2181 2911 2221 ex
2936 2164 3223 2236 discipulis
3260 2163 3493 2222 Joannis
3540 2164 3784 2219 afﬁrma-

2190 2255 2316 2321 bat,
2346 2255 2633 2321 Christum
2673 2255 2942 2319 Joannem
2988 2257 3196 2323 fuisse,
3229 2265 3284 2314 et
3313 2272 3422 2312 non
3454 2254 3696 2322 Jesum;
3727 2257 3780 2310 in

2192 2353 2407 2411 tantum
2430 2385 2447 2412 ,
2476 2346 2698 2418 inquit,
2729 2356 2791 2402 ut
2830 2356 2886 2404 et
2925 2348 3044 2418 ipse
3089 2347 3252 2415 Jesus
3293 2347 3564 2402 omnibus
3615 2348 3780 2401 homi-

2190 2434 2357 2492 nibus
2401 2443 2457 2505 et
2500 2437 2806 2506 prophetis
2833 2437 3096 2508 majorem
3151 2453 3275 2493 esse
3326 2435 3779 2507 pronuntiaverit

2189 2525 2456 2598 Joannem
2489 2527 2531 2584 °.
2572 2526 2628 2583 Si
2663 2543 2795 2598 ergo
2825 2569 2840 2593 ,
2874 2529 3088 2599 inquit,
3120 2529 3298 2599 major
3342 2534 3430 2584 est
3467 2528 3775 2594 omnibus,

2192 2615 2315 2672 sine
2344 2616 2514 2672 dubio
2543 2624 2597 2673 et
2626 2617 2812 2689 Moyse
2855 2629 2909 2675 et
2953 2621 3072 2690 ipso
3103 2618 3235 2682 Jesu
3279 2617 3460 2687 major
3488 2617 3776 2672 habendus

2189 2717 2294 2766 est.
2315 2708 2470 2776 Quod
2487 2710 2535 2767 si
2552 2711 2797 2766 omnium
2821 2712 3117 2782 majorest,
3136 2712 3252 2782 ipse
3275 2718 3362 2768 est
3386 2709 3674 2765 Christus.
3696 2710 3775 2764 Ad

2191 2800 2306 2874 haec
2341 2800 2646 2870 Cananzeus
2676 2800 2866 2862 Simon
2905 2803 3283 2878 respondens,
3331 2801 3579 2860 asseruit
3608 2799 3776 2855 Joan-

2189 2910 2315 2951 nem
2347 2896 2610 2964 majorem
2655 2895 2876 2965 quidem
2927 2881 3100 2953 fuisse
3150 2895 3410 2950 omnibus
3457 2894 3770 2970 prephetis,

506 2983 804 3039 videretur.
836 2981 962 3046 Haec
991 2993 1046 3038 et
1087 2982 1174 3038 bis
1217 2983 1418 3039 similia
1464 2983 1623 3054 plura
1648 2990 1987 3054 protestatus
2008 2983 2088 3054 si-
2185 2994 2244 3042 et
2291 2988 2551 3048 omnibus
2603 2989 2698 3060 qui
2749 2996 2880 3058 sunt
2926 2990 3022 3044 ﬁlii
3065 2989 3394 3052 mulierum,
3437 3003 3549 3042 non
3589 2996 3774 3042 tamen

508 3075 613 3130 luit
641 3073 950 3150 Philippus.
1477 3061 1482 3068 ’
2189 3079 2454 3150 majorem
2485 3095 2610 3137 esse
2639 3078 2778 3135 Filio
2809 3081 3071 3136 hominis.
3102 3080 3170 3142 Et
3200 3079 3325 3135 ideo
3351 3077 3518 3136 Jesus
3548 3077 3772 3148 quidem

581 3167 717 3222 LIX.
746 3165 1060 3225 Pharisaeus
1092 3176 1274 3236 autem
1300 3168 1523 3239 quidam
1557 3169 1790 3232 audiens
1818 3170 1966 3236 haec,
1999 3171 2086 3226 in-
2111 3173 2155 3234 C
2188 3179 2244 3228 et
2273 3170 2530 3228 Christus
2560 3179 2685 3237 est,
2718 3170 2959 3228 Joannes
2985 3187 3114 3227 vero
3144 3171 3325 3228 solum
3366 3171 3682 3242 propheta,
3722 3178 3774 3229 et

509 3261 805 3328 simulabat
835 3259 1182 3339 Philippum,
1213 3259 1359 3332 quod
1391 3257 1616 3332 Moysen
1647 3261 1910 3333 arqualem
1941 3260 2090 3318 dice—
2193 3273 2409 3320 tantum
2439 3265 2673 3321 interest
2704 3265 2850 3320 inter
2880 3265 3060 3339 ipsum
3102 3273 3158 3319 et
3195 3261 3383 3318 Jesum
3418 3262 3574 3332 (47).
3606 3274 3776 3332 quan-

509 3361 592 3408 ret
612 3351 764 3412 Jesu.
794 3353 893 3410 Cui
921 3338 1354 3421 Bartholomaaus
1379 3353 1738 3424 respondens,
1768 3361 2090 3410 constanter
2193 3368 2310 3414 tum
2341 3357 2484 3422 inter
2513 3338 2914 3426 praecursorem
2942 3363 2998 3411 et
3025 3371 3151 3412 eum
3181 3354 3272 3410 cui
3303 3353 3695 3424 praeut-ritur,
3723 3361 3776 3410 et

507 3445 760 3517 edocuit,
792 3447 922 3532 quia
951 3463 1065 3506 non
1093 3446 1331 3516 dicimus
1368 3444 1555 3514 Jesum
1602 3447 1779 3507 solum
1820 3446 2087 3520 aequalem
2192 3458 2457 3522 quantum
2492 3449 2636 3504 inter
2660 3465 2786 3504 eum
2815 3448 2908 3520 qui
2941 3449 3111 3519 legem
3157 3447 3251 3502 dat
3289 3454 3346 3502 et
3385 3461 3515 3500 eum
3563 3446 3662 3516 qui
3707 3445 3774 3498 le-

508 3535 717 3608 Moysi,
762 3537 856 3594 sed
905 3538 1213 3608 majorem;
1259 3538 1390 3610 quia
1431 3535 1646 3610 Moyses
1687 3539 1908 3609 quidem
1953 3552 2086 3610 pro-
2191 3555 2314 3612 gem
2346 3548 2546 3595 servat.
2599 3537 2727 3597 Hac
2763 3548 2819 3594 et
2859 3540 2948 3594 his
2992 3539 3193 3595 similia
3239 3543 3577 3608 prosecutus
3627 3535 3772 3599 siluit

508 3629 669 3700 pheta
715 3630 850 3698 fuit,
900 3630 1046 3702 quod
1095 3630 1200 3684 fuit
1244 3638 1299 3686 et
1335 3630 1497 3688 Jesus
1519 3672 1534 3698 ,
1567 3629 1714 3702 quod
1753 3639 1935 3686 autem
1983 3630 2086 3699 fuit
2190 3629 2357 3687 etiam
2390 3629 2719 3694 Cananaaus,
2757 3627 2892 3686 Post
2918 3644 3081 3700 quem
3112 3627 3392 3682 Barnabas
3427 3628 3526 3697 qui
3561 3636 3620 3681 et
3650 3624 3774 3681 alato.

505 3723 669 3787 Jesus
686 3764 700 3786 ,
741 3722 951 3794 Moyses
979 3740 1088 3780 non
1123 3723 1227 3779 fuit
1248 3763 1264 3789 ,
1299 3723 1404 3778 hoc
1431 3731 1518 3780 est
1549 3723 1804 3792 Christus
1823 3761 1841 3790 ,
1872 3731 1929 3780 et
1958 3723 2083 3789 ideo
2186 3721 2336 3794 thias
2363 3721 2508 3793 (48),
2539 3722 2636 3793 qui
2666 3722 2721 3777 in
2751 3723 2932 3779 locum
2974 3721 3130 3785 Iuda:
3177 3722 3513 3792 subrogatus
3537 3730 3630 3776 est
3653 3735 3771 3790 apo-

574 3840 595 3864 ⁸
637 3833 821 3897 Matth.
854 3851 909 3896 χ,
941 3835 994 3890 5.
1063 3834 1086 3868 '
1125 3831 1288 3902 lbid.,
1311 3834 1368 3902 5,
1397 3833 1452 3888 in
1482 3833 1692 3902 Graeco.
1768 3833 1788 3865 ⁸
1824 3832 2016 3898 Matth.
2042 3848 2121 3896 XI,
2150 3832 2207 3899 9,
2237 3833 2326 3888 Η.

1807 3985 2176 4058 COTELERH
2233 3986 2471 4046 NOTAE.

579 4127 692 4198 (Π)
733 4126 963 4188 Tantum
991 4129 1204 4198 interest
1229 4129 1378 4198 inter
1409 4127 1581 4198 ipsum
1625 4135 1676 4180 et
1721 4124 1926 4198 Jesum.
1971 4125 2081 4198 Re-

463 4227 468 4231 ν
507 4195 615 4270 fert
634 4197 1065 4270 Christophorus
1096 4197 1335 4270 sandius
1364 4195 1686 4270 in'tractatu
1717 4195 1796 4251 De
1818 4197 2076 4270 ueteribus

506 4267 1270 4338 scriptoribusecclesiasticis,
1303 4267 1558 4340 subjungi
1589 4267 1661 4340 in;
1688 4283 1793 4322 ms.
1828 4267 2078 4340 Bodleia-

506 4337 888 4409 no,quantum
917 4341 1052 4394 inter
1097 4340 1278 4410 stellas
1318 4349 1366 4394 et
1400 4337 1582 4394 solent.
1629 4337 1760 4404 Qua:
1802 4339 2002 4394 absunt
2047 4353 2077 4391 a

507 4410 668 4464 libris
695 4411 858 4466 editis
883 4418 938 4465 et
965 4426 995 4464 a
1028 4412 1232 4466 nostris
1263 4411 1546 4465 codicibus
1580 4429 1592 4464 :
1620 4419 1784 4464 recte.

582 4481 694 4551 (48)
734 4480 1038 4544 Barnabas,
1095 4483 1183 4552 qui
1229 4490 1279 4535 et
1321 4481 1597 4552 Matthias.
1646 4479 1782 4552 C_0d.
1827 4477 1894 4534 Β.
1935 4485 1989 4534 et
2015 4478 2079 4542 P.
2113 4489 2159 4548 ι)
2185 4480 2236 4533 λι

510 4549 806 4616 Barsabas,
855 4552 909 4605 in
954 4549 1140 4608 Carm.
1196 4550 1523 4614 Barsabbas,
1564 4550 1620 4604 in
1659 4549 1819 4605 Sorh.
1877 4559 2079 4612 autem,

509 4622 790 4693 Barnabas
817 4637 940 4676 cum
987 4640 1052 4693 sa
1091 4637 1255 4693 supra
1285 4639 1373 4693 na.
1407 4623 1568 4693 Certe
1611 4621 1866 4693 vicinitas
1896 4618 2086 4693 humi:

510 4708 642 4748 num
673 4691 935 4748 Barnabae
952 4701 1007 4747 et
1040 4689 1314 4756 Barsabae,
1350 4692 1527 4746 fraudi
1570 4706 1713 4762 saepe
1744 4689 1844 4744 fuit
1870 4689 2082 4762 indili-

511 4764 850 4832 gentioribus
879 4763 1144 4817 librorum
1175 4760 1775 4832 exscriptoribusflmo
1807 4760 2085 4832 arbitran-

511 4779 850 4832 gcnuorious
879 4779 1144 4817 nnrorum
1175 4779 1354 4819 exscri
1399 4779 1631 4817 toribus.
1665 4779 1775 4815 uno
1807 4779 2085 4814 arbitran-

509 4843 602 4886 tur
645 4834 785 4904 apud
821 4833 1018 4888 Bedam
1064 4834 1334 4898 nonnulli,
1360 4779 1832 4904 $auli_collcgam
1864 4829 1931 4886 de
1977 4845 2088 4900 quo.

509 4906 632 4958 Act.
672 4901 746 4966 iv,
779 4904 869 4965 56,
909 4920 1034 4960 esse
1070 4920 1194 4958 eum
1234 4904 1326 4974 qui
1357 4919 1482 4957 cum
1513 4901 1736 4974 Matthia
1767 4902 1833 4974 ad
1865 4908 2086 4974 aposto-

511 4979 655 5029 latus
690 4984 893 5030 sortem
925 4985 1008 5030 est
1047 4970 1309 5038 statutus,
1336 4973 1456 5028 Act.
1495 4988 1534 5038 ι,
1561 4972 1654 5038 ‘25,
1689 4970 2087 5031 confundentes

508 5044 818 5100 Barnabam
852 5061 976 5099 cum
1005 5044 1284 5115 Barsaba;
1319 5044 1621 5115 eoAmagis,
1671 5044 1885 5112 opinor,
1937 5040 2085 5113 quod

512 5124 742 5185 uterque
772 5117 1052 5170 diceretur
1080 5115 1238 5170 Joscs
1269 5113 1364 5170 Seu
1387 5113 1586 5185 Joseph
1615 5133 1627 5168 :
1659 5115 1916 5183 illamque
1947 5127 2084 5185 _s_en-

510 5181 735 5240 tentiam
775 5186 946 5254 rejici!
980 5201 1196 5254 quoque
1245 5185 1300 5240 S.
1344 5181 1904 5256 Chryshstomus.j\t
1947 5181 2084 5256 Mat-2

511 5258 638 5312 thize
662 5253 848 5311 datum
889 5253 1059 5311 fuisse
1106 5253 1301 5311 nomen
1349 5253 1610 5310 Barnabie
1654 5262 1749 5308 aut
1807 5253 2080 5316 Barsabar,

512 5331 614 5382 hoc
647 5327 909 5381 duntaxat
938 5328 991 5380 in
1029 5329 1168 5389 loco,
1219 5328 1263 5382 si
1311 5327 1449 5382 bene
1488 5327 1730 5390 memini,
1791 5324 2025 5378 refertur
2065 5341 2080 5378 :

510 5399 967 5470 quemadmodum
995 5399 1060 5454 de
1092 5397 1299 5451 Thoma
1345 5399 1492 5452 dicto
1536 5397 1696 5470 etiam
1744 5393 1904 5470 Juda,
1955 5393 2083 5470 uni-_

509 5463 632 5522 cum
680 5468 819 5524 forte
866 5478 1044 5524 exstat
1097 5469 1426 5539 impressum
1485 5467 1900 5539 testimonium,_
1938 5463 2082 5539 apud

511 5540 825 5603 Eusebium,
850 5542 994 5610 ῌὶει.
1029 5534 1190 5610 περ,
1216 5541 1311 5595 lib.
1331 5555 1372 5602 ι,
1394 5554 1514 5610 cap.
1539 5538 1640 5610 ult.
1668 5536 1768 5590 Cui
1799 5534 2084 5610 addohhaec

510 5628 574 5664 ex
605 5599 836 5680 apostoli
867 5609 1089 5664 Thema:
1125 5599 1372 5665 Periodis
1411 5599 1756 5680 Ἀ’νεκδότοις.
1789 5599 2080 5680 Cod._Beg.

511 5675 680 5735 239‘:
716 5681 946 5752 Ἔλαχεν
987 5681 1141 5752 Ἰνδία
1195 5680 1363 5752 Ἰούδᾳ
1400 5679 1570 5750 Θωμᾷ
1605 5679 1682 5748 τῷ
1716 5678 1810 5752 καὶ
1847 5675 2083 5752 Αιδύμῳ,

511 5762 561 5804 et
586 5752 744 5819 paulo
768 5745 908 5821 post,
953 5751 1151 5821 Ἰούδαν
1183 5745 1436 5819 ὀνόματις
1465 5745 1720 5821 uiditque,
1763 5746 1962 5799 Ἰούδαν
1990 5745 2083 5821 ⁸ἷξον

514 5816 603 5885 ita?
632 5816 851 5894 Θωμᾶν.
891 5822 962 5878 De
984 5820 1186 5878 Jacobo
1218 5816 1398 5877 autem
1437 5828 1490 5876 ct
1535 5816 1806 5876 Tltaddaeo
1838 5816 2096 5896 comple

2186 4129 2356 4182 ctitur
2386 4128 2504 4183 haec
2531 4129 2680 4182 velut
2712 4127 2769 4197 Sp.
2804 4125 3095 4197 Epiphanii
3138 4131 3306 4197 codex
3327 4123 3534 4197 Regius
3584 4125 3721 4178 £026
3752 4147 3764 4179 :

2200 4198 2454 4269 Ίᾴκωϐος
2480 4201 2508 4252 6
2537 4195 2865 4269 ἐπικληθεὶς⁷
2883 4195 3160 4261 Θαδδαῖος,
3189 4195 3425 4269 ᾲδελφδς
3441 4195 3540 4269 τοῦ
3565 4197 3766 4269 Rapina

2186 4266 2474 4341 γενόμενος
2503 4269 2566 4322 τὸ
2597 4266 2736 4341 κατᾷ
2771 4268 2967 4341 σάρκα,
3005 4269 3100 4330 Ὃς
3127 4268 3233 4341 ttat
3262 4267 3478 4341 πρςὺτος
3512 4267 3572 4318 ὲν
3625 4266 3770 4341 Ἰερνν

2188 4336 2441 4410 solutam;
2468 4339 2777 4408 κατεστάθη
2818 4336 3112 4410 sitionem;
3143 4339 3251 4410 ῥπὺ
3285 4336 3401 4410 ’ἑῶν
3429 4336 3762 4410 ἀὲοσῖόᾏων.

2186 4405 2518 4480 Προεράσεως
2556 4411 2613 4463 δὲ
2639 4405 2935 4480 γενομένης
2966 4406 3100 4478 ζητη
3111 4405 3294 4480 μᾴτων
3324 4409 3435 4480 τοῖς
3476 4407 3763 4480 'Iouéstiotg,

2303 4428 2518 4478 φασεως
2556 4428 2613 4463 οε
2639 4428 2935 4480 γενομενης
2966 4428 3100 4478 gum
3111 4428 3294 4478 ματων
3324 4428 3435 4468 τοις
3496 4428 3763 4468 rauca-pg,

2237 4428 2352 4564 ἕξις,
2381 4483 2478 4564 ὑίπς
2507 4478 2938 4564 αὐτῶνκβληθεὶς
2969 4477 3231 4562 ἐκκοιιειήθη
3272 4479 3330 4561 ὲ]
3387 4477 3765 4564 ’,Ιερουσξιέλεὶὶέιν

2185 4552 2280 4632 θεαὶ
2313 4553 2429 4606 ἐκεῖ
2455 4550 2628 4632 spargi;
2658 4548 2901 4632 πληΞίον·
2919 4548 3023 4632 τοῦ.
3052 4548 3228 4632 ration
3239 4548 3360 4632 .rGw
3378 4548 3739 4632 .ispétnv‘évéo:

2187 4619 2450 4687 ξως.......
2482 4617 2740 4688 Θαδδαῖος
2754 4617 2845 4682 δὲ,
2879 4621 2908 4672 6
2940 4619 3034 4672 καὶ
3055 4618 3340 4688 Λεϐϐαῖος,
3369 4620 3398 4669 ὁ
3429 4617 3668 4688 ᾁδελφὸς
3680 4617 3766 4670 αὖ-

2185 4685 2300 4759 ιέοὖ,
2329 4696 2358 4746 6
2390 4685 2704 4759 ἐπικληθεὶς
2745 4689 2943 4752 Ἰούδας
2989 4687 3264 4759 Ἰακώϐου,
3295 4697 3399 4743 etc.
3437 4685 3511 4741 Et
3539 4685 3609 4742 de
3639 4686 3767 4741 Juda

2185 4737 2415 4831 5551.5;
2429 4737 2838 4833 ’ίίἶἯΞιῖιῧειίζ
2853 4737 2996 4833 ἶῖᾷιη
3003 4737 3138 4833 an;
3156 4737 3399 4833 ’ᾐὸλῖεξῐιῖ
3439 4737 3764 4818 “nisi;

2186 4827 2348 4904 quam
2381 4829 2862 4904 edidit'integram
2919 4829 3149 4904 carolus
3186 4827 3489 4904 _Labba:_us,
3540 4844 3765 4904 quaeriue

2185 4897 2251 4958 ex
2285 4911 2439 4970 parte
2467 4902 2665 4970 legitur
2693 4897 2747 4954 in
2778 4899 2910 4953 Iure
2953 4897 3237 4964 Orientali,
3281 4901 3338 4954 in
3375 4897 3514 4952 λιιι-ε
3563 4897 3765 4952 (Ζηνὶ-σο

2198 4969 2454 5037 Romano,
2486 4977 2608 5037 post
2640 4966 2925 5037 Synopst'm
2961 4965 3336 5037 Basilicarum,
3377 4984 3442 5024 ac
3477 4971 3534 5024 in
3585 4970 3762 5026 Balaa-

2440 5007 2454 5032 ν
2487 5007 2608 5033 Pug-
2640 5007 2925 5033 υυιυνμησησ
2961 5007 3213 5022 uuv-vevvu
3230 5007 3336 5033 κατ’,

2198 5039 2373 5092 monis
2399 5035 2633 5093 Scholiis
2661 5035 2729 5098 ad
2754 5035 3005 5108 Photiani
3033 5035 3423 5108 Nomocanom's
3447 5039 3676 5095 titulum
3702 5042 3758 5096 7:

2183 5113 2280 5166 Διὰ
2300 5112 2393 5167 τὸν
2427 5110 2725 5165 ἀπόστολον
2766 5107 2964 5164 Ἰούδαν
2995 5108 3088 5162 τὸν
3109 5108 3205 5162 καὶ
3230 5107 3511 5173 Θαδδαῖον,
3544 5108 3646 5160 καὶ
3673 5111 3762 5160 Λε-

2187 5183 2338 5255 δαῖον
2371 5189 2508 5255 _aut_
2531 5180 2856 5255 Λεϐϐαῖον-,Α
3078 5177 3334 5255 Ἰάκωβον
3357 5219 3398 5255 ,_
3449 5191 3760 5255 (ll!anan

2183 5251 2450 5308 «Ἰακώϐου
2485 5253 2672 5308 forsan
2694 5247 2861 5308 seribi
2893 5249 3108 5312 debeat,
3137 5247 3337 5302 ludam
3364 5248 3585 5302 Jacobi.
3616 5247 3763 5299 Denio

2186 5342 2292 5394 que
2310 5325 2378 5378 de
2399 5321 2674 5378 Thaddaao
2695 5318 3224 5394 Barsaba,_Chronici
3240 5321 3280 5373 Α
3289 5320 3545 5394 lerandr.
3567 5317 3757 5394 ρ.

2183 5387 2438 5458 Θαδδαῖος
2462 5397 2489 5447 6
2523 5395 2618 5448 καὶ
2649 5392 2877 5459 Λεϐαῖος
2898 5393 2927 5444 6
2955 5390 3268 5462 ἐπικληθεὶς
3289 5387 3604 5462 Βαρσαϐρζ,
3629 5387 3759 5462 Quid

2186 5467 2232 5521 si
2261 5457 2527 5537 scriptum
2551 5457 2898 5537 a_snbdititio
2944 5457 3241 5537 Clemente,
3273 5457 3309 5514 6'
3338 5457 3654 5537 31963552_
3680 5457 3760 5536 illa

2185 5529 2470 5600 Barsa5w;
2501 5531 2704 5590 eodem
2725 5550 2888 5592 sensu
2918 5547 3027 5602 quo
3059 5531 3126 5586 de
3155 5532 3314 5598 Justo
3352 5529 3477 5584 Act.
3496 5545 3555 5602 ﬁt.
3586 5529 3678 5602 9.3.
3709 5529 3757 5580 in

2185 5606 2600 5676 Chrysostomo,
2625 5608 2654 5659 6
2686 5603 2824 5676 μετᾲ
2866 5599 3130 5676 Ματθίου,
3175 5603 3264 5676 qui
3319 5618 3439 5656 cum
3483 5599 3757 5676 Mutatio:-

2145 5684 2148 5688 '
2185 5666 2419 5733 Rufinus
2463 5666 2597 5732 vero
2640 5666 2834 5745 legerit
2888 5683 2983 5730 aut
3049 5666 3338 5744 legendum
3403 5670 3685 5745 putaverit
3728 5666 3756 5729 6

2185 5749 2494 5824 Βαρσαϐἄς,
2527 5744 2833 5811 Barsabas"
