3976 6340
276 359 407 414 1941

1492 355 2059 414 RECOGNITIONUM
2095 356 2223 414 LIB.
2260 357 2304 413 1.

3376 361 3518 418 12ιὲ

272 474 491 538 stolus,
526 487 751 533 monere
784 472 1045 543 populum
1079 475 1277 547 cmpit,
1316 491 1383 529 ne
1412 473 1539 528 odio
1580 472 1845 527 haberem.
1873 477 1918 532 A
1950 480 2317 534 mortuorum,
2352 478 2656 526 bamarttas
2691 468 2760 526 de
2809 472 3227 529 consecratione
3256 471 3517 531 Hierusa-

265 565 458 621 Jesum
492 580 668 635 neque
697 564 1141 635 blasphemarent
1170 583 1317 622 eum.
1346 564 1514 619 Multo
1542 564 1687 619 enim
1723 578 1844 618 esse

270 657 517 719 rectius,
564 657 729 711 etiam
782 657 1060 728 ignoranti
1112 659 1198 713 vel
1246 658 1515 713 dubitanti
1568 657 1635 712 de
1675 655 1842 719 Jesu,

269 763 463 803 amare
494 764 617 803 eum
652 764 813 819 quam
844 749 1049 807 odisse.
1078 749 1344 805 Cbaritati
1374 751 1520 805 enim
1547 749 1689 803 Deus
1713 763 1845 818 prae.

269 838 441 891 mium
472 838 696 908 posuit,
733 838 876 894 odiis
908 854 1147 911 pmnam.
1181 839 1296 893 Hoc
1329 841 1506 911 ipsum
1536 839 1680 893 enim
1704 879 1719 902 ,
1766 838 1848 892 in-

274 928 429 997 quit,
491 927 638 1000 quod
687 927 974 984 Judaicum
1007 945 1209 1001 corpus
1259 930 1555 1001 assumpsit
1597 940 1652 985 et
1704 933 1846 985 inter

272 1017 498 1075 Judazos
539 1030 700 1076 natus
745 1029 830 1076 est
861 1061 876 1086 ,
907 1036 1018 1093 quo
1048 1022 1211 1075 modo
1243 1037 1354 1076 non
1384 1022 1644 1077 omnibus
1689 1021 1845 1076 vobis

273 1113 551 1166 incentiva
580 1116 665 1168 sui
696 1114 901 1169 amoris
942 1114 1219 1170 incussit?
1248 1113 1372 1168 Haec
1415 1123 1470 1169 et
1513 1113 1601 1170 his
1646 1114 1843 1169 similia

271 1220 400 1257 cum
434 1212 775 1273 perorasset,
808 1204 1022 1260 dicendi
1055 1204 1214 1259 linem
1245 1204 1392 1263 fecit.

345 1293 482 1348 LXI.
528 1293 683 1349 Tunc
706 1296 942 1367 Caiphas
969 1296 1271 1352 doctrinam
1301 1295 1431 1351 Jesu
1464 1298 1688 1368 culpare
1718 1304 1810 1351 ten
1833 1326 1845 1337 -

268 1387 447 1449 tabat,
478 1387 666 1443 dicens
691 1403 815 1442 eum
840 1404 929 1444 res
954 1403 1125 1444 vanas
1156 1389 1399 1442 locutum
1430 1408 1445 1444 :
1480 1388 1670 1443 beatis
1696 1388 1842 1443 enim

268 1496 541 1550 pauperes
571 1480 709 1533 dixit
735 1480 779 1543 ⁷,
811 1488 863 1535 et
896 1488 1146 1536 terrenas
1206 1481 1323 1536 fore
1372 1483 1844 1538 remunerationes

266 1572 544 1639 promisit,
564 1588 628 1627 ac
650 1588 919 1628 summam
941 1573 1186 1629 muneris
1210 1573 1265 1628 in
1287 1580 1504 1629 terrena
1529 1573 1844 1630 haereditate

267 1662 583 1726 constituit,
608 1661 854 1732 cibisque
882 1677 945 1716 ac
965 1671 1096 1733 potu
1122 1678 1218 1718 eos
1239 1664 1334 1733 qui
1352 1664 1623 1732 justitiam
1652 1680 1841 1720 serva-

264 1752 406 1818 rint,
443 1754 695 1823 promisit
717 1770 838 1816 esse
861 1754 1225 1819 saturandos;
1254 1763 1309 1812 et
1337 1755 1425 1810 bis
1456 1756 1657 1811 similia
1674 1757 1843 1812 multa

267 1845 529 1900 docuisse
579 1846 1026 1916 deprehenditur.
1060 1846 1160 1902 Cui
1218 1846 1456 1904 Thomas
1504 1848 1843 1919 respondens

266 1938 454 2008 arguit
478 1953 602 1992 eum
630 1937 838 1994 frustra
856 1949 1196 2005 causantem,
1221 1939 1540 2006 ostendens,
1561 1941 1691 2011 quia
1708 1957 1841 2011 pro-

267 2031 450 2102 phezaa
494 2030 692 2101 magis,
725 2032 928 2102 quibus
956 2032 1121 2087 etiam
1154 2033 1271 2102 ipse
1310 2033 1507 2098 credit,
1535 2034 1608 2087 ita
1640 2034 1845 2091 docue-

250 2124 405 2197 grint,
438 2140 539 2179 nec
581 2131 763 2178 tamen
794 2127 1068 2194 quomodo
1097 2132 1262 2179 erunt
1299 2124 1413 2179 haec
1446 2132 1541 2179 aut
1570 2125 1843 2195 quomodo

268 2216 667 2292 percipientur,
694 2217 1056 2282 ostenderint,
1074 2215 1237 2272 Jesus
1253 2233 1381 2272 vero
1407 2218 1642 2288 qualiter
1668 2217 1843 2288 accipi

266 2307 389 2367 [nec
420 2307 676 2373 debeant,
707 2307 1187 2366 demonstraverit.
1232 2308 1297 2362 Et
1346 2324 1472 2364 cum
1523 2309 1640 2364 haec
1679 2319 1845 2380 atque

266 2399 362 2463 his
394 2399 591 2458 similia
622 2400 781 2469 plura
812 2400 1064 2463 dixisset,
1098 2400 1254 2455 siluit
1275 2400 1439 2456 etiam
1476 2399 1736 2454 Thomas.

342 2488 499 2546 LXII.
515 2489 648 2547 Post
661 2490 775 2545 haec
792 2505 1010 2551 rursum
1025 2490 1262 2562 Caiphas
1275 2507 1361 2547 me
1374 2493 1614 2557 intuens,
1629 2500 1683 2548 et
1695 2506 1845 2549 nunc

266 2593 336 2641 ut
362 2599 613 2650 monens,
646 2599 795 2639 nunc
823 2598 956 2647 vero
983 2592 1043 2638 ut
1079 2584 1332 2655 culpans,
1358 2583 1596 2650 dicebat,
1623 2600 1845 2642 cessare

268 2692 361 2739 me
382 2678 580 2733 debere
622 2678 689 2732 de
732 2676 945 2746 reliquo
976 2691 1007 2730 a
1030 2677 1418 2749 praedicatione
1445 2677 1650 2734 Christi
1687 2676 1842 2744 Jesu,

268 2784 346 2823 ne
377 2768 431 2821 in
459 2768 750 2838 perniciem
784 2771 888 2825 mei
920 2770 1025 2824 hoc
1057 2784 1297 2840 agerem,
1333 2784 1470 2825 neve
1511 2769 1629 2841 ipse
1656 2786 1846 2826 errore

268 2860 537 2930 deceptus
567 2862 702 2917 alios
728 2876 950 2933 quoque
974 2878 1098 2922 meo
1119 2878 1306 2919 errore
1345 2863 1675 2935 deciperem.
1705 2862 1845 2918 Tum

267 2962 533 3024 praeterea
555 2955 818 3025 arguebat
846 2970 933 3010 me
962 2955 1307 3019 temeritatis,
1336 2956 1483 3025 quod
1510 2972 1634 3011 cum
1665 2972 1845 3014 essem

269 3044 391 3113 ipse
416 3045 721 3116 imperitus,
753 3046 993 3118 piscator
1016 3054 1071 3101 et
1102 3048 1359 3115 rusticus,
1388 3048 1626 3104 ollicium
1659 3051 1846 3109 subire

1948 563 2075 626 lem,
2117 580 2227 619 non
2280 572 2461 617 tamen
2508 563 2739 632 ingressi
2792 564 3068 620 civitatem
3116 565 3387 634 ipsorum,
3416 567 3515 622 sed

1942 655 2162 726 publice
2192 655 2554 725 disputantes,
2605 652 2828 710 Scribas
2872 672 3003 711 vero
3031 664 3085 711 et
3113 656 3419 714 Pharisaeos
3451 659 3519 715 de

1945 763 2118 820 regno
2161 749 2453 810 caelorum,
2481 746 2783 817 discipulos
2810 746 3063 810 Joannis.
3094 765 3163 804 ne
3192 751 3513 808 scandalum

1946 849 2264 913 paterentur
2303 840 2360 894 in
2402 836 2633 903 Joanne,
2665 853 2884 894 omnem
2914 854 3046 894 vero
3076 841 3355 911 populum,
3386 843 3516 912 quia

1942 932 2106 988 Iesus
2156 939 2240 987 est
2286 931 2542 986 Christus
2586 938 2845 986 aeternus.
2893 929 2975 983 Ad
3023 932 3272 986 ultimum
3333 943 3514 989 autem

1945 1022 2133 1076 monui
2165 1036 2280 1085 eos,
2317 1031 2375 1074 ut
2406 1020 2724 1091 priusquam
2752 1021 3204 1092 progrederemur
3233 1024 3301 1078 ad
3326 1034 3519 1096 gentes

1947 1114 2244 1186 przedicare
2273 1114 2355 1169 eis
2386 1114 2717 1183 agnitionem
2759 1112 2856 1167 Dei
2898 1112 3098 1178 Patris,
3128 1114 3231 1186 ipsi
3266 1118 3516 1172 reconci-

1945 1208 2209 1262 liareutur
2232 1206 2341 1260 Deo
2381 1206 2745 1274 suscipientes
2766 1203 2963 1258 Filium
2996 1205 3137 1274 ejus.
3168 1208 3339 1263 Aliter
3366 1210 3514 1265 enim

1945 1300 2097 1354 nullo
2118 1301 2280 1352 modo
2313 1313 2406 1353 eos
2431 1296 2648 1351 ostendi
2679 1311 2841 1365 posse
2872 1296 3093 1362 salvari,
3125 1299 3231 1353 nisi
3258 1315 3356 1368 per
3386 1315 3515 1356 san—

1945 1388 2019 1441 cti
2043 1385 2286 1456 Spiritus
2317 1386 2546 1456 gratiam
2577 1385 2734 1439 trina:
2772 1384 3137 1443 invocationis
3170 1387 3303 1442 dilui
3334 1390 3515 1461 bapti-

1944 1485 2119 1531 smate
2144 1484 2520 1545 properarent,
2554 1483 2607 1529 et
2634 1474 3031 1531 EuchariStiam
3062 1477 3267 1534 Christi
3299 1480 3516 1538 Domini

1946 1567 2281 1632 sumerent“,
2312 1568 2401 1621 cui
2442 1567 2567 1633 soli,
2600 1566 2666 1621 de
2696 1567 2779 1621 his
2808 1583 2929 1637 quae
2956 1569 3141 1625 docuit
3180 1572 3402 1628 credere
3424 1575 3512 1630 de-

1947 1658 2157 1721 berent,
2196 1664 2257 1712 ut
2290 1657 2369 1711 sic
2393 1665 2653 1712 aeternam
2676 1658 2907 1712 salutem
2937 1662 3199 1731 consequi
3241 1679 3519 1720 mereren—

1947 1757 2059 1813 tur,
2089 1750 2248 1804 aliter
2293 1764 2424 1804 vero
2467 1749 2809 1819 impossibile
2861 1766 3087 1821 prorsus
3117 1769 3241 1809 esse
3269 1759 3521 1814 reconci-

1874 1817 1919 1876 Β
1948 1843 2071 1897 liari
2102 1858 2198 1898 eos
2220 1842 2350 1908 Deo,
2376 1817 2618 1898 etiarn‘si
2648 1843 2793 1898 mille
2815 1817 2877 1898 ei
2895 1857 3021 1898 aras
3059 1853 3113 1900 et
3147 1846 3340 1902 altaria
3370 1850 3519 1905 mille

1944 1935 2303 1991 succendant.
2950 2000 2953 2005 ι

2016 2027 2203 2083 LXIV.
2244 2026 2357 2083 Nos
2412 2028 2580 2093 enim,
2632 2028 2878 2098 inquam,
2907 2044 3008 2099 pro
3054 2038 3207 2085 certo
3246 2035 3520 2104 comperi-

1944 2138 2090 2186 mus,
2141 2121 2291 2192 quod
2341 2136 2509 2190 super
2557 2120 2844 2177 sacrificiis
2891 2138 3013 2192 qua:
3062 2122 3291 2188 oll'ertis,
3341 2128 3513 2184 multo

1942 2215 2118 2286 magis
2172 2223 2529 2283 exasperatur
2574 2210 2741 2275 Deus,
2806 2213 3203 2269 sacriﬁciorum
3273 2224 3517 2287 tempore

1944 2306 2212 2361 duntaxat
2237 2307 2472 2376 expleto.
2499 2304 2565 2359 Et
2590 2306 2717 2375 quia
2741 2320 2838 2360 vos
2868 2321 2978 2360 non
3009 2306 3171 2363 vultis
3196 2324 3514 2379 agnoscere,

1944 2414 2226 2455 emensum
2266 2414 2390 2454 esse
2432 2399 2546 2468 jam
2601 2405 2818 2467 tempus
2870 2398 3079 2454 hostias
3127 2400 3410 2467 ollerendi,
3444 2405 3517 2461 ob

1946 2494 2052 2549 hoc
2085 2493 2400 2547 destruetur
2424 2499 2478 2547 et
2498 2492 2758 2562 templum
2785 2490 2922 2565 (49),
2971 2500 3025 2547 et
3053 2493 3387 2550 abominatio
3420 2498 3520 2553 de-

1947 2584 2241 2641 solationis
2270 2591 2545 2640 statuetur
2578 2583 2635 2638 in
2665 2584 2786 2638 loco
2816 2585 3064 2652 sancto”,
3097 2594 3151 2642 et
3186 2595 3317 2643 tunc
3342 2590 3518 2659 genti-

1944 2678 2049 2734 bus
2097 2675 2450 2746 Evangelium
2529 2675 2917 2747 praedicabitur
3002 2676 3068 2731 ad
3142 2679 3515 2737 testimonium

1945 2773 2137 2836 vestri,
2170 2779 2230 2826 ut
2260 2786 2328 2827 ex
2358 2771 2580 2825 illorum
2619 2770 2723 2825 ﬁde
2752 2778 2932 2825 vestra
2965 2770 3257 2828 inlidelitas
3297 2773 3516 2842 judice-

1947 2876 2059 2923 tltr.
2092 2864 2284 2922 Omnis
2307 2864 2506 2921 etenim
2530 2863 2770 2918 mundus
2800 2862 3033 2919 diversis
3073 2866 3409 2935 temporibus
3434 2866 3520 2923 di-

1945 2976 2137 3019 versas
2172 2960 2395 3015 malitia:
2419 2958 2771 3029 aegritudines
2800 2957 3026 3027 patitur,
3057 2958 3140 3012 vel
3186 2974 3283 3027 per
3326 2975 3518 3017 onmes

1946 3053 2296 3127 generaliter,
2331 3053 2412 3107 vel
2432 3067 2528 3122 per
2557 3050 2803 3121 singulos
2832 3066 3081 3120 quosque
3111 3052 3439 3120 specialiter,
3463 3061 3518 3109 et

267 3136 514 3192 doctoris
542 3138 823 3194 auderem.
848 3136 975 3195 Haec
995 3147 1051 3193 et
1070 3139 1177 3199 alia
1216 3141 1372 3209 plura
1404 3141 1491 3197 bis
1520 3142 1721 3200 similia
1769 3142 1848 3197 di-
1868 3167 1916 3227 ο
1948 3146 2073 3203 ideo
2100 3146 2308 3216 indiget
2346 3143 2583 3207 medico,
2627 3144 2723 3213 qui
2774 3157 2902 3197 eum
2948 3142 3134 3197 visitet
3163 3144 3228 3197 ad
3262 3145 3514 3201 salutem.

258 3228 438 3291 centi,
485 3243 588 3299 ego
636 3244 857 3301 quoque
892 3230 949 3283 in
1004 3228 1122 3287 haec
1177 3232 1343 3286 verba
1391 3233 1842 3303 respondizMihi

266 3321 492 3391 quidem
550 3324 735 3380 minus
793 3340 930 3392 esse,
971 3328 1223 3399 periculi,
1254 3327 1325 3391 si,
1359 3337 1420 3382 ut
1461 3329 1581 3397 ipse
1608 3330 1708 3392 ait,
1742 3330 1845 3385 iste

266 3430 384 3470 non
420 3416 496 3469 sit
523 3416 797 3483 Christus,
841 3421 972 3488 quia
1022 3420 1304 3476 doctorem
1335 3421 1470 3490 legis
1513 3422 1839 3491 receperiin;

267 3505 379 3574 ipsi
436 3521 565 3561 vero
610 3508 973 3578 ingensesse.
1013 3510 1336 3577 discrimen,
1386 3511 1434 3571 si
1487 3511 1577 3567 hic
1624 3512 1743 3584 ipse
1773 3513 1843 3567 sit

265 3597 542 3661 Christus,
576 3599 721 3653 sicut
759 3607 813 3656 et
867 3611 1016 3657 certe
1043 3610 1147 3659 est.
1181 3602 1293 3675 Ego
1322 3606 1467 3659 enim
1499 3606 1665 3661 credo
1714 3604 1841 3660 huic

264 3688 361 3759 qui
394 3691 671 3760 apparuit;
714 3692 830 3762 ipse
870 3702 1051 3750 autem
1083 3696 1172 3750 cui
1213 3696 1305 3749 alii
1338 3695 1496 3751 [idem
1532 3713 1755 3753 servare
1783 3713 1843 3753 se

264 3780 464 3846 credit,
501 3783 592 3852 qui
634 3785 819 3840 nullus
870 3787 1162 3857 apparuit?
1191 3785 1249 3841 Si
1282 3802 1412 3844 vero
1455 3794 1510 3843 et
1562 3787 1751 3852 idiota,
1784 3796 1843 3847 ut

264 3874 372 3938 ais,
408 3885 462 3929 et
494 3875 781 3947 imperitus
806 3894 869 3932 ac
893 3880 1133 3950 piscator
1161 3890 1216 3937 et
1236 3881 1500 3945 rusticus,
1526 3898 1691 3953 super
1719 3899 1843 3954 pre-

263 3974 518 4045 sbyteros
564 3976 841 4046 sapientes
897 3977 1218 4048 intelligam,
1271 3977 1376 4033 hoc
1438 3979 1557 4044 tibi,
1592 3980 1838 4051 inquam,

256 4068 442 4137 magis
474 4076 677 4123 metum
708 4068 871 4126 debet
902 4070 1168 4125 incutere.
1201 4068 1338 4124 Nam
1367 4071 1415 4126 si
1437 4087 1505 4126 ex
1532 4072 1841 4126 eruditione

263 4159 449 4229 aliqua
478 4159 768 4230 disputans
799 4160 1103 4219 obtinerem
1138 4177 1238 4217 vos
1259 4162 1536 4232 sapientes
1564 4170 1620 4218 et
1663 4162 1845 4218 erudi-

261 4259 376 4315 t-os,
402 4251 673 4307 videretur
684 4254 873 4322 utique
882 4254 1133 4311 doctrina
1146 4254 1249 4308 hoc
1267 4254 1397 4308 mihi
1413 4255 1559 4326 longi
1580 4255 1844 4325 temporis

257 4358 318 4400 et
362 4361 473 4400 non
509 4347 705 4401 divinae
736 4348 956 4404 virtutis
996 4347 1167 4417 gratia
1198 4348 1521 4412 contulisse,
1553 4364 1701 4402 nunc
1734 4363 1837 4402 au-

260 4448 372 4495 tem
399 4457 547 4505 eum,
574 4449 631 4495 ut
650 4441 784 4506 dixi,
808 4458 908 4497 nos
936 4441 1173 4511 imperiti
1195 4456 1292 4495 vos
1310 4441 1583 4512 sapientes
1612 4441 1840 4495 convin-

1946 3238 2060 3296 Nos
2088 3255 2218 3309 ergo
2236 3245 2604 3308 protestamur
2626 3235 2803 3298 vobis,
2826 3244 2880 3289 et
2899 3235 3045 3304 quod
3072 3252 3517 3307 unumquemque

1944 3339 2189 3389 vestrum
2220 3333 2376 3386 latuit
2399 3331 2740 3384 nuntiamus.
2766 3327 3024 3383 Vestrum
3071 3336 3156 3383 est
3183 3328 3512 3395 deliberare,

1945 3425 2078 3498 quid
2105 3424 2359 3495 expediat
2386 3422 2559 3481 vobis.

2015 3515 2177 3579 LXV.
2221 3513 2317 3570 llis
2345 3529 2375 3570 a
2399 3530 2486 3569 me
2513 3513 2699 3576 dictis,
2724 3511 2990 3582 ingemuit
3017 3511 3196 3565 omnis
3224 3510 3516 3566 Inultitudo

1944 3611 2316 3674 sacerdotum,
2365 3607 2509 3679 quod
2549 3607 2630 3663 eis
2669 3605 2736 3661 de
2771 3604 2960 3674 templi
2990 3604 3348 3661 subversione
3371 3619 3514 3674 pra:-

1943 3704 2200 3759 dixerim.
2233 3702 2390 3770 Quod
2421 3716 2545 3756 cum
2585 3699 2816 3754 vidisset
2839 3696 3101 3751 Gamaliel
3133 3697 3388 3767 princeps
3418 3713 3516 3766 po-

1945 3798 2060 3868 puli
2115 3796 2229 3868 (qui
2271 3796 2504 3851 latenter
2558 3792 2724 3847 lrater
2778 3799 2967 3843 noster
2992 3796 3111 3843 erat
3158 3788 3213 3842 in
3264 3788 3388 3856 lide,
3419 3787 3514 3842 sed

1942 3889 2175 3945 consilio
2202 3894 2395 3942 nostro
2416 3886 2555 3940 inter
2585 3899 2682 3940 eos
2706 3892 2824 3937 erat
2855 3879 2968 3954 [50]
2994 3882 3037 3951 ),
3067 3881 3195 3950 quia
3225 3882 3379 3936 valde
3406 3880 3516 3935 fre»

1942 3988 2156 4038 merent
2183 3988 2239 4035 et
2264 3979 2468 4049 ingenti
2489 3976 2779 4031 adversum
2802 3990 2905 4029 nos
2929 3973 3114 4028 furore
3135 3980 3509 4034 moverentur,

1942 4089 2239 4145 assurgens
2265 4073 2342 4131 ait
2366 4071 2409 4102 ¹⁰
2439 4090 2451 4126 :
2484 4069 2761 4135 Quiescite
2793 4067 3092 4139 paulisper,
3124 4080 3158 4119 ο
3202 4064 3305 4118 viri
3333 4062 3511 4119 Israe-

1942 4168 2073 4231 litte,
2105 4181 2218 4221 non
2244 4162 2387 4218 enim
2422 4160 2707 4217 advertitis
2755 4158 3112 4217 tentationem
3151 4171 3274 4226 qua:
3330 4156 3513 4210 immi~

1941 4268 2036 4316 net
2057 4258 2234 4321 vobis,
2266 4261 2489 4326 propter
2504 4252 2650 4323 quod
2672 4251 2907 4307 desinite
2935 4250 3004 4311 ab
3031 4248 3343 4304 hominibus
3366 4248 3508 4312 istis.

1941 4360 1996 4408 et
2026 4349 2311 4421 siquidem
2341 4346 2567 4401 humani
2613 4344 2828 4399 consilii
2862 4352 2946 4398 est
2982 4341 3129 4412 quod
3166 4348 3354 4411 agunt,
3396 4339 3508 4395 cito

1940 4443 2201 4506 cessabit,
2233 4440 2282 4496 si
2309 4447 2491 4495 autem
2522 4454 2552 4492 a
2583 4437 2694 4493 Deo
2714 4444 2821 4500 est,
2852 4451 2953 4491 cur
2986 4436 3104 4492 sine
3120 4449 3285 4489 causa
3315 4447 3510 4502 pecea-

256 4534 439 4589 cimus
464 4542 517 4589 et
548 4549 908 4605 superamus,
951 4536 1038 4589 cui
1080 4550 1301 4590 sensum
1352 4535 1571 4589 habenti
1603 4549 1713 4589 non
1740 4550 1837 4604 pa-
1869 4521 1911 4574 Ῑ)
1942 4537 2015 4592 tis
2068 4549 2171 4589 nec
2213 4532 2482 4603 prolicitis
2523 4530 2859 4602 quidquam?
2881 4528 2975 4583 Dei
2994 4528 3140 4582 enim
3167 4526 3505 4579 voluntatem

256 4628 372 4683 lam
403 4635 511 4695 est,
552 4628 680 4698 quia
720 4628 823 4682 hoc
854 4642 963 4681 non
996 4628 1248 4683 humana:
1291 4628 1518 4700 argutia:
1547 4631 1685 4699 opus
1727 4633 1832 4691 est,

255 4721 357 4777 sed
380 4721 576 4774 divinae
614 4722 911 4777 voluntatis
940 4727 993 4773 et
1034 4720 1313 4775 muneris?

332 4811 513 4870 LXIII.
556 4812 680 4868 Ilmc
725 4814 892 4885 igitur
931 4820 984 4864 et
1016 4813 1121 4866 alia
1151 4813 1465 4882 huiusmodi
1498 4827 1834 4884 prosequen-

253 4917 369 4969 tes,
399 4916 803 4977 consequenter
847 4908 1132 4978 protestati
1174 4923 1367 4962 sumus
1419 4922 1481 4961 ae
1541 4906 1833 4961 docuimus

253 5012 364 5053 nos
393 4998 631 5068 imperiti
684 5006 737 5054 et
787 5001 1113 5070 piscatores,
1147 4999 1462 5055 sacerdotes
1506 4998 1725 5069 quidem
1765 4998 1834 5053 de

254 5106 373 5147 uno
420 5092 538 5146 solo
591 5091 698 5146 Deo
741 5093 887 5156 cmli,
935 5092 1265 5150 Sadducaeos
1310 5094 1379 5151 de
1430 5093 1833 5149 resurrectione

1945 4630 2070 4699 quis
2099 4633 2280 4696 potest
2316 4621 2790 4693 superare?Nunc
2814 4635 2967 4691 ergo,
2999 4615 3258 4687 quoniam
3280 4614 3504 4686 quidem

1940 4722 1995 4776 in
2028 4733 2311 4790 vesperam
2334 4715 2582 4786 vergitur
2610 4713 2748 4775 dies,
2769 4710 3009 4765 crastino
3026 4710 3129 4764 hoc
3158 4711 3279 4781 ipso
3299 4709 3356 4764 in
3385 4708 3507 4762 loco

1940 4812 2293 4868 audientibus
2319 4808 2497 4871 vobis,
2531 4821 2631 4877 ego
2657 4805 2772 4875 ipse
2796 4818 2921 4857 cum
2953 4802 3076 4857 istis
3104 4801 3414 4872 disputabo,
3446 4805 3507 4853 ut

1940 4891 2161 4960 omnem
2195 4916 2436 4957 errorem
2460 4900 2638 4970 palam
2669 4910 2919 4967 arguam,
2945 4893 3288 4964 dilucideque
3313 4891 3504 4948 conl'u~

1936 5005 2065 5053 tem.
2099 4994 2165 5047 Et
2190 4994 2276 5050 his
2306 4992 2471 5047 dictis
2505 5003 2795 5060 repressus
2828 4994 2914 5042 est
2941 5001 3130 5041 eorum
3159 4985 3505 5055 aliquatenus

1937 5087 2112 5149 furor,
2142 5100 2207 5140 ea
2256 5081 2528 5153 praecipue
2574 5093 2693 5150 spe,
2742 5076 2889 5148 quod
2916 5075 3006 5131 die
3031 5076 3274 5131 crastina
3300 5074 3504 5130 erroris

323 5269 344 5300 '
374 5268 564 5322 Matth.
590 5285 657 5334 v;
688 5267 824 5323 Luc.
860 5284 914 5323 x.
979 5269 1002 5308 ⁸
1023 5268 1090 5322 Et
1113 5272 1664 5329 euehat—sumerent
1694 5275 1893 5329 desunt
1921 5273 1978 5326 in
2008 5270 2167 5326 codd.
2229 5268 2380 5339 Lips.
2406 5267 2460 5322 l.
2536 5268 2559 5300 ⁹
2582 5265 2738 5321 Deut.
2777 5277 2853 5327 Ix,
2883 5261 2988 5329 27;
3014 5260 3202 5318 Matth.
3230 5278 3381 5327 xxiv,
3414 5264 3501 5318 15.

255 5341 303 5373 ¹⁰
331 5339 454 5394 Act.
484 5356 534 5403 v,
576 5340 768 5395 55-59.

1556 5490 1688 5547 COT
1697 5489 1917 5545 ELERII
1973 5489 2205 5549 NOTAE.

330 5633 446 5708 ($9)
488 5634 873 5708 Destrueturpet
912 5634 1177 5708 templum.
1203 5630 1421 5708 Similes
1445 5627 1824 5708 praedictiones

250 5697 721 5771 complectebatur
752 5706 889 5759 alius
913 5697 1047 5758 liber
1088 5697 1461 5773 apocrylihtls,
1490 5700 1727 5773 scriptus
1757 5697 1824 5750 de

272 5770 645 5830 medicatione
671 5774 818 5831 Petri
851 5784 905 5830 et
951 5774 1105 5828 Pauli
1126 5770 1192 5828 in
1226 5770 1358 5829 urbe
1398 5770 1588 5827 Roma.
1622 5771 1826 5828 Auctor

276 5848 577 5913 .actantius
604 5846 699 5903 lib.
736 5863 807 5915 Iv,
843 5862 961 5912 cap.
987 5846 1069 5903 21.
1747 5864 1750 5869 θ

2003 5627 2114 5697 (50)
2151 5627 2254 5682 Sed
2284 5627 2502 5681 consilio
2533 5636 2712 5681 nostra
2736 5636 2872 5697 mter
2901 5642 2988 5680 eos
3017 5636 3153 5682 erat.
3202 5624 3498 5695 Vulpinum

1931 5699 2036 5752 hoc
2060 5699 2370 5762 consilium,
2410 5697 2671 5769 apostolis
2704 5696 2987 5769 indignum
3027 5706 3132 5752 est.
3169 5697 3389 5767 Decepit
3418 5710 3501 5750 ta—

1932 5785 2057 5843 men
2100 5769 2292 5843 Bedam
2349 5767 2833 5837 pseudo-Clemens
2864 5767 3071 5824 Ruﬁni.
3125 5769 3192 5822 At
3240 5785 3349 5825 non
3399 5781 3503 5843 ego

1934 5838 2188 5897 credulus
2217 5840 2347 5903 illis,
