3976 6340
601 299 741 356 1243

1447 300 1505 357 s.
1541 302 1937 359 CLEMENTIS
1969 304 1988 358 ι
2023 306 2187 365 non.
2224 312 2425 369 PONT.
2462 288 2691 370 optas
2723 314 2946 370 unum.
3580 340 3675 397 ιρις

596 433 698 473 nos
722 419 935 486 publice
954 416 1260 486 arguendos
1293 424 1597 487 Sperarent.
1634 416 1701 471 Et
1736 419 1816 473 sic
1864 434 1987 472 cum
2033 436 2165 490 pace
2195 436 2239 491 Α
2267 424 2449 480 dicere
2476 426 2619 495 quod
2652 429 2866 483 sentitis
2896 428 3154 498 apertius.
3178 446 3265 500 ego
3285 443 3335 488 ut
3358 453 3438 494 vos
3472 444 3592 499 etiam
3612 452 3680 509 hu.

596 510 872 581 populnm'
894 508 1119 563 dimisit.

668 599 849 654 LXVI.
888 598 999 655 Nos
1041 616 1173 654 vero
1218 617 1341 655 cum
1390 603 1735 656 venissemus
1783 602 1850 655 ad
1903 601 2167 657 Jacobum

593 690 1072 752 nostrum,omnia
1112 706 1233 760 quae
1275 691 1421 744 dicta
1471 703 1731 759 gestaque
1767 692 1984 744 fuerant
2009 707 2171 761 θηλο-

594 790 808 844 nentes,
835 782 977 852 apud
1009 798 1131 835 eum
1158 784 1284 837 cibo
1314 791 1532 851 sumpto
1556 787 1880 847 mansimus,
1915 786 2166 854 omnipo-

594 874 727 926 tenti
757 872 866 925 Deo
897 888 989 941 per
1014 880 1183 925 totam
1219 879 1431 924 noctem
1460 872 1856 940 supplicantes,
1902 881 1958 924 ut
2020 873 2169 926 futu-

594 981 671 1018 rae.
711 965 1103 1033 disputationis
1153 978 1337 1017 sermo
1386 962 1750 1015 indubitatam
1810 962 1933 1016 lidei
1966 972 2169 1018 nostrae

597 1062 911 1110 ostenderet
969 1056 1273 1109 veritatem.
1324 1051 1490 1122 Igitur
1548 1060 1766 1121 postera
1802 1052 1890 1106 die
1929 1051 2167 1109 Jacohus

592 1150 887 1218 episcopus
944 1147 1231 1199 nobiscum
1284 1144 1445 1199 simul
1492 1152 1545 1197 et
1603 1158 1726 1196 cum
1758 1145 1905 1197 omni
1934 1146 2166 1199 ecclesia

592 1243 840 1296 ascendit
860 1241 926 1293 ad
959 1240 1241 1309 templum,
1270 1238 1363 1291 ubi
1389 1239 1656 1307 ingentem
1690 1239 1994 1307 reperimus
2027 1239 2168 1290 mul-

588 1334 900 1395 titudinem,
932 1347 958 1383 a
988 1330 1168 1383 medio
1194 1330 1372 1383 noctis
1396 1336 1801 1399 exspectantem
1847 1344 1968 1383 nos.
2002 1328 2167 1384 Steti-

589 1442 713 1479 mus
743 1440 871 1493 ergo
905 1424 958 1476 in
996 1423 1150 1485 locis,
1182 1421 1381 1490 quibus
1433 1429 1485 1473 et
1543 1421 1716 1489 prius,
1749 1427 1807 1472 ut
1836 1420 2165 1475 eminentius

588 1524 798 1572 stantes
852 1516 921 1568 ab
971 1515 1229 1567 universo
1278 1513 1478 1582 populo
1509 1528 1881 1567 cernerentur.
1917 1513 2164 1584 Cumque

585 1616 731 1665 esset
755 1622 1025 1660 summum
1063 1589 1337 1660 silenltium
1371 1605 1596 1669 factum,
1627 1605 1911 1669 Gatnaliel,
1953 1608 2069 1676 qui,
2104 1617 2163 1662 ut

588 1716 749 1770 supra
772 1699 1033 1763 diximus,
1055 1706 1257 1753 nostrae
1282 1697 1402 1751 tidei
1428 1706 1564 1759 erat,
1592 1698 2003 1765 dispensatione
2033 1716 2162 1753 vero

2264 520 2357 587 jus
2388 523 2679 576 occasione
2703 523 2919 577 timoris
2952 523 3237 587 absolvam,
3261 529 3502 596 jurovobis
3518 555 3587 607 per
3604 561 3682 599 om.

2270 614 2607 681 nipotentem
2636 613 2805 666 Deum
2846 625 2898 667 et
2931 615 3190 669 viventem
3222 619 3268 672 in
3292 626 3472 689 srecula,
3491 632 3584 697 quia
3605 638 3684 689 nul.

2269 705 2379 757 lum
2402 706 2715 773 permittam
2742 706 2969 774 injicere
2997 706 3146 761 vobis
3170 724 3356 767 manus.
3373 712 3583 775 Habentes
3600 740 3684 794 ergo

2268 795 2432 862 hujus
2487 794 2780 862 juramenti
2831 794 2932 847 mei
2988 808 3195 848 omnem
3230 796 3356 853 hunc
3399 807 3597 873 populum
3621 819 3688 866 tes.

2242 882 2404 947 tem,
2436 894 2490 938 et
2530 886 2784 940 idoneum
2836 886 3033 955 pignus
3083 892 3380 944 sacramenti
3408 898 3544 948 nostri
3566 897 3686 958 Itedtts

2265 986 2535 1041 tenentes,
2570 978 2777 1046 absque
2806 979 2913 1030 u!la
2942 978 3279 1033 cunctatione
3319 988 3615 1057 unusquisque
3631 1008 3690 1047 re.

2269 1078 2443 1121 strum
2490 1064 2634 1137 quod
2668 1069 2860 1123 didicit
2887 1069 3147 1138 proferat,
3176 1079 3226 1126 et
3251 1088 3341 1127 nos
3366 1075 3526 1133 lratres
3552 1082 3689 1139 intente

2265 1169 2319 1214 et
2346 1176 2468 1213 cum
2493 1161 2712 1214 silentio
2734 1160 3042 1216 audiamus.

2334 1248 2564 1304 LXVIII.
2609 1249 2736 1303 Ilaec
2765 1250 2956 1305 dicens
3002 1250 3253 1307 Gamaliel
3295 1270 3389 1309 non
3431 1258 3553 1312 valde
3573 1260 3691 1327 place-

2246 1341 2359 1394 ‘hat
2389 1339 2736 1407 Caipltze,-et,
2794 1349 2851 1393 ut
2909 1340 3209 1407 videbatur,
3254 1358 3518 1415 suspectum
3556 1349 3693 1407 habens

2264 1444 2411 1489 eum,
2446 1428 2563 1498 ipse
2603 1431 2774 1500 magis
2803 1432 3042 1486 inserere
3092 1449 3148 1487 se
3177 1435 3420 1489 subtiliter
3460 1436 3693 1505 disputatio-

2263 1522 2425 1575 nibus
2467 1522 2662 1591 ccepit;
2718 1522 3010 1579 subridens
3051 1526 3192 1579 enim
3224 1527 3283 1579 ad
3311 1542 3367 1581 ea
3396 1544 3495 1595 quae
3518 1528 3695 1583 Gamaliel

2263 1614 2494 1675 dixerat,
2526 1613 2791 1667 Iacobum
2830 1616 3210 1685 episcoporum
3253 1618 3513 1687 principem
3540 1620 3695 1688 (ἕωθε-

2264 1706 2543 1760 cerdotum
2569 1708 2820 1776 princeps
2849 1708 3061 1768 orabat,
3087 1718 3144 1762 ut.
3171 1709 3234 1763 de
3260 1708 3457 1764 Christo
3482 1727 3565 1764 non
3582 1712 3697 1763 aliun-

585 1797 841 1849 tnanebat
867 1793 1007 1846 inter
1036 1793 1213 1861 ipsos,
1247 1800 1303 1843 ut
1348 1792 1393 1845 si
1429 1790 1648 1860 quando
1675 1793 1920 1860 iniquum
1954 1794 2157 1862 aliquid
2192 1787 2232 1841 Β
2263 1798 2330 1852 de
2355 1815 2536 1853 sermo
2565 1815 2727 1868 quam
2757 1800 2824 1853 de
2850 1801 3143 1868 scripturis
3174 1802 3333 1861 ﬁeret,
3358 1809 3408 1854 ut
3434 1802 3626 1854 sciamus.
3642 1802 3696 1852 in-

584 1891 871 1944 adversum
929 1900 1030 1939 nos
1072 1894 1165 1937 aut
1209 1884 1433 1954 impium
1486 1884 1827 1948 molirentur,
1875 1886 1959 1940 vel
2009 1887 2160 1957 ipsos

566 1980 825 2034 consilio
861 1977 1182 2046 reprimeret
1214 1976 1509 2046 prudenter
1529 1984 1736 2045 aptato,
1775 1978 1857 2031 vel
1891 1994 1991 2033 nos
2017 1995 2163 2032 com-

584 2075 830 2125 moneret
854 2074 911 2121 ut
942 2075 1035 2119 aut
1067 2080 1264 2119 curare
1311 2074 1405 2118 aut
1456 2065 1731 2120 declinare
1763 2082 2078 2136 possemus;
2112 2071 2158 2125 is

584 2177 716 2232 ergo
747 2170 1005 2228 tauquam
1042 2156 1335 2211 adversum
1369 2172 1471 2210 nos
1504 2172 1693 2224 agens,
1727 2159 1881 2227 prior
1910 2162 2157 2214 omnium

580 2256 901 2325 episcopum
950 2249 1216 2305 Jacobum
1251 2252 1473 2304 intuens
1526 2250 1629 2303 hoc
1677 2251 1840 2304 modo
1887 2252 2158 2307 allocutus

580 2355 713 2402 est:

653 2439 860 2494 LXVII.
902 2439 960 2493 Si
986 2454 1088 2509 ego
1116 2436 1380 2492 Gamaliel
1412 2452 1588 2507 neque
1622 2436 1954 2491 eruditionis
2000 2453 2154 2501 mete,

584 2548 761 2603 neque
792 2533 1090 2588 senectutis
1123 2531 1476 2601 opprobrium
1511 2530 1676 2596 duco,
1710 2529 1924 2585 discere
1950 2532 2157 2602 aliquid

583 2639 613 2677 a
649 2623 890 2693 parvulis
920 2632 973 2676 et
1005 2622 1072 2674 ab
1105 2621 1394 2691 imperitis,
1433 2621 1476 2673 si
1507 2621 1638 2689 quid
1670 2621 1810 2675 forte
1838 2630 1922 2676 est
1952 2624 2158 2677 utilita-

580 2718 654 2771 tis
698 2724 792 2768 aut
844 2714 1041 2769 salutis
1089 2713 1373 2782 acquirere
1435 2711 1549 2783 (qui
1584 2711 1729 2766 enim
1760 2713 2159 2768 rationabiliter

572 2808 735 2873 vivit,
760 2806 865 2859 scit
887 2805 1014 2874 quia
1042 2805 1177 2859 nihil
1201 2811 1285 2859 est
1314 2805 1493 2858 anima
1522 2804 1861 2875 pretiosius),
1881 2807 2156 2875 quomodo

581 2913 693 2952 non
733 2897 991 2952 onmibus
1033 2897 1268 2952 amabile
1320 2904 1423 2961 est,
1450 2899 1777 2969 cunctisque
1813 2908 2151 2972 exoptatum,

578 2999 642 3043 ut
670 3007 792 3060 qua:
824 2991 1038 3061 ignorat
1076 2991 1274 3053 discat,
1304 3006 1426 3060 qua:
1457 2991 1711 3047 didicerit
1754 2993 1981 3047 doceat?
2016 2993 2151 3047 Cer-

574 3083 853 3137 tissimum
877 3098 1114 3152 namque
1128 3091 1231 3146 est,
1255 3097 1474 3153 quoque
1493 3099 1669 3153 neque
1690 3083 1949 3147 amicitia,
1974 3100 2150 3154 neque

2262 1892 2403 1960 quit,
2438 1901 2618 1946 utrum
2652 1891 2811 1947 Jesus
2844 1893 2963 1963 ipse
3014 1893 3088 1947 sit
3134 1891 3391 1955 Christus,
3416 1908 3472 1946 an
3492 1890 3696 1946 non.Tum

2258 1980 2517 2047 Iacobus,
2546 1983 2739 2053 primo,
2771 1982 2967 2051 inquit,
2992 1983 3343 2051 requiramus,
3365 1998 3421 2037 ex
3442 1983 3591 2052 quibus
3611 1982 3697 2036 scri-

2261 2076 2447 2143 pturis
2475 2075 2822 2145 potissimum
2865 2074 3283 2144 disputationem
3321 2075 3483 2129 haberi
3511 2081 3696 2144 oporteat.

2258 2167 2327 2219 At
2354 2167 2445 2221 ille
2468 2168 2555 2221 vix
2578 2168 2872 2238 aliquando
2892 2167 3106 2223 ratione
3134 2170 3245 2238 ipsa
3274 2178 3522 2237 superatus
3548 2182 3697 2234 respon-

2258 2258 2358 2320 dit,
2390 2274 2455 2312 ex
2508 2259 2623 2329 lege
2664 2259 2993 2321 habendam,
3025 2267 3081 2313 et
3112 2267 3233 2330 post
3268 2259 3365 2314 hoc
3387 2259 3524 2315 etiam
3545 2259 3698 2329 prophe

2259 2358 2441 2404 tarum
2478 2349 2690 2403 addidit
2730 2353 3083 2406 mentionem.

2330 2436 2515 2494 LXIX.
2559 2439 2657 2494 Cui
2690 2438 2929 2495 Jacobus
2953 2450 3144 2497 noster
3172 2443 3332 2512 C(Ppit
3352 2442 3599 2505 ostendere,
3619 2442 3699 2512 qui:

2258 2537 2313 2585 et
2342 2530 2623 2600 prepheta}
2648 2545 2768 2598 qua:
2791 2531 3003 2595 dicunt,
3038 2548 3105 2587 ex
3136 2533 3249 2604 lege
3280 2534 3614 2603 sumpserintet
3636 2533 3700 2600 legi

2258 2636 2501 2677 consona
2533 2622 2643 2677 sint
2675 2623 2864 2679 locuti.
2904 2622 3012 2679 Sed
3040 2634 3095 2678 et
3119 2624 3186 2680 de
3204 2626 3350 2680 libris
3375 2624 3617 2697 Regnorum
3637 2624 3703 2677 dis-

2256 2713 2431 2769 seruit
2462 2714 2666 2783 aliqua,
2712 2716 3008 2785 quomodo,
3052 2726 3107 2772 et
3137 2718 3373 2788 quando,
3402 2728 3490 2772 eta
3515 2732 3594 2786 quo
3616 2718 3704 2769 scri-

2255 2806 2334 2877 pti
2366 2806 2498 2870 sint,
2522 2816 2576 2860 et
2605 2808 2882 2875 quomodo
2913 2809 2993 2863 eis
3023 2810 3100 2862 uti
3124 2818 3381 2881 oporteat.
3410 2810 3600 2880 Cumque
3619 2808 3705 2861 dde

2256 2899 2372 2967 lege
2394 2898 3092 2969 plenissime-disputasset.
3118 2917 3183 2956 ac
3206 2903 3409 2972 singula
3438 2899 3707 2972 quaedeCliri-

2255 2996 2343 3043 sto
2365 2997 2515 3052 sunt,
2538 2990 2827 3059 purissima
2851 2994 3197 3062 expositione
3218 2995 3507 3066 protulisset
3522 2994 3561 3047 in
3575 2992 3708 3048 lucem,

2260 3080 2505 3135 ostendit
2535 3080 3023 3138 abundantissimis
3045 3084 3468 3154 probationibus,
3493 3083 3587 3151 quia
3608 3077 3711 3131 Iesus

578 3174 964 3245 propinquitas
996 3175 1234 3245 generis,
1274 3190 1451 3245 neque
1484 3176 1636 3245 regni
1690 3176 2002 3231 sublimitas
2052 3176 2151 3230 ho-
2179 3165 2219 3221 (ἶ
2252 3181 2336 3229 est
2366 3173 2640 3238 Christus,
2675 3184 2728 3229 et
2759 3174 2813 3228 in
2866 3177 2984 3245 ipso
3037 3180 3297 3234 universa
3338 3191 3448 3248 quae
3492 3173 3546 3228 de
3584 3168 3711 3224 humili

574 3269 712 3327 mini
746 3267 905 3321 debet
932 3282 1056 3321 esse
1078 3265 1374 3337 pretiosior
1398 3267 1647 3321 veritate.
1667 3265 1734 3319 Et
1765 3283 1861 3322 vos
1887 3283 2018 3339 ergo
2041 3266 2122 3321 Ira
2138 3299 2151 3305 --

575 3376 712 3427 tres,
745 3363 790 3418 si
820 3361 947 3431 quid
973 3361 1207 3431 amplius
1256 3363 1449 3425 nostis,
1485 3363 1686 3431 populo
1727 3362 1819 3418 Dei
1857 3364 1949 3434 qui
1974 3369 2149 3429 adest,

575 3458 818 3526 itemque
848 3454 1112 3509 fratribus
1142 3455 1339 3509 vestris
1368 3453 1612 3523 proferre
1636 3471 1743 3509 non
1768 3456 1969 3526 pigeat,
2002 3459 2153 3512 omni

572 3549 776 3621 populo
807 3548 1039 3601 libenter
1087 3553 1140 3600 et
1182 3553 1295 3599 tota
1351 3547 1640 3617 conquiete
1672 3563 1792 3618 quae
1834 3548 2018 3604 dicitis
2053 3565 2149 3604 au-

574 3643 778 3696 diente.
803 3638 1260 3707 Quomodo‘enim
1283 3654 1390 3693 non
1423 3640 1527 3694 hoc
1551 3640 1714 3695 faciat
1741 3642 1996 3711 populus,
2023 3658 2148 3697 cum

573 3734 842 3802 meipsum
868 3732 1049 3785 vitleat
1077 3746 1261 3785 secum
1286 3730 1487 3800 pariter
1513 3731 1650 3785 velle
1675 3747 1705 3785 a
1736 3733 1892 3787 vobis
1913 3732 2150 3799 discere,

122 3834 287 3915 λιθίνη
339 3860 404 3931 3/
440 3856 507 3918 ιτ
574 3826 623 3880 si
665 3824 794 3895 quid
828 3823 966 3926 torte
989 3822 1225 3931 amplius
1247 3821 1698 3931 vobis'revelavit
1739 3822 1915 3879 Deus?
1940 3823 1995 3878 Si
2020 3841 2151 3880 vero

124 3968 242 4032 ,ξεῖ
279 3990 315 4033 2
338 3990 395 4062 ε)

576 3933 673 3972 vos
699 3918 754 3970 in
784 3915 967 3986 aliquo
996 3913 1273 3983 indigetis.
1308 3913 1561 3968 similiter
1598 3916 1764 3969 etiam
1798 3931 1895 3971 vos
1925 3932 1954 3969 a
1987 3918 2146 3973 nobis

433 3993 527 4077 ’7‘
572 4026 681 4065 non
729 4008 910 4079 pigeat
959 4006 1168 4070 doceri,
1200 4013 1261 4059 tit
1313 4020 1442 4075 erga
1496 4013 1787 4076 utramque
1838 4014 2070 4076 partem,
2098 4008 2145 4062 si

572 4101 704 4173 quid
736 4100 912 4162 deest,
942 4098 1233 4169 adimpleat
1259 4096 1421 4153 Deus.
1450 4096 1606 4163 Quod
1663 4097 1709 4152 si
1760 4097 1959 4168 aliquis
2006 4096 2143 4153 forte

571 4209 672 4248 vos
702 4207 848 4247 nunc
880 4190 1137 4246 sollicitat
1169 4197 1368 4252 metus,
1425 4196 1650 4260 propter
1698 4190 1994 4245 nonnullos
2042 4205 2143 4246 no-

573 4292 813 4337 strorum
863 4282 957 4352 qui
1010 4280 1385 4350 praeiudicatis
1455 4278 1744 4333 adversum
1799 4295 1897 4334 vos
1944 4279 2143 4335 animis

584 4382 836 4440 utuntur,
875 4381 930 4429 et
984 4373 1215 4428 insidias
1244 4386 1433 4426 eorum
1478 4381 1749 4436 verentes,
1790 4388 1899 4425 non
1932 4371 2145 4428 audetis

2252 3265 2374 3334 ejus
2407 3265 2643 3319 adventu
2696 3264 2915 3318 fuerant
2965 3269 3253 3336 praedicta,
3287 3266 3596 3337 complentur.
3620 3259 3713 3311 Duos

2251 3357 2403 3411 enim
2447 3358 2566 3425 ejus
2609 3356 2899 3427 praedictos
2947 3374 3071 3414 esse
3124 3359 3712 3416 docuit'adventusmnmll

2254 3452 2582 3506 humilitatis
2633 3468 2795 3521 quem
2854 3452 3216 3523 adimplevit,
3268 3454 3435 3506 alium
3472 3448 3618 3521 gloriae
3656 3440 3713 3511 (μή

2252 3552 2505 3613 speratur
2536 3543 2867 3614 implendus,
2902 3560 3025 3597 cum
3077 3546 3259 3600 veniet
3287 3544 3409 3598 dare
3437 3553 3615 3611 regnum
3640 3548 3716 3585 πε·

2254 3636 2513 3690 dentibus
2537 3636 2589 3688 in
2625 3651 2683 3690 se
2716 3643 2769 3690 et
2805 3638 3158 3692 servantibus
3189 3637 3370 3691 ou'mia
3394 3651 3500 3701 qua:
3526 3625 3715 3701 ιπεεερίτ·

2251 3730 2503 3799 Cumque
2533 3728 2601 3783 de
2641 3730 2726 3784 bis
2758 3730 3042 3785 evidenter
3094 3732 3352 3801 populum
3399 3714 3719 3782 docuisset,td-

2250 3821 2414 3875 debat
2459 3820 2625 3875 etiam
2651 3820 2788 3889 hoc;
2836 3821 2964 3891 quia
3006 3822 3116 3877 nisi
3150 3823 3277 3893 quis
3304 3821 3571 3890 baptizatus
3593 3812 3720 3865 fuisse

2250 3913 2306 3967 in
2336 3927 2476 3982 aqua
2510 3911 2622 3967 sub.
2642 3912 3006 3983 appellatione
3067 3916 3229 3969 trina:
3272 3908 3604 3969 beatitudinis,
3625 3902 3722 3957 sicut

2250 4003 2436 4057 docuit
2466 4019 2629 4059 verus
2659 4005 2948 4073 propheta,
2982 4022 3168 4076 neque
3191 4005 3541 4061 remissionem
3566 3995 3723 4062 accipe-

2246 4105 2330 4152 ret
2362 4104 2731 4166 peccatorum,
2763 4112 2941 4167 neque
2966 4098 3223 4153 introiret
3244 4100 3299 4153 in
3321 4112 3474 4168 regna
3499 4090 3721 4147 caelorum:

2247 4195 2300 4241 et
2335 4188 2472 4241 lianc
2498 4202 2622 4244 eSSe
2654 4186 2746 4241 Dei
2785 4185 3058 4262 [ingeniti]
3088 4190 3495 4260 praetinitionem
3516 4179 3725 4236 conlinia-

2247 4280 2342 4334 vit.
2399 4279 2607 4345 Quibus
2655 4279 2819 4333 etiam
2851 4282 2889 4311 ”
2924 4280 3041 4336 haec
3108 4283 3324 4338 addidit
3362 4300 3374 4335 :
3405 4276 3560 4333 Nolite
3595 4275 3726 4341 pum

2247 4387 2349 4426 nos
2371 4371 2509 4441 duos
2537 4370 2809 4439 ingenitos
2852 4371 3035 4429 dicere
3067 4374 3227 4437 deos,
3262 4382 3360 4428 aut
3384 4384 3534 4425 unum
3560 4362 3725 4418 divisum

683 4580 723 4611 ιι
764 4576 1040 4649 Vocabula
1066 4570 1459 4649 Quiliusetiam
1484 4599 1551 4608 --
1577 4568 1640 4622 de
1676 4568 1962 4623 Paracleto
1995 4569 2219 4625 dicimus
2280 4590 2386 4629 non
2427 4576 2757 4646 leguntur-in
2794 4578 2959 4633 codd.
2996 4576 3178 4648 Lips.,
3209 4578 3301 4649 qui
3331 4577 3604 4631 etiamvoc.
3634 4568 3727 4631 iugi-

578 4653 699 4713 m'ti,
722 4649 868 4720 quod
898 4648 1057 4702 uncis
1090 4642 1453 4707 includitnus,
1490 4655 1599 4694 non
1627 4651 1955 4709 agnoscunt.

1836 4803 2200 4859 COTELERII
2238 4803 2469 4860 ΝΟΤᾹΞ.

649 4968 1052 5044 (ΐὶίχιίιευὺιεινι
1086 4966 1441 5044 episcoporum
1465 4969 1766 5044 principem.
1782 4966 2144 5044 _Can_de_leria—
2177 4986 2220 5044 υ
2320 4985 2379 5029 ιι,
2404 4984 2451 5044 ς’,
2484 4969 2562 5044 |_-,
2596 4969 2963 5044 Apogwlomy}
2998 4971 3321 5044 ερξεερρῳη,
3356 4964 3584 5044 genique

581 5033 686 5105 nus
714 5034 874 5105 etiam
902 5033 1090 5097 codex,
1115 5033 1381 5087 Iacobum
1420 5033 1753 5105 episcopum;
1782 5036 1925 5093 Petri
1963 5040 2142 5105 Petili,

577 5102 836 5177 Iacobum
870 5113 1103 5177 nostrum
1130 5106 1448 5177 principem;
1484 5102 1621 5159 infra
1657 5124 1776 5177 cap.
1817 5111 2020 5176 penult,
2053 5102 2147 5164 Ja;

579 5175 739 5249 cob_u‘s
776 5174 1212 5249 archiepiscopus.
1262 5175 1313 5249 In
1354 5177 1584 5249 concilio
1624 5174 1891 5245 Ephesi—no
1925 5191 2077 5249 parte
2104 5200 2140 5244 t,

576 5262 631 5319 et
659 5245 728 5319 50
756 5263 769 5298 :
814 5244 1067 5319 ’Ia‘tttbfiou
1085 5245 1494 5319 artosrd‘muttat
1516 5244 1959 5319 ᾁᾼρχιείπισκὸποῦ.
1990 5252 2141 5319 Apud

580 5314 827 5390 thotiutn
875 5314 1125 5390 Biblioth.
1173 5318 1316 5390 cod.“
1341 5316 1492 5390 ‘275._
1520 5314 1820 5389 IIeSycliius
1868 5314 2143 5390 preshvtcr

579 5383 1121 5458 I'lierosolymitauus,
1138 5386 1228 5438 τὸν
1252 5386 1358 5458 τῶν
1387 5387 1572 5458 ἱερέων
1598 5383 1989 5458 ἡῆἐμόναξτῶν
2011 5383 2145 5444 ἁπο-

581 5455 779 5532 στρλᾳξν
816 5456 1209 5532 ’τὸνμέξαρχᾳη
1246 5457 1342 5532 τὴν
1376 5455 1446 5510 ἐν’
1482 5455 1741 5532 κεφαλαῖς
1775 5464 2052 5532 κορυφήν.
2088 5465 2139 5515 In

581 5526 789 5597 sclrolio
814 5526 963 5596 ltrgii
989 5526 1193 5581 codicis
1222 5528 1342 5586 705.
1367 5531 1506 5597 quod
1538 5532 1688 5597 posui
1714 5526 1874 5584 initio
1894 5526 2141 5587 notarum

582 5594 988 5671 inunBaruaba'm,
1017 5598 1229 5671 «ptine;
1259 5594 1574 5671 ἐπίσὴοποζ,
1603 5599 1749 5654 Unde
1780 5617 1809 5654 a
1845 5599 2145 5671 Nicephoro

581 5663 687 5741 CP.
723 5669 1000 5735 catalogus
1032 5663 1483 5741 ,Putriarcharum
1530 5663 2140 5741 Ilierosolymitan-oruut

581 5736 780 5811 texitur
832 5747 953 5811 ante
1000 5739 1271 5811 catalogus
1307 5740 1634 5811 reliquorum
1689 5736 2138 5811 patriarcharum.

584 5802 811 5859 Ilulinus
862 5804 1113 5862 Historia:
1154 5802 1517 5864 cEclcsiastica:
1560 5802 1775 5868 E-séb‘ii
1817 5830 1845 5866 a
1883 5833 1939 5871 sc
1976 5831 2139 5871 verme

2250 5027 2789 5114 taus'noihpnéusis,
2816 5043 2882 5094 de
2917 5027 3313 5114 tjzuc'hapts'ua;
3356 5036 3411 5090 'o
3458 5027 3732 5114 eam)???

2246 5093 2337 5172 60¢
2384 5112 2412 5181 ὁ
2446 5108 2553 5181 τοῦ
2601 5093 2816 5181 “perdo
2857 5109 2950 5163 καὶ
2994 5110 3240 5181 μεγάλῳ
3270 5093 3733 5181 ἀρῃερέίυςιᾲδελέξ

2246 5171 2339 5252 {at
2376 5171 2655 5252 διάδοχος.’
2683 5178 2807 5252 Haec
2848 5182 2898 5233 in
2938 5171 3148 5233 Iaudem
3208 5171 3438 5233 Jac'ohif
3475 5171 3733 5252 Sedigiti"?

2247 5234 2728 5319 Iliet-osoly'hiiticae
2759 5250 2966 5304 illustre
2997 5251 3343 5319 praeconium
3367 5242 3641 5315 suppeditat
3660 5234 3735 5319 Ερξ

2246 5325 2382 5375 stola
2404 5316 2601 5374 Jus'tini
2629 5322 2969 5389 imperatoris
2992 5316 3055 5373 ad
3085 5317 3432 5373 lIormisdam
3453 5327 3636 5389 papam.
3658 5316 3733 5389 tl"?

2246 5392 2597 5460 subsequitur
2618 5387 2859 5459 ejusdem
2890 5392 3160 5458 pontiﬁcis
3178 5387 3607 5460 septuagesimam
3626 5388 3735 5460 qua:

2397 5443 2549 5515 hlisce
2574 5443 2760 5516 verbis
2824 5443 2911 5514 Adr
2927 5443 3265 5530 colligenda;
3283 5471 3332 5513 et
3362 5443 3730 5530 Edunandasubi
3752 5480 3757 5515 ι

2242 5548 2338 5600 que
2364 5531 2680 5585 venerabiles
2717 5532 2998 5600 Ecclesias,
3022 5528 3068 5585 et
3099 5528 3621 5600 )lierosolymitqnam
3640 5530 3726 5600 P'ff’

2244 5594 2392 5670 cipue
2419 5618 2437 5659 :
2478 5603 2563 5654 cui
2599 5599 2849 5671 tamen[l.
2881 5594 3081 5655 tantum
3110 5618 3181 5655 ex
3219 5610 3329 5655 vet.
3362 5594 3737 5671 edit.]omntfl9j

2242 5658 2765 5746 vorentimpcndttnt,
2791 5658 2943 5743 quasi
2968 5673 3124 5746 matri
3150 5670 3450 5746 Christiani:
3478 5658 3737 5746 ﬂammast-1‘

2243 5758 2389 5795 nemo
2420 5738 2613 5795 audeat
2639 5742 2704 5795 ab
2734 5738 2935 5796 ea'sese
2985 5744 3304 5797 discernere.
3357 5738 3551 5792 Videsis
3587 5738 3736 5800 prum-

2242 5812 2388 5880 pium
2421 5811 2675 5883 Epistolze
2707 5814 3003 5871 Clementis
3025 5814 3086 5868 ad
3118 5811 3415 5876 Iacobum,
3440 5820 3488 5864 et
3510 5804 3734 5875 Ερὶιοωςεο
