3976 6340
584 314 720 370 1217

1434 312 1490 370 8.
1528 313 1919 372 CLEMENTIS
1952 317 1973 371 Ι
2004 316 2168 373 ROM.
2206 317 2405 374 PONT.
2441 318 2667 375 OPERA
2700 320 2924 376 DUBIA.
3599 336 3699 392 Ηιὸ

580 442 750 497 stum,
783 440 837 489 et
892 432 1146 487 virtutem
1203 447 1470 489 summam
1499 433 1699 487 excelsi
1736 431 1831 489 Dei
1878 432 2014 505 (5R),
2047 434 2142 505 qui
2171 442 2214 497 Α
2245 451 2310 490 eo
2351 436 2763 507 baptizarentur
2801 439 2858 492 in
2894 438 3113 492 nomine
3153 434 3295 500 Iesu.
3324 439 3547 500 inimicas
3581 446 3701 503 homo

583 531 653 582 sit
688 541 849 595 supra
908 523 1246 580 conditorem
1293 524 1505 589 mundi,
1541 525 1811 594 simulque
1866 526 2142 579 mirabilia

581 620 815 690 plurima
845 616 1140 672 ostendens
1174 617 1314 672 alios
1370 617 1642 679 dubitare,
1678 617 1816 673 alios
1872 618 2146 673 declinare

582 712 771 766 fecerit
814 709 882 763 ad
938 722 1028 776 se;
1090 717 1401 778 cunctaque
1448 708 1735 778 diligenter
1768 717 2045 779 comperta
2075 708 2145 763 ab

578 802 686 867 his,
723 801 814 871 qui
850 801 1003 871 prius
1030 801 1115 855 vel
1148 801 1283 854 socii
1316 800 1458 868 ejus,
1497 800 1582 853 vel
1620 800 1874 870 discipuli
1904 800 2142 864 fuerant,

577 900 631 946 et
665 899 788 961 post
816 880 1015 944 hoc'ad
1052 888 1368 943 Zacchreum
1398 890 1647 943 conversi
1682 898 1831 954 sunt,
1865 890 2141 947 indicavit.

581 983 729 1036 Multi
775 991 903 1036 sunt
953 996 1102 1053 ergo,
1136 981 1313 1051 inquit
1340 979 1601 1044 Iacobus,
1634 997 1667 1035 ο
1697 979 1877 1045 Petre,
1909 998 2143 1052 quarum

578 1073 771 1127 salutis
807 1088 971 1126 causa
1022 1071 1289 1141 proficisci
1334 1080 1387 1125 te
1414 1079 1649 1141 oportet,
1684 1082 1737 1127 et
1766 1087 1997 1145 arguere
2030 1089 2145 1128 ma-

577 1180 726 1235 gum,
758 1178 821 1216 ac
850 1176 1155 1218 sermonem
1187 1162 1433 1216 veritatis
1468 1163 1700 1230 docere;
1726 1164 1821 1219 sed
1855 1165 1991 1218 nihil
2023 1180 2140 1220 mo-

578 1256 738 1320 reris,
764 1269 939 1324 neque
970 1263 1023 1309 te
1052 1253 1341 1307 contristet
1386 1253 1531 1322 quod
1570 1254 1722 1308 solus
1753 1254 2141 1323 proficisceris,

577 1350 757 1404 sciens
788 1349 1039 1404 comitem
1071 1348 1168 1401 tibi
1201 1354 1251 1401 et
1281 1347 1585 1415 adjutorcm
1615 1348 1783 1403 Deum
1818 1364 1914 1418 per
1934 1347 2140 1413 Iesum,

576 1448 632 1493 et
662 1440 769 1493 cito
800 1455 896 1509 per
927 1438 1046 1507 ejus
1078 1439 1303 1509 gratiam
1339 1439 1539 1495 multos
1572 1439 1671 1494 tibi
1706 1440 1889 1496 socios
1916 1448 1971 1495 et
2001 1456 2139 1495 una-

578 1534 753 1586 nimcs
786 1532 921 1586 fore.
954 1530 1091 1585 Dato
1124 1547 1256 1587 sane
1284 1547 1529 1601 operam,
1555 1541 1614 1584 ut
1649 1548 1744 1603 per
1778 1534 2022 1603 singulos
2045 1549 2144 1588 an-

575 1640 678 1679 nos
734 1624 1006 1694 pmcipua
1056 1640 1281 1694 quaaque
1343 1639 1409 1678 ex
1466 1624 1629 1679 dictis
1686 1625 1964 1695 gestisque
2032 1626 2142 1681 tuis

577 1717 782 1787 scripta
838 1718 1023 1772 mittas
1065 1716 1133 1769 ad
1181 1732 1286 1783 me,
1326 1724 1380 1770 et
1420 1717 1653 1771 maxime
1683 1732 1779 1787 per
1806 1718 2141 1787 septimanas

577 1822 869 1860 annorum.
900 1805 964 1859 Et
989 1806 1076 1859 bis
1108 1805 1269 1861 dictis
1292 1805 1554 1861 dimissus
1577 1806 1645 1861 ab
1691 1821 1777 1873 eo,
1821 1823 1916 1862 sex
1949 1807 2142 1865 diebus
2173 1782 2214 1837 Β

573 1899 795 1969 perveni
825 1899 1149 1953 Caesaream.

649 1989 875 2046 LXXIII.
918 1989 1247 2060 Ingredienti
1310 2002 1489 2047 autem
1555 1992 1685 2047 mihi
1735 2000 1976 2048 occurrit
2006 1993 2144 2050 Zac-

573 2084 757 2138 chacus
778 2083 1166 2139 dilectissimus
1198 2084 1366 2139 frater
1390 2096 1600 2150 noster,
1637 2094 1690 2141 et
1724 2085 1998 2143 inhaerens
2026 2101 2144 2142 am-

574 2178 824 2248 plexibus
858 2178 995 2232 meis
1013 2178 1268 2247 perduxit
1297 2179 1365 2233 ad
1400 2180 1502 2234 hoc
1533 2180 1585 2232 in
1610 2195 1721 2250 quo
1755 2180 1873 2249 ipse
1901 2196 2144 2237 comma-

575 2268 739 2322 nebat
771 2267 1094 2337 hospitium,
1118 2269 1406 2338 requirens
1437 2284 1467 2323 a
1501 2284 1586 2325 me
1629 2271 1697 2324 de
1747 2270 1981 2342 singulis
2025 2272 2144 2342 qui-

573 2362 786 2431 busque
836 2360 1118 2425 fratribus,
1166 2361 1440 2431 praecipue
1492 2371 1674 2415 tamen
1723 2362 1791 2419 de
1836 2363 2143 2418 honorabili

573 2454 743 2510 fratre
773 2462 964 2509 nostro
994 2453 1218 2509 Iacobo.
1254 2453 1506 2523 Cumque
1533 2454 1777 2509 audisset
1804 2470 1837 2508 a
1866 2471 1976 2518 me,
1998 2455 2143 2526 quod

575 2562 685 2600 uno
720 2542 898 2598 adhuc
928 2543 1262 2597 claudicaret
1318 2542 1474 2612 pede,
1512 2542 1851 2611 percontanti
1883 2544 2143 2598 continuo

573 2652 816 2701 causam,
841 2636 1024 2690 omnia
1058 2636 1175 2690 haec
1218 2650 1341 2705 quae
1372 2649 1517 2688 nunc
1551 2633 1647 2688 tibi
1683 2635 2060 2704 exposuimus,
2090 2634 2141 2692 ei

544 2730 854 2799 enarravi;
910 2727 1185 2798 quomodo
1215 2726 1259 2757 “
1290 2725 1500 2781 evocati
1546 2740 1793 2782 essemus
1826 2742 1859 2780 a
1886 2727 2145 2783 sacerdo-

528 2851 541 2863 ο
572 2824 720 2878 tibus
747 2829 798 2878 et
833 2819 1089 2891 pontifice
1131 2818 1340 2889 Caipha
1374 2818 1439 2872 ad
1487 2818 1773 2888 templum,
1804 2826 1858 2875 et
1903 2818 2144 2879 Iacobus

574 2916 1022 2984 archiepiscopus
1055 2920 1208 2968 stans
1237 2912 1293 2966 in
1349 2914 1579 2969 summis
1612 2913 1892 2984 gradibus,
1925 2930 2022 2985 per
2054 2931 2143 2972 se-

541 2988 545 2991 l
575 3016 719 3075 ptem
753 3005 1045 3058 continuos
1077 3002 1193 3057 dies
1219 3003 1478 3057 universo
1511 3004 1710 3074 populo
1739 3004 1806 3059 de
1837 3002 2140 3074 Scripturis

2244 527 2485 583 effecerit
2515 530 2605 583 illa
2636 531 2842 594 omnia,
2867 546 2989 600 quae
3038 546 3202 602 supra
3226 530 3461 599 diximus,
3489 545 3539 589 ut
3560 552 3614 592 ne
3636 554 3701 594 ea-

2245 622 2367 676 dem
2402 622 2596 676 iterum
2621 623 2889 678 dicamus.

2313 713 2549 769 LXXIV.
2578 715 2785 780 Quibus
2818 715 3055 786 cognitis
3083 714 3363 772 Zacchaaus
3410 733 3573 774 rursus
3608 724 3703 777 mihi

2243 822 2365 877 qua:
2392 823 2424 861 a
2463 806 2686 862 Simone
2728 814 3019 877 agerentur
3068 807 3321 875 exponit;
3362 816 3411 863 et
3456 810 3573 865 inter
3606 812 3703 877 hac,

2207 949 2210 953 ,
2245 897 2433 952 nescio
2461 895 2605 951 unde
2627 896 2846 966 cognito
2872 894 3106 950 adventu
3132 910 3281 961 meo,
3326 899 3430 967 ipse
3453 902 3632 955 mandat
3657 906 3705 958 ad

2244 1005 2332 1045 me
2362 989 2590 1045 Simon:
2618 988 2909 1052 Audiente,
2940 988 3140 1056 inquit,
3184 989 3373 1059 popqu
3412 990 3490 1046 die
3527 995 3707 1050 crastina

2243 1081 2607 1152 disputemus.
2656 1079 2759 1135 Cui
2813 1096 2914 1151 ego
2943 1100 2957 1135 :
2991 1078 3136 1146 Fiat,
3179 1080 3406 1151 inquam,
3438 1087 3491 1136 ut
3525 1082 3641 1141 libet.
3662 1085 3708 1139 Et

2243 1172 2360 1227 haec
2391 1169 2714 1241 pollicitatio
2736 1185 2856 1225 mea
2903 1172 3171 1226 universa:
3212 1171 3435 1226 innotuit
3461 1172 3643 1241 civitati,
3658 1175 3709 1229 ita

2244 1270 2306 1317 ut
2332 1264 2497 1318 etiam
2519 1269 2577 1316 tu
2609 1261 2703 1333 qui
2735 1262 2853 1331 ipsa
2883 1262 2971 1317 die
2991 1261 3309 1325 adveneras,
3333 1262 3546 1318 disceres
3570 1280 3633 1319 me
3649 1264 3709 1319 die

2243 1363 2463 1425 postera
2488 1368 2613 1408 cum
2649 1352 2872 1408 Simone
2910 1353 3227 1407 habiturum
3267 1368 3381 1408 esse
3415 1360 3710 1417 certamen,et

2246 1445 2509 1516 requisita
2538 1445 2822 1500 mansione
2854 1452 3043 1500 nostra
3073 1444 3367 1501 secundum
3388 1445 3563 1499 indicia
3584 1463 3707 1516 qua:

2214 1537 2492 1593 .Barnaba
2530 1552 2847 1607 acceperas,
2896 1537 3114 1593 venires
3138 1537 3208 1591 ad
3234 1551 3349 1591 nos.
3400 1535 3499 1607 Ego
3539 1554 3636 1592 vero
3654 1540 3707 1592 in-

2242 1644 2433 1698 gressu
2462 1636 2557 1683 tuo
2586 1629 2661 1683 ita
2686 1629 2993 1698 gratulatus
3024 1644 3146 1685 sum
3171 1667 3189 1694 ,
3221 1636 3277 1682 ut
3297 1630 3469 1684 nescio
3493 1631 3608 1684 unde
3630 1647 3709 1685 nio-

2244 1728 2354 1783 tus,
2388 1718 2728 1775 festinaverit
2754 1720 2975 1775 animus
3005 1735 3161 1775 meus
3191 1734 3450 1789 exponere
3467 1720 3550 1774 tibi
3571 1730 3709 1773 cuncta

2243 1812 2525 1876 velociter,
2564 1811 2835 1883 praecipue
2866 1819 3049 1866 tamen
3084 1811 3230 1881 quod
3260 1812 3415 1865 estin
3462 1810 3550 1866 fide
3590 1814 3709 1864 maxi-

2242 1918 2391 1959 mum
2418 1902 2487 1957 de
2508 1917 2638 1958 vero
2663 1903 2951 1973 propheta,
2993 1902 3141 1973 quod
3178 1918 3344 1957 unum
3392 1917 3451 1956 ac
3477 1901 3611 1956 totius
3642 1903 3710 1957 do-

2242 1995 2434 2049 ctrinae
2463 1994 2878 2050 fundamentum
2907 1993 3157 2051 sufficere
3210 2009 3367 2064 posse
3395 2009 3491 2048 non
3535 1995 3709 2063 ambigo;

2241 2094 2358 2141 tum
2384 2085 2549 2149 etiam
2573 2086 2618 2121 ιδ
2640 2088 2865 2158 scripta;
2882 2087 3016 2159 legis
3043 2103 3141 2157 per
3167 2085 3379 2157 singula
3396 2101 3590 2156 quaeque
3608 2085 3710 2154 capi-

2241 2176 2355 2239 tula
2391 2191 2626 2247 quorum
2649 2177 2791 2233 ratio
2838 2177 3116 2247 poscebat,
3142 2178 3479 2234 secretiorem
3506 2177 3582 2229 tibi
3603 2176 3713 2229 intel-

2242 2266 2520 2337 ligentiam
2546 2267 2801 2338 patefeci,
2838 2281 2948 2321 non
2979 2267 3311 2322 occultansa
3344 2274 3393 2321 te
3421 2282 3509 2321 nec
3532 2265 3711 2323 traditio-

2241 2375 2373 2414 num
2399 2360 2564 2415 bona.
2597 2358 2728 2426 Quae
2752 2374 2878 2415 vero
2899 2367 3199 2433 supersunt
3227 2358 3480 2430 incipiens
3498 2373 3524 2410 a
3543 2358 3612 2413 die
3631 2372 3711 2409 cra-

2242 2452 2420 2516 stina,
2455 2468 2522 2508 ex
2575 2452 2660 2508 bis
2703 2467 2826 2522 quae
2856 2452 2911 2506 in
2947 2452 3349 2521 qumstionibus
3397 2465 3508 2504 cum
3555 2447 3712 2502 S'niioue

2243 2546 2625 2609 movebuntur,
2659 2562 2756 2616 per
2797 2545 2915 2600 dies
2963 2544 3213 2615 singulos
3263 2544 3463 2606 audies,
3508 2557 3713 2615 usqiiequo

2242 2634 2354 2693 Deo
2386 2636 2601 2692 favente
2624 2638 2975 2710 perveniatur
3004 2636 3069 2690 ad
3096 2636 3272 2706 ipsam
3300 2650 3403 2706 quo
3424 2636 3513 2691 iter
3538 2642 3715 2688 nostrum

2240 2726 2585 2799 dirigendum
2618 2728 2893 2784 credimus
2941 2728 3131 2782 urbem
3165 2725 3412 2783 Romam.
3444 2724 3639 2793 Cumque
3670 2721 3713 2773 ad

2240 2819 2357 2875 haec
2387 2819 2457 2875 ab
2485 2834 2551 2875 eo
2582 2819 2749 2883 dicta,
2775 2834 2991 2875 omnem
3021 2819 3256 2889 gratiam
3279 2833 3363 2878 me
3388 2816 3434 2870 ei
3454 2815 3611 2871 debere
3630 2828 3713 2880 pro-

2242 2911 2468 2975 fiterer,
2520 2909 2908 2981 facturumque
2956 2910 3140 2965 omnia
3196 2925 3283 2964 me
3329 2924 3443 2979 qua:
3483 2905 3713 2977 premeret

2239 3000 2646 3073 promptissime
2677 3000 2985 3071 pollicerer,
3011 3000 3135 3054 cibo
3158 3009 3376 3075 sumptu
3397 2998 3628 3069 quiescere
3644 3008 3719 3048 nos

554 3092 557 3095 λ
586 3093 884 3150 Dominicis
914 3090 1293 3161 assignaverit,
1330 3090 1475 3161 quod
1502 3091 1662 3146 Iesus
1691 3101 1836 3146 esset
1862 3089 2137 3157 Christus,
2162 3126 2215 3185 ο
2236 3092 2405 3164 jussit
2426 3092 2645 3163 sibique
2673 3094 2789 3163 ipse
2817 3092 3055 3164 quietem
3077 3091 3254 3148 dedit.
3292 3168 3297 3173 ι

572 3203 751 3258 quove
795 3184 956 3241 modo
1004 3183 1258 3239 omnibus
1298 3183 1414 3253 jam
1450 3182 1946 3255 acquiescentibus,
1980 3187 2041 3238 ut
2070 3180 2140 3235 ab

647 3346 693 3378 ⁸³
734 3340 1320 3410 Quomodo—dicamus
1365 3339 1564 3395 desunt
1593 3340 1649 3394 in
1679 3348 1914 3409 utroque
1943 3338 2065 3394 cod.
2100 3336 2252 3406 Lips.
2321 3334 2367 3369 “
2396 3335 2527 3390 Tum
2552 3332 3135 3391 etiamntrcditionum
3190 3333 3329 3387 bona
3388 3330 3563 3401 pariter
3586 3325 3724 3381 desunt

573 3418 629 3477 in
658 3424 889 3485 utroque
920 3414 1042 3468 cod.
1074 3412 1225 3482 Lips.

1836 3552 2199 3609 COTELERII
2239 3552 2473 3609 ΝΟΤᾸΕ.

572 3722 784 3779 duobus
829 3717 1115 3774 Societalis
1157 3714 1285 3769 Iesu
1328 3706 1640 3782 insignibus
1682 3707 1967 3782 theologis,
2009 3706 2138 3782 Dio-

572 3777 731 3864 nysio
760 3790 977 3864 Petavio
1024 3777 1499 3864 ad_Epiph'aniut'n.
1531 3780 1823 3864 innhairesi
1846 3777 2134 3864 “Simonis-

573 3849 789 3925 norum,
816 3870 872 3914 et
920 3849 1442 3923 Francisco'Vigero
1486 3853 1542 3905 in
1582 3850 1782 3905 Euseb.
1833 3849 2135 3918 Prwparat.

568 3930 923 4002 evangelilib.
956 3945 1016 3993 tt,
1049 3942 1170 3996 cap.
1207 3926 1291 3980 18.
1507 3990 1518 4002 ¹
1555 3991 1566 4001 .
1610 3989 1645 4002 ﬁ
1685 3990 1697 4001 ,
1765 3990 1832 4002 η,
1934 3988 1945 4000 ,

645 3989 778 4074 (ὃέγ
805 3989 1059 4074 Virtute-in
1088 3989 1347 4051 summam
1375 3990 1567 4074 εξεεείξὶ
1600 3989 1721 4074 pei:
1765 3989 1980 4074 M‘isetis
2021 4002 2139 4074 Ino-‘-

572 4057 662 4129 dis
689 4057 975 4127 deformati
1009 4078 1137 4122 sunt
1182 4079 1373 4120 versus
1399 4062 1650 4117 Auctoris
1693 4057 2039 4130 ψευδωνύμου
2086 4066 2140 4111 et

570 4142 876 4214 ἁνωνύμου,
913 4148 1033 4211 post
1057 4135 1376 4193 Tertulliani
1406 4133 1607 4203 Opera,
1655 4131 1750 4195 lib.
1802 4147 1840 4194 ι,
1886 4132 2138 4181 adversus

570 4214 626 4269 Μ
634 4217 892 4267 arcionem
917 4230 937 4267 .'

634 4228 892 4267 arczonem
917 4230 937 4267 ἰ

2313 3706 2571 3779 Infundas
2597 3706 2740 3761 omni
2763 3709 2980 3777 magica:
3006 3707 3273 3763 dementia
3297 3710 3466 3779 plenos

2313 3777 2615 3839 Persuasit,
2642 3794 2753 3832 sese
2782 3778 3023 3832 virtutem
3048 3779 3226 3834 dicere
3249 3777 3524 3842 summam;

2314 3846 2363 3900 F
2367 3850 2539 3922 ingere
2559 3864 2677 3901 cum
2690 3849 2992 3922 meretrice,
3018 3850 3169 3920 nefas
3196 3867 3491 3922 peragrare,
3511 3847 3661 3903 volare.

2244 3917 2375 3973 Sine
2401 3917 2567 3972 dubio
2596 3918 2762 3973 scribi
2784 3919 2945 3979 debet
2984 3938 3000 3976 :

2315 3985 2545 4056 Infando
2575 3986 2780 4043 Simoni
2814 3991 3018 4059 magica
3046 3989 3313 4045 dementia
3338 3992 3480 4059 pleno

2312 4058 2615 4119 Persuasit,
2647 4076 2757 4113 sese
2776 4058 3016 4114 virtutem
3037 4060 3213 4115 dicere
3241 4074 3527 4116 summam:

2312 4127 2556 4199 Fingere,
2581 4144 2700 4182 cum
2720 4131 3010 4195 meretrice,
3037 4131 3214 4200 nefas,
3238 4148 3525 4203 peragrare,
3545 4128 3692 4183 volare.

579 4350 3715 4390 Μ

1645 4474 2007 4564 LIBER
2075 4471 2726 4562 SECUNDUS.

644 4793 685 4848 I.
718 4790 853 4847 Cmn
886 4794 1065 4841 autem
1100 4783 1241 4847 dies,
1298 4795 1418 4852 qua:
1443 4778 1512 4832 ad
1560 4775 1978 4845 disceptandum
2009 4790 2134 4829 cum
2169 4781 2211 4835 D
2241 4775 2518 4832 Eliesdros
2545 4783 2600 4831 et
2628 4774 2886 4841 Phinees,
2918 4774 3157 4830 Lazarus
3188 4784 3243 4831 et
3271 4776 3509 4840 Eliseus;
3536 4777 3637 4841 post
3661 4767 3730 4819 bos

571 4884 793 4944 Simone
813 4886 1021 4936 statuta
1048 4876 1244 4937 fuerat,
1271 4872 1614 4927 illucesceret
1641 4908 1656 4934 ,
1701 4867 1899 4923 Petrus
1943 4867 2137 4937 primis

568 4977 834 5049 gallorum
887 4968 1145 5024 cantibus
1202 4980 1435 5035 surgens
1485 4960 1746 5017 excitavit
1798 4960 1959 5014 etiam
2003 4974 2135 5025 nos;

567 5083 785 5125 eramus
817 5063 963 5119 enim
986 5061 1042 5115 in
1070 5059 1261 5114 eodem
1315 5054 1563 5109 conclavi
1620 5052 1930 5107 cubitantes
1970 5050 2137 5104 simul

567 5175 759 5216 omnes
809 5154 1090 5215 tredecim,
1146 5151 1202 5205 in
1248 5149 1449 5219 quibus
1491 5147 1700 5217 pritnus
1746 5150 1870 5214 post
1910 5141 2136 5197 Petrum

566 5253 882 5314 Zacchtcus,
904 5247 1101 5304 deinde
1123 5243 1452 5316 Sophonias,
1475 5238 1769 5311 Iosephus,
1791 5244 1845 5293 et
1861 5235 2135 5299 Michaeas,

2244 4884 2352 4940 ego
2366 4869 2619 4923 Clemens
2641 4875 2693 4922 et
2718 4866 3066 4929 Nicodemus,
3090 4867 3285 4923 deinde
3305 4868 3483 4922 Niceta
3504 4872 3552 4920 et
3573 4857 3729 4931 Aqnila.

2243 4957 2335 5027 qui
2367 4956 2581 5011 fuerant
2635 4957 2787 5026 prius
2818 4957 3073 5027 discipuli
3135 4956 3415 5021 Simonis,
3466 4965 3515 5010 et
3560 4954 3730 5007 docente

2245 5050 2504 5105 Zacchmo
2530 5049 2780 5104 conversi
2810 5057 2937 5106 sunt
2968 5052 3034 5105 ad
3067 5051 3227 5107 fidem
3250 5050 3468 5105 Christi.
3511 5045 3731 5101 Mulierum

2244 5156 2377 5196 sane
2403 5140 2553 5193 nulla
2584 5154 2813 5210 prorsus
2844 5140 3051 5195 aderat.
3084 5140 3334 5211 Cumque
3362 5139 3526 5193 adhuc
3564 5140 3730 5199 vesper-

2243 5233 2419 5287 tinum
2465 5233 2651 5289 lumen
2694 5231 2917 5287 duraret
2947 5231 3083 5305 (59),
3116 5245 3309 5288 omnes
3364 5228 3661 5287 resedimus,
3696 5224 3730 5271 ei

1843 5375 2210 5434 COTELERII
2246 5372 2480 5431 NOTAE.

634 5531 748 5603 (59)
786 5526 1243 5603 Cumque_adhuc
1270 5522 1621 5603 uespertinum
1675 5519 1848 5603 lumen
1888 5516 2131 5603 duraret.

568 5587 972 5659 MstC'andeler.
1001 5598 1242 5653 clareret.
1270 5595 1341 5651 Ut
1361 5587 1808 5648 'Clententinorum
1836 5587 2021 5641 homil.
2048 5601 2129 5659 Ψ.

1072 5669 1161 5723 τὸν
1214 5666 1313 5738 μὲν
1350 5660 1673 5742 ,λύχνονηέτι
1712 5659 1995 5742 Ἒωιίγοντοε.⁸
2044 5653 2128 5742 Pe

568 5725 717 5805 taure
741 5725 1024 5799 lucernam
1071 5755 1179 5794 non
1214 5725 1623 5807 exstinguendi,
1659 5725 1755 5788 sed
1785 5726 1998 5786 sinendi
2028 5725 2124 5781 do-

2245 5530 2345 5569 nec
2374 5514 2521 5568 ultro
2559 5519 2996 5575 consumeretur,
3047 5507 3318 5563 videndus
3370 5504 3658 5575 Plutarchus.
3690 5497 3729 5575 it

2242 5582 2633 5649 Qiiwstionibus
2679 5580 2929 5633 Romanis
3060 5578 3195 5649 281,Δ
3216 5577 3281 5631 F.
3316 5572 3582 5628 Monachus
3606 5574 3723 5649 eundi

2242 5647 2434 5709 solitos
2459 5652 2526 5708 ad
2563 5652 2742 5708 lumen
2772 5650 3040 5715 dormire,
3068 5647 3333 5705 discimus
3370 5661 3433 5700 ex
3472 5650 3629 5697 eorum

2244 5726 2403 5801 gulis.
