3976 6340
284 315 423 372 1249

1484 318 2048 380 RECOGNITIONUM
2084 324 2215 382 LIB.
2252 324 2318 382 Il.

3388 327 3526 386 1250

282 430 480 485 Petrus
512 430 707 487 videns
727 431 952 503 vigilare
976 448 1077 489 nos
1100 447 1164 488 ac
1207 433 1314 489 sibi
1359 434 1668 501 intendere,
1701 438 1852 492 salu.-
1882 442 1924 498 Α
1952 453 2205 504 noscere,
2254 439 2381 511 quis
2403 479 2419 505 ,
2474 440 2724 512 qualisve
2774 442 2846 498 sit
2870 441 2919 499 is
2962 443 3054 499 cui
3099 443 3530 502 immortalitatis

283 522 413 577 tatis
442 522 601 578 nobis
632 522 894 578 continuo
923 523 1017 577 dat
1040 526 1313 580 sermonis
1334 527 1643 584 exordium.
1671 527 1857 583 Mirari

276 629 367 667 me
382 614 636 683 equidem
672 614 865 680 fateor,
898 617 1101 672 fratres
1126 657 1142 680 ,
1188 618 1442 673 humanae
1491 628 1702 675 natura:
1725 621 1855 684 vim,

280 722 447 775 quam
482 706 549 759 ad
579 707 761 761 omnia
792 718 973 778 aptam
1006 709 1349 780 habilemque
1371 728 1493 767 esse
1520 712 1697 768 video.
1744 711 1859 768 Hoc

281 804 464 852 autem
505 798 687 854 dicere
716 799 769 853 in
795 802 1115 855 memoriam
1142 803 1290 856 venit
1317 819 1383 858 ex
1416 803 1502 860 his
1530 820 1649 876 qua:
1693 805 1860 864 rebus

282 891 420 961 ipsis
451 900 709 962 expertus
734 907 875 948 sum.
913 893 979 948 Ut
1002 894 1147 949 enim
1179 896 1459 952 transierit
1491 899 1729 954 medium
1758 916 1860 954 no-

286 986 414 1048 ctis,
431 1000 532 1055 ego
552 986 874 1056 spontejam
892 988 1132 1042 suscitor
1153 996 1207 1043 et
1233 988 1373 1043 ultra
1398 1006 1625 1049 somnus
1652 1008 1861 1064 nequa-

284 1091 450 1144 quam
482 1077 631 1131 venit
661 1077 729 1131 ad
757 1094 878 1146 me;
909 1079 1055 1149 quod
1086 1080 1218 1134 mihi
1266 1082 1469 1137 accidit
1495 1100 1561 1138 ex
1592 1100 1678 1148 eo,
1729 1084 1857 1156 quia

285 1182 343 1220 in
372 1166 770 1224 consuetudine
800 1168 968 1225 habui
1018 1172 1184 1226 verba
1218 1172 1434 1230 Domini
1477 1176 1603 1241 mei,
1637 1192 1760 1247 qua:
1789 1177 1858 1230 ab

285 1263 407 1334 ipso
436 1263 741 1333 audieram,
762 1281 1023 1325 revocare
1051 1268 1118 1323 ad
1140 1272 1479 1337 memoriam,
1502 1280 1555 1328 et
1578 1288 1679 1343 pro
1706 1274 1858 1344 ipso-

284 1372 407 1409 rum
437 1355 715 1412 desiderio
745 1360 1002 1414 suscitari
1036 1362 1238 1418 animis
1268 1364 1404 1420 meis
1426 1372 1479 1419 et
1510 1365 1855 1436 cogitationi-

280 1447 387 1503 bus
412 1449 698 1518 imperavi,
724 1457 783 1503 ut
813 1451 1079 1521 evigilans
1110 1452 1177 1507 ad
1209 1468 1273 1508 ea
1299 1462 1353 1509 et
1384 1455 1597 1526 singula
1630 1473 1858 1528 qua-que

278 1540 532 1601 recolens
560 1556 624 1595 ac
655 1549 909 1599 retexens
930 1544 1135 1614 possim
1163 1547 1476 1604 memoriter
1492 1549 1749 1606 retinere.
1781 1549 1860 1605 Ex

279 1631 388 1685 hoc
414 1647 545 1702 ergo
567 1672 582 1696 ,
617 1634 746 1688 dum
773 1638 922 1691 omni
952 1653 1077 1692 cum
1107 1638 1403 1694 dulcedine
1440 1656 1723 1698 sermones
1753 1642 1859 1697 Du-

279 1722 419 1776 mini
447 1740 670 1780 versare
720 1727 775 1780 in
827 1744 949 1784 meo
986 1730 1155 1785 corde
1184 1732 1469 1798 desidero,
1511 1735 1857 1790 consuetudo

278 1815 520 1870 obtinuit
550 1817 833 1889 vigilandi,
867 1822 1033 1876 etiam
1072 1823 1118 1879 si
1150 1824 1290 1878 nihil
1316 1824 1389 1880 sit
1416 1826 1565 1895 quod
1612 1829 1856 1899 cogitare

278 1908 466 1965 velim.
497 1906 577 1963 Ita
613 1927 743 1982 ergo
796 1912 1055 1970 ineﬂ‘abili
1103 1915 1339 1983 quadam
1382 1920 1622 1985 ratione,
1681 1922 1861 1977 intro-

278 2002 447 2065 ducta
470 2003 575 2057 alia
602 2006 1024 2073 consuetudine,
1043 2016 1202 2065 vetus
1225 2012 1568 2067 consuetudo
1588 2021 1855 2077 mutatur,

278 2103 335 2150 et
362 2094 420 2149 id
449 2111 640 2151 revera
672 2097 721 2153 si
751 2114 862 2154 non
895 2115 1060 2169 supra
1087 2101 1316 2155 modum.
1339 2117 1524 2173 cogas.
1557 2103 1652 2158 sed
1684 2120 1860 2172 quan-

281 2194 400 2239 tum
439 2188 631 2258 recipit
665 2205 920 2245 mensura
954 2200 1185 2249 naturae.
1224 2192 1415 2263 Neque
1459 2194 1607 2250 enim
1638 2196 1861 2266 penitus

280 2294 478 2351 somno
507 2295 697 2337 carere
723 2282 985 2351 possibile
1013 2292 1130 2352 est,
1168 2285 1375 2356 alioqui
1427 2301 1531 2341 nec
1560 2286 1705 2341 facta
1753 2303 1865 2345 nox

281 2370 480 2425 fuisset
511 2372 579 2426 ad
612 2372 877 2444 quietem.

354 2464 418 2520 ll.
452 2465 518 2520 Et
542 2482 641 2538 ego
673 2484 800 2523 cum
840 2470 1149 2529 audissem:
1184 2472 1423 2543 Optime,
1474 2475 1725 2546 inquam,
1775 2473 1859 2532 di-

280 2556 440 2620 xisti,
472 2554 655 2623 Petre,
676 2560 802 2630 quia
826 2562 1167 2618 consuetudo
1184 2565 1585 2621 consuetudine
1613 2581 1862 2622 commn-

280 2655 455 2723 tatur.
489 2647 624 2704 Nam
662 2660 719 2706 et
748 2668 848 2723 ego
875 2668 998 2708 cum
1020 2654 1334 2726 navigarem
1365 2656 1541 2727 primo
1596 2658 1860 2713 turbabar

279 2748 339 2793 et
372 2741 521 2796 intra
550 2757 634 2798 me
662 2744 795 2799 mihi
828 2746 1011 2800 omnia
1042 2748 1424 2813 vertebantur,
1459 2749 1538 2804 ita
1567 2760 1626 2805 ut
1655 2751 1861 2822 suggil-

284 2832 393 2888 lari
418 2834 630 2891 viderer
650 2853 752 2893 nec
776 2837 919 2895 ferre
946 2856 1163 2910 possem
1188 2841 1437 2897 brumam
1468 2842 1584 2916 (σο)
1609 2854 1663 2899 et
1691 2846 1863 2901 molc~

281 2927 450 2982 stiam
475 2930 663 2994 maris,
693 2939 823 3003 post
841 2947 1050 3003 paucos
1068 2943 1250 2990 autem
1270 2935 1389 2991 dies
1407 2934 1499 2990 ubi
1518 2936 1861 2992 consuetudo

281 3019 429 3091 facta
457 3029 563 3087 est,
592 3023 955 3080 tolerabiliter
984 3024 1126 3082 ferre
1155 3026 1319 3097 cmpi,
1340 3028 1418 3084 ita
1447 3033 1507 3083 ut
1538 3043 1699 3083 mane
1744 3037 1861 3085 sta-

278 3117 380 3171 tim
408 3134 516 3173 una
547 3134 674 3174 cum
706 3121 892 3177 nautis
926 3121 1110 3177 cibum
1140 3137 1356 3178 sumere
1381 3122 1703 3188 delectarer,
1731 3140 1857 3179 cum
1886 3153 1929 3211 ο

278 3210 436 3280 prius
487 3219 614 3267 ante
663 3211 851 3266 horam
884 3213 1169 3284 septimam
1206 3214 1457 3284 capiendi
1487 3214 1596 3271 cibi
1627 3230 1861 3272 consue-

278 3305 419 3359 tudo
456 3321 567 3360 non
596 3313 765 3362 esset.
796 3306 952 3361 Nunc
980 3323 1114 3378 ergo
1152 3324 1219 3363 ex
1243 3308 1348 3363 ista
1397 3310 1513 3363 sola
1559 3317 1860 3365 consuetu-

277 3395 433 3459 dine,
460 3398 606 3451 circa
637 3398 773 3453 illud
821 3406 1036 3469 tempus
1064 3416 1174 3470 quo
1202 3400 1488 3456 comedere
1517 3416 1643 3457 cum
1673 3402 1861 3457 nautis

280 3487 551 3551 solebam,
595 3489 810 3544 esuries
842 3491 1098 3545 admonet
1122 3506 1229 3555 me,
1261 3491 1410 3561 quod
1455 3501 1638 3549 tamen
1666 3509 1861 3549 rursus

278 3574 664 3646 depellendum
692 3594 877 3648 spero,
909 3595 1035 3635 cum
1065 3581 1170 3635 alia
1202 3580 1367 3637 fuerit
1395 3584 1736 3640 consuetudo
1766 3601 1862 3640 su-

280 3677 494 3738 scepta.
528 3667 707 3726 Credo
738 3687 871 3743 ergo
894 3673 1059 3727 etiam
1096 3674 1196 3730 tibi
1216 3674 1525 3744 vigiliarum
1564 3684 1862 3732 consuetu-

279 3760 493 3827 dinem,
525 3770 584 3818 ut
627 3764 903 3834 perhibes,
933 3767 1274 3836 institutam;
1326 3778 1383 3825 et
1410 3777 1717 3841 opportune
1756 3771 1860 3826 hoc

279 3866 557 3921 exponere
589 3856 833 3921 voluisti,
863 3865 925 3911 ut
964 3866 1018 3913 et
1040 3874 1142 3914 nos
1173 3860 1576 3930 aliquantulum
1610 3863 1790 3918 somni
1828 3878 1859 3917 a

278 3946 448 4002 nobis
477 3946 714 4016 abjicere
739 3958 904 4019 atque
925 3950 1167 4022 etl‘ugare
1197 3968 1308 4009 non
1338 3955 1545 4025 pigeat,
1579 3963 1639 4010 ut
1681 3957 1861 4027 possi-

278 4056 411 4095 mus
438 4041 702 4098 doctrinae
732 4044 965 4100 virentis
988 4045 1236 4101 instituta
1258 4048 1558 4118 suscipere.
1586 4048 1687 4105 Ubi
1714 4051 1858 4105 enim

280 4132 500 4189 decocti
524 4134 726 4191 fuerint
759 4136 868 4191 cibi
889 4144 944 4192 et
970 4152 1124 4193 mens
1160 4139 1433 4209 acceperit
1461 4148 1732 4196 nocturna
1780 4142 1860 4196 si-

280 4223 478 4285 lentia,
498 4225 963 4294 Opportunissime
990 4243 1111 4297 qure
1138 4228 1407 4284 docentur
1435 4228 1695 4285 insident.

356 4315 446 4369 lll.
482 4315 547 4369 Et
572 4315 767 4372 Petrus
796 4317 1029 4373 libenter
1058 4318 1356 4388 accipiens.
1403 4320 1550 4390 quod
1580 4321 1861 4377 intellexe-

278 4408 391 4459 rim
424 4404 757 4476 pauefationis
782 4406 903 4475 ejus
925 4423 1149 4463 causam
1185 4408 1253 4462 ad
1290 4410 1584 4465 utilitatem
1614 4418 1857 4467 nostram

1958 533 2124 587 verba
2153 533 2429 588 credenda
2460 535 2625 590 sunt?
2655 534 2891 596 Solliciti
2920 537 3067 593 enim
3109 544 3164 591 et
3194 539 3350 595 valde
3377 538 3530 595 solli-

1959 623 2055 678 citi
2086 639 2209 680 esse
2236 625 2522 690 debemus,
2550 643 2620 683 ne
2641 627 2969 701 margaritas
2996 636 3217 684 nostras
3246 631 3528 689 mittamus

1959 723 2086 771 ante
2118 733 2315 788 porcos
2340 718 2404 775 ¹⁶.

1976 796 1981 801 ”
2028 811 2118 869 iV.
2161 812 2266 869 Sed
2292 820 2347 868 et
2376 813 2513 870 alias
2534 813 2606 869 ob
2650 829 2847 871 causas
2887 814 3022 871 utile
3071 822 3177 881 est,
3210 817 3311 871 viri
3360 816 3527 887 hujus

1959 905 2162 961 habere
2196 922 2282 961 me
2310 907 2585 963 notitiam.
2647 905 2705 962 Si
2737 908 2881 963 enim
2916 908 3108 973 sciam,
3159 910 3287 981 quia
3332 910 3386 964 in
3417 911 3527 975 his,

1957 999 2026 1054 de
2043 999 2243 1069 quibus
2265 1015 2374 1055 non
2396 1007 2574 1070 potest
2591 1000 2828 1055 dubitari
2852 1001 2996 1072 quod
3018 1002 3161 1056 bona
3190 1004 3319 1065 sint,
3343 1019 3529 1058 emcn-

1958 1090 2120 1146 datus
2149 1098 2233 1147 est
2281 1100 2335 1146 et
2390 1092 2763 1162 inculpabilis,
2806 1093 2908 1148 hoc
2946 1100 3052 1158 est,
3112 1093 3158 1149 si
3194 1094 3448 1157 sobrius,
3480 1094 3529 1151 si

1958 1184 2300 1249 misericors,
2334 1185 2379 1240 si
2410 1184 2618 1254 justus,
2648 1185 2693 1240 si
2718 1184 2868 1242 mitis
2892 1194 2947 1242 et
2970 1186 3244 1242 humanus
3272 1198 3375 1249 est,
3408 1203 3531 1259 qua:

1959 1275 2151 1345 utique
2179 1276 2320 1329 bona
2351 1291 2473 1331 esse
2501 1277 2688 1331 nullus
2734 1278 2983 1349 ambigit,
3025 1287 3156 1333 tunc
3180 1293 3532 1350 consequens

1957 1367 2252 1433 videbitur,
2284 1377 2342 1423 ut
2373 1369 2421 1423 ei
2452 1368 2547 1439 qui
2590 1370 2804 1425 obtinet
2834 1370 2978 1425 bona
3027 1372 3315 1437 virtutum,
3363 1374 3530 1428 etiam

1959 1460 2102 1531 quod
2129 1461 2282 1516 deest
2317 1461 2438 1517 fidei
2469 1471 2522 1517 et
2555 1466 2799 1519 scientia:
2849 1465 3169 1521 conferatur
3189 1507 3202 1527 ,
3228 1475 3280 1521 et
3312 1468 3369 1522 in
3409 1468 3531 1538 qui-

1960 1553 2063 1607 bus
2093 1554 2359 1608 maculari
2386 1555 2603 1610 videtur
2631 1556 2753 1625 ejus
2776 1556 2909 1621 vita,
2940 1573 3061 1628 quae
3095 1564 3178 1613 est
3204 1559 3257 1612 in
3303 1559 3533 1629 reliquis

1961 1644 2285 1716 probabilis,
2321 1648 2661 1705 emendetur.
2712 1647 2769 1703 Si
2798 1665 2929 1705 vero
2964 1650 3021 1704 in
3059 1650 3144 1705 his
3187 1665 3309 1720 qua:
3351 1650 3532 1720 palam

1962 1746 2113 1803 sunt,
2142 1740 2387 1809 peccatis
2438 1740 2719 1796 involutus
2755 1750 3037 1812 permanet
3087 1752 3141 1796 et
3189 1743 3532 1813 inquinatus,

1960 1847 2069 1886 non
2093 1848 2180 1887 me
2200 1839 2420 1904 Oportet
2449 1833 2499 1888 ei
2525 1834 2734 1904 aliquid
2758 1835 2827 1890 de
2856 1835 3246 1890 secretioribus
3271 1843 3325 1890 et
3352 1851 3534 1891 remo-

1957 1924 2031 1979 tis
2061 1924 2261 1979 divinaa
2293 1924 2536 1980 scientiae
2564 1927 2840 1997 proloqui,
2876 1926 2971 1982 sed
3013 1928 3187 1997 magis
3238 1926 3533 1997 protestari

1956 2025 2012 2071 ct
2040 2018 2338 2072 convenire
2367 2033 2517 2083 eum,
2551 2027 2611 2072 ut.
2635 2034 2863 2089 peccare
2892 2020 3106 2075 desinat
3128 2026 3182 2073 et
3212 2028 3370 2073 actus
3401 2035 3535 2073 suos

1958 2125 1987 2163 a
2022 2110 2173 2167 vitiis
2214 2111 2489 2167 emendet.
2542 2111 2697 2178 Quod
2731 2112 2777 2168 si
2810 2112 3103 2183 ingesserit
3133 2127 3193 2168 se
3231 2122 3285 2170 et
3334 2127 3533 2182 provo-

1958 2203 2165 2257 caverit
2195 2218 2296 2257 nos
2335 2202 2541 2266 dicere,
2572 2220 2696 2274 quae
2727 2220 2852 2260 eum
2890 2206 3075 2261 minus
3098 2214 3247 2261 recte
3284 2215 3533 2276 agentem

1959 2309 2067 2350 non
2104 2302 2321 2364 oportet
2351 2296 2561 2363 audire,
2593 2297 2889 2367 prudenter
2944 2314 3069 2352 eum
3119 2299 3384 2354 debemus
3416 2300 3535 2352 elu-

1958 2386 2123 2453 dere;
2182 2401 2309 2441 nam
2360 2387 2498 2442 nihil
2551 2389 2777 2447 omnino
2832 2390 3163 2459 respondere
3223 2391 3532 2445 auditorum

1958 2494 2127 2547 causa
2156 2480 2289 2533 utile
2321 2496 2431 2534 non
2482 2480 2721 2546 videtur,
2775 2497 2843 2536 ne
2891 2480 3031 2537 forte
3078 2483 3390 2555 existiment
3431 2499 3535 2537 nos

1960 2570 2337 2640 responsionis
2367 2571 2595 2639 penuria
2627 2571 2906 2625 declinare
2939 2579 3246 2636 certamen,
3289 2581 3343 2625 et
3400 2571 3536 2625 lides

1958 2677 2147 2717 eorum
2178 2662 2430 2727 laedatur,
2461 2677 2571 2718 non
2607 2663 3027 2734 intelligentium
3054 2664 3398 2734 propositum
3430 2680 3532 2718 nu-

1958 2764 2155 2811 atrum.

2031 2844 2099 2899 γ.
2130 2844 2378 2916 Cumque
2410 2846 2525 2902 haac
2572 2844 2769 2902 Petrus
2794 2846 3024 2902 dixisset
3077 2846 3145 2901 ad
3173 2862 3274 2902 nos
3298 2887 3312 2907 .
3343 2845 3532 2901 Niccta

1961 2948 2119 3009 rogat
2146 2938 2390 3009 permitti
2424 2939 2530 2994 sibi
2558 2938 2740 2994 dicere
2765 2939 2994 3007 aliquid,
3028 2946 3191 3009 atque
3218 2938 3534 3008 indulgente

1960 3026 2125 3084 Petro
2152 3044 2277 3084 cum
2324 3029 2487 3085 venia
2540 3029 2752 3100 inquit:
2802 3026 3044 3084 Obsecro
3080 3037 3154 3088 te.
3206 3028 3426 3083 domine
3459 3028 3534 3083 mi

1960 3120 2142 3188 Petre,
2182 3122 2374 3177 audias
2404 3139 2491 3178 me
2516 3123 2673 3178 valde
2704 3123 2998 3178 sollicitum
3043 3122 3123 3176 tui
3148 3129 3203 3177 et
3232 3129 3530 3182 verentem,

1963 3228 2033 3267 ne
2077 3211 2219 3267 forte
2251 3212 2308 3267 in
2334 3213 2636 3270 certamine
2658 3214 2805 3285 quod
2838 3212 2936 3267 tibi
2970 3222 3057 3268 est
3108 3228 3233 3267 cum
3289 3211 3532 3272 Simone,

1962 3309 2207 3378 superari
2238 3306 2499 3363 videaris.
2534 3305 2686 3362 Solet
2713 3306 2860 3361 enim
2892 3304 3210 3377 frequenter
3257 3305 3533 3367 accidere,

1961 3409 2021 3454 ut
2042 3400 2134 3470 qui
2155 3399 2438 3455 veritatem
2458 3398 2722 3456 defendit.
2741 3413 2849 3453 non
2877 3413 3089 3469 semper
3112 3398 3374 3458 obtineat,
3402 3397 3532 3450 dum

1962 3501 2055 3547 aut
2077 3494 2132 3547 in
2155 3492 2340 3563 aliquo
2368 3492 2627 3565 praeventi
2652 3500 2782 3548 sunt
2804 3492 3104 3553 auditores,
3124 3499 3217 3544 aut
3236 3507 3343 3545 non
3369 3506 3534 3559 gran-

1961 3584 2083 3641 dem
2111 3600 2301 3639 curam
2354 3584 2599 3641 melioris
2628 3585 2914 3640 sententiae
2951 3590 3168 3654 gerunt.
3204 3581 3378 3651 Super
3418 3582 3534 3636 hanc

1961 3683 2143 3732 autem
2195 3677 2379 3731 omnia
2427 3684 2482 3730 et
2512 3676 2629 3745 ipse
2680 3674 2872 3731 Simon
2902 3675 3418 3731 vehementissimus
3447 3681 3533 3729 est

1961 3773 2168 3828 orator,
2200 3766 2257 3820 in
2289 3773 2407 3822 arte
2437 3766 2722 3821 dialectica
2743 3772 2798 3819 et
2821 3765 3261 3837 syllogismorum
3289 3764 3535 3819 tendicu-

1960 3861 2029 3915 lis
2058 3860 2353 3923 enutritus,
2387 3858 2533 3930 quod
2563 3865 2743 3914 autem
2772 3865 2859 3912 est
2900 3858 3155 3914 omnibus
3191 3858 3433 3929 gravius,
3478 3864 3533 3912 et

1962 3950 2018 4005 in
2043 3958 2162 4006 arte
2186 3950 2397 4020 magica
2418 3949 2574 4004 valde
2598 3947 2971 4017 exercitatus;
2992 3956 3047 4004 et
3076 3948 3197 4004 ideo
3227 3956 3429 4013 metuo,
3463 3963 3533 4003 ne

1962 4042 2103 4099 forte
2135 4052 2243 4098 tam
2266 4043 2444 4098 valide
2470 4059 2536 4099 ex
2565 4043 2714 4100 omni
2762 4052 2920 4114 parte
2944 4042 3206 4102 munitus,
3238 4040 3380 4111 apud
3437 4055 3533 4094 eos

1960 4136 2054 4206 qui
2079 4137 2332 4207 ignorant
2376 4152 2498 4191 eum
2518 4175 2532 4197 ,
2585 4135 2724 4191 falsa
2751 4136 2990 4206 allegans
3022 4141 3246 4205 putetur
3282 4147 3407 4187 vcra
3439 4131 3533 4185 de-

1962 4227 2203 4284 fendere.
2236 4227 2422 4298 Neque
2452 4228 2599 4283 enim
2628 4229 2709 4283 vel
2739 4243 2842 4283 nos
2879 4228 2981 4297 ipsi
3008 4242 3130 4281 eum
3162 4226 3532 4295 potuissemus

1960 4318 2199 4389 effugere
2228 4325 2282 4373 et
2304 4318 2549 4373 converti
2574 4317 2638 4371 ad
2674 4315 2987 4377 Dominum,
3022 4313 3125 4368 nisi
3150 4312 3279 4367 dum
3311 4311 3532 4379 adjuto-

1963 4424 2051 4463 res
2072 4408 2192 4478 ejus
2212 4415 2266 4462 et
2283 4422 2531 4462 errorum
2557 4406 2692 4462 socii
2711 4405 2935 4469 fuimus,
2956 4404 3365 4474 agnovissemus
3386 4401 3533 4472 quod

279 4500 579 4570 prolatam,
636 4501 957 4559 collaudans
987 4517 1075 4556 me
1117 4500 1447 4556 adhortandi
1486 4510 1541 4557 et
1593 4502 1859 4557 incitandi
1892 4498 1937 4552 D
1964 4500 2222 4570 deceptor
2256 4503 2403 4554 esset
2428 4513 2493 4553 ac
2514 4514 2747 4570 magus.

280 4586 407 4648 sine
429 4591 596 4650 dubio
617 4594 815 4664 gratia,
834 4602 1260 4665 consequentem
1279 4596 1446 4665 cmpit
1466 4593 1722 4664 expedire
1742 4608 1861 4649 ser-

281 4700 543 4740 monem:
601 4684 982 4756 Opportunum
1014 4687 1147 4742 mihi
1196 4703 1344 4742 nunc
1371 4695 1428 4742 et
1482 4686 1856 4741 necessarium

277 4778 531 4841 videtur,
567 4779 744 4835 dehis
766 4795 889 4850 qua:
927 4780 1215 4835 imminent
1245 4782 1424 4851 aliqua
1473 4779 1771 4843 discutere,
1804 4780 1859 4833 id

275 4880 372 4926 est
404 4870 472 4923 de
513 4867 757 4925 Simone.
794 4869 948 4925 Scire
994 4870 1139 4926 enim
1174 4870 1332 4925 velim
1354 4914 1369 4937 ,
1402 4872 1600 4942 quibus
1639 4869 1711 4925 sit
1740 4884 1857 4924 mor-

277 4962 445 5017 tibus
474 4969 530 5016 et
582 4962 782 5033 quibus
811 4963 1046 5029 actibus,
1077 4962 1224 5033 quod
1257 4962 1412 5028 mihi,
1473 4962 1521 5019 si
1551 4950 1677 5034 quis
1727 4961 1855 5027 scit,

278 5054 539 5111 indicare
563 5071 672 5109 non
709 5063 929 5124 cesset;
955 5054 1125 5111 refert
1152 5056 1298 5110 enim
1345 5056 1449 5111 ista
1494 5068 1854 5126 prmnoscere.

273 5147 426 5203 Nam
461 5149 505 5202 si
532 5150 587 5202 in
616 5149 890 5204 mandatis
916 5148 1201 5211 habemus,
1236 5158 1295 5203 ut
1320 5150 1603 5205 venientes
1627 5150 1695 5205 ad
1722 5149 1859 5205 civi-

272 5248 455 5295 tatem
479 5241 759 5296 discamus
781 5242 954 5310 prius,
978 5242 1101 5311 quis
1124 5242 1178 5296 in
1207 5257 1271 5296 ea
1298 5241 1495 5311 dignus
1527 5241 1600 5295 sit
1630 5248 1690 5296 ut
1712 5240 1857 5310 apud

269 5348 413 5389 eum
444 5334 625 5389 cibum
659 5349 944 5389 sumamus
976 5335 1053 5401 ¹⁵;
1110 5345 1319 5405 quanto
1372 5335 1547 5405 magis
1600 5335 1857 5388 convenit

404 5492 449 5524 ¹⁸
487 5490 679 5545 Matth.
708 5507 776 5559 x;
821 5488 954 5544 Luc.
991 5506 1045 5545 ι.
1135 5490 1178 5521 ¹⁶
1218 5488 1408 5543 Matth.
1443 5504 1520 5543 vti
1574 5487 1625 5542 6.

2034 4589 2125 4647 γι.
2167 4590 2305 4647 Cum
2334 4592 2450 4647 bazc
2476 4588 2666 4646 Niceta
2696 4589 2948 4653 dixisset,
2973 4586 3172 4657 Aquila
3206 4600 3423 4656 quoque
3442 4599 3534 4638 ro-

1960 4701 2095 4757 gans
2119 4685 2224 4740 sibi
2246 4683 2468 4739 dicendi
2498 4682 2810 4738 facultatem
2837 4680 2978 4741 dari,
3028 4679 3130 4733 hoc
3162 4677 3324 4735 modo
3365 4677 3533 4729 etiam

1960 4781 2080 4850 ipse
2109 4785 2434 4850 prosecutus
2466 4785 2582 4833 est:
2633 4775 2883 4844 Suscipe,
2919 4788 3124 4844 quaeso,
3154 4782 3207 4827 et
3249 4770 3357 4824 mei
3403 4782 3533 4837 erga

1963 4876 2015 4927 te
2038 4872 2243 4927 amoris
2270 4886 2481 4937 curam,
2522 4868 2724 4939 optime
2754 4865 2947 4931 Petre;
2975 4873 3028 4919 et
3053 4879 3154 4934 ego
3187 4862 3333 4918 enim
3378 4860 3536 4913 valde

1963 4962 2236 5018 sollicitus
2268 4977 2388 5017 sum
2410 4977 2509 5033 pro
2534 4968 2609 5016 te.
2639 4959 2750 5015 Nec
2782 4956 3154 5029 reprehendas
3184 4970 3286 5010 nos
3318 4955 3372 5008 in
3404 4953 3531 5013 hoc,

1957 5056 2086 5127 quia
2119 5072 2306 5111 curam
2337 5070 2525 5126 gerere
2555 5054 2787 5123 alicujus
2821 5070 2888 5107 ex
2920 5050 3112 5105 aﬂ‘ectu
3152 5049 3321 5108 venit,
3355 5044 3533 5114 negli—

1959 5162 2083 5217 gere
2108 5155 2287 5200 autem
2322 5162 2431 5200 non
2468 5144 2649 5198 minus
2679 5150 2763 5198 est
2815 5156 2979 5211 quam
3034 5138 3240 5195 odisse.
3304 5133 3528 5189 Testem

1956 5255 2086 5295 vero
2112 5240 2306 5295 invoco
2329 5238 2523 5299 Deum,
2547 5236 2675 5309 quia
2696 5252 2805 5291 non
2834 5242 2893 5290 ut
2918 5233 3221 5304 segniorem
3247 5240 3299 5285 te
3326 5229 3381 5283 in
3407 5243 3533 5282 cer»

1960 5334 2165 5388 tamine
2186 5333 2368 5389 sciens
2385 5340 2569 5387 metuo
2591 5345 2692 5400 pro
2717 5336 2790 5394 te,
2822 5328 3021 5398 quippe
3040 5326 3134 5396 qui
3157 5339 3259 5380 nec
3285 5334 3528 5393 unquam

1584 5640 1943 5700 COTELERII
1983 5638 2211 5696 NOTAE.

369 5808 485 5883 ($0)
526 5808 800 5865 Brumam.
828 5807 1076 5875 Candel.,
1116 5816 1168 5863 et
1215 5806 1448 5864 Carmel.
1506 5819 1743 5876 quoque,
1793 5802 2052 5870 bromum,
2082 5802 2225 5875 quod
2281 5809 2383 5869 cst,
2416 5798 2633 5872 βρόμον,
2679 5795 2965 5866 fremitum.
