3976 6340
249 293 389 347 {9.53

1449 288 2013 346 BECOGNITIONUM
2052 291 2178 347 LIB.
2216 292 2278 349 Il.

3354 295 3496 353 1954

245 411 327 462 vis
355 406 579 460 barbam
611 402 931 474 producam,
964 401 1023 460 in
1050 417 1234 459 aerem
1287 402 1527 458 volando
1570 403 1820 467 invehar,
1851 412 1895 466 Α
1926 406 2077 476 virga
2102 407 2336 462 transire
2362 426 2376 474 ;
2409 424 2576 481 super
2602 424 2713 479 quo
2734 409 3151 480 obstupefactus
3179 411 3494 480 Dositheus,

242 512 439 551 aurum
476 497 771 566 plurimum
818 498 1127 565 ostendam,
1164 512 1319 569 reges
1369 499 1564 554 faciam
1607 515 1815 570 eosque

240 587 516 657 dejiciam.
541 585 826 640 Adorabor
850 597 901 639 ul
932 586 1093 651 Deus,
1122 589 1334 658 publice
1349 589 1547 645 divinis
1567 590 1815 644 donabor

242 679 568 742 honoribus,
602 679 676 732 ita
717 690 775 732 ut
808 679 1164 734 simulacrum
1197 681 1330 734 mihi
1373 689 1669 736 statuentes
1698 682 1813 751 (64)

240 781 501 841 tanquam
532 771 700 826 Deum
728 774 909 826 colant
940 781 993 826 et
1020 772 1267 826 adorent.
1304 772 1369 826 Et
1402 774 1531 843 quid
1561 790 1699 844 opus
1727 784 1813 829 est

237 866 415 919 multa
472 865 695 919 dicere?
728 866 989 935 quidquid
1050 866 1274 920 voluero
1325 866 1544 931 facere,
1602 880 1809 936 potero.

238 957 405 1011 Multa
434 958 629 1011 etenim
662 957 772 1026 jam
810 959 942 1011 mihi
971 957 1323 1027 experimenti
1353 974 1520 1013 causa
1554 974 1814 1014 consum-

238 1060 387 1103 mata
427 1058 574 1105 sunt.
619 1049 863 1119 Denique
903 1049 1219 1119 aliquando,
1251 1051 1447 1120 inquit,
1482 1067 1606 1106 cum
1638 1064 1814 1107 mater

237 1158 360 1196 mea
382 1141 579 1195 Rachel
602 1141 816 1210 juberet
843 1158 929 1195 me
948 1142 1095 1197 exire
1118 1144 1185 1196 ad
1210 1157 1423 1212 agrum,
1447 1152 1505 1197 ut
1529 1154 1808 1210 meterem,

235 1248 339 1303 ego
392 1232 581 1287 falcem
639 1232 826 1286 videns
867 1232 1096 1300 positam
1152 1234 1379 1302 praecepi
1416 1234 1465 1288 ei
1521 1242 1580 1289 ut
1617 1234 1719 1290 iret
1754 1245 1811 1290 et

235 1334 483 1387 meteret,
512 1337 566 1379 et
601 1325 827 1379 messuit
858 1324 1088 1394 decuplo
1116 1324 1351 1394 amplius
1384 1325 1611 1381 caeteris.
1640 1326 1809 1382 Multa

229 1419 349 1489 jam
384 1434 523 1472 nova
554 1419 783 1489 virgulta
812 1418 1039 1488 produxi
1076 1419 1141 1473 de
1174 1427 1317 1473 terra
1346 1429 1398 1474 et
1434 1423 1808 1479 convalescere

232 1525 300 1565 ea
341 1509 480 1575 feci,
523 1511 626 1565 sub
681 1519 958 1564 momento
1001 1511 1261 1579 temporis
1312 1527 1573 1581 apparere
1610 1513 1713 1569 feci
1751 1524 1808 1570 et

231 1609 475 1656 montem
507 1600 838 1671 proximum,
876 1616 974 1670 ego
1014 1600 1254 1656 secundo
1293 1600 1585 1669 perforavi.

304 1681 373 1738 Χ.
415 1682 521 1739 Sed
558 1685 672 1741 haec
700 1701 827 1741 cum
859 1688 1068 1745 diceret
1120 1692 1188 1747 de
1224 1693 1473 1764 virgultis
1517 1700 1804 1767 productis

1922 497 1999 550 ait
2026 497 2093 551 ad
2124 514 2284 552 eum:
2314 498 2410 553 Dic
2442 500 2596 564 mihi,
2630 500 2675 553 si
2706 509 2760 553 tu
2785 516 2844 555 es
2874 499 3059 563 Stans,
3087 510 3145 557 ut
3167 503 3385 558 adorem
3422 514 3492 560 te.

1920 586 2167 663 Cumque
2200 588 2387 645 Simon
2410 591 2807 660 respondisset,
2841 608 2942 662 ego
2996 608 3116 646 sum
3141 634 3155 657 ,
3206 593 3495 653 Dositheus

1917 682 2111 737 videns
2164 699 2222 737 se
2252 700 2362 738 non
2416 700 2540 739 esse
2595 683 2868 746 Stantem,
2904 686 3104 745 cecidit
3157 698 3211 743 et
3248 689 3496 744 adoravit

1918 787 2064 836 eum,
2096 781 2149 827 et
2199 772 2407 830 Simoni
2454 775 2677 845 quidem
2710 775 2854 830 cedit
2886 778 3250 848 principatum
3308 798 3492 845 suum,

1920 861 2132 932 ipsique
2157 864 2379 919 obedire
2406 882 2621 919 onmem
2677 867 2902 936 triginta
2958 868 3200 922 virorum
3239 869 3487 923 ordinem

1912 953 2094 1023 jubet,
2125 957 2479 1025 semetipsum
2518 972 2647 1011 vero
2694 957 2751 1011 in
2783 958 2961 1011 locum
3007 957 3250 1015 Simonis
3298 961 3491 1016 statuit

1914 1054 1970 1102 et
2003 1062 2113 1101 non
2143 1048 2316 1101 multo
2343 1057 2462 1117 post
2492 1048 2783 1105 defunctus
2813 1058 2897 1105 est
2932 1050 3068 1123 (65).

1986 1140 2099 1197 XII.
2141 1141 2309 1212 Igitur
2338 1152 2461 1212 post
2491 1144 2699 1198 obitum
2742 1144 2986 1201 Dosithei
3037 1146 3225 1202 Simon
3272 1152 3485 1220 accepit

1912 1230 2142 1297 Lunam,
2178 1250 2300 1287 cum
2325 1252 2431 1304 qua
2465 1251 2640 1306 usque
2675 1236 2743 1290 ad
2774 1253 3017 1306 prtesens
3052 1241 3271 1305 circuit,
3314 1249 3374 1296 nt
3404 1245 3488 1296 vi-

1911 1328 2053 1382 detis
2077 1327 2356 1396 decipiens
2384 1328 2575 1383 turbas
2608 1338 2663 1382 et
2691 1345 2967 1394 asserens,
2994 1334 3345 1403 semetipsum
3368 1337 3489 1405 qui-‘-

1909 1420 2032 1475 dem
2061 1420 2319 1475 virtutem
2358 1436 2479 1476 esse
2503 1421 2819 1491 quamdam,
2848 1439 2973 1493 qua:
2999 1425 3071 1478 sit
3095 1441 3260 1494 supra
3291 1429 3486 1482 condi-

1911 1522 2080 1567 torem
2116 1512 2308 1579 Deum,
2343 1512 2553 1568 Lunam
2589 1530 2720 1569 vero
2756 1532 2877 1584 quae
2914 1532 3099 1571 secum
3130 1525 3237 1583 est,
3266 1534 3388 1575 esse
3417 1521 3485 1574 de

1908 1603 2287 1674 superioribus
2318 1604 2474 1659 caelis
2515 1603 2826 1671 deductam,
2865 1609 3226 1680 eamdemque
3252 1619 3484 1666 cuncto-

1908 1711 2028 1749 rum
2074 1696 2390 1766 genitricem
2431 1698 2630 1755 asserit
2658 1714 2780 1754 esse
2821 1701 3169 1769 sapientiam,
3214 1718 3312 1773 pro
3348 1721 3482 1774 qua,

225 1781 284 1828 et
306 1784 490 1829 monte
517 1776 818 1847 perforato,
840 1784 1221 1851 stupesceham
1248 1802 1346 1856 pro
1368 1789 1621 1859 eo,quod
1639 1793 1800 1845 etiam
1840 1772 1879 1826 Β
1906 1788 2105 1858 inquit,
2163 1788 2338 1843 Graeci
2406 1800 2461 1844 et
2505 1791 2723 1846 barbari
2767 1793 3143 1864 conﬂigentes,
3190 1772 3482 1868 imaginem

224 1881 330 1921 nos
352 1867 759 1925 circumvenire
790 1872 943 1938 velit,
971 1874 1173 1943 quibus
1225 1892 1283 1931 se
1332 1882 1719 1939 commendare
1749 1893 1803 1939 et

221 1959 557 2015 concredere
611 1962 936 2031 videbatur;
994 1968 1306 2025 sciebamus
1364 1972 1511 2026 enim
1574 1976 1719 2045 quod
1773 1993 1802 2031 a

220 2051 444 2121 proavis
469 2052 583 2106 haec
615 2053 869 2123 fuissent,
894 2074 1015 2127 quae
1046 2073 1076 2112 a
1104 2075 1162 2114 se
1184 2077 1359 2131 nuper
1380 2062 1520 2118 facta
1548 2066 1804 2135 perhibe-

219 2142 337 2198 bat.
369 2143 495 2199 Haec
520 2161 650 2216 ergo
673 2164 774 2204 nos
805 2150 873 2203 ab
890 2167 955 2205 eo
977 2150 1179 2222 flagitia
1199 2154 1503 2219 audientes,
1526 2164 1580 2211 et
1607 2158 1800 2214 horum

218 2235 518 2302 deteriora,
547 2241 919 2309 sequebamur
968 2252 1149 2300 tamen
1180 2254 1234 2302 et
1270 2249 1371 2319 ipsi
1413 2249 1534 2318 ejus
1566 2253 1796 2316 scelera,

212 2334 278 2381 et
304 2328 441 2385 alios
459 2330 528 2383 ab
557 2346 624 2386 eo
654 2332 833 2405 decipi
867 2336 1233 2404 patiebamur,
1263 2341 1432 2394 multa
1454 2342 1617 2396 etiam
1646 2359 1803 2399 meu-

216 2418 417 2475 tientes
447 2437 545 2490 pro
580 2438 669 2487 eo,
723 2432 778 2479 et
818 2426 923 2481 hoc
955 2429 1276 2500 priusquam
1332 2432 1538 2502 aliquid
1592 2434 1799 2490 faceret

212 2526 411 2567 eorum
436 2530 558 2584 quae
589 2518 937 2587 promiserat,
971 2522 1046 2576 ita
1082 2531 1142 2576 ut
1172 2524 1339 2579 nullis
1386 2527 1565 2581 adhuc
1603 2530 1794 2599 gestis,

213 2618 251 2658 ι
276 2608 558 2664 nonnullis
590 2617 773 2665 tamen
804 2621 1098 2683 putaretur
1136 2615 1302 2673 Deus.

289 2695 384 2753 XI.
427 2699 650 2755 Interim
685 2704 741 2757 in
773 2704 934 2761 initio
980 2723 1105 2762 cum
1159 2711 1339 2766 adhuc
1382 2713 1524 2768 inter
1572 2714 1797 2785 triginta

211 2785 468 2844 Dosithei
500 2792 801 2864 discipulos
834 2798 1153 2864 haberetur,
1185 2804 1353 2872 cmpit
1386 2804 1488 2873 ipsi
1536 2803 1797 2861 Dositheo

209 2878 503 2951 derogare,
555 2892 813 2956 tanquam
862 2890 956 2959 qui
994 2907 1102 2945 non
1144 2891 1353 2963 integre
1402 2911 1502 2950 nec
1556 2896 1796 2966 perfecte

207 2968 457 3037 doceret,
493 2975 655 3047 idque
685 2995 808 3033 eum
835 2998 943 3037 non
970 2984 1174 3037 invidia
1206 2984 1386 3040 facere
1410 2988 1504 3041 sed
1536 2988 1589 3041 in
1615 2990 1795 3045 scicn-

207 3063 315 3118 tia.
347 3062 550 3121 Verum
576 3067 869 3127 Dositheus
903 3075 994 3129 ubi
1026 3077 1131 3131 sibi
1152 3074 1402 3148 derogari
1434 3081 1605 3133 sensit
1626 3094 1656 3133 a
1699 3080 1789 3135 Si-

206 3165 396 3218 mone,
435 3172 634 3215 verens
658 3178 726 3217 ne
742 3165 929 3234 opinio
956 3182 1057 3221 sua
1091 3169 1489 3225 obscuraretur
1521 3173 1663 3243 apud
1688 3174 1788 3229 hoc

207 3244 433 3313 mines,
488 3252 582 3321 qui
626 3271 750 3310 eum
802 3260 1071 3329 putabant
1123 3262 1301 3332 ipsum
1339 3281 1462 3320 esse
1513 3267 1782 3332 Stantem,

204 3336 402 3396 furore
424 3355 755 3413 commotus,
782 3365 905 3405 cum
937 3353 1004 3407 ad
1029 3354 1273 3409 scholam
1308 3357 1470 3411 solito
1492 3360 1787 3414 convenis-

203 3440 356 3495 sent,
390 3435 543 3507 virga
573 3450 825 3511 correpta
852 3445 1145 3501 verberare
1193 3445 1471 3504 Simonem
1501 3451 1667 3519 cmpit
1686 3491 1701 3515 ,
1732 3458 1789 3506 et

204 3536 438 3595 repente
460 3546 557 3600 per
584 3549 785 3606 corpus
815 3539 934 3608 ejus
956 3540 1117 3610 quasi
1156 3557 1253 3612 per
1288 3542 1521 3613 fumum,
1552 3546 1673 3600 visa
1701 3552 1787 3600 est

1905 1882 2123 1951 quidem
2152 1882 2275 1951 ejus
2307 1882 2419 1951 (66)
2458 1886 2641 1954 aliqua
2666 1902 2731 1941 ex
2764 1896 2921 1957 parte
2948 1890 3132 1945 videre
3166 1901 3480 1960 potuerunt,

1904 1974 2076 2045 ipsam
2108 1991 2237 2029 vero
2266 1982 2325 2029 ut
2354 1985 2459 2037 est.
2505 1979 2721 2046 penitus
2754 1980 3100 2049 ignorarunt,
3133 1985 3333 2055 quippe
3358 2002 3479 2056 qua:

1902 2063 2048 2133 apud
2099 2064 2250 2118 illum
2290 2067 2539 2136 primum,
2584 2071 2829 2123 omnium
2878 2081 2934 2127 et
2979 2074 3154 2128 solum
3207 2075 3479 2132 habitaret

1902 2156 2092 2211 Deum.
2137 2156 2201 2212 Et
2238 2158 2349 2213 haec
2374 2168 2541 2230 atque
2569 2161 2673 2215 alia
2705 2161 2791 2218 his
2812 2163 3011 2219 similia
3034 2182 3158 2220 cum
3186 2168 3475 2224 verborum

1901 2264 2097 2321 pompa
2140 2250 2448 2320 proferens,
2503 2251 2720 2322 decepit
2764 2256 2987 2311 multos.
3031 2255 3133 2313 Sed
3152 2268 3222 2313 iet
3256 2260 3358 2315 hoc
3393 2261 3476 2315 in-

1899 2341 2085 2396 dicare
2129 2342 2321 2407 debeo,
2367 2343 2513 2414 quod
2548 2345 2664 2415 ipse
2708 2362 2809 2417 ego
2870 2349 3075 2405 vidisse
3109 2367 3194 2406 me
3227 2354 3473 2419 memini,

1898 2449 2021 2488 cum
2043 2444 2192 2491 esset
2215 2436 2513 2506 aliquando
2534 2436 2685 2492 Luna
2711 2438 2803 2493 illa
2824 2440 2944 2509 ejus
2970 2442 3023 2495 in
3052 2444 3191 2497 turri
3214 2446 3473 2515 quadam,

1898 2526 2198 2582 multitudo
2228 2528 2423 2599 ingens
2455 2530 2522 2583 ad
2554 2545 2673 2584 eam
2715 2543 3047 2588 convenerat
3086 2537 3473 2605 pervidendam

1897 2628 1951 2674 et
1979 2618 2221 2690 undique
2246 2621 2393 2676 circa
2424 2622 2621 2677 turrim
2664 2625 2879 2690 stabat;
2905 2634 2962 2679 at
3002 2628 3093 2681 illa
3136 2646 3234 2699 per
3280 2646 3473 2686 omnes

1898 2707 2167 2765 fenestras
2198 2714 2369 2768 turris
2400 2714 2549 2770 illius
2580 2716 2728 2769 omni
2773 2719 2974 2787 popqu
3002 2723 3357 2789 procumbere
3405 2740 3470 2780 ac

1895 2804 2209 2874 prospicere
2240 2805 2552 2863 videbatur.
2582 2807 2648 2862 Et
2678 2811 2850 2863 multa
2876 2811 2981 2864 alia
3026 2813 3299 2868 mirabilia
3324 2815 3471 2870 fecit

1894 2897 2130 2963 etfacit,
2165 2899 2242 2954 ita
2283 2909 2344 2954 ut
2387 2910 2674 2972 stupentes
2707 2917 2808 2974 pro
2850 2903 2936 2960 his
2974 2904 3227 2962 homines
3272 2916 3470 2977 putent

1892 3003 2017 3043 eum
2041 2990 2220 3060 ipsum
2253 3008 2376 3048 esse
2405 3009 2679 3048 summum
2708 2994 2900 3051 Deum.

1967 3080 2106 3137 XIII.
2145 3081 2283 3139 Nam
2316 3086 2449 3139 mihi
2479 3086 2773 3156 aliquando
2799 3095 2853 3143 et
2881 3088 3084 3145 Nicetze
3110 3092 3464 3162 rogantibus,

1893 3184 1951 3229 ut
1977 3183 2271 3246 exponeret
2290 3179 2564 3247 quomodo
2587 3179 2701 3233 hmc
2726 3182 2941 3250 possint
2970 3192 3089 3238 arte
3120 3186 3329 3255 magica
3376 3186 3459 3240 ef—

1891 3266 1997 3331 fici,
2031 3278 2085 3323 et
2109 3284 2230 3339 qua:
2252 3278 2397 3324 esset
2423 3270 2586 3339 hujus
2609 3272 2688 3325 rei
2720 3281 2938 3337 natura,
2975 3273 3164 3329 Simon
3198 3284 3462 3347 tanquam

1888 3362 2247 3418 familiaribus
2280 3364 2395 3419 suis
2422 3365 2715 3434 explanare
2766 3366 2842 3420 ita
2894 3370 3103 3438 coepit:
3146 3368 3332 3436 Pueri,
3374 3373 3463 3425 in-

1888 3454 2027 3524 quit,
2059 3454 2360 3525 incorrupti
2407 3464 2463 3511 et
2486 3456 2759 3512 violenter
2814 3461 3015 3525 necati,
3061 3461 3296 3516 animam
3344 3462 3461 3533 (67)

1888 3547 2283 3617 adjuramentis
2314 3548 2679 3605 ineﬂ‘abilibus
2726 3560 3010 3607 evocatam
3041 3554 3303 3610 assistere
3326 3555 3459 3609 mihi

1481 3704 1839 3762 COTELERII
1874 3706 2107 3764 NOTAE.

285 3867 395 3941 (ϐλ)
430 3868 515 3923 Ita
546 3880 603 3924 ut
629 3872 977 3929 simulacrum
1022 3879 1150 3933 mihi
1197 3889 1508 3939 statuentes.
1553 3882 1719 3940 Recte
1749 3902 1779 3941 a

198 3937 268 4019 _s_.
294 3937 514 4019 ἰςέρεεο
548 3943 639 3996 lib.
675 3960 722 4019 ι,
758 3960 877 4015 cup.
911 3949 1016 4011 eo,
1058 3951 1271 4019 publica
1327 3937 1505 4007 statua
1540 3937 1780 4012 Simonis

198 4011 347 4096 ξηειεὶ
383 4009 565 4093 Romae
604 4015 799 4096 posita,
828 4009 1154 4096 secernitur
1190 4023 1269 4096 ab
1296 4023 1535 4096 imagine
1568 4009 1778 4096 privata

198 4082 449 4166 §inionis
471 4082 651 4166 specie
672 4084 856 4166 iovis,
871 4106 1032 4157 quam
1057 4091 1378 4166 Simonia‘ni
1398 4082 1523 4166 cum
1547 4082 1782 4166 imagine

198 4151 434 4233 Seienes
454 4151 557 4233 seu
592 4153 807 4233 Helena
835 4151 1074 4233 facta_ad
1104 4162 1328 4233 figuram
1366 4165 1619 4219 Minervae
1649 4151 1780 4221 ἕάοφ

195 4223 421 4303 rabant:
454 4222 507 4278 Id
544 4226 725 4303 monui
747 4268 762 4287 ,
797 4231 924 4303 quia
973 4230 1031 4303 Β,
1065 4222 1401 4303 Augustinus
1442 4236 1495 4288 in
1531 4237 1668 4290 libro
1703 4237 1782 4291 De

192 4294 488 4374 gerresibus
510 4293 747 4374 .videtur
786 4293 962 4374 minus
991 4293 1248 4374 distincte
1280 4306 1445 4374 loqui.
1489 4306 1678 4361 dicens
1707 4310 1774 4362 de

195 4361 431 4419 Simone
456 4385 468 4419 :
492 4364 674 4419 Jovem
702 4384 757 4421 se
777 4371 917 4423 credi
939 4372 1161 4437 volebat,
1191 4361 1479 4429 Miner'vant
1522 4394 1637 4431 vero
1667 4395 1775 4432 me-

191 4436 443 4513 retricem
484 4437 1045 4513 quamdamSelenen;
1075 4461 1232 4513 quam
1261 4447 1361 4499 sibi
1390 4449 1586 4501 sociam
1621 4453 1778 4503 scele—

1882 3905 2049 3952 crum,
2074 3906 2168 3959 pro
2187 3906 2287 3958 quo
2311 3890 2597 3958 conﬂatum
2628 3890 2730 3961 {uit
2762 3890 2955 3945 bellum
2986 3892 3160 3948 decem
3185 3910 3469 3951 annorum.

1884 3961 2151 4034 Caeterum
2180 3961 2400 4034 quando
2428 3961 2622 4034 Celsus
2640 3964 2780 4032 apud
2800 3962 3086 4034 Qrigeneni
3118 3966 3456 4025 Simonianis

1883 4032 1998 4083 vult
2030 4031 2341 4099 impositum
2374 4030 2539 4085 fuisse.
2574 4030 2765 4087 nomen
2799 4030 3215 4089 IIelenianorum
3246 4037 3313 4091 ab
3345 4037 3454 4094 IIe-

1885 4100 2028 4175 lena,
2059 4102 2139 4154 vel
2162 4110 2494 4175 praeceptore
2516 4101 2743 4167 Heleno,
2774 4104 2826 4157 in
2849 4104 3052 4160 Heleno
3080 4123 3187 4160 non
3212 4107 3453 4175 jocatur,

1884 4173 2097 4241 opinor,
2135 4171 2228 4225 sed
2259 4179 2426 4226 errat.

1957 4242 2070 4311 (67)
2108 4242 2268 4296 Pueri
2294 4244 2587 4311 incorrupti
2622 4255 2671 4297 et
2710 4244 2959 4299 violenter
2994 4249 3165 4300 necati
3192 4250 3447 4306 animam.

1880 4310 2370 4390 Jiistiiitis_iiiar_tyr
2402 4316 2825 4390 apoiogeticoﬂ,
2853 4332 2905 4385 p.
2942 4318 3051 4390 7657:
3094 4319 3159 4371 Ai
3195 4321 3451 4390 ἀδιαφθό-

1883 4400 1990 4454 ρων
2032 4383 2236 4436 παίδων
2281 4385 2661 4460 ἐποπτεᾲςξειςξἒ
2702 4383 2901 4460 Παῖδάς
2931 4389 3215 4460 ἀφθόρους,
3252 4392 3305 4445 in
3334 4383 3447 4447 ’80-

1882 4463 2054 4529 crate,
2082 4454 2177 4508 lib.
2212 4470 2295 4529 tu,
2331 4455 2875 4529 cap._I5.Al;Ioratius
2913 4454 3132 4527 epbdfv,
3164 4477 3313 4529 puer,
3344 4463 3448 4515 im-

191 4521 328 4587 ru.m_
351 4506 543 4601 fecerat
573 4510 1055 4601 :limaginesqtte'et
1087 4506 1240 4601 auiam
1271 4518 1570 4601 etnejusdem
1608 4538 1773 4601 ine_re-
1807 4512 1850 4567 Ῐ)
1872 4506 2419 4601 ρηιςεςέογριὶεξ-Ᾰριιᾷ
2442 4506 3320 4601 (δεῖμ’.
3356 4534 3443 4589 1οε

194 4577 355 4629 tricis
379 4577 784 4658 discipulis-suis
812 4577 1073 4658 PrtILbefll
1092 4577 1416 4652 adoranda},
1442 4606 1570 4658 quas
1602 4601 1651 4644 et
1672 4591 1775 4643 R0-

190 4662 301 4699 τηαν
338 4656 589 4729 tanquam
626 4648 842 4704 deorum
879 4655 1168 4710 simulacra
1212 4648 1526 4713 auctoritate
1562 4661 1774 4729 publica

186 4722 563 4776 constituerat.

274 4784 386 4862 (65)
412 4785 483 4862 βε
516 4803 621 4862 non
652 4789 961 4862 multopost
992 4793 1268 4862 defunctus
1296 4806 1389 4852 est.
1420 4797 1641 4853 Mortem
1668 4799 1774 4853 Do-

191 4855 374 4932 s_i_tlrei_
393 4857 650 4932 describit
682 4870 803 4932 post
830 4855 1189 4931 Epiphanium
1223 4867 1411 4922 haeresi
1440 4870 1524 4932 I5,
1554 4868 1768 4925 Nicetes

188 4925 495 4981 Choniates
523 4928 617 4981 lib.
646 4925 977 4994 i’Tliesaitr'i,
1004 4950 1051 4987 c.
1078 4934 1165 4988 55.
1204 4935 1372 4990 Paulo
1399 4925 1554 4992 aliter
1581 4941 1633 4993 in
1662 4939 1773 4993 Νο-

189 4996 593 5080 tis‘Ahrahami
631 4997 995 5080 Ecchellensis
1037 5002 1315 5060 Maronitae
1347 5011 1411 5061 ad
1446 5008 1767 5080 Catalogum

184 5064 521 5136 ﬂebeiljesu.
547 5084 599 5136 p.
633 5069 753 5122 164.

267 5135 717 5215 (Gtijmlmaginem
766 5141 1165 5215 quidem_ejus,
1210 5153 1314 5215 etc.
1352 5144 1502 5200 Haud
1538 5149 1764 5205 dubium

178 5205 328 5285 quin
360 5205 956 5288 Simon—"commentum
995 5205 1196 5288 lioede
1228 5214 1377 5288 Luna
1421 5219 1515 5272 seu
1549 5219 1760 5285 Selene,

178 5280 338 5352 dicta
364 5279 525 5352 etiam
555 5277 776 5352 Iielena,
807 5282 1047 5337 hauserit
1080 5277 1147 5339 ab
1179 5286 1444 5352 ethnicis;
1479 5304 1600 5342 cum
1638 5277 1762 5345 Plu;

177 5348 348 5425 ignis
381 5347 612 5425 insignia
647 5351 816 5425 verba
850 5362 1081 5425 exstent,
1114 5356 1206 5409 lib.
1248 5372 1298 5409 ix
1343 5347 1711 5425 lle'repubtica
1738 5378 1759 5415 :

174 5417 260 5500 Ti}
289 5416 387 5484 τῆς
423 5416 892 5512 Ἐλένῃςηεῖδωλον
1072 5425 1196 5512 τῶν,
1222 5428 1279 5478 ὲν
1309 5428 1478 5512 Τροίᾳ.
1497 5416 1756 5512 ξξηςίχο-

313 5503 447 5571 ippon
479 5487 1147 5571 γενέσθαι-περιμάχητον,
1173 5487 1481 5571 ἀγνρίᾳζτοῦ
1505 5487 1754 5571 (117.1903;-

178 5558 263 5636 με
319 5557 533 5637 Helena:
569 5557 1179 5637 imagine-Siesi‘c'liorus
1221 5557 1309 5621 ’ἀει
1340 5557 1609 5637 ’Τνολαηοέ
1649 5557 1755 5627 vei'i

168 5629 517 5709 ignoratione
542 5631 854 5709 decertassc.
883 5634 1186 5709 ItemASexti
1223 5629 1478 5709 Empirici
1507 5642 1752 5697 adversus

172 5698 589 5781 .uzit‘liei'naticos
614 5702 704 5756 lib.
736 5719 827 5781 vn,
856 5721 904 5773 p.
940 5706 1193 5781 l84,_185
1224 5728 1236 5762 :
1274 5698 1488 5781 Ἐἷένης
1514 5712 1749 5780 εἴδωλον,

170 5767 313 5838 περὶ
342 5764 402 5822 οὗ
432 5768 689 5842 δεκαέτης
730 5764 958 5847 ϐυελέὲςτη
1001 5764 1253 5851 πόλεμος.
1286 5764 1498 5838 "alente
1530 5764 1751 5838 simula:

1881 4594 2159 4669 ςπὶάγχνᾳ
2193 4597 2411 4669 vectain
2436 4636 2449 4658 ,
2502 4597 2621 4669 lib.
2650 4613 2779 4656 vin.
2832 4614 2952 4669 cap.
2990 4601 3078 4664 i5,
3132 4610 3185 4657 et
3221 4594 3299 4657 De
3340 4606 3448 4658 vita

1876 4664 2214 4746 Constantini
2236 4666 2272 4726 Ι,
2292 4664 2666 4746 ὃίξςψεογενῴν
2688 4664 2970 4746 only-(va
3006 4671 3240 4746 βρεφῶν.
3270 4674 3445 4746 Cliry-

1876 4745 2172 4801 sostomus,
2199 4745 2328 4791 tom.
2347 4735 2412 4799 V,
2443 4738 2706 4793 concione
2731 4739 2765 4791 2
2788 4735 3129 4806 Πέὶαχὰὲοξ
3147 4744 3280 4797 νέων
3306 4735 3445 4799 una-

1874 4806 1981 4878 Zuiw
2005 4806 2256 4878 Δδώματα
2305 4808 2703 4875 κατασφάττειν
2727 4849 2741 4870 ,
2778 4826 2937 4878 quem
2971 4820 3022 4866 et
3055 4814 3176 4869 vide
3220 4817 3443 4871 homilia

1872 4872 1943 4947 28
1998 4874 2051 4926 in
2080 4872 2413 4933 Matt/tantm.
2443 4872 2780 4947 Augustinus
2797 4872 2905 4935 'Iib.
2941 4900 3070 4937 xviii
3126 4884 3204 4939 De
3232 4888 3445 4941 civitate

1873 4944 1972 4998 Dei
1987 4961 2121 5021 cap.
2147 4948 2247 5021 55:
2274 4947 2415 5002 Puer
2445 4944 2724 5021 anniculus
2757 4953 2957 5005 occisus
2978 4994 2992 5016 ,
3032 4964 3081 5008 et
3124 4956 3441 5021 dilaniatus,

1870 5024 1919 5068 et
1948 5018 2054 5070 ritu
2084 5018 2536 5091 nefariogsepultus
2566 5030 2663 5074 est.
2684 5020 2786 5073 Alii
2821 5023 3111 5078 innumeri.
3142 5028 3274 5091 Quis
3295 5018 3440 5081 enim

1872 5101 1979 5168 non
2016 5089 2542 5168 memoravit-quam
2591 5098 2786 5168 vocant
2816 5089 3265 5168 Ifsycliagogiam,
3308 5097 3443 5168 Psy-

1870 5156 2270 5231 _chonm_ntiam,
2325 5156 2794 5231 Necyomantiam,
2830 5156 3290 5229 Nécromantiam,
3342 5156 3437 5223 seu

1864 5226 2419 5306 juxta-Barbaroruni
2439 5226 2625 5306 'lilios,
2646 5230 3128 5306 _i‘iigromantiam,
3185 5226 3435 5306 peritiam

1868 5298 2045 5373 ciendi
2077 5299 2287 5373 animas
2314 5302 2382 5373 ab
2401 5300 2621 5373 inferis,
2646 5298 2830 5373 Manes
2857 5298 3127 5373 sepulcris
3159 5298 3440 5362 eliciendi?

1866 5364 1975 5421 Nec
2022 5371 2286 5437 pravteriri
2330 5372 2490 5427 debet
2525 5364 2973 5429 de’Simonianis
3021 5377 3172 5431 locus
3217 5377 3436 5430 Tertul—

1867 5438 2148 5516 Iiani_cap.
2183 5443 2388 5516 penult.
2433 5442 2525 5516 lib.
2557 5442 2633 5496 De
2665 5444 2844 5496 anima
2876 5462 2891 5498 :
2929 5444 3060 5499 Ecce
3105 5448 3256 5500 hodie
3292 5449 3437 5516 ejus-

1865 5507 1980 5583 dem
2000 5507 2230 5583 Simonis
2267 5510 2538 5566 ha'reticos
2568 5522 2715 5566 tanta
2736 5518 3072 5583 prwsumplio
3104 5520 3235 5572 artis
3263 5507 3435 5573 citat-

1866 5580 1943 5639 lit,
1979 5590 2036 5654 ut
2062 5582 2223 5654 aliain
2234 5585 2605 5654 prophetarum
2629 5580 2834 5637 animus
2859 5587 2923 5638 ab
2944 5580 3124 5654 inferis
3159 5605 3358 5644 movere
3378 5603 3436 5643 sc

1864 5651 2172 5725 spondeam.
2200 5652 2266 5705 Et
2293 5655 2446 5725 credo
2463 5654 2588 5723 quia
2610 5654 2878 5709 mendacio
2899 5651 3137 5725 poseant.
3162 5659 3314 5723 Quod
3334 5675 3433 5713 au-

1866 5728 1973 5798 tem
2002 5722 2695 5798 doctissimusGronovius
2730 5722 3066 5783 Obseruutor.
3098 5730 3151 5783 in
3190 5722 3432 5798 Scriptus

1865 5789 2010 5846 ribus
2040 5794 2407 5849 ecclesiasticis
2436 5812 2557 5866 cap.
2596 5797 2626 5851 4
2666 5795 2794 5868 legit
2827 5798 3159 5855 inAldhelmi
3186 5789 3431 5856 loco'su4
