  <div class='ocr_page' id='page_1' title='image "/cluster/home/n/w/nwhite01/storage/ocr_20150623/1/hvd.32044073501405/637.png"; bbox 0 0 3976 6340; ppageno 0'>
   <div class='ocr_carea' id='block_1_1' title="bbox 568 259 707 317">
    <p class='ocr_par' dir='ltr' id='par_1_1' title="bbox 568 259 707 317">
     <span class='ocr_line' id='line_1_1' title="bbox 568 259 707 317; baseline 0 -1"><span class='ocrx_word' id='word_1_1' title='bbox 568 259 707 317; x_wconf 67' lang='grc'><strong>1255</strong></span> 
     </span>
    </p>
   </div>
   <div class='ocr_carea' id='block_1_2' title="bbox 1416 240 2931 311">
    <p class='ocr_par' dir='ltr' id='par_1_2' title="bbox 1416 240 2931 311">
     <span class='ocr_line' id='line_1_2' title="bbox 1416 240 2931 311; baseline -0.006 -2"><span class='ocrx_word' id='word_1_2' title='bbox 1416 254 1474 311; x_wconf 89' lang='lat' dir='ltr'><strong>S.</strong></span> <span class='ocrx_word' id='word_1_3' title='bbox 1510 247 1902 309; x_wconf 75' lang='lat' dir='ltr'><strong>CLEMENTIS</strong></span> <span class='ocrx_word' id='word_1_4' title='bbox 1936 251 1956 304; x_wconf 87' lang='grc'><strong>1</strong></span> <span class='ocrx_word' id='word_1_5' title='bbox 1990 244 2157 306; x_wconf 76' lang='grc' dir='ltr'><strong>ῐὶΟΜ.</strong></span> <span class='ocrx_word' id='word_1_6' title='bbox 2200 242 2401 305; x_wconf 73' lang='lat' dir='ltr'><strong>PONT.</strong></span> <span class='ocrx_word' id='word_1_7' title='bbox 2440 240 2669 304; x_wconf 77' lang='lat' dir='ltr'><strong>OPERA</strong></span> <span class='ocrx_word' id='word_1_8' title='bbox 2708 241 2931 302; x_wconf 79' lang='lat' dir='ltr'><strong>DUBIA.</strong></span> 
     </span>
    </p>
   </div>
   <div class='ocr_carea' id='block_1_3' title="bbox 3584 260 3681 316">
    <p class='ocr_par' dir='ltr' id='par_1_3' title="bbox 3584 260 3681 316">
     <span class='ocr_line' id='line_1_3' title="bbox 3584 260 3681 316; baseline 0.041 -3"><span class='ocrx_word' id='word_1_9' title='bbox 3584 260 3681 316; x_wconf 66' lang='grc' dir='ltr'><strong>ιὲὃϐ</strong></span> 
     </span>
    </p>
   </div>
   <div class='ocr_carea' id='block_1_4' title="bbox 570 360 3682 444">
    <p class='ocr_par' dir='ltr' id='par_1_4' title="bbox 570 360 3682 444">
     <span class='ocr_line' id='line_1_4' title="bbox 570 360 3682 444; baseline 0.005 -32"><span class='ocrx_word' id='word_1_10' title='bbox 570 373 699 438; x_wconf 60' lang='grc' dir='ltr'><strong>περὶ,</strong></span> <span class='ocrx_word' id='word_1_11' title='bbox 754 381 811 428; x_wconf 73' lang='grc' dir='ltr'><strong>ει</strong></span> <span class='ocrx_word' id='word_1_12' title='bbox 874 385 974 444; x_wconf 72' lang='lat' dir='ltr'><strong>per</strong></span> <span class='ocrx_word' id='word_1_13' title='bbox 1034 370 1211 440; x_wconf 69' lang='lat' dir='ltr'><strong>ipsam</strong></span> <span class='ocrx_word' id='word_1_14' title='bbox 1274 366 1331 421; x_wconf 86' lang='lat' dir='ltr'><strong>fit</strong></span> <span class='ocrx_word' id='word_1_15' title='bbox 1394 381 1557 421; x_wconf 88' lang='lat' dir='ltr'><strong>omne</strong></span> <span class='ocrx_word' id='word_1_16' title='bbox 1630 365 1775 436; x_wconf 89' lang='lat' dir='ltr'><strong>quod</strong></span> <span class='ocrx_word' id='word_1_17' title='bbox 1841 363 2029 432; x_wconf 86' lang='lat' dir='ltr'><strong>jubeo.</strong></span> <span class='ocrx_word' id='word_1_18' title='bbox 2076 364 2143 417; x_wconf 85' lang='lat' dir='ltr'><strong>Et</strong></span> <span class='ocrx_word' id='word_1_19' title='bbox 2171 374 2213 428; x_wconf 82' lang='grc' dir='ltr'>Α</span> <span class='ocrx_word' id='word_1_20' title='bbox 2243 379 2367 417; x_wconf 91' lang='lat' dir='ltr'><strong>cum</strong></span> <span class='ocrx_word' id='word_1_21' title='bbox 2405 362 2628 417; x_wconf 91' lang='lat' dir='ltr'><strong>essetin</strong></span> <span class='ocrx_word' id='word_1_22' title='bbox 2659 369 2930 431; x_wconf 90' lang='lat' dir='ltr'><strong>potestate</strong></span> <span class='ocrx_word' id='word_1_23' title='bbox 2971 374 3107 423; x_wconf 88' lang='lat' dir='ltr'><strong>mea,</strong></span> <span class='ocrx_word' id='word_1_24' title='bbox 3153 360 3235 415; x_wconf 85' lang='lat' dir='ltr'><strong>vel</strong></span> <span class='ocrx_word' id='word_1_25' title='bbox 3271 364 3466 433; x_wconf 79' lang='lat' dir='ltr'><strong>parvum</strong></span> <span class='ocrx_word' id='word_1_26' title='bbox 3490 382 3599 432; x_wconf 82' lang='lat' dir='ltr'><strong>esse,</strong></span> <span class='ocrx_word' id='word_1_27' title='bbox 3623 378 3682 430; x_wconf 80' lang='lat' dir='ltr'><strong>vel</strong></span> 
     </span>
    </p>
   </div>
   <div class='ocr_carea' id='block_1_5' title="bbox 569 456 2135 539">
    <p class='ocr_par' dir='ltr' id='par_1_5' title="bbox 569 456 2135 539">
     <span class='ocr_line' id='line_1_5' title="bbox 569 456 2135 539; baseline -0.007 -16"><span class='ocrx_word' id='word_1_28' title='bbox 569 482 671 539; x_wconf 84' lang='lat' dir='ltr'><strong>ego</strong></span> <span class='ocrx_word' id='word_1_29' title='bbox 697 487 709 521; x_wconf 93' lang='lat'>:</span> <span class='ocrx_word' id='word_1_30' title='bbox 734 466 924 528; x_wconf 88' lang='lat' dir='ltr'><strong>Estne,</strong></span> <span class='ocrx_word' id='word_1_31' title='bbox 966 463 1210 531; x_wconf 87' lang='lat' dir='ltr'><strong>inquam,</strong></span> <span class='ocrx_word' id='word_1_32' title='bbox 1239 459 1504 531; x_wconf 83' lang='lat' dir='ltr'><strong>possibile</strong></span> <span class='ocrx_word' id='word_1_33' title='bbox 1533 459 1728 512; x_wconf 71' lang='lat' dir='ltr'><strong>animm</strong></span> <span class='ocrx_word' id='word_1_34' title='bbox 1766 457 1882 512; x_wconf 62' lang='lat' dir='ltr'><strong>haec</strong></span> <span class='ocrx_word' id='word_1_35' title='bbox 1914 456 2135 512; x_wconf 84' lang='lat' dir='ltr'><strong>facere?</strong></span> 
     </span>
    </p>
   </div>
   <div class='ocr_carea' id='block_1_6' title="bbox 572 548 2138 626">
    <p class='ocr_par' dir='ltr' id='par_1_6' title="bbox 572 548 2138 626">
     <span class='ocr_line' id='line_1_6' title="bbox 572 548 2138 626; baseline -0.006 -14"><span class='ocrx_word' id='word_1_36' title='bbox 572 558 666 614; x_wconf 89' lang='lat' dir='ltr'><strong>Ille</strong></span> <span class='ocrx_word' id='word_1_37' title='bbox 694 556 974 626; x_wconf 90' lang='lat' dir='ltr'><strong>respondit</strong></span> <span class='ocrx_word' id='word_1_38' title='bbox 1008 573 1021 608; x_wconf 89' lang='lat'><strong>:</strong></span> <span class='ocrx_word' id='word_1_39' title='bbox 1056 551 1169 607; x_wconf 89' lang='lat' dir='ltr'><strong>lloc</strong></span> <span class='ocrx_word' id='word_1_40' title='bbox 1197 566 1296 606; x_wconf 90' lang='lat' dir='ltr'><strong>vos</strong></span> <span class='ocrx_word' id='word_1_41' title='bbox 1335 549 1476 606; x_wconf 91' lang='lat' dir='ltr'><strong>scire</strong></span> <span class='ocrx_word' id='word_1_42' title='bbox 1502 551 1648 613; x_wconf 83' lang='lat' dir='ltr'><strong>volo,</strong></span> <span class='ocrx_word' id='word_1_43' title='bbox 1676 550 1803 619; x_wconf 88' lang='lat' dir='ltr'><strong>quia</strong></span> <span class='ocrx_word' id='word_1_44' title='bbox 1836 548 2138 603; x_wconf 87' lang='lat' dir='ltr'><strong>secundum</strong></span> 
     </span>
    </p>
   </div>
   <div class='ocr_carea' id='block_1_7' title="bbox 574 642 2139 718">
    <p class='ocr_par' dir='ltr' id='par_1_7' title="bbox 574 642 2139 718">
     <span class='ocr_line' id='line_1_7' title="bbox 574 642 2139 718; baseline -0.007 -14"><span class='ocrx_word' id='word_1_45' title='bbox 574 652 752 704; x_wconf 91' lang='lat' dir='ltr'><strong>locum</strong></span> <span class='ocrx_word' id='word_1_46' title='bbox 804 655 926 718; x_wconf 86' lang='lat' dir='ltr'><strong>post</strong></span> <span class='ocrx_word' id='word_1_47' title='bbox 980 645 1150 699; x_wconf 89' lang='lat' dir='ltr'><strong>Deum</strong></span> <span class='ocrx_word' id='word_1_48' title='bbox 1217 644 1427 698; x_wconf 76' lang='lat' dir='ltr'><strong>obtinet</strong></span> <span class='ocrx_word' id='word_1_49' title='bbox 1477 642 1658 696; x_wconf 90' lang='lat' dir='ltr'><strong>anima</strong></span> <span class='ocrx_word' id='word_1_50' title='bbox 1707 642 1966 705; x_wconf 82' lang='lat' dir='ltr'><strong>hominis,</strong></span> <span class='ocrx_word' id='word_1_51' title='bbox 2014 654 2139 695; x_wconf 90' lang='lat' dir='ltr'><strong>cum</strong></span> 
     </span>
    </p>
   </div>
   <div class='ocr_carea' id='block_1_8' title="bbox 573 732 2143 806">
    <p class='ocr_par' dir='ltr' id='par_1_8' title="bbox 573 732 2143 806">
     <span class='ocr_line' id='line_1_8' title="bbox 573 732 2143 806; baseline -0.006 -10"><span class='ocrx_word' id='word_1_52' title='bbox 573 750 736 797; x_wconf 77' lang='lat' dir='ltr'><strong>exuta</strong></span> <span class='ocrx_word' id='word_1_53' title='bbox 768 739 933 794; x_wconf 88' lang='lat' dir='ltr'><strong>fuerit</strong></span> <span class='ocrx_word' id='word_1_54' title='bbox 962 752 991 791; x_wconf 88' lang='lat' dir='ltr'><strong>a</strong></span> <span class='ocrx_word' id='word_1_55' title='bbox 1018 736 1267 806; x_wconf 86' lang='lat' dir='ltr'><strong>corporis</strong></span> <span class='ocrx_word' id='word_1_56' title='bbox 1309 735 1395 789; x_wconf 90' lang='lat' dir='ltr'><strong>sui</strong></span> <span class='ocrx_word' id='word_1_57' title='bbox 1446 734 1710 789; x_wconf 80' lang='lat' dir='ltr'><strong>tenebris.</strong></span> <span class='ocrx_word' id='word_1_58' title='bbox 1752 732 1949 787; x_wconf 85' lang='lat' dir='ltr'><strong>Statim</strong></span> <span class='ocrx_word' id='word_1_59' title='bbox 1987 732 2143 787; x_wconf 84' lang='lat' dir='ltr'><strong>deui-</strong></span> 
     </span>
    </p>
   </div>
   <div class='ocr_carea' id='block_1_9' title="bbox 573 825 2145 902">
    <p class='ocr_par' dir='ltr' id='par_1_9' title="bbox 573 825 2145 902">
     <span class='ocr_line' id='line_1_9' title="bbox 573 825 2145 902; baseline -0.004 -18"><span class='ocrx_word' id='word_1_60' title='bbox 573 848 678 902; x_wconf 86' lang='lat' dir='ltr'><strong>que</strong></span> <span class='ocrx_word' id='word_1_61' title='bbox 706 840 758 885; x_wconf 92' lang='lat' dir='ltr'><strong>et</strong></span> <span class='ocrx_word' id='word_1_62' title='bbox 789 829 1186 901; x_wconf 70' lang='lat' dir='ltr'><strong>pmscientiam</strong></span> <span class='ocrx_word' id='word_1_63' title='bbox 1213 827 1394 888; x_wconf 88' lang='lat' dir='ltr'><strong>habet,</strong></span> <span class='ocrx_word' id='word_1_64' title='bbox 1441 834 1662 895; x_wconf 83' lang='lat' dir='ltr'><strong>propter</strong></span> <span class='ocrx_word' id='word_1_65' title='bbox 1691 825 1836 895; x_wconf 91' lang='lat' dir='ltr'><strong>quod</strong></span> <span class='ocrx_word' id='word_1_66' title='bbox 1884 832 2145 881; x_wconf 89' lang='lat' dir='ltr'><strong>evocatur</strong></span> 
     </span>
    </p>
   </div>
   <div class='ocr_carea' id='block_1_10' title="bbox 573 916 2141 989">
    <p class='ocr_par' dir='ltr' id='par_1_10' title="bbox 573 916 2141 989">
     <span class='ocr_line' id='line_1_10' title="bbox 573 916 2141 989; baseline -0.004 -12"><span class='ocrx_word' id='word_1_67' title='bbox 573 924 641 978; x_wconf 81' lang='lat' dir='ltr'><strong>ad</strong></span> <span class='ocrx_word' id='word_1_68' title='bbox 673 922 1125 979; x_wconf 90' lang='lat' dir='ltr'><strong>necromantiam.</strong></span> <span class='ocrx_word' id='word_1_69' title='bbox 1153 919 1221 974; x_wconf 87' lang='lat' dir='ltr'><strong>Et</strong></span> <span class='ocrx_word' id='word_1_70' title='bbox 1260 935 1359 989; x_wconf 86' lang='lat' dir='ltr'><strong>ego</strong></span> <span class='ocrx_word' id='word_1_71' title='bbox 1396 919 1652 987; x_wconf 84' lang='lat' dir='ltr'><strong>respondi</strong></span> <span class='ocrx_word' id='word_1_72' title='bbox 1686 936 1700 972; x_wconf 90' lang='lat'>:</span> <span class='ocrx_word' id='word_1_73' title='bbox 1733 916 1847 972; x_wconf 85' lang='lat' dir='ltr'><strong>Cur</strong></span> <span class='ocrx_word' id='word_1_74' title='bbox 1880 932 2010 988; x_wconf 91' lang='lat' dir='ltr'><strong>ergo</strong></span> <span class='ocrx_word' id='word_1_75' title='bbox 2052 917 2141 971; x_wconf 34' lang='lat' dir='ltr'><strong>ins</strong></span> 
     </span>
    </p>
   </div>
   <div class='ocr_carea' id='block_1_11' title="bbox 576 1008 2144 1069">
    <p class='ocr_par' dir='ltr' id='par_1_11' title="bbox 576 1008 2144 1069">
     <span class='ocr_line' id='line_1_11' title="bbox 576 1008 2144 1069; baseline -0.003 -2"><span class='ocrx_word' id='word_1_76' title='bbox 576 1013 924 1069; x_wconf 85' lang='lat' dir='ltr'><strong>terfectorum</strong></span> <span class='ocrx_word' id='word_1_77' title='bbox 970 1012 1165 1065; x_wconf 64' lang='lat' dir='ltr'><strong>animae</strong></span> <span class='ocrx_word' id='word_1_78' title='bbox 1205 1026 1316 1065; x_wconf 89' lang='lat' dir='ltr'><strong>non</strong></span> <span class='ocrx_word' id='word_1_79' title='bbox 1367 1010 1715 1064; x_wconf 89' lang='lat' dir='ltr'><strong>ulciscuntur</strong></span> <span class='ocrx_word' id='word_1_80' title='bbox 1762 1008 2144 1064; x_wconf 82' lang='lat' dir='ltr'><strong>interfectores</strong></span> 
     </span>
    </p>
   </div>
   <div class='ocr_carea' id='block_1_12' title="bbox 574 1103 2138 1176">
    <p class='ocr_par' dir='ltr' id='par_1_12' title="bbox 574 1103 2138 1176">
     <span class='ocr_line' id='line_1_12' title="bbox 574 1103 2138 1176; baseline -0.003 -16"><span class='ocrx_word' id='word_1_81' title='bbox 574 1121 704 1161; x_wconf 82' lang='lat' dir='ltr'><strong>suos</strong></span> <span class='ocrx_word' id='word_1_82' title='bbox 725 1104 876 1176; x_wconf 86' lang='lat'><strong>(68)?</strong></span> <span class='ocrx_word' id='word_1_83' title='bbox 894 1104 963 1157; x_wconf 85' lang='lat' dir='ltr'><strong>At</strong></span> <span class='ocrx_word' id='word_1_84' title='bbox 986 1105 1105 1159; x_wconf 89' lang='lat' dir='ltr'><strong>ille:</strong></span> <span class='ocrx_word' id='word_1_85' title='bbox 1130 1103 1247 1157; x_wconf 88' lang='lat' dir='ltr'><strong>Non</strong></span> <span class='ocrx_word' id='word_1_86' title='bbox 1266 1103 1583 1168; x_wconf 84' lang='lat' dir='ltr'><strong>meministi,</strong></span> <span class='ocrx_word' id='word_1_87' title='bbox 1606 1103 1801 1172; x_wconf 86' lang='lat' dir='ltr'><strong>inquit,</strong></span> <span class='ocrx_word' id='word_1_88' title='bbox 1825 1103 1971 1173; x_wconf 89' lang='lat' dir='ltr'><strong>quod</strong></span> <span class='ocrx_word' id='word_1_89' title='bbox 2005 1103 2138 1166; x_wconf 85' lang='lat' dir='ltr'><strong>dixi,</strong></span> 
     </span>
    </p>
   </div>
   <div class='ocr_carea' id='block_1_13' title="bbox 576 1194 2143 1268">
    <p class='ocr_par' dir='ltr' id='par_1_13' title="bbox 576 1194 2143 1268">
     <span class='ocr_line' id='line_1_13' title="bbox 576 1194 2143 1268; baseline -0.003 -17"><span class='ocrx_word' id='word_1_90' title='bbox 576 1199 703 1268; x_wconf 89' lang='lat' dir='ltr'><strong>quia</strong></span> <span class='ocrx_word' id='word_1_91' title='bbox 732 1213 856 1251; x_wconf 90' lang='lat' dir='ltr'><strong>cum</strong></span> <span class='ocrx_word' id='word_1_92' title='bbox 890 1196 1085 1251; x_wconf 79' lang='lat' dir='ltr'><strong>exierit</strong></span> <span class='ocrx_word' id='word_1_93' title='bbox 1115 1196 1181 1250; x_wconf 91' lang='lat' dir='ltr'><strong>de</strong></span> <span class='ocrx_word' id='word_1_94' title='bbox 1220 1210 1470 1264; x_wconf 89' lang='lat' dir='ltr'><strong>corpore,</strong></span> <span class='ocrx_word' id='word_1_95' title='bbox 1530 1196 1692 1250; x_wconf 88' lang='lat' dir='ltr'><strong>etiam</strong></span> <span class='ocrx_word' id='word_1_96' title='bbox 1741 1194 2143 1266; x_wconf 62' lang='lat' dir='ltr'><strong>praescientiam</strong></span> 
     </span>
    </p>
   </div>
   <div class='ocr_carea' id='block_1_14' title="bbox 576 1286 2142 1359">
    <p class='ocr_par' dir='ltr' id='par_1_14' title="bbox 576 1286 2142 1359">
     <span class='ocr_line' id='line_1_14' title="bbox 576 1286 2142 1359; baseline -0.007 -11"><span class='ocrx_word' id='word_1_97' title='bbox 576 1294 777 1348; x_wconf 83' lang='lat' dir='ltr'><strong>habet?</strong></span> <span class='ocrx_word' id='word_1_98' title='bbox 801 1290 1019 1345; x_wconf 80' lang='lat' dir='ltr'><strong>Memini</strong></span> <span class='ocrx_word' id='word_1_99' title='bbox 1054 1290 1299 1359; x_wconf 89' lang='lat' dir='ltr'><strong>inquam.</strong></span> <span class='ocrx_word' id='word_1_100' title='bbox 1342 1286 1422 1342; x_wconf 91' lang='lat' dir='ltr'><strong>0b</strong></span> <span class='ocrx_word' id='word_1_101' title='bbox 1451 1288 1553 1341; x_wconf 89' lang='lat' dir='ltr'><strong>hoc</strong></span> <span class='ocrx_word' id='word_1_102' title='bbox 1598 1299 1749 1357; x_wconf 88' lang='lat' dir='ltr'><strong>ergo,</strong></span> <span class='ocrx_word' id='word_1_103' title='bbox 1785 1286 1985 1356; x_wconf 89' lang='lat' dir='ltr'><strong>inquit,</strong></span> <span class='ocrx_word' id='word_1_104' title='bbox 2017 1298 2142 1338; x_wconf 91' lang='lat' dir='ltr'><strong>cum</strong></span> 
     </span>
    </p>
   </div>
   <div class='ocr_carea' id='block_1_15' title="bbox 577 1378 2146 1450">
    <p class='ocr_par' dir='ltr' id='par_1_15' title="bbox 577 1378 2146 1450">
     <span class='ocr_line' id='line_1_15' title="bbox 577 1378 2146 1450; baseline -0.006 -10"><span class='ocrx_word' id='word_1_105' title='bbox 577 1383 791 1440; x_wconf 81' lang='lat' dir='ltr'><strong>excedit</strong></span> <span class='ocrx_word' id='word_1_106' title='bbox 821 1396 1128 1450; x_wconf 85' lang='lat' dir='ltr'><strong>ecorpore,</strong></span> <span class='ocrx_word' id='word_1_107' title='bbox 1173 1380 1359 1436; x_wconf 87' lang='lat' dir='ltr'><strong>statim</strong></span> <span class='ocrx_word' id='word_1_108' title='bbox 1395 1379 1689 1449; x_wconf 80' lang='lat' dir='ltr'><strong>praenoscit</strong></span> <span class='ocrx_word' id='word_1_109' title='bbox 1734 1378 1980 1432; x_wconf 86' lang='lat' dir='ltr'><strong>futurum</strong></span> <span class='ocrx_word' id='word_1_110' title='bbox 2023 1392 2146 1431; x_wconf 89' lang='lat' dir='ltr'><strong>esse</strong></span> 
     </span>
    </p>
   </div>
   <div class='ocr_carea' id='block_1_16' title="bbox 574 1470 2147 1547">
    <p class='ocr_par' dir='ltr' id='par_1_16' title="bbox 574 1470 2147 1547">
     <span class='ocr_line' id='line_1_16' title="bbox 574 1470 2147 1547; baseline -0.007 -15"><span class='ocrx_word' id='word_1_111' title='bbox 574 1477 865 1547; x_wconf 74' lang='lat' dir='ltr'><strong>judicium.</strong></span> <span class='ocrx_word' id='word_1_112' title='bbox 899 1482 949 1530; x_wconf 87' lang='lat' dir='ltr'><strong>et</strong></span> <span class='ocrx_word' id='word_1_113' title='bbox 982 1487 1427 1543; x_wconf 90' lang='lat' dir='ltr'><strong>unumquemque</strong></span> <span class='ocrx_word' id='word_1_114' title='bbox 1452 1486 1553 1542; x_wconf 91' lang='lat' dir='ltr'><strong>pro</strong></span> <span class='ocrx_word' id='word_1_115' title='bbox 1589 1471 1675 1526; x_wconf 86' lang='lat' dir='ltr'><strong>his</strong></span> <span class='ocrx_word' id='word_1_116' title='bbox 1706 1487 1827 1540; x_wconf 66' lang='lat' dir='ltr'><strong>qua:</strong></span> <span class='ocrx_word' id='word_1_117' title='bbox 1856 1471 1945 1525; x_wconf 90' lang='lat' dir='ltr'><strong>hic</strong></span> <span class='ocrx_word' id='word_1_118' title='bbox 1975 1470 2147 1541; x_wconf 88' lang='lat' dir='ltr'><strong>egerit</strong></span> 
     </span>
    </p>
   </div>
   <div class='ocr_carea' id='block_1_17' title="bbox 581 1559 2147 1635">
    <p class='ocr_par' dir='ltr' id='par_1_17' title="bbox 581 1559 2147 1635">
     <span class='ocr_line' id='line_1_17' title="bbox 581 1559 2147 1635; baseline -0.006 -14"><span class='ocrx_word' id='word_1_119' title='bbox 581 1568 738 1622; x_wconf 88' lang='lat' dir='ltr'><strong>malis</strong></span> <span class='ocrx_word' id='word_1_120' title='bbox 766 1580 957 1635; x_wconf 67' lang='lat' dir='ltr'><strong>pinnas</strong></span> <span class='ocrx_word' id='word_1_121' title='bbox 987 1565 1264 1625; x_wconf 89' lang='lat' dir='ltr'><strong>daturum,</strong></span> <span class='ocrx_word' id='word_1_122' title='bbox 1294 1571 1348 1615; x_wconf 91' lang='lat' dir='ltr'><strong>et</strong></span> <span class='ocrx_word' id='word_1_123' title='bbox 1376 1560 1497 1615; x_wconf 89' lang='lat' dir='ltr'><strong>ideo</strong></span> <span class='ocrx_word' id='word_1_124' title='bbox 1524 1560 1719 1613; x_wconf 92' lang='lat' dir='ltr'><strong>nolunt</strong></span> <span class='ocrx_word' id='word_1_125' title='bbox 1753 1559 1949 1614; x_wconf 88' lang='lat' dir='ltr'><strong>ulcisci</strong></span> <span class='ocrx_word' id='word_1_126' title='bbox 1975 1559 2147 1613; x_wconf 84' lang='lat' dir='ltr'><strong>inter-</strong></span> 
     </span>
    </p>
   </div>
   <div class='ocr_carea' id='block_1_18' title="bbox 581 1650 2146 1725">
    <p class='ocr_par' dir='ltr' id='par_1_18' title="bbox 581 1650 2146 1725">
     <span class='ocr_line' id='line_1_18' title="bbox 581 1650 2146 1725; baseline -0.008 -10"><span class='ocrx_word' id='word_1_127' title='bbox 581 1660 816 1715; x_wconf 84' lang='lat' dir='ltr'><strong>fectores</strong></span> <span class='ocrx_word' id='word_1_128' title='bbox 846 1672 996 1721; x_wconf 92' lang='lat' dir='ltr'><strong>suos,</strong></span> <span class='ocrx_word' id='word_1_129' title='bbox 1028 1656 1157 1725; x_wconf 89' lang='lat' dir='ltr'><strong>quia</strong></span> <span class='ocrx_word' id='word_1_130' title='bbox 1185 1664 1239 1709; x_wconf 86' lang='lat' dir='ltr'><strong>et</strong></span> <span class='ocrx_word' id='word_1_131' title='bbox 1270 1654 1400 1723; x_wconf 74' lang='lat' dir='ltr'><strong>ipsae</strong></span> <span class='ocrx_word' id='word_1_132' title='bbox 1440 1667 1538 1722; x_wconf 84' lang='lat' dir='ltr'><strong>pro</strong></span> <span class='ocrx_word' id='word_1_133' title='bbox 1570 1652 1685 1706; x_wconf 88' lang='lat' dir='ltr'><strong>suis</strong></span> <span class='ocrx_word' id='word_1_134' title='bbox 1720 1652 1878 1707; x_wconf 89' lang='lat' dir='ltr'><strong>malis</strong></span> <span class='ocrx_word' id='word_1_135' title='bbox 1906 1666 2027 1721; x_wconf 69' lang='lat' dir='ltr'><strong>qua:</strong></span> <span class='ocrx_word' id='word_1_136' title='bbox 2054 1650 2146 1704; x_wconf 86' lang='lat' dir='ltr'><strong>hic</strong></span> 
     </span>
    </p>
   </div>
   <div class='ocr_carea' id='block_1_19' title="bbox 2238 450 3683 528">
    <p class='ocr_par' dir='ltr' id='par_1_19' title="bbox 2238 450 3683 528">
     <span class='ocr_line' id='line_1_19' title="bbox 2238 450 3683 528; baseline 0.004 -22"><span class='ocrx_word' id='word_1_137' title='bbox 2238 470 2520 525; x_wconf 86' lang='lat' dir='ltr'><strong>magnum,</strong></span> <span class='ocrx_word' id='word_1_138' title='bbox 2578 461 2632 508; x_wconf 91' lang='lat' dir='ltr'><strong>et</strong></span> <span class='ocrx_word' id='word_1_139' title='bbox 2691 452 2966 507; x_wconf 88' lang='lat' dir='ltr'><strong>hominem</strong></span> <span class='ocrx_word' id='word_1_140' title='bbox 3012 450 3150 505; x_wconf 87' lang='lat' dir='ltr'><strong>inter</strong></span> <span class='ocrx_word' id='word_1_141' title='bbox 3211 452 3432 510; x_wconf 87' lang='lat' dir='ltr'><strong>homines</strong></span> <span class='ocrx_word' id='word_1_142' title='bbox 3476 471 3683 528; x_wconf 78' lang='lat' dir='ltr'><strong>apparere,</strong></span> 
     </span>
    </p>
   </div>
   <div class='ocr_carea' id='block_1_20' title="bbox 2240 544 3685 620">
    <p class='ocr_par' dir='ltr' id='par_1_20' title="bbox 2240 544 3685 620">
     <span class='ocr_line' id='line_1_20' title="bbox 2240 544 3685 620; baseline 0.006 -20"><span class='ocrx_word' id='word_1_143' title='bbox 2240 544 2508 603; x_wconf 87' lang='lat' dir='ltr'><strong>Tentaudi</strong></span> <span class='ocrx_word' id='word_1_144' title='bbox 2537 562 2669 616; x_wconf 83' lang='lat' dir='ltr'><strong>ergo</strong></span> <span class='ocrx_word' id='word_1_145' title='bbox 2693 545 2869 615; x_wconf 87' lang='lat' dir='ltr'><strong>gratia</strong></span> <span class='ocrx_word' id='word_1_146' title='bbox 2898 560 2997 598; x_wconf 91' lang='lat' dir='ltr'><strong>vos</strong></span> <span class='ocrx_word' id='word_1_147' title='bbox 3027 544 3227 613; x_wconf 90' lang='lat' dir='ltr'><strong>primos</strong></span> <span class='ocrx_word' id='word_1_148' title='bbox 3261 551 3496 617; x_wconf 87' lang='lat' dir='ltr'><strong>assumpsi</strong></span> <span class='ocrx_word' id='word_1_149' title='bbox 3521 557 3685 620; x_wconf 86' lang='lat' dir='ltr'><strong>amicos,</strong></span> 
     </span>
    </p>
   </div>
   <div class='ocr_carea' id='block_1_21' title="bbox 2239 636 3687 714">
    <p class='ocr_par' dir='ltr' id='par_1_21' title="bbox 2239 636 3687 714">
     <span class='ocr_line' id='line_1_21' title="bbox 2239 636 3687 714; baseline 0.003 -21"><span class='ocrx_word' id='word_1_150' title='bbox 2239 645 2301 693; x_wconf 89' lang='lat' dir='ltr'><strong>ut</strong></span> <span class='ocrx_word' id='word_1_151' title='bbox 2330 638 2384 692; x_wconf 92' lang='lat' dir='ltr'><strong>in</strong></span> <span class='ocrx_word' id='word_1_152' title='bbox 2431 638 2748 693; x_wconf 71' lang='lat' dir='ltr'><strong>cwlestibus</strong></span> <span class='ocrx_word' id='word_1_153' title='bbox 2776 645 2829 692; x_wconf 91' lang='lat' dir='ltr'><strong>et</strong></span> <span class='ocrx_word' id='word_1_154' title='bbox 2866 636 3225 692; x_wconf 77' lang='lat' dir='ltr'><strong>incﬂ&#39;abilibus</strong></span> <span class='ocrx_word' id='word_1_155' title='bbox 3251 638 3372 694; x_wconf 90' lang='lat' dir='ltr'><strong>locis</strong></span> <span class='ocrx_word' id='word_1_156' title='bbox 3407 642 3521 697; x_wconf 87' lang='lat' dir='ltr'><strong>meis</strong></span> <span class='ocrx_word' id='word_1_157' title='bbox 3542 647 3687 714; x_wconf 81' lang='lat' dir='ltr'><strong>primos</strong></span> 
     </span>
    </p>
   </div>
   <div class='ocr_carea' id='block_1_22' title="bbox 2240 726 3688 803">
    <p class='ocr_par' dir='ltr' id='par_1_22' title="bbox 2240 726 3688 803">
     <span class='ocr_line' id='line_1_22' title="bbox 2240 726 3688 803; baseline 0.001 -22"><span class='ocrx_word' id='word_1_158' title='bbox 2240 741 2338 782; x_wconf 89' lang='lat' dir='ltr'><strong>vos</strong></span> <span class='ocrx_word' id='word_1_159' title='bbox 2386 729 2669 790; x_wconf 89' lang='lat' dir='ltr'><strong>collocem,</strong></span> <span class='ocrx_word' id='word_1_160' title='bbox 2721 742 2847 781; x_wconf 89' lang='lat' dir='ltr'><strong>cum</strong></span> <span class='ocrx_word' id='word_1_161' title='bbox 2896 726 3211 796; x_wconf 76' lang='lat' dir='ltr'><strong>probavero.</strong></span> <span class='ocrx_word' id='word_1_162' title='bbox 3249 726 3469 782; x_wconf 84' lang='lat' dir='ltr'><strong>Humana</strong></span> <span class='ocrx_word' id='word_1_163' title='bbox 3511 748 3611 803; x_wconf 81' lang='lat' dir='ltr'><strong>ergo</strong></span> <span class='ocrx_word' id='word_1_164' title='bbox 3644 738 3688 790; x_wconf 79' lang='lat' dir='ltr'><strong>de</strong></span> 
     </span>
    </p>
   </div>
   <div class='ocr_carea' id='block_1_23' title="bbox 2241 820 3690 895">
    <p class='ocr_par' dir='ltr' id='par_1_23' title="bbox 2241 820 3690 895">
     <span class='ocr_line' id='line_1_23' title="bbox 2241 820 3690 895; baseline 0.006 -22"><span class='ocrx_word' id='word_1_165' title='bbox 2241 820 2452 890; x_wconf 89' lang='lat' dir='ltr'><strong>meipso</strong></span> <span class='ocrx_word' id='word_1_166' title='bbox 2481 821 2741 875; x_wconf 87' lang='lat' dir='ltr'><strong>mentitus</strong></span> <span class='ocrx_word' id='word_1_167' title='bbox 2774 835 2919 883; x_wconf 88' lang='lat' dir='ltr'><strong>sum,</strong></span> <span class='ocrx_word' id='word_1_168' title='bbox 2946 828 3003 872; x_wconf 90' lang='lat' dir='ltr'><strong>ut</strong></span> <span class='ocrx_word' id='word_1_169' title='bbox 3032 834 3126 874; x_wconf 85' lang='lat' dir='ltr'><strong>vos</strong></span> <span class='ocrx_word' id='word_1_170' title='bbox 3157 820 3469 877; x_wconf 85' lang='lat' dir='ltr'><strong>manifestius</strong></span> <span class='ocrx_word' id='word_1_171' title='bbox 3506 839 3690 895; x_wconf 83' lang='lat' dir='ltr'><strong>compro-</strong></span> 
     </span>
    </p>
   </div>
   <div class='ocr_carea' id='block_1_24' title="bbox 2239 911 3691 987">
    <p class='ocr_par' dir='ltr' id='par_1_24' title="bbox 2239 911 3691 987">
     <span class='ocr_line' id='line_1_24' title="bbox 2239 911 3691 987; baseline 0.003 -21"><span class='ocrx_word' id='word_1_172' title='bbox 2239 911 2449 977; x_wconf 88' lang='lat' dir='ltr'><strong>barem,</strong></span> <span class='ocrx_word' id='word_1_173' title='bbox 2481 913 2526 968; x_wconf 93' lang='lat' dir='ltr'><strong>si</strong></span> <span class='ocrx_word' id='word_1_174' title='bbox 2558 912 2829 984; x_wconf 88' lang='lat' dir='ltr'><strong>integrum</strong></span> <span class='ocrx_word' id='word_1_175' title='bbox 2855 926 2981 982; x_wconf 86' lang='lat' dir='ltr'><strong>erga</strong></span> <span class='ocrx_word' id='word_1_176' title='bbox 3013 926 3097 964; x_wconf 85' lang='lat' dir='ltr'><strong>me</strong></span> <span class='ocrx_word' id='word_1_177' title='bbox 3124 913 3346 966; x_wconf 81' lang='lat' dir='ltr'><strong>servatis</strong></span> <span class='ocrx_word' id='word_1_178' title='bbox 3365 913 3591 970; x_wconf 83' lang='lat' dir='ltr'><strong>affectum.</strong></span> <span class='ocrx_word' id='word_1_179' title='bbox 3617 916 3691 987; x_wconf 78' lang='lat' dir='ltr'><strong>Ego</strong></span> 
     </span>
    </p>
   </div>
   <div class='ocr_carea' id='block_1_25' title="bbox 2241 1003 3691 1075">
    <p class='ocr_par' dir='ltr' id='par_1_25' title="bbox 2241 1003 3691 1075">
     <span class='ocr_line' id='line_1_25' title="bbox 2241 1003 3691 1075; baseline 0.004 -18"><span class='ocrx_word' id='word_1_180' title='bbox 2241 1017 2369 1059; x_wconf 86' lang='lat' dir='ltr'><strong>vero</strong></span> <span class='ocrx_word' id='word_1_181' title='bbox 2389 1006 2503 1059; x_wconf 61' lang='lat' dir='ltr'><strong>haec</strong></span> <span class='ocrx_word' id='word_1_182' title='bbox 2527 1005 2776 1067; x_wconf 90' lang='lat' dir='ltr'><strong>audiens,</strong></span> <span class='ocrx_word' id='word_1_183' title='bbox 2798 1005 2978 1075; x_wconf 90' lang='lat' dir='ltr'><strong>ipsum</strong></span> <span class='ocrx_word' id='word_1_184' title='bbox 3001 1003 3217 1074; x_wconf 88' lang='lat' dir='ltr'><strong>quidem</strong></span> <span class='ocrx_word' id='word_1_185' title='bbox 3248 1005 3476 1059; x_wconf 84' lang='lat' dir='ltr'><strong>miserum</strong></span> <span class='ocrx_word' id='word_1_186' title='bbox 3493 1006 3691 1074; x_wconf 75' lang='lat' dir='ltr'><strong>judicans,</strong></span> 
     </span>
    </p>
   </div>
   <div class='ocr_carea' id='block_1_26' title="bbox 2244 1095 3695 1168">
    <p class='ocr_par' dir='ltr' id='par_1_26' title="bbox 2244 1095 3695 1168">
     <span class='ocr_line' id='line_1_26' title="bbox 2244 1095 3695 1168; baseline -0.001 -16"><span class='ocrx_word' id='word_1_187' title='bbox 2244 1097 2633 1168; x_wconf 86' lang='lat' dir='ltr'><strong>impudentiam</strong></span> <span class='ocrx_word' id='word_1_188' title='bbox 2659 1106 2840 1152; x_wconf 92' lang='lat' dir='ltr'><strong>tamen</strong></span> <span class='ocrx_word' id='word_1_189' title='bbox 2873 1096 2994 1166; x_wconf 86' lang='lat' dir='ltr'><strong>ejus</strong></span> <span class='ocrx_word' id='word_1_190' title='bbox 3030 1095 3321 1158; x_wconf 88' lang='lat' dir='ltr'><strong>admirans,</strong></span> <span class='ocrx_word' id='word_1_191' title='bbox 3345 1105 3394 1151; x_wconf 86' lang='lat' dir='ltr'><strong>et</strong></span> <span class='ocrx_word' id='word_1_192' title='bbox 3434 1113 3515 1166; x_wconf 88' lang='lat' dir='ltr'><strong>pro</strong></span> <span class='ocrx_word' id='word_1_193' title='bbox 3538 1114 3587 1151; x_wconf 85' lang='lat' dir='ltr'><strong>co</strong></span> <span class='ocrx_word' id='word_1_194' title='bbox 3616 1101 3695 1168; x_wconf 70' lang='lat' dir='ltr'><strong>ipse</strong></span> 
     </span>
    </p>
   </div>
   <div class='ocr_carea' id='block_1_27' title="bbox 2242 1188 3698 1259">
    <p class='ocr_par' dir='ltr' id='par_1_27' title="bbox 2242 1188 3698 1259">
     <span class='ocr_line' id='line_1_27' title="bbox 2242 1188 3698 1259; baseline -0.001 -13"><span class='ocrx_word' id='word_1_195' title='bbox 2242 1193 2593 1253; x_wconf 86' lang='lat' dir='ltr'><strong>erubescens,</strong></span> <span class='ocrx_word' id='word_1_196' title='bbox 2630 1190 2794 1244; x_wconf 89' lang='lat' dir='ltr'><strong>simul</strong></span> <span class='ocrx_word' id='word_1_197' title='bbox 2835 1197 2889 1243; x_wconf 92' lang='lat' dir='ltr'><strong>et</strong></span> <span class='ocrx_word' id='word_1_198' title='bbox 2930 1188 3139 1243; x_wconf 89' lang='lat' dir='ltr'><strong>veritus</strong></span> <span class='ocrx_word' id='word_1_199' title='bbox 3161 1204 3227 1243; x_wconf 91' lang='lat' dir='ltr'><strong>ne</strong></span> <span class='ocrx_word' id='word_1_200' title='bbox 3253 1188 3372 1259; x_wconf 89' lang='lat' dir='ltr'><strong>quid</strong></span> <span class='ocrx_word' id='word_1_201' title='bbox 3414 1189 3461 1242; x_wconf 90' lang='lat' dir='ltr'><strong>in</strong></span> <span class='ocrx_word' id='word_1_202' title='bbox 3488 1206 3568 1243; x_wconf 89' lang='lat' dir='ltr'><strong>nos</strong></span> <span class='ocrx_word' id='word_1_203' title='bbox 3588 1193 3698 1244; x_wconf 56' lang='lat' dir='ltr'><strong>moli.</strong></span> 
     </span>
    </p>
   </div>
   <div class='ocr_carea' id='block_1_28' title="bbox 2243 1283 3697 1355">
    <p class='ocr_par' dir='ltr' id='par_1_28' title="bbox 2243 1283 3697 1355">
     <span class='ocr_line' id='line_1_28' title="bbox 2243 1283 3697 1355; baseline -0.001 -16"><span class='ocrx_word' id='word_1_204' title='bbox 2243 1293 2395 1339; x_wconf 84' lang='lat' dir='ltr'><strong>retur</strong></span> <span class='ocrx_word' id='word_1_205' title='bbox 2411 1284 2558 1347; x_wconf 87' lang='lat' dir='ltr'><strong>mali,</strong></span> <span class='ocrx_word' id='word_1_206' title='bbox 2577 1285 2746 1338; x_wconf 90' lang='lat' dir='ltr'><strong>innuo</strong></span> <span class='ocrx_word' id='word_1_207' title='bbox 2761 1283 2980 1342; x_wconf 75' lang='lat' dir='ltr'><strong>Nicctae.</strong></span> <span class='ocrx_word' id='word_1_208' title='bbox 2998 1284 3268 1355; x_wconf 87' lang='lat' dir='ltr'><strong>paulisper</strong></span> <span class='ocrx_word' id='word_1_209' title='bbox 3283 1298 3380 1336; x_wconf 84' lang='lat' dir='ltr'><strong>una</strong></span> <span class='ocrx_word' id='word_1_210' title='bbox 3395 1299 3568 1337; x_wconf 85' lang='lat' dir='ltr'><strong>mecum</strong></span> <span class='ocrx_word' id='word_1_211' title='bbox 3581 1287 3697 1338; x_wconf 83' lang='lat' dir='ltr'><strong>simu-</strong></span> 
     </span>
    </p>
   </div>
   <div class='ocr_carea' id='block_1_29' title="bbox 2244 1375 3698 1445">
    <p class='ocr_par' dir='ltr' id='par_1_29' title="bbox 2244 1375 3698 1445">
     <span class='ocr_line' id='line_1_29' title="bbox 2244 1375 3698 1445; baseline 0.001 -15"><span class='ocrx_word' id='word_1_212' title='bbox 2244 1377 2378 1438; x_wconf 85' lang='lat' dir='ltr'><strong>lare,</strong></span> <span class='ocrx_word' id='word_1_213' title='bbox 2397 1384 2451 1431; x_wconf 93' lang='lat' dir='ltr'><strong>et</strong></span> <span class='ocrx_word' id='word_1_214' title='bbox 2479 1376 2565 1429; x_wconf 92' lang='lat' dir='ltr'><strong>aio</strong></span> <span class='ocrx_word' id='word_1_215' title='bbox 2583 1376 2647 1429; x_wconf 89' lang='lat' dir='ltr'><strong>ad</strong></span> <span class='ocrx_word' id='word_1_216' title='bbox 2683 1390 2805 1429; x_wconf 90' lang='lat' dir='ltr'><strong>eum</strong></span> <span class='ocrx_word' id='word_1_217' title='bbox 2828 1395 2841 1429; x_wconf 89' lang='lat'><strong>:</strong></span> <span class='ocrx_word' id='word_1_218' title='bbox 2862 1375 2978 1429; x_wconf 78' lang='lat' dir='ltr'><strong>Non</strong></span> <span class='ocrx_word' id='word_1_219' title='bbox 3000 1375 3159 1429; x_wconf 88' lang='lat' dir='ltr'><strong>nobis</strong></span> <span class='ocrx_word' id='word_1_220' title='bbox 3184 1376 3458 1445; x_wconf 84' lang='lat' dir='ltr'><strong>indigneris</strong></span> <span class='ocrx_word' id='word_1_221' title='bbox 3474 1376 3698 1431; x_wconf 83' lang='lat' dir='ltr'><strong>hominibus</strong></span> 
     </span>
    </p>
   </div>
   <div class='ocr_carea' id='block_1_30' title="bbox 2244 1464 3700 1539">
    <p class='ocr_par' dir='ltr' id='par_1_30' title="bbox 2244 1464 3700 1539">
     <span class='ocr_line' id='line_1_30' title="bbox 2244 1464 3700 1539; baseline -0.003 -15"><span class='ocrx_word' id='word_1_222' title='bbox 2244 1469 2710 1539; x_wconf 87' lang='lat' dir='ltr'><strong>corruptibilibus,</strong></span> <span class='ocrx_word' id='word_1_223' title='bbox 2751 1464 3183 1538; x_wconf 89' lang='lat' dir='ltr'><strong>incorruptibilis</strong></span> <span class='ocrx_word' id='word_1_224' title='bbox 3239 1467 3401 1534; x_wconf 89' lang='lat' dir='ltr'><strong>Deus;</strong></span> <span class='ocrx_word' id='word_1_225' title='bbox 3432 1468 3513 1522; x_wconf 86' lang='lat' dir='ltr'><strong>sed</strong></span> <span class='ocrx_word' id='word_1_226' title='bbox 3549 1470 3700 1538; x_wconf 79' lang='lat' dir='ltr'><strong>suscipe</strong></span> 
     </span>
    </p>
   </div>
   <div class='ocr_carea' id='block_1_31' title="bbox 2246 1561 3700 1632">
    <p class='ocr_par' dir='ltr' id='par_1_31' title="bbox 2246 1561 3700 1632">
     <span class='ocr_line' id='line_1_31' title="bbox 2246 1561 3700 1632; baseline 0.001 -17"><span class='ocrx_word' id='word_1_227' title='bbox 2246 1562 2419 1632; x_wconf 84' lang='lat' dir='ltr'><strong>magis</strong></span> <span class='ocrx_word' id='word_1_228' title='bbox 2450 1561 2703 1616; x_wconf 70' lang='lat' dir='ltr'><strong>allectum</strong></span> <span class='ocrx_word' id='word_1_229' title='bbox 2737 1569 3009 1623; x_wconf 88' lang='lat' dir='ltr'><strong>nostrum,</strong></span> <span class='ocrx_word' id='word_1_230' title='bbox 3029 1571 3083 1615; x_wconf 85' lang='lat' dir='ltr'><strong>et</strong></span> <span class='ocrx_word' id='word_1_231' title='bbox 3105 1561 3338 1615; x_wconf 88' lang='lat' dir='ltr'><strong>animum</strong></span> <span class='ocrx_word' id='word_1_232' title='bbox 3362 1563 3584 1615; x_wconf 82' lang='lat' dir='ltr'><strong>volentem</strong></span> <span class='ocrx_word' id='word_1_233' title='bbox 3606 1564 3700 1617; x_wconf 82' lang='lat' dir='ltr'><strong>scire</strong></span> 
     </span>
    </p>
   </div>
   <div class='ocr_carea' id='block_1_32' title="bbox 2246 1650 3699 1723">
    <p class='ocr_par' dir='ltr' id='par_1_32' title="bbox 2246 1650 3699 1723">
     <span class='ocr_line' id='line_1_32' title="bbox 2246 1650 3699 1723; baseline 0.003 -20"><span class='ocrx_word' id='word_1_234' title='bbox 2246 1652 2336 1720; x_wconf 89' lang='lat' dir='ltr'><strong>qui</strong></span> <span class='ocrx_word' id='word_1_235' title='bbox 2360 1652 2431 1705; x_wconf 88' lang='lat' dir='ltr'><strong>sit</strong></span> <span class='ocrx_word' id='word_1_236' title='bbox 2452 1650 2629 1712; x_wconf 83' lang='lat' dir='ltr'><strong>Deus;</strong></span> <span class='ocrx_word' id='word_1_237' title='bbox 2659 1653 2902 1707; x_wconf 87' lang='lat' dir='ltr'><strong>nondum</strong></span> <span class='ocrx_word' id='word_1_238' title='bbox 2924 1653 3066 1707; x_wconf 91' lang='lat' dir='ltr'><strong>enim</strong></span> <span class='ocrx_word' id='word_1_239' title='bbox 3092 1653 3389 1707; x_wconf 89' lang='lat' dir='ltr'><strong>sciebamus</strong></span> <span class='ocrx_word' id='word_1_240' title='bbox 3406 1655 3511 1723; x_wconf 85' lang='lat' dir='ltr'><strong>quis</strong></span> <span class='ocrx_word' id='word_1_241' title='bbox 3525 1670 3649 1715; x_wconf 82' lang='lat' dir='ltr'><strong>esses,</strong></span> <span class='ocrx_word' id='word_1_242' title='bbox 3666 1666 3699 1707; x_wconf 59' lang='grc' dir='ltr'><strong>(τ</strong></span> 
     </span>
    </p>
   </div>
   <div class='ocr_carea' id='block_1_33' title="bbox 581 1722 3699 1815">
    <p class='ocr_par' dir='ltr' id='par_1_33' title="bbox 581 1722 3699 1815">
     <span class='ocr_line' id='line_1_33' title="bbox 581 1722 3699 1815; baseline -0.003 -11"><span class='ocrx_word' id='word_1_243' title='bbox 581 1749 991 1811; x_wconf 78' lang='lat' dir='ltr'><strong>commiserant,</strong></span> <span class='ocrx_word' id='word_1_244' title='bbox 1026 1744 1311 1815; x_wconf 79' lang='lat' dir='ltr'><strong>perferunt</strong></span> <span class='ocrx_word' id='word_1_245' title='bbox 1359 1743 1660 1805; x_wconf 84' lang='lat' dir='ltr'><strong>cruciatus,</strong></span> <span class='ocrx_word' id='word_1_246' title='bbox 1716 1749 1770 1797; x_wconf 90' lang='lat' dir='ltr'><strong>et</strong></span> <span class='ocrx_word' id='word_1_247' title='bbox 1812 1741 1922 1795; x_wconf 91' lang='lat' dir='ltr'><strong>illis</strong></span> <span class='ocrx_word' id='word_1_248' title='bbox 1966 1739 2147 1795; x_wconf 87' lang='lat' dir='ltr'><strong>sciunt</strong></span> <span class='ocrx_word' id='word_1_249' title='bbox 2178 1722 2218 1776; x_wconf 72' lang='grc' dir='ltr'><strong>Β</strong></span> <span class='ocrx_word' id='word_1_250' title='bbox 2249 1759 2350 1797; x_wconf 91' lang='lat' dir='ltr'><strong>nec</strong></span> <span class='ocrx_word' id='word_1_251' title='bbox 2400 1743 2813 1800; x_wconf 83' lang='lat' dir='ltr'><strong>advertebamus</strong></span> <span class='ocrx_word' id='word_1_252' title='bbox 2851 1745 2977 1814; x_wconf 92' lang='lat' dir='ltr'><strong>quia</strong></span> <span class='ocrx_word' id='word_1_253' title='bbox 3006 1753 3063 1798; x_wconf 93' lang='lat' dir='ltr'><strong>tu</strong></span> <span class='ocrx_word' id='word_1_254' title='bbox 3102 1759 3164 1800; x_wconf 89' lang='lat' dir='ltr'><strong>es</strong></span> <span class='ocrx_word' id='word_1_255' title='bbox 3201 1759 3353 1814; x_wconf 89' lang='lat' dir='ltr'><strong>quem</strong></span> <span class='ocrx_word' id='word_1_256' title='bbox 3404 1722 3699 1815; x_wconf 61' lang='lat' dir='ltr'><strong>quaerebamus.</strong></span> 
     </span>
    </p>
   </div>
   <div class='ocr_carea' id='block_1_34' title="bbox 582 1830 2149 1909">
    <p class='ocr_par' dir='ltr' id='par_1_34' title="bbox 582 1830 2149 1909">
     <span class='ocr_line' id='line_1_34' title="bbox 582 1830 2149 1909; baseline -0.006 -13"><span class='ocrx_word' id='word_1_257' title='bbox 582 1842 639 1897; x_wconf 92' lang='lat' dir='ltr'><strong>in</strong></span> <span class='ocrx_word' id='word_1_258' title='bbox 664 1839 870 1909; x_wconf 90' lang='lat' dir='ltr'><strong>judicio</strong></span> <span class='ocrx_word' id='word_1_259' title='bbox 903 1838 1152 1909; x_wconf 80' lang='lat' dir='ltr'><strong>graviora</strong></span> <span class='ocrx_word' id='word_1_260' title='bbox 1206 1850 1429 1890; x_wconf 86' lang='lat' dir='ltr'><strong>manere</strong></span> <span class='ocrx_word' id='word_1_261' title='bbox 1476 1834 1764 1903; x_wconf 90' lang='lat' dir='ltr'><strong>supplicia.</strong></span> <span class='ocrx_word' id='word_1_262' title='bbox 1808 1831 1985 1902; x_wconf 91' lang='lat' dir='ltr'><strong>Super</strong></span> <span class='ocrx_word' id='word_1_263' title='bbox 2031 1830 2149 1886; x_wconf 69' lang='lat' dir='ltr'><strong>hmo</strong></span> 
     </span>
    </p>
   </div>
   <div class='ocr_carea' id='block_1_35' title="bbox 582 1924 2150 1999">
    <p class='ocr_par' dir='ltr' id='par_1_35' title="bbox 582 1924 2150 1999">
     <span class='ocr_line' id='line_1_35' title="bbox 582 1924 2150 1999; baseline -0.006 -11"><span class='ocrx_word' id='word_1_264' title='bbox 582 1944 763 1989; x_wconf 83' lang='lat' dir='ltr'><strong>autem</strong></span> <span class='ocrx_word' id='word_1_265' title='bbox 798 1932 981 1987; x_wconf 85' lang='lat' dir='ltr'><strong>omnia</strong></span> <span class='ocrx_word' id='word_1_266' title='bbox 1029 1946 1131 1985; x_wconf 91' lang='lat' dir='ltr'><strong>nec</strong></span> <span class='ocrx_word' id='word_1_267' title='bbox 1161 1928 1499 1999; x_wconf 87' lang='lat' dir='ltr'><strong>permittitur</strong></span> <span class='ocrx_word' id='word_1_268' title='bbox 1540 1928 1620 1982; x_wconf 82' lang='lat' dir='ltr'><strong>eis</strong></span> <span class='ocrx_word' id='word_1_269' title='bbox 1647 1926 1817 1985; x_wconf 84' lang='lat' dir='ltr'><strong>exire.</strong></span> <span class='ocrx_word' id='word_1_270' title='bbox 1850 1934 1944 1979; x_wconf 92' lang='lat' dir='ltr'><strong>aut</strong></span> <span class='ocrx_word' id='word_1_271' title='bbox 1971 1924 2150 1978; x_wconf 81' lang='lat' dir='ltr'><strong>facere</strong></span> 
     </span>
    </p>
   </div>
   <div class='ocr_carea' id='block_1_36' title="bbox 583 2016 2148 2096">
    <p class='ocr_par' dir='ltr' id='par_1_36' title="bbox 583 2016 2148 2096">
     <span class='ocr_line' id='line_1_36' title="bbox 583 2016 2148 2096; baseline -0.007 -16"><span class='ocrx_word' id='word_1_272' title='bbox 583 2027 881 2096; x_wconf 87' lang='lat' dir='ltr'><strong>quidquam</strong></span> <span class='ocrx_word' id='word_1_273' title='bbox 927 2024 996 2076; x_wconf 91' lang='lat' dir='ltr'><strong>ab</strong></span> <span class='ocrx_word' id='word_1_274' title='bbox 1034 2021 1242 2092; x_wconf 86' lang='lat' dir='ltr'><strong>angelis</strong></span> <span class='ocrx_word' id='word_1_275' title='bbox 1280 2020 1372 2090; x_wconf 92' lang='lat' dir='ltr'><strong>qui</strong></span> <span class='ocrx_word' id='word_1_276' title='bbox 1401 2020 1481 2074; x_wconf 90' lang='lat' dir='ltr'><strong>eis</strong></span> <span class='ocrx_word' id='word_1_277' title='bbox 1513 2025 1774 2089; x_wconf 64' lang='lat' dir='ltr'><strong>praesunt.</strong></span> <span class='ocrx_word' id='word_1_278' title='bbox 1802 2016 1870 2070; x_wconf 89' lang='lat' dir='ltr'><strong>Et</strong></span> <span class='ocrx_word' id='word_1_279' title='bbox 1900 2030 2001 2087; x_wconf 93' lang='lat' dir='ltr'><strong>ego</strong></span> <span class='ocrx_word' id='word_1_280' title='bbox 2026 2029 2148 2070; x_wconf 83' lang='lat' dir='ltr'><strong>res-</strong></span> 
     </span>
    </p>
   </div>
   <div class='ocr_carea' id='block_1_37' title="bbox 582 2106 2150 2189">
    <p class='ocr_par' dir='ltr' id='par_1_37' title="bbox 582 2106 2150 2189">
     <span class='ocr_line' id='line_1_37' title="bbox 582 2106 2150 2189; baseline -0.007 -17"><span class='ocrx_word' id='word_1_281' title='bbox 582 2118 747 2189; x_wconf 86' lang='lat' dir='ltr'><strong>pondi</strong></span> <span class='ocrx_word' id='word_1_282' title='bbox 776 2137 789 2171; x_wconf 88' lang='lat'><strong>:</strong></span> <span class='ocrx_word' id='word_1_283' title='bbox 818 2116 875 2169; x_wconf 89' lang='lat' dir='ltr'><strong>Si</strong></span> <span class='ocrx_word' id='word_1_284' title='bbox 903 2130 1013 2168; x_wconf 92' lang='lat' dir='ltr'><strong>non</strong></span> <span class='ocrx_word' id='word_1_285' title='bbox 1041 2112 1376 2184; x_wconf 86' lang='lat' dir='ltr'><strong>permittitur</strong></span> <span class='ocrx_word' id='word_1_286' title='bbox 1400 2110 1482 2166; x_wconf 85' lang='lat' dir='ltr'><strong>eis</strong></span> <span class='ocrx_word' id='word_1_287' title='bbox 1503 2111 1570 2164; x_wconf 88' lang='lat' dir='ltr'><strong>ab</strong></span> <span class='ocrx_word' id='word_1_288' title='bbox 1595 2109 1801 2180; x_wconf 81' lang='lat' dir='ltr'><strong>angelis</strong></span> <span class='ocrx_word' id='word_1_289' title='bbox 1825 2108 1933 2162; x_wconf 90' lang='lat' dir='ltr'><strong>huc</strong></span> <span class='ocrx_word' id='word_1_290' title='bbox 1961 2106 2150 2162; x_wconf 84' lang='lat' dir='ltr'><strong>venire</strong></span> 
     </span>
    </p>
   </div>
   <div class='ocr_carea' id='block_1_38' title="bbox 586 2198 2151 2277">
    <p class='ocr_par' dir='ltr' id='par_1_38' title="bbox 586 2198 2151 2277">
     <span class='ocr_line' id='line_1_38' title="bbox 586 2198 2151 2277; baseline -0.006 -14"><span class='ocrx_word' id='word_1_291' title='bbox 586 2216 680 2263; x_wconf 86' lang='lat' dir='ltr'><strong>aut</strong></span> <span class='ocrx_word' id='word_1_292' title='bbox 730 2210 906 2263; x_wconf 83' lang='lat' dir='ltr'><strong>facere</strong></span> <span class='ocrx_word' id='word_1_293' title='bbox 948 2206 1094 2277; x_wconf 90' lang='lat' dir='ltr'><strong>quod</strong></span> <span class='ocrx_word' id='word_1_294' title='bbox 1125 2205 1342 2265; x_wconf 87' lang='lat' dir='ltr'><strong>volunt,</strong></span> <span class='ocrx_word' id='word_1_295' title='bbox 1389 2201 1662 2272; x_wconf 92' lang='lat' dir='ltr'><strong>quomodo</strong></span> <span class='ocrx_word' id='word_1_296' title='bbox 1704 2216 1862 2271; x_wconf 87' lang='lat' dir='ltr'><strong>mago</strong></span> <span class='ocrx_word' id='word_1_297' title='bbox 1899 2198 2151 2254; x_wconf 83' lang='lat' dir='ltr'><strong>evocanti</strong></span> 
     </span>
    </p>
   </div>
   <div class='ocr_carea' id='block_1_39' title="bbox 585 2291 2151 2370">
    <p class='ocr_par' dir='ltr' id='par_1_39' title="bbox 585 2291 2151 2370">
     <span class='ocr_line' id='line_1_39' title="bbox 585 2291 2151 2370; baseline -0.007 -15"><span class='ocrx_word' id='word_1_298' title='bbox 585 2303 965 2370; x_wconf 85' lang='lat' dir='ltr'><strong>obtemperant</strong></span> <span class='ocrx_word' id='word_1_299' title='bbox 1013 2296 1245 2351; x_wconf 69' lang='lat' dir='ltr'><strong>animm?</strong></span> <span class='ocrx_word' id='word_1_300' title='bbox 1288 2292 1449 2364; x_wconf 86' lang='lat' dir='ltr'><strong>Ipsis,</strong></span> <span class='ocrx_word' id='word_1_301' title='bbox 1490 2292 1689 2362; x_wconf 87' lang='lat' dir='ltr'><strong>inquit,</strong></span> <span class='ocrx_word' id='word_1_302' title='bbox 1748 2291 2036 2346; x_wconf 89' lang='lat' dir='ltr'><strong>animabus</strong></span> <span class='ocrx_word' id='word_1_303' title='bbox 2058 2304 2151 2344; x_wconf 80' lang='lat' dir='ltr'><strong>ve-</strong></span> 
     </span>
    </p>
   </div>
   <div class='ocr_carea' id='block_1_40' title="bbox 586 2381 2149 2455">
    <p class='ocr_par' dir='ltr' id='par_1_40' title="bbox 586 2381 2149 2455">
     <span class='ocr_line' id='line_1_40' title="bbox 586 2381 2149 2455; baseline -0.008 -6"><span class='ocrx_word' id='word_1_304' title='bbox 586 2396 705 2451; x_wconf 90' lang='lat' dir='ltr'><strong>nire</strong></span> <span class='ocrx_word' id='word_1_305' title='bbox 756 2390 1067 2446; x_wconf 86' lang='lat' dir='ltr'><strong>volentibus</strong></span> <span class='ocrx_word' id='word_1_306' title='bbox 1122 2386 1561 2455; x_wconf 86' lang='lat' dir='ltr'><strong>nouindulgent,</strong></span> <span class='ocrx_word' id='word_1_307' title='bbox 1612 2398 1735 2438; x_wconf 86' lang='lat' dir='ltr'><strong>cum</strong></span> <span class='ocrx_word' id='word_1_308' title='bbox 1784 2398 1915 2439; x_wconf 86' lang='lat' dir='ltr'><strong>vero</strong></span> <span class='ocrx_word' id='word_1_309' title='bbox 1961 2382 2015 2436; x_wconf 88' lang='lat' dir='ltr'><strong>hi</strong></span> <span class='ocrx_word' id='word_1_310' title='bbox 2055 2381 2149 2452; x_wconf 87' lang='lat' dir='ltr'><strong>qui</strong></span> 
     </span>
    </p>
   </div>
   <div class='ocr_carea' id='block_1_41' title="bbox 584 2476 2150 2558">
    <p class='ocr_par' dir='ltr' id='par_1_41' title="bbox 584 2476 2150 2558">
     <span class='ocr_line' id='line_1_41' title="bbox 584 2476 2150 2558; baseline -0.006 -17"><span class='ocrx_word' id='word_1_311' title='bbox 584 2496 828 2558; x_wconf 72' lang='lat' dir='ltr'><strong>prtesunt</strong></span> <span class='ocrx_word' id='word_1_312' title='bbox 864 2483 1039 2554; x_wconf 84' lang='lat' dir='ltr'><strong>angeli</strong></span> <span class='ocrx_word' id='word_1_313' title='bbox 1072 2476 1640 2550; x_wconf 76' lang='lat' dir='ltr'><strong>adjuratifuerintper</strong></span> <span class='ocrx_word' id='word_1_314' title='bbox 1676 2476 1936 2545; x_wconf 89' lang='lat' dir='ltr'><strong>majorem</strong></span> <span class='ocrx_word' id='word_1_315' title='bbox 1968 2486 2150 2532; x_wconf 73' lang='lat' dir='ltr'><strong>suum.</strong></span> 
     </span>
    </p>
   </div>
   <div class='ocr_carea' id='block_1_42' title="bbox 583 2568 2151 2639">
    <p class='ocr_par' dir='ltr' id='par_1_42' title="bbox 583 2568 2151 2639">
     <span class='ocr_line' id='line_1_42' title="bbox 583 2568 2151 2639; baseline -0.009 -4"><span class='ocrx_word' id='word_1_316' title='bbox 583 2585 998 2635; x_wconf 78' lang='lat' dir='ltr'><strong>excusationem</strong></span> <span class='ocrx_word' id='word_1_317' title='bbox 1032 2575 1233 2629; x_wconf 83' lang='lat' dir='ltr'><strong>habent</strong></span> <span class='ocrx_word' id='word_1_318' title='bbox 1267 2580 1491 2635; x_wconf 58' lang='lat' dir='ltr'><strong>nostra},</strong></span> <span class='ocrx_word' id='word_1_319' title='bbox 1538 2569 1630 2639; x_wconf 92' lang='lat' dir='ltr'><strong>qui</strong></span> <span class='ocrx_word' id='word_1_320' title='bbox 1672 2584 1768 2625; x_wconf 88' lang='lat' dir='ltr'><strong>eos</strong></span> <span class='ocrx_word' id='word_1_321' title='bbox 1814 2568 2151 2637; x_wconf 85' lang='lat' dir='ltr'><strong>adjuramus,</strong></span> 
     </span>
    </p>
   </div>
   <div class='ocr_carea' id='block_1_43' title="bbox 590 2663 2155 2737">
    <p class='ocr_par' dir='ltr' id='par_1_43' title="bbox 590 2663 2155 2737">
     <span class='ocr_line' id='line_1_43' title="bbox 590 2663 2155 2737; baseline -0.01 -11"><span class='ocrx_word' id='word_1_322' title='bbox 590 2670 884 2733; x_wconf 64' lang='lat' dir='ltr'><strong>violentiae,</strong></span> <span class='ocrx_word' id='word_1_323' title='bbox 918 2676 978 2722; x_wconf 90' lang='lat' dir='ltr'><strong>ut</strong></span> <span class='ocrx_word' id='word_1_324' title='bbox 1016 2665 1336 2737; x_wconf 87' lang='lat' dir='ltr'><strong>permittant</strong></span> <span class='ocrx_word' id='word_1_325' title='bbox 1366 2663 1517 2719; x_wconf 77' lang='lat' dir='ltr'><strong>exire</strong></span> <span class='ocrx_word' id='word_1_326' title='bbox 1554 2665 1766 2715; x_wconf 87' lang='lat' dir='ltr'><strong>animas</strong></span> <span class='ocrx_word' id='word_1_327' title='bbox 1797 2675 1934 2730; x_wconf 90' lang='lat' dir='ltr'><strong>quas</strong></span> <span class='ocrx_word' id='word_1_328' title='bbox 1960 2672 2155 2713; x_wconf 81' lang='lat' dir='ltr'><strong>evoca—</strong></span> 
     </span>
    </p>
   </div>
   <div class='ocr_carea' id='block_1_44' title="bbox 586 2749 2155 2826">
    <p class='ocr_par' dir='ltr' id='par_1_44' title="bbox 586 2749 2155 2826">
     <span class='ocr_line' id='line_1_44' title="bbox 586 2749 2155 2826; baseline -0.009 -8"><span class='ocrx_word' id='word_1_329' title='bbox 586 2779 743 2826; x_wconf 87' lang='lat' dir='ltr'><strong>mus;</strong></span> <span class='ocrx_word' id='word_1_330' title='bbox 774 2777 883 2815; x_wconf 90' lang='lat' dir='ltr'><strong>non</strong></span> <span class='ocrx_word' id='word_1_331' title='bbox 913 2760 1057 2814; x_wconf 92' lang='lat' dir='ltr'><strong>enim</strong></span> <span class='ocrx_word' id='word_1_332' title='bbox 1085 2757 1164 2813; x_wconf 91' lang='lat' dir='ltr'><strong>illi</strong></span> <span class='ocrx_word' id='word_1_333' title='bbox 1198 2762 1425 2826; x_wconf 88' lang='lat' dir='ltr'><strong>peccant</strong></span> <span class='ocrx_word' id='word_1_334' title='bbox 1455 2754 1549 2824; x_wconf 92' lang='lat' dir='ltr'><strong>qui</strong></span> <span class='ocrx_word' id='word_1_335' title='bbox 1580 2753 1688 2807; x_wconf 91' lang='lat' dir='ltr'><strong>vim</strong></span> <span class='ocrx_word' id='word_1_336' title='bbox 1714 2752 2022 2822; x_wconf 82' lang='lat' dir='ltr'><strong>patiuntur.</strong></span> <span class='ocrx_word' id='word_1_337' title='bbox 2059 2749 2155 2805; x_wconf 89' lang='lat' dir='ltr'><strong>sed</strong></span> 
     </span>
    </p>
   </div>
   <div class='ocr_carea' id='block_1_45' title="bbox 588 2841 2154 2925">
    <p class='ocr_par' dir='ltr' id='par_1_45' title="bbox 588 2841 2154 2925">
     <span class='ocr_line' id='line_1_45' title="bbox 588 2841 2154 2925; baseline -0.011 -13"><span class='ocrx_word' id='word_1_338' title='bbox 588 2873 692 2912; x_wconf 91' lang='lat' dir='ltr'><strong>nos</strong></span> <span class='ocrx_word' id='word_1_339' title='bbox 730 2854 824 2925; x_wconf 90' lang='lat' dir='ltr'><strong>qui</strong></span> <span class='ocrx_word' id='word_1_340' title='bbox 868 2851 1154 2907; x_wconf 86' lang='lat' dir='ltr'><strong>inferimus</strong></span> <span class='ocrx_word' id='word_1_341' title='bbox 1208 2848 1612 2903; x_wconf 78' lang='lat' dir='ltr'><strong>necessitatem.</strong></span> <span class='ocrx_word' id='word_1_342' title='bbox 1660 2844 1743 2899; x_wconf 90' lang='lat' dir='ltr'><strong>Ad</strong></span> <span class='ocrx_word' id='word_1_343' title='bbox 1792 2844 1907 2897; x_wconf 74' lang='lat' dir='ltr'><strong>inec</strong></span> <span class='ocrx_word' id='word_1_344' title='bbox 1943 2841 2154 2905; x_wconf 82' lang='lat' dir='ltr'><strong>Niceta,</strong></span> 
     </span>
    </p>
   </div>
   <div class='ocr_carea' id='block_1_46' title="bbox 592 2934 2158 3013">
    <p class='ocr_par' dir='ltr' id='par_1_46' title="bbox 592 2934 2158 3013">
     <span class='ocr_line' id='line_1_46' title="bbox 592 2934 2158 3013; baseline -0.01 -11"><span class='ocrx_word' id='word_1_345' title='bbox 592 2950 735 3002; x_wconf 89' lang='lat' dir='ltr'><strong>ultra</strong></span> <span class='ocrx_word' id='word_1_346' title='bbox 758 2962 867 3000; x_wconf 92' lang='lat' dir='ltr'><strong>non</strong></span> <span class='ocrx_word' id='word_1_347' title='bbox 899 2944 1081 2998; x_wconf 84' lang='lat' dir='ltr'><strong>ferens</strong></span> <span class='ocrx_word' id='word_1_348' title='bbox 1107 2954 1448 3013; x_wconf 66' lang='lat' dir='ltr'><strong>prazpmpere</strong></span> <span class='ocrx_word' id='word_1_349' title='bbox 1472 2936 1776 3008; x_wconf 88' lang='lat' dir='ltr'><strong>respondit,</strong></span> <span class='ocrx_word' id='word_1_350' title='bbox 1805 2934 1950 3005; x_wconf 90' lang='lat' dir='ltr'><strong>quod</strong></span> <span class='ocrx_word' id='word_1_351' title='bbox 1979 2939 2034 2988; x_wconf 86' lang='lat' dir='ltr'><strong>et</strong></span> <span class='ocrx_word' id='word_1_352' title='bbox 2056 2948 2158 3003; x_wconf 86' lang='lat' dir='ltr'><strong>ego</strong></span> 
     </span>
    </p>
   </div>
   <div class='ocr_carea' id='block_1_47' title="bbox 590 3024 2157 3112">
    <p class='ocr_par' dir='ltr' id='par_1_47' title="bbox 590 3024 2157 3112">
     <span class='ocr_line' id='line_1_47' title="bbox 590 3024 2157 3112; baseline -0.01 -17"><span class='ocrx_word' id='word_1_353' title='bbox 590 3040 815 3112; x_wconf 90' lang='lat' dir='ltr'><strong>quidem</strong></span> <span class='ocrx_word' id='word_1_354' title='bbox 842 3036 1089 3091; x_wconf 88' lang='lat' dir='ltr'><strong>facturus</strong></span> <span class='ocrx_word' id='word_1_355' title='bbox 1111 3048 1284 3097; x_wconf 86' lang='lat' dir='ltr'><strong>eram,</strong></span> <span class='ocrx_word' id='word_1_356' title='bbox 1316 3031 1410 3087; x_wconf 89' lang='lat' dir='ltr'><strong>sed</strong></span> <span class='ocrx_word' id='word_1_357' title='bbox 1440 3028 1594 3099; x_wconf 92' lang='lat' dir='ltr'><strong>prius</strong></span> <span class='ocrx_word' id='word_1_358' title='bbox 1624 3043 1746 3082; x_wconf 90' lang='lat' dir='ltr'><strong>eum</strong></span> <span class='ocrx_word' id='word_1_359' title='bbox 1788 3025 2063 3096; x_wconf 78' lang='lat' dir='ltr'><strong>expiscari</strong></span> <span class='ocrx_word' id='word_1_360' title='bbox 2090 3024 2157 3080; x_wconf 93' lang='lat' dir='ltr'><strong>de</strong></span> 
     </span>
    </p>
   </div>
   <div class='ocr_carea' id='block_1_48' title="bbox 597 3118 2152 3203">
    <p class='ocr_par' dir='ltr' id='par_1_48' title="bbox 597 3118 2152 3203">
     <span class='ocr_line' id='line_1_48' title="bbox 597 3118 2152 3203; baseline -0.01 -15"><span class='ocrx_word' id='word_1_361' title='bbox 597 3131 832 3203; x_wconf 87' lang='lat' dir='ltr'><strong>singulis</strong></span> <span class='ocrx_word' id='word_1_362' title='bbox 850 3128 1164 3199; x_wconf 86' lang='lat' dir='ltr'><strong>cupiebam;</strong></span> <span class='ocrx_word' id='word_1_363' title='bbox 1190 3125 1307 3190; x_wconf 91' lang='lat' dir='ltr'><strong>sed,</strong></span> <span class='ocrx_word' id='word_1_364' title='bbox 1331 3132 1391 3178; x_wconf 91' lang='lat' dir='ltr'><strong>ut</strong></span> <span class='ocrx_word' id='word_1_365' title='bbox 1408 3121 1544 3185; x_wconf 76' lang='lat' dir='ltr'><strong>dixi,</strong></span> <span class='ocrx_word' id='word_1_366' title='bbox 1568 3119 1756 3174; x_wconf 87' lang='lat' dir='ltr'><strong>Niceta</strong></span> <span class='ocrx_word' id='word_1_367' title='bbox 1780 3118 2152 3188; x_wconf 68' lang='lat' dir='ltr'><strong>praeveniens:</strong></span> 
     </span>
    </p>
   </div>
   <div class='ocr_carea' id='block_1_49' title="bbox 594 3209 2160 3291">
    <p class='ocr_par' dir='ltr' id='par_1_49' title="bbox 594 3209 2160 3291">
     <span class='ocr_line' id='line_1_49' title="bbox 594 3209 2160 3291; baseline -0.01 -13"><span class='ocrx_word' id='word_1_368' title='bbox 594 3224 661 3277; x_wconf 84' lang='lat' dir='ltr'><strong>Et</strong></span> <span class='ocrx_word' id='word_1_369' title='bbox 680 3231 761 3287; x_wconf 92' lang='lat' dir='ltr'><strong>tu,</strong></span> <span class='ocrx_word' id='word_1_370' title='bbox 801 3221 1001 3291; x_wconf 88' lang='lat' dir='ltr'><strong>inquit,</strong></span> <span class='ocrx_word' id='word_1_371' title='bbox 1034 3233 1143 3271; x_wconf 90' lang='lat' dir='ltr'><strong>non</strong></span> <span class='ocrx_word' id='word_1_372' title='bbox 1180 3216 1343 3270; x_wconf 89' lang='lat' dir='ltr'><strong>times</strong></span> <span class='ocrx_word' id='word_1_373' title='bbox 1372 3213 1515 3267; x_wconf 89' lang='lat' dir='ltr'><strong>diem</strong></span> <span class='ocrx_word' id='word_1_374' title='bbox 1548 3210 1764 3280; x_wconf 89' lang='lat' dir='ltr'><strong>judicii,</strong></span> <span class='ocrx_word' id='word_1_375' title='bbox 1800 3210 1894 3280; x_wconf 91' lang='lat' dir='ltr'><strong>qui</strong></span> <span class='ocrx_word' id='word_1_376' title='bbox 1922 3209 2029 3263; x_wconf 92' lang='lat' dir='ltr'><strong>vim</strong></span> <span class='ocrx_word' id='word_1_377' title='bbox 2060 3224 2160 3263; x_wconf 55' lang='lat' dir='ltr'><strong>anu</strong></span> 
     </span>
    </p>
   </div>
   <div class='ocr_carea' id='block_1_50' title="bbox 593 3300 2156 3387">
    <p class='ocr_par' dir='ltr' id='par_1_50' title="bbox 593 3300 2156 3387">
     <span class='ocr_line' id='line_1_50' title="bbox 593 3300 2156 3387; baseline -0.012 -17"><span class='ocrx_word' id='word_1_378' title='bbox 593 3314 727 3387; x_wconf 90' lang='lat' dir='ltr'><strong>gelis</strong></span> <span class='ocrx_word' id='word_1_379' title='bbox 758 3311 911 3373; x_wconf 86' lang='lat' dir='ltr'><strong>facis,</strong></span> <span class='ocrx_word' id='word_1_380' title='bbox 942 3321 997 3365; x_wconf 90' lang='lat' dir='ltr'><strong>et</strong></span> <span class='ocrx_word' id='word_1_381' title='bbox 1044 3309 1251 3361; x_wconf 90' lang='lat' dir='ltr'><strong>animas</strong></span> <span class='ocrx_word' id='word_1_382' title='bbox 1296 3318 1510 3366; x_wconf 82' lang='lat' dir='ltr'><strong>evocas,</strong></span> <span class='ocrx_word' id='word_1_383' title='bbox 1547 3311 1602 3357; x_wconf 89' lang='lat' dir='ltr'><strong>et</strong></span> <span class='ocrx_word' id='word_1_384' title='bbox 1635 3301 1883 3356; x_wconf 88' lang='lat' dir='ltr'><strong>homines</strong></span> <span class='ocrx_word' id='word_1_385' title='bbox 1926 3300 2156 3369; x_wconf 89' lang='lat' dir='ltr'><strong>decipis,</strong></span> 
     </span>
    </p>
   </div>
   <div class='ocr_carea' id='block_1_51' title="bbox 594 3389 2161 3460">
    <p class='ocr_par' dir='ltr' id='par_1_51' title="bbox 594 3389 2161 3460">
     <span class='ocr_line' id='line_1_51' title="bbox 594 3389 2161 3460; baseline -0.011 -1"><span class='ocrx_word' id='word_1_386' title='bbox 594 3414 650 3460; x_wconf 93' lang='lat' dir='ltr'><strong>et</strong></span> <span class='ocrx_word' id='word_1_387' title='bbox 682 3404 944 3457; x_wconf 89' lang='lat' dir='ltr'><strong>honorem</strong></span> <span class='ocrx_word' id='word_1_388' title='bbox 981 3398 1078 3453; x_wconf 91' lang='lat' dir='ltr'><strong>tibi</strong></span> <span class='ocrx_word' id='word_1_389' title='bbox 1120 3396 1362 3452; x_wconf 89' lang='lat' dir='ltr'><strong>divinum</strong></span> <span class='ocrx_word' id='word_1_390' title='bbox 1403 3393 1472 3446; x_wconf 92' lang='lat' dir='ltr'><strong>ab</strong></span> <span class='ocrx_word' id='word_1_391' title='bbox 1506 3390 1825 3446; x_wconf 90' lang='lat' dir='ltr'><strong>hominibus</strong></span> <span class='ocrx_word' id='word_1_392' title='bbox 1862 3389 2161 3445; x_wconf 86' lang='lat' dir='ltr'><strong>mercaris?</strong></span> 
     </span>
    </p>
   </div>
   <div class='ocr_carea' id='block_1_52' title="bbox 594 3481 2160 3564">
    <p class='ocr_par' dir='ltr' id='par_1_52' title="bbox 594 3481 2160 3564">
     <span class='ocr_line' id='line_1_52' title="bbox 594 3481 2160 3564; baseline -0.01 -15"><span class='ocrx_word' id='word_1_393' title='bbox 594 3504 649 3549; x_wconf 87' lang='lat' dir='ltr'><strong>ct</strong></span> <span class='ocrx_word' id='word_1_394' title='bbox 677 3491 951 3564; x_wconf 90' lang='lat' dir='ltr'><strong>quomodo</strong></span> <span class='ocrx_word' id='word_1_395' title='bbox 981 3489 1143 3544; x_wconf 90' lang='lat' dir='ltr'><strong>nobis</strong></span> <span class='ocrx_word' id='word_1_396' title='bbox 1174 3486 1468 3557; x_wconf 88' lang='lat' dir='ltr'><strong>persuades</strong></span> <span class='ocrx_word' id='word_1_397' title='bbox 1498 3483 1644 3553; x_wconf 87' lang='lat' dir='ltr'><strong>quod</strong></span> <span class='ocrx_word' id='word_1_398' title='bbox 1689 3498 1865 3554; x_wconf 91' lang='lat' dir='ltr'><strong>neque</strong></span> <span class='ocrx_word' id='word_1_399' title='bbox 1890 3481 2160 3552; x_wconf 85' lang='lat' dir='ltr'><strong>judicium</strong></span> 
     </span>
    </p>
   </div>
   <div class='ocr_carea' id='block_1_53' title="bbox 596 3573 2161 3645">
    <p class='ocr_par' dir='ltr' id='par_1_53' title="bbox 596 3573 2161 3645">
     <span class='ocr_line' id='line_1_53' title="bbox 596 3573 2161 3645; baseline -0.008 -8"><span class='ocrx_word' id='word_1_400' title='bbox 596 3584 721 3645; x_wconf 88' lang='lat' dir='ltr'><strong>erit,</strong></span> <span class='ocrx_word' id='word_1_401' title='bbox 756 3588 815 3635; x_wconf 91' lang='lat' dir='ltr'><strong>ut</strong></span> <span class='ocrx_word' id='word_1_402' title='bbox 838 3579 1085 3634; x_wconf 90' lang='lat' dir='ltr'><strong>nonnulli</strong></span> <span class='ocrx_word' id='word_1_403' title='bbox 1113 3576 1425 3631; x_wconf 66' lang='lat' dir='ltr'><strong>Judceorum</strong></span> <span class='ocrx_word' id='word_1_404' title='bbox 1457 3574 1730 3637; x_wconf 84' lang='lat' dir='ltr'><strong>fatentur,</strong></span> <span class='ocrx_word' id='word_1_405' title='bbox 1763 3589 1937 3644; x_wconf 91' lang='lat' dir='ltr'><strong>neque</strong></span> <span class='ocrx_word' id='word_1_406' title='bbox 1966 3573 2161 3626; x_wconf 63' lang='lat' dir='ltr'><strong>anima</strong></span> 
     </span>
    </p>
   </div>
   <div class='ocr_carea' id='block_1_54' title="bbox 597 3666 2161 3739">
    <p class='ocr_par' dir='ltr' id='par_1_54' title="bbox 597 3666 2161 3739">
     <span class='ocr_line' id='line_1_54' title="bbox 597 3666 2161 3739; baseline -0.005 -11"><span class='ocrx_word' id='word_1_407' title='bbox 597 3673 936 3728; x_wconf 86' lang='lat' dir='ltr'><strong>immortales</strong></span> <span class='ocrx_word' id='word_1_408' title='bbox 980 3671 1113 3734; x_wconf 87' lang='lat' dir='ltr'><strong>sint,</strong></span> <span class='ocrx_word' id='word_1_409' title='bbox 1143 3668 1290 3739; x_wconf 89' lang='lat' dir='ltr'><strong>quod</strong></span> <span class='ocrx_word' id='word_1_410' title='bbox 1319 3667 1535 3722; x_wconf 88' lang='lat' dir='ltr'><strong>videtur</strong></span> <span class='ocrx_word' id='word_1_411' title='bbox 1563 3667 1833 3737; x_wconf 91' lang='lat' dir='ltr'><strong>pluribus,</strong></span> <span class='ocrx_word' id='word_1_412' title='bbox 1869 3682 1994 3721; x_wconf 88' lang='lat' dir='ltr'><strong>cum</strong></span> <span class='ocrx_word' id='word_1_413' title='bbox 2027 3666 2161 3736; x_wconf 91' lang='lat' dir='ltr'><strong>ipsis</strong></span> 
     </span>
    </p>
   </div>
   <div class='ocr_carea' id='block_1_55' title="bbox 599 3753 2164 3824">
    <p class='ocr_par' dir='ltr' id='par_1_55' title="bbox 599 3753 2164 3824">
     <span class='ocr_line' id='line_1_55' title="bbox 599 3753 2164 3824; baseline -0.007 -7"><span class='ocrx_word' id='word_1_414' title='bbox 599 3764 773 3819; x_wconf 92' lang='lat' dir='ltr'><strong>oculis</strong></span> <span class='ocrx_word' id='word_1_415' title='bbox 805 3763 913 3817; x_wconf 87' lang='lat' dir='ltr'><strong>tuis</strong></span> <span class='ocrx_word' id='word_1_416' title='bbox 938 3761 1124 3815; x_wconf 89' lang='lat' dir='ltr'><strong>videas</strong></span> <span class='ocrx_word' id='word_1_417' title='bbox 1150 3773 1264 3823; x_wconf 90' lang='lat' dir='ltr'><strong>eas,</strong></span> <span class='ocrx_word' id='word_1_418' title='bbox 1297 3764 1350 3812; x_wconf 91' lang='lat' dir='ltr'><strong>et</strong></span> <span class='ocrx_word' id='word_1_419' title='bbox 1375 3757 1791 3811; x_wconf 88' lang='lat' dir='ltr'><strong>commotionem</strong></span> <span class='ocrx_word' id='word_1_420' title='bbox 1823 3755 1995 3809; x_wconf 90' lang='lat' dir='ltr'><strong>divini</strong></span> <span class='ocrx_word' id='word_1_421' title='bbox 2014 3753 2164 3824; x_wconf 87' lang='lat' dir='ltr'><strong>judi-</strong></span> 
     </span>
    </p>
   </div>
   <div class='ocr_carea' id='block_1_56' title="bbox 587 3850 1185 3924">
    <p class='ocr_par' dir='ltr' id='par_1_56' title="bbox 587 3850 1185 3924">
     <span class='ocr_line' id='line_1_56' title="bbox 587 3850 1185 3924; baseline -0.01 -15"><span class='ocrx_word' id='word_1_422' title='bbox 587 3856 667 3909; x_wconf 76' lang='lat' dir='ltr'><strong>cii</strong></span> <span class='ocrx_word' id='word_1_423' title='bbox 699 3855 884 3924; x_wconf 88' lang='lat' dir='ltr'><strong>capias</strong></span> <span class='ocrx_word' id='word_1_424' title='bbox 910 3868 977 3908; x_wconf 77' lang='lat' dir='ltr'><strong>ex</strong></span> <span class='ocrx_word' id='word_1_425' title='bbox 1011 3850 1185 3922; x_wconf 87' lang='lat' dir='ltr'><strong>ipsis?</strong></span> 
     </span>
    </p>
   </div>
   <div class='ocr_carea' id='block_1_57' title="bbox 674 3936 2164 4009">
    <p class='ocr_par' dir='ltr' id='par_1_57' title="bbox 674 3936 2164 4009">
     <span class='ocr_line' id='line_1_57' title="bbox 674 3936 2164 4009; baseline -0.007 -11"><span class='ocrx_word' id='word_1_426' title='bbox 674 3942 813 3999; x_wconf 80' lang='lat' dir='ltr'><strong>XIV.</strong></span> <span class='ocrx_word' id='word_1_427' title='bbox 855 3943 952 3999; x_wconf 84' lang='lat' dir='ltr'><strong>llis</strong></span> <span class='ocrx_word' id='word_1_428' title='bbox 988 3944 1054 3995; x_wconf 78' lang='lat' dir='ltr'><strong>ab</strong></span> <span class='ocrx_word' id='word_1_429' title='bbox 1084 3956 1148 3995; x_wconf 93' lang='lat' dir='ltr'><strong>eo</strong></span> <span class='ocrx_word' id='word_1_430' title='bbox 1182 3939 1344 3995; x_wconf 88' lang='lat' dir='ltr'><strong>dictis</strong></span> <span class='ocrx_word' id='word_1_431' title='bbox 1376 3938 1642 4009; x_wconf 89' lang='lat' dir='ltr'><strong>impalluit</strong></span> <span class='ocrx_word' id='word_1_432' title='bbox 1676 3936 1885 4001; x_wconf 88' lang='lat' dir='ltr'><strong>Simon,</strong></span> <span class='ocrx_word' id='word_1_433' title='bbox 1908 3942 1962 3990; x_wconf 87' lang='lat' dir='ltr'><strong>et</strong></span> <span class='ocrx_word' id='word_1_434' title='bbox 1986 3945 2164 3991; x_wconf 85' lang='lat' dir='ltr'><strong>tamen</strong></span> 
     </span>
    </p>
   </div>
   <div class='ocr_carea' id='block_1_58' title="bbox 600 4025 2166 4114">
    <p class='ocr_par' dir='ltr' id='par_1_58' title="bbox 600 4025 2166 4114">
     <span class='ocr_line' id='line_1_58' title="bbox 600 4025 2166 4114; baseline -0.006 -21"><span class='ocrx_word' id='word_1_435' title='bbox 600 4048 721 4114; x_wconf 87' lang='lat' dir='ltr'><strong>post</strong></span> <span class='ocrx_word' id='word_1_436' title='bbox 775 4035 1054 4107; x_wconf 91' lang='lat' dir='ltr'><strong>paululum</strong></span> <span class='ocrx_word' id='word_1_437' title='bbox 1104 4033 1426 4103; x_wconf 81' lang='lat' dir='ltr'><strong>recolligens</strong></span> <span class='ocrx_word' id='word_1_438' title='bbox 1476 4046 1569 4093; x_wconf 75' lang='lat' dir='ltr'><strong>se,</strong></span> <span class='ocrx_word' id='word_1_439' title='bbox 1620 4031 1694 4086; x_wconf 90' lang='lat' dir='ltr'><strong>ita</strong></span> <span class='ocrx_word' id='word_1_440' title='bbox 1744 4025 2166 4100; x_wconf 81' lang='lat' dir='ltr'><strong>responditch</strong></span> 
     </span>
    </p>
   </div>
   <div class='ocr_carea' id='block_1_59' title="bbox 603 4119 2166 4201">
    <p class='ocr_par' dir='ltr' id='par_1_59' title="bbox 603 4119 2166 4201">
     <span class='ocr_line' id='line_1_59' title="bbox 603 4119 2166 4201; baseline -0.009 -15"><span class='ocrx_word' id='word_1_441' title='bbox 603 4130 824 4201; x_wconf 88' lang='lat' dir='ltr'><strong>putetis,</strong></span> <span class='ocrx_word' id='word_1_442' title='bbox 852 4127 1049 4199; x_wconf 89' lang='lat' dir='ltr'><strong>inquit,</strong></span> <span class='ocrx_word' id='word_1_443' title='bbox 1084 4126 1228 4196; x_wconf 90' lang='lat' dir='ltr'><strong>quod</strong></span> <span class='ocrx_word' id='word_1_444' title='bbox 1254 4124 1467 4195; x_wconf 85' lang='lat' dir='ltr'><strong>generis</strong></span> <span class='ocrx_word' id='word_1_445' title='bbox 1494 4122 1661 4177; x_wconf 80' lang='lat' dir='ltr'><strong>vestri</strong></span> <span class='ocrx_word' id='word_1_446' title='bbox 1694 4122 1856 4174; x_wconf 88' lang='lat' dir='ltr'><strong>homo</strong></span> <span class='ocrx_word' id='word_1_447' title='bbox 1887 4119 1990 4175; x_wconf 91' lang='lat' dir='ltr'><strong>sim</strong></span> <span class='ocrx_word' id='word_1_448' title='bbox 2018 4136 2032 4185; x_wconf 87' lang='lat'><strong>;</strong></span> <span class='ocrx_word' id='word_1_449' title='bbox 2065 4133 2166 4191; x_wconf 84' lang='lat' dir='ltr'><strong>ego</strong></span> 
     </span>
    </p>
   </div>
   <div class='ocr_carea' id='block_1_60' title="bbox 602 4214 2167 4296">
    <p class='ocr_par' dir='ltr' id='par_1_60' title="bbox 602 4214 2167 4296">
     <span class='ocr_line' id='line_1_60' title="bbox 602 4214 2167 4296; baseline -0.01 -15"><span class='ocrx_word' id='word_1_450' title='bbox 602 4240 779 4296; x_wconf 88' lang='lat' dir='ltr'><strong>neque</strong></span> <span class='ocrx_word' id='word_1_451' title='bbox 808 4237 998 4293; x_wconf 89' lang='lat' dir='ltr'><strong>magus</strong></span> <span class='ocrx_word' id='word_1_452' title='bbox 1030 4236 1174 4287; x_wconf 92' lang='lat' dir='ltr'><strong>sum,</strong></span> <span class='ocrx_word' id='word_1_453' title='bbox 1206 4234 1381 4288; x_wconf 89' lang='lat' dir='ltr'><strong>neque</strong></span> <span class='ocrx_word' id='word_1_454' title='bbox 1411 4228 1623 4271; x_wconf 83' lang='lat' dir='ltr'><strong>amator</strong></span> <span class='ocrx_word' id='word_1_455' title='bbox 1644 4214 1829 4277; x_wconf 72' lang='lat' dir='ltr'><strong>Lunze,</strong></span> <span class='ocrx_word' id='word_1_456' title='bbox 1862 4229 2035 4283; x_wconf 91' lang='lat' dir='ltr'><strong>neque</strong></span> <span class='ocrx_word' id='word_1_457' title='bbox 2057 4214 2167 4266; x_wconf 86' lang='lat' dir='ltr'><strong>An-</strong></span> 
     </span>
    </p>
   </div>
   <div class='ocr_carea' id='block_1_61' title="bbox 605 4304 2166 4381">
    <p class='ocr_par' dir='ltr' id='par_1_61' title="bbox 605 4304 2166 4381">
     <span class='ocr_line' id='line_1_61' title="bbox 605 4304 2166 4381; baseline -0.008 -9"><span class='ocrx_word' id='word_1_458' title='bbox 605 4304 741 4381; x_wconf 79' lang='lat' dir='ltr'><strong>tonii</strong></span> <span class='ocrx_word' id='word_1_459' title='bbox 790 4316 953 4371; x_wconf 87' lang='lat' dir='ltr'><strong>filius.</strong></span> <span class='ocrx_word' id='word_1_460' title='bbox 990 4313 1130 4367; x_wconf 88' lang='lat' dir='ltr'><strong>Ante</strong></span> <span class='ocrx_word' id='word_1_461' title='bbox 1178 4312 1323 4368; x_wconf 90' lang='lat' dir='ltr'><strong>enim</strong></span> <span class='ocrx_word' id='word_1_462' title='bbox 1379 4325 1539 4380; x_wconf 91' lang='lat' dir='ltr'><strong>quam</strong></span> <span class='ocrx_word' id='word_1_463' title='bbox 1591 4316 1762 4362; x_wconf 85' lang='lat' dir='ltr'><strong>mater</strong></span> <span class='ocrx_word' id='word_1_464' title='bbox 1806 4322 1923 4361; x_wconf 87' lang='lat' dir='ltr'><strong>mea</strong></span> <span class='ocrx_word' id='word_1_465' title='bbox 1967 4305 2166 4361; x_wconf 80' lang='lat' dir='ltr'><strong>Rachel</strong></span> 
     </span>
    </p>
   </div>
   <div class='ocr_carea' id='block_1_62' title="bbox 2318 1831 3701 1906">
    <p class='ocr_par' dir='ltr' id='par_1_62' title="bbox 2318 1831 3701 1906">
     <span class='ocr_line' id='line_1_62' title="bbox 2318 1831 3701 1906; baseline 0 -20"><span class='ocrx_word' id='word_1_466' title='bbox 2318 1831 2434 1888; x_wconf 76' lang='lat' dir='ltr'><strong>XV.</strong></span> <span class='ocrx_word' id='word_1_467' title='bbox 2476 1833 2602 1889; x_wconf 84' lang='lat' dir='ltr'><strong>Haec</strong></span> <span class='ocrx_word' id='word_1_468' title='bbox 2632 1843 2688 1889; x_wconf 91' lang='lat' dir='ltr'><strong>et</strong></span> <span class='ocrx_word' id='word_1_469' title='bbox 2715 1835 2801 1890; x_wconf 86' lang='lat' dir='ltr'><strong>his</strong></span> <span class='ocrx_word' id='word_1_470' title='bbox 2827 1835 3026 1889; x_wconf 83' lang='lat' dir='ltr'><strong>similia</strong></span> <span class='ocrx_word' id='word_1_471' title='bbox 3053 1835 3210 1889; x_wconf 89' lang='lat' dir='ltr'><strong>vultu</strong></span> <span class='ocrx_word' id='word_1_472' title='bbox 3241 1850 3334 1906; x_wconf 91' lang='lat' dir='ltr'><strong>pro</strong></span> <span class='ocrx_word' id='word_1_473' title='bbox 3364 1850 3418 1889; x_wconf 90' lang='lat' dir='ltr'><strong>re</strong></span> <span class='ocrx_word' id='word_1_474' title='bbox 3450 1844 3593 1904; x_wconf 78' lang='lat' dir='ltr'><strong>aptato</strong></span> <span class='ocrx_word' id='word_1_475' title='bbox 3617 1851 3701 1904; x_wconf 82' lang='lat' dir='ltr'><strong>pre-</strong></span> 
     </span>
    </p>
   </div>
   <div class='ocr_carea' id='block_1_63' title="bbox 2250 1926 3700 1995">
    <p class='ocr_par' dir='ltr' id='par_1_63' title="bbox 2250 1926 3700 1995">
     <span class='ocr_line' id='line_1_63' title="bbox 2250 1926 3700 1995; baseline 0.001 -14"><span class='ocrx_word' id='word_1_476' title='bbox 2250 1926 2611 1995; x_wconf 85' lang='lat' dir='ltr'><strong>sequentibus</strong></span> <span class='ocrx_word' id='word_1_477' title='bbox 2661 1927 2843 1991; x_wconf 88' lang='lat' dir='ltr'><strong>nobis,</strong></span> <span class='ocrx_word' id='word_1_478' title='bbox 2898 1929 3233 1983; x_wconf 85' lang='lat' dir='ltr'><strong>vanissimus</strong></span> <span class='ocrx_word' id='word_1_479' title='bbox 3278 1928 3491 1982; x_wconf 87' lang='lat' dir='ltr'><strong>credidit</strong></span> <span class='ocrx_word' id='word_1_480' title='bbox 3522 1944 3598 1983; x_wconf 86' lang='lat' dir='ltr'><strong>nos</strong></span> <span class='ocrx_word' id='word_1_481' title='bbox 3636 1930 3700 1982; x_wconf 86' lang='lat' dir='ltr'><strong>de-</strong></span> 
     </span>
    </p>
   </div>
   <div class='ocr_carea' id='block_1_64' title="bbox 2250 2018 3703 2089">
    <p class='ocr_par' dir='ltr' id='par_1_64' title="bbox 2250 2018 3703 2089">
     <span class='ocr_line' id='line_1_64' title="bbox 2250 2018 3703 2089; baseline 0.003 -21"><span class='ocrx_word' id='word_1_482' title='bbox 2250 2022 2461 2085; x_wconf 85' lang='lat' dir='ltr'><strong>ceptos,</strong></span> <span class='ocrx_word' id='word_1_483' title='bbox 2485 2024 2540 2072; x_wconf 91' lang='lat' dir='ltr'><strong>et</strong></span> <span class='ocrx_word' id='word_1_484' title='bbox 2562 2032 2628 2072; x_wconf 88' lang='lat' dir='ltr'><strong>eo</strong></span> <span class='ocrx_word' id='word_1_485' title='bbox 2658 2020 2830 2089; x_wconf 85' lang='lat' dir='ltr'><strong>magis</strong></span> <span class='ocrx_word' id='word_1_486' title='bbox 2859 2020 3049 2075; x_wconf 77' lang='lat' dir='ltr'><strong>elatus</strong></span> <span class='ocrx_word' id='word_1_487' title='bbox 3068 2020 3438 2074; x_wconf 86' lang='lat' dir='ltr'><strong>addiditetiam</strong></span> <span class='ocrx_word' id='word_1_488' title='bbox 3465 2020 3555 2072; x_wconf 53' lang='lat' dir='ltr'><strong>hate</strong></span> <span class='ocrx_word' id='word_1_489' title='bbox 3584 2039 3592 2072; x_wconf 79' lang='grc' dir='ltr'><strong>ε</strong></span> <span class='ocrx_word' id='word_1_490' title='bbox 3615 2018 3703 2072; x_wconf 74' lang='grc' dir='ltr'><strong>Ρη)-</strong></span> 
     </span>
    </p>
   </div>
   <div class='ocr_carea' id='block_1_65' title="bbox 2251 2107 3702 2181">
    <p class='ocr_par' dir='ltr' id='par_1_65' title="bbox 2251 2107 3702 2181">
     <span class='ocr_line' id='line_1_65' title="bbox 2251 2107 3702 2181; baseline 0.003 -20"><span class='ocrx_word' id='word_1_491' title='bbox 2251 2107 2417 2177; x_wconf 89' lang='lat' dir='ltr'><strong>pitius</strong></span> <span class='ocrx_word' id='word_1_492' title='bbox 2444 2109 2601 2165; x_wconf 82' lang='lat' dir='ltr'><strong>vobis</strong></span> <span class='ocrx_word' id='word_1_493' title='bbox 2632 2109 2759 2180; x_wconf 89' lang='lat' dir='ltr'><strong>‘jam</strong></span> <span class='ocrx_word' id='word_1_494' title='bbox 2790 2126 2934 2175; x_wconf 88' lang='lat' dir='ltr'><strong>sum,</strong></span> <span class='ocrx_word' id='word_1_495' title='bbox 2978 2127 3078 2181; x_wconf 90' lang='lat' dir='ltr'><strong>pro</strong></span> <span class='ocrx_word' id='word_1_496' title='bbox 3122 2112 3313 2167; x_wconf 84' lang='lat' dir='ltr'><strong>affectu</strong></span> <span class='ocrx_word' id='word_1_497' title='bbox 3341 2127 3483 2181; x_wconf 87' lang='lat' dir='ltr'><strong>quem</strong></span> <span class='ocrx_word' id='word_1_498' title='bbox 3516 2127 3611 2181; x_wconf 82' lang='lat' dir='ltr'><strong>erga</strong></span> <span class='ocrx_word' id='word_1_499' title='bbox 3649 2127 3702 2165; x_wconf 80' lang='lat' dir='ltr'><strong>me</strong></span> 
     </span>
    </p>
   </div>
   <div class='ocr_carea' id='block_1_66' title="bbox 2252 2200 3703 2274">
    <p class='ocr_par' dir='ltr' id='par_1_66' title="bbox 2252 2200 3703 2274">
     <span class='ocr_line' id='line_1_66' title="bbox 2252 2200 3703 2274; baseline 0 -19"><span class='ocrx_word' id='word_1_500' title='bbox 2252 2200 2419 2255; x_wconf 89' lang='lat' dir='ltr'><strong>Deum</strong></span> <span class='ocrx_word' id='word_1_501' title='bbox 2442 2202 2651 2272; x_wconf 86' lang='lat' dir='ltr'><strong>geritis,</strong></span> <span class='ocrx_word' id='word_1_502' title='bbox 2678 2218 2763 2256; x_wconf 87' lang='lat' dir='ltr'><strong>me</strong></span> <span class='ocrx_word' id='word_1_503' title='bbox 2781 2200 2927 2257; x_wconf 91' lang='lat' dir='ltr'><strong>enim</strong></span> <span class='ocrx_word' id='word_1_504' title='bbox 2955 2203 3249 2274; x_wconf 84' lang='lat' dir='ltr'><strong>diligentes</strong></span> <span class='ocrx_word' id='word_1_505' title='bbox 3277 2203 3575 2265; x_wconf 74' lang='lat' dir='ltr'><strong>neseicbatis,</strong></span> <span class='ocrx_word' id='word_1_506' title='bbox 3596 2209 3633 2256; x_wconf 81' lang='lat' dir='ltr'><strong>et</strong></span> <span class='ocrx_word' id='word_1_507' title='bbox 3650 2216 3703 2255; x_wconf 81' lang='lat' dir='ltr'><strong>ne</strong></span> 
     </span>
    </p>
   </div>
   <div class='ocr_carea' id='block_1_67' title="bbox 2252 2292 3702 2364">
    <p class='ocr_par' dir='ltr' id='par_1_67' title="bbox 2252 2292 3702 2364">
     <span class='ocr_line' id='line_1_67' title="bbox 2252 2292 3702 2364; baseline -0.001 -17"><span class='ocrx_word' id='word_1_508' title='bbox 2252 2301 2559 2364; x_wconf 72' lang='lat' dir='ltr'><strong>quaerentes</strong></span> <span class='ocrx_word' id='word_1_509' title='bbox 2583 2294 2937 2363; x_wconf 87' lang='lat' dir='ltr'><strong>ignorabatis.</strong></span> <span class='ocrx_word' id='word_1_510' title='bbox 2975 2292 3082 2349; x_wconf 85' lang='lat' dir='ltr'><strong>Sed</strong></span> <span class='ocrx_word' id='word_1_511' title='bbox 3114 2296 3243 2349; x_wconf 91' lang='lat' dir='ltr'><strong>nolo</strong></span> <span class='ocrx_word' id='word_1_512' title='bbox 3262 2292 3620 2363; x_wconf 74' lang='lat' dir='ltr'><strong>dubitetis,quia</strong></span> <span class='ocrx_word' id='word_1_513' title='bbox 3640 2293 3702 2345; x_wconf 85' lang='lat' dir='ltr'><strong>hoc</strong></span> 
     </span>
    </p>
   </div>
   <div class='ocr_carea' id='block_1_68' title="bbox 2252 2384 3701 2455">
    <p class='ocr_par' dir='ltr' id='par_1_68' title="bbox 2252 2384 3701 2455">
     <span class='ocr_line' id='line_1_68' title="bbox 2252 2384 3701 2455; baseline -0.004 -14"><span class='ocrx_word' id='word_1_514' title='bbox 2252 2395 2487 2447; x_wconf 81' lang='lat' dir='ltr'><strong>estvere</strong></span> <span class='ocrx_word' id='word_1_515' title='bbox 2515 2384 2683 2439; x_wconf 91' lang='lat' dir='ltr'><strong>Deum</strong></span> <span class='ocrx_word' id='word_1_516' title='bbox 2723 2400 2865 2448; x_wconf 86' lang='lat' dir='ltr'><strong>esse,</strong></span> <span class='ocrx_word' id='word_1_517' title='bbox 2898 2398 3022 2440; x_wconf 89' lang='lat' dir='ltr'><strong>cum</strong></span> <span class='ocrx_word' id='word_1_518' title='bbox 3063 2392 3245 2455; x_wconf 88' lang='lat' dir='ltr'><strong>potest</strong></span> <span class='ocrx_word' id='word_1_519' title='bbox 3274 2386 3392 2455; x_wconf 91' lang='lat' dir='ltr'><strong>quis</strong></span> <span class='ocrx_word' id='word_1_520' title='bbox 3414 2400 3575 2455; x_wconf 84' lang='lat' dir='ltr'><strong>parvus</strong></span> <span class='ocrx_word' id='word_1_521' title='bbox 3596 2384 3701 2443; x_wconf 78' lang='lat' dir='ltr'><strong>effici,</strong></span> 
     </span>
    </p>
   </div>
   <div class='ocr_carea' id='block_1_69' title="bbox 2253 2476 3705 2548">
    <p class='ocr_par' dir='ltr' id='par_1_69' title="bbox 2253 2476 3705 2548">
     <span class='ocr_line' id='line_1_69' title="bbox 2253 2476 3705 2548; baseline -0.003 -16"><span class='ocrx_word' id='word_1_522' title='bbox 2253 2478 2338 2533; x_wconf 88' lang='lat' dir='ltr'><strong>vel</strong></span> <span class='ocrx_word' id='word_1_523' title='bbox 2370 2493 2619 2548; x_wconf 83' lang='lat' dir='ltr'><strong>magnus,</strong></span> <span class='ocrx_word' id='word_1_524' title='bbox 2672 2477 2719 2532; x_wconf 87' lang='lat' dir='ltr'><strong>si</strong></span> <span class='ocrx_word' id='word_1_525' title='bbox 2755 2477 3013 2541; x_wconf 83' lang='lat' dir='ltr'><strong>voluerit,</strong></span> <span class='ocrx_word' id='word_1_526' title='bbox 3039 2492 3169 2532; x_wconf 90' lang='lat' dir='ltr'><strong>nam</strong></span> <span class='ocrx_word' id='word_1_527' title='bbox 3213 2492 3425 2548; x_wconf 90' lang='lat' dir='ltr'><strong>quoquo</strong></span> <span class='ocrx_word' id='word_1_528' title='bbox 3451 2476 3578 2540; x_wconf 84' lang='lat' dir='ltr'><strong>modo</strong></span> <span class='ocrx_word' id='word_1_529' title='bbox 3599 2490 3705 2544; x_wconf 74' lang='lat' dir='ltr'><strong>appa-</strong></span> 
     </span>
    </p>
   </div>
   <div class='ocr_carea' id='block_1_70' title="bbox 2254 2565 3706 2639">
    <p class='ocr_par' dir='ltr' id='par_1_70' title="bbox 2254 2565 3706 2639">
     <span class='ocr_line' id='line_1_70' title="bbox 2254 2565 3706 2639; baseline -0.003 -17"><span class='ocrx_word' id='word_1_530' title='bbox 2254 2580 2375 2623; x_wconf 88' lang='lat' dir='ltr'><strong>rere</strong></span> <span class='ocrx_word' id='word_1_531' title='bbox 2410 2568 2723 2623; x_wconf 88' lang='lat' dir='ltr'><strong>hominibus</strong></span> <span class='ocrx_word' id='word_1_532' title='bbox 2745 2575 3012 2637; x_wconf 91' lang='lat' dir='ltr'><strong>poteram.</strong></span> <span class='ocrx_word' id='word_1_533' title='bbox 3042 2567 3205 2624; x_wconf 86' lang='lat' dir='ltr'><strong>Nunc</strong></span> <span class='ocrx_word' id='word_1_534' title='bbox 3229 2584 3354 2639; x_wconf 84' lang='lat' dir='ltr'><strong>ergo</strong></span> <span class='ocrx_word' id='word_1_535' title='bbox 3383 2567 3590 2635; x_wconf 85' lang='lat' dir='ltr'><strong>incipiam</strong></span> <span class='ocrx_word' id='word_1_536' title='bbox 3608 2565 3706 2617; x_wconf 67' lang='lat' dir='ltr'><strong>vobis</strong></span> 
     </span>
    </p>
   </div>
   <div class='ocr_carea' id='block_1_71' title="bbox 2256 2656 3703 2732">
    <p class='ocr_par' dir='ltr' id='par_1_71' title="bbox 2256 2656 3703 2732">
     <span class='ocr_line' id='line_1_71' title="bbox 2256 2656 3703 2732; baseline -0.008 -13"><span class='ocrx_word' id='word_1_537' title='bbox 2256 2665 2469 2732; x_wconf 81' lang='lat' dir='ltr'><strong>aperire</strong></span> <span class='ocrx_word' id='word_1_538' title='bbox 2496 2660 2641 2732; x_wconf 86' lang='lat' dir='ltr'><strong>quod</strong></span> <span class='ocrx_word' id='word_1_539' title='bbox 2668 2677 2855 2717; x_wconf 89' lang='lat' dir='ltr'><strong>verum</strong></span> <span class='ocrx_word' id='word_1_540' title='bbox 2884 2668 2988 2717; x_wconf 85' lang='lat' dir='ltr'><strong>est.</strong></span> <span class='ocrx_word' id='word_1_541' title='bbox 3033 2661 3150 2732; x_wconf 85' lang='lat' dir='ltr'><strong>Ego</strong></span> <span class='ocrx_word' id='word_1_542' title='bbox 3179 2662 3375 2715; x_wconf 86' lang='lat' dir='ltr'><strong>virtute</strong></span> <span class='ocrx_word' id='word_1_543' title='bbox 3417 2674 3518 2714; x_wconf 85' lang='lat' dir='ltr'><strong>mea</strong></span> <span class='ocrx_word' id='word_1_544' title='bbox 3547 2656 3703 2728; x_wconf 80' lang='lat' dir='ltr'><strong>quodam</strong></span> 
     </span>
    </p>
   </div>
   <div class='ocr_carea' id='block_1_72' title="bbox 2258 2750 3706 2823">
    <p class='ocr_par' dir='ltr' id='par_1_72' title="bbox 2258 2750 3706 2823">
     <span class='ocr_line' id='line_1_72' title="bbox 2258 2750 3706 2823; baseline -0.007 -15"><span class='ocrx_word' id='word_1_545' title='bbox 2258 2762 2500 2823; x_wconf 91' lang='lat' dir='ltr'><strong>tempore</strong></span> <span class='ocrx_word' id='word_1_546' title='bbox 2540 2769 2721 2808; x_wconf 89' lang='lat' dir='ltr'><strong>aerem</strong></span> <span class='ocrx_word' id='word_1_547' title='bbox 2760 2760 2981 2807; x_wconf 90' lang='lat' dir='ltr'><strong>vertens</strong></span> <span class='ocrx_word' id='word_1_548' title='bbox 3025 2753 3079 2807; x_wconf 90' lang='lat' dir='ltr'><strong>in</strong></span> <span class='ocrx_word' id='word_1_549' title='bbox 3134 2768 3327 2823; x_wconf 88' lang='lat' dir='ltr'><strong>aquam</strong></span> <span class='ocrx_word' id='word_1_550' title='bbox 3347 2750 3469 2820; x_wconf 77' lang='lat'><strong>(70).</strong></span> <span class='ocrx_word' id='word_1_551' title='bbox 3503 2758 3544 2804; x_wconf 88' lang='lat' dir='ltr'><strong>et</strong></span> <span class='ocrx_word' id='word_1_552' title='bbox 3580 2762 3706 2817; x_wconf 74' lang='lat' dir='ltr'><strong>aquai:</strong></span> 
     </span>
    </p>
   </div>
   <div class='ocr_carea' id='block_1_73' title="bbox 2259 2844 3707 2916">
    <p class='ocr_par' dir='ltr' id='par_1_73' title="bbox 2259 2844 3707 2916">
     <span class='ocr_line' id='line_1_73' title="bbox 2259 2844 3707 2916; baseline -0.006 -17"><span class='ocrx_word' id='word_1_553' title='bbox 2259 2858 2455 2899; x_wconf 90' lang='lat' dir='ltr'><strong>rursus</strong></span> <span class='ocrx_word' id='word_1_554' title='bbox 2482 2845 2537 2898; x_wconf 89' lang='lat' dir='ltr'><strong>in</strong></span> <span class='ocrx_word' id='word_1_555' title='bbox 2561 2845 2904 2915; x_wconf 89' lang='lat' dir='ltr'><strong>sanguinem,</strong></span> <span class='ocrx_word' id='word_1_556' title='bbox 2942 2859 3277 2916; x_wconf 88' lang='lat' dir='ltr'><strong>carnemque</strong></span> <span class='ocrx_word' id='word_1_557' title='bbox 3317 2844 3548 2903; x_wconf 84' lang='lat' dir='ltr'><strong>solidans,</strong></span> <span class='ocrx_word' id='word_1_558' title='bbox 3574 2852 3707 2894; x_wconf 77' lang='lat' dir='ltr'><strong>novum</strong></span> 
     </span>
    </p>
   </div>
   <div class='ocr_carea' id='block_1_74' title="bbox 2260 2923 3709 3004">
    <p class='ocr_par' dir='ltr' id='par_1_74' title="bbox 2260 2923 3709 3004">
     <span class='ocr_line' id='line_1_74' title="bbox 2260 2923 3709 3004; baseline -0.007 -17"><span class='ocrx_word' id='word_1_559' title='bbox 2260 2934 2535 2988; x_wconf 88' lang='lat' dir='ltr'><strong>hominem</strong></span> <span class='ocrx_word' id='word_1_560' title='bbox 2580 2948 2809 3004; x_wconf 88' lang='lat' dir='ltr'><strong>puerum</strong></span> <span class='ocrx_word' id='word_1_561' title='bbox 2844 2931 3097 2996; x_wconf 79' lang='lat' dir='ltr'><strong>formavi,</strong></span> <span class='ocrx_word' id='word_1_562' title='bbox 3147 2942 3202 2987; x_wconf 92' lang='lat' dir='ltr'><strong>et</strong></span> <span class='ocrx_word' id='word_1_563' title='bbox 3224 2945 3357 3001; x_wconf 86' lang='lat' dir='ltr'><strong>opus</strong></span> <span class='ocrx_word' id='word_1_564' title='bbox 3386 2928 3607 2985; x_wconf 81' lang='lat' dir='ltr'><strong>conditore</strong></span> <span class='ocrx_word' id='word_1_565' title='bbox 3634 2923 3709 2977; x_wconf 75' lang='lat' dir='ltr'><strong>Deo</strong></span> 
     </span>
    </p>
   </div>
   <div class='ocr_carea' id='block_1_75' title="bbox 2260 3017 3711 3094">
    <p class='ocr_par' dir='ltr' id='par_1_75' title="bbox 2260 3017 3711 3094">
     <span class='ocr_line' id='line_1_75' title="bbox 2260 3017 3711 3094; baseline -0.008 -15"><span class='ocrx_word' id='word_1_566' title='bbox 2260 3025 2432 3080; x_wconf 88' lang='lat' dir='ltr'><strong>multo</strong></span> <span class='ocrx_word' id='word_1_567' title='bbox 2471 3024 2713 3079; x_wconf 89' lang='lat' dir='ltr'><strong>nobilius</strong></span> <span class='ocrx_word' id='word_1_568' title='bbox 2744 3024 2963 3094; x_wconf 87' lang='lat' dir='ltr'><strong>protuli.</strong></span> <span class='ocrx_word' id='word_1_569' title='bbox 3005 3022 3101 3079; x_wconf 91' lang='lat' dir='ltr'><strong>llle</strong></span> <span class='ocrx_word' id='word_1_570' title='bbox 3144 3024 3289 3079; x_wconf 92' lang='lat' dir='ltr'><strong>enim</strong></span> <span class='ocrx_word' id='word_1_571' title='bbox 3316 3017 3711 3077; x_wconf 73' lang='lat' dir='ltr'><strong>creavithominen</strong></span> 
     </span>
    </p>
   </div>
   <div class='ocr_carea' id='block_1_76' title="bbox 2259 3110 3710 3185">
    <p class='ocr_par' dir='ltr' id='par_1_76' title="bbox 2259 3110 3710 3185">
     <span class='ocr_line' id='line_1_76' title="bbox 2259 3110 3710 3185; baseline -0.006 -19"><span class='ocrx_word' id='word_1_572' title='bbox 2259 3131 2289 3166; x_wconf 87' lang='lat' dir='ltr'><strong>e</strong></span> <span class='ocrx_word' id='word_1_573' title='bbox 2330 3122 2499 3181; x_wconf 87' lang='lat' dir='ltr'><strong>terra,</strong></span> <span class='ocrx_word' id='word_1_574' title='bbox 2530 3129 2631 3185; x_wconf 88' lang='lat' dir='ltr'><strong>ego</strong></span> <span class='ocrx_word' id='word_1_575' title='bbox 2661 3110 2879 3178; x_wconf 80' lang='lat' dir='ltr'><strong>autem,</strong></span> <span class='ocrx_word' id='word_1_576' title='bbox 2927 3113 3074 3184; x_wconf 88' lang='lat' dir='ltr'><strong>quod</strong></span> <span class='ocrx_word' id='word_1_577' title='bbox 3095 3122 3186 3169; x_wconf 89' lang='lat' dir='ltr'><strong>est</strong></span> <span class='ocrx_word' id='word_1_578' title='bbox 3230 3111 3502 3173; x_wconf 90' lang='lat' dir='ltr'><strong>dicilius,</strong></span> <span class='ocrx_word' id='word_1_579' title='bbox 3530 3124 3579 3163; x_wconf 80' lang='lat' dir='ltr'><strong>ex</strong></span> <span class='ocrx_word' id='word_1_580' title='bbox 3616 3119 3710 3166; x_wconf 77' lang='lat' dir='ltr'><strong>aere,</strong></span> 
     </span>
    </p>
   </div>
   <div class='ocr_carea' id='block_1_77' title="bbox 2259 3195 3715 3278">
    <p class='ocr_par' dir='ltr' id='par_1_77' title="bbox 2259 3195 3715 3278">
     <span class='ocr_line' id='line_1_77' title="bbox 2259 3195 3715 3278; baseline -0.009 -18"><span class='ocrx_word' id='word_1_581' title='bbox 2259 3222 2529 3278; x_wconf 88' lang='lat' dir='ltr'><strong>quemque</strong></span> <span class='ocrx_word' id='word_1_582' title='bbox 2577 3222 2771 3262; x_wconf 88' lang='lat' dir='ltr'><strong>rursus</strong></span> <span class='ocrx_word' id='word_1_583' title='bbox 2821 3206 3102 3261; x_wconf 88' lang='lat' dir='ltr'><strong>resolvens</strong></span> <span class='ocrx_word' id='word_1_584' title='bbox 3154 3205 3267 3260; x_wconf 89' lang='lat' dir='ltr'><strong>aeri</strong></span> <span class='ocrx_word' id='word_1_585' title='bbox 3314 3201 3521 3263; x_wconf 82' lang='lat' dir='ltr'><strong>reddidi,</strong></span> <span class='ocrx_word' id='word_1_586' title='bbox 3554 3195 3715 3268; x_wconf 71' lang='lat' dir='ltr'><strong>speciem</strong></span> 
     </span>
    </p>
   </div>
   <div class='ocr_carea' id='block_1_78' title="bbox 2261 3292 3714 3369">
    <p class='ocr_par' dir='ltr' id='par_1_78' title="bbox 2261 3292 3714 3369">
     <span class='ocr_line' id='line_1_78' title="bbox 2261 3292 3714 3369; baseline -0.012 -14"><span class='ocrx_word' id='word_1_587' title='bbox 2261 3310 2440 3355; x_wconf 90' lang='lat' dir='ltr'><strong>tamen</strong></span> <span class='ocrx_word' id='word_1_588' title='bbox 2472 3299 2591 3369; x_wconf 90' lang='lat' dir='ltr'><strong>ejus</strong></span> <span class='ocrx_word' id='word_1_589' title='bbox 2629 3299 3027 3369; x_wconf 82' lang='lat' dir='ltr'><strong>imaginemque</strong></span> <span class='ocrx_word' id='word_1_590' title='bbox 3044 3298 3318 3368; x_wconf 81' lang='lat' dir='ltr'><strong>depictam</strong></span> <span class='ocrx_word' id='word_1_591' title='bbox 3352 3296 3404 3350; x_wconf 90' lang='lat' dir='ltr'><strong>in</strong></span> <span class='ocrx_word' id='word_1_592' title='bbox 3427 3292 3633 3349; x_wconf 84' lang='lat' dir='ltr'><strong>interiore</strong></span> <span class='ocrx_word' id='word_1_593' title='bbox 3651 3302 3714 3340; x_wconf 49' lang='lat' dir='ltr'><strong>cu‘</strong></span> 
     </span>
    </p>
   </div>
   <div class='ocr_carea' id='block_1_79' title="bbox 2260 3379 3717 3456">
    <p class='ocr_par' dir='ltr' id='par_1_79' title="bbox 2260 3379 3717 3456">
     <span class='ocr_line' id='line_1_79' title="bbox 2260 3379 3717 3456; baseline -0.008 -8"><span class='ocrx_word' id='word_1_594' title='bbox 2260 3392 2442 3448; x_wconf 88' lang='lat' dir='ltr'><strong>biculo</strong></span> <span class='ocrx_word' id='word_1_595' title='bbox 2486 3392 2770 3456; x_wconf 89' lang='lat' dir='ltr'><strong>collocavi,</strong></span> <span class='ocrx_word' id='word_1_596' title='bbox 2822 3401 2879 3445; x_wconf 88' lang='lat' dir='ltr'><strong>ut</strong></span> <span class='ocrx_word' id='word_1_597' title='bbox 2919 3399 3067 3447; x_wconf 88' lang='lat' dir='ltr'><strong>esset</strong></span> <span class='ocrx_word' id='word_1_598' title='bbox 3128 3390 3389 3446; x_wconf 80' lang='lat' dir='ltr'><strong>indicium</strong></span> <span class='ocrx_word' id='word_1_599' title='bbox 3440 3400 3494 3441; x_wconf 91' lang='lat' dir='ltr'><strong>ac</strong></span> <span class='ocrx_word' id='word_1_600' title='bbox 3535 3379 3717 3438; x_wconf 72' lang='lat' dir='ltr'><strong>memmi!</strong></span> 
     </span>
    </p>
   </div>
   <div class='ocr_carea' id='block_1_80' title="bbox 2260 3473 3717 3555">
    <p class='ocr_par' dir='ltr' id='par_1_80' title="bbox 2260 3473 3717 3555">
     <span class='ocr_line' id='line_1_80' title="bbox 2260 3473 3717 3555; baseline -0.012 -15"><span class='ocrx_word' id='word_1_601' title='bbox 2260 3485 2444 3555; x_wconf 85' lang='lat' dir='ltr'><strong>operis</strong></span> <span class='ocrx_word' id='word_1_602' title='bbox 2477 3486 2607 3540; x_wconf 90' lang='lat' dir='ltr'><strong>mei.</strong></span> <span class='ocrx_word' id='word_1_603' title='bbox 2636 3483 2762 3538; x_wconf 66' lang='lat' dir='ltr'><strong>Ilaec</strong></span> <span class='ocrx_word' id='word_1_604' title='bbox 2793 3492 2973 3537; x_wconf 89' lang='lat' dir='ltr'><strong>autem</strong></span> <span class='ocrx_word' id='word_1_605' title='bbox 3020 3482 3450 3553; x_wconf 84' lang='lat' dir='ltr'><strong>intelligebamus</strong></span> <span class='ocrx_word' id='word_1_606' title='bbox 3482 3491 3579 3532; x_wconf 87' lang='lat' dir='ltr'><strong>eum</strong></span> <span class='ocrx_word' id='word_1_607' title='bbox 3597 3473 3717 3527; x_wconf 72' lang='lat' dir='ltr'><strong>dicere</strong></span> 
     </span>
    </p>
   </div>
   <div class='ocr_carea' id='block_1_81' title="bbox 2260 3567 3717 3647">
    <p class='ocr_par' dir='ltr' id='par_1_81' title="bbox 2260 3567 3717 3647">
     <span class='ocr_line' id='line_1_81' title="bbox 2260 3567 3717 3647; baseline -0.015 -14"><span class='ocrx_word' id='word_1_608' title='bbox 2260 3592 2360 3647; x_wconf 90' lang='lat' dir='ltr'><strong>pro</strong></span> <span class='ocrx_word' id='word_1_609' title='bbox 2390 3590 2558 3646; x_wconf 90' lang='lat' dir='ltr'><strong>puero</strong></span> <span class='ocrx_word' id='word_1_610' title='bbox 2602 3575 2715 3639; x_wconf 91' lang='lat' dir='ltr'><strong>illo,</strong></span> <span class='ocrx_word' id='word_1_611' title='bbox 2754 3574 2913 3644; x_wconf 86' lang='lat' dir='ltr'><strong>cujus</strong></span> <span class='ocrx_word' id='word_1_612' title='bbox 2952 3574 3004 3627; x_wconf 84' lang='lat' dir='ltr'><strong>vi</strong></span> <span class='ocrx_word' id='word_1_613' title='bbox 3049 3574 3233 3629; x_wconf 87' lang='lat' dir='ltr'><strong>necati</strong></span> <span class='ocrx_word' id='word_1_614' title='bbox 3269 3572 3458 3632; x_wconf 88' lang='lat' dir='ltr'><strong>anima,</strong></span> <span class='ocrx_word' id='word_1_615' title='bbox 3484 3567 3539 3621; x_wconf 86' lang='lat' dir='ltr'><strong>ad</strong></span> <span class='ocrx_word' id='word_1_616' title='bbox 3563 3579 3611 3619; x_wconf 82' lang='lat' dir='ltr'><strong>ea</strong></span> <span class='ocrx_word' id='word_1_617' title='bbox 3640 3575 3717 3631; x_wconf 73' lang='lat' dir='ltr'><strong>qua:</strong></span> 
     </span>
    </p>
   </div>
   <div class='ocr_carea' id='block_1_82' title="bbox 2260 3664 3134 3729">
    <p class='ocr_par' dir='ltr' id='par_1_82' title="bbox 2260 3664 3134 3729">
     <span class='ocr_line' id='line_1_82' title="bbox 2260 3664 3134 3729; baseline 0 -9"><span class='ocrx_word' id='word_1_618' title='bbox 2260 3666 2474 3720; x_wconf 85' lang='lat' dir='ltr'><strong>volebat</strong></span> <span class='ocrx_word' id='word_1_619' title='bbox 2506 3664 2829 3729; x_wconf 89' lang='lat' dir='ltr'><strong>ministeria,</strong></span> <span class='ocrx_word' id='word_1_620' title='bbox 2859 3665 3134 3720; x_wconf 90' lang='lat' dir='ltr'><strong>utebatur.</strong></span> 
     </span>
    </p>
   </div>
   <div class='ocr_carea' id='block_1_83' title="bbox 2368 3742 3718 3816">
    <p class='ocr_par' dir='ltr' id='par_1_83' title="bbox 2368 3742 3718 3816">
     <span class='ocr_line' id='line_1_83' title="bbox 2368 3742 3718 3816; baseline -0.004 -6"><span class='ocrx_word' id='word_1_621' title='bbox 2368 3757 2505 3812; x_wconf 81' lang='lat' dir='ltr'><strong>XVI.</strong></span> <span class='ocrx_word' id='word_1_622' title='bbox 2545 3757 2740 3812; x_wconf 89' lang='lat' dir='ltr'><strong>Petrus</strong></span> <span class='ocrx_word' id='word_1_623' title='bbox 2786 3772 2917 3811; x_wconf 88' lang='lat' dir='ltr'><strong>vero</strong></span> <span class='ocrx_word' id='word_1_624' title='bbox 2946 3757 3062 3812; x_wconf 77' lang='lat' dir='ltr'><strong>hzec</strong></span> <span class='ocrx_word' id='word_1_625' title='bbox 3107 3757 3339 3811; x_wconf 82' lang='lat' dir='ltr'><strong>audiens</strong></span> <span class='ocrx_word' id='word_1_626' title='bbox 3396 3766 3504 3808; x_wconf 90' lang='lat' dir='ltr'><strong>cum</strong></span> <span class='ocrx_word' id='word_1_627' title='bbox 3543 3742 3718 3816; x_wconf 58' lang='lat' dir='ltr'><strong>lacrimis</strong></span> 
     </span>
    </p>
   </div>
   <div class='ocr_carea' id='block_1_84' title="bbox 2264 3839 3721 3914">
    <p class='ocr_par' dir='ltr' id='par_1_84' title="bbox 2264 3839 3721 3914">
     <span class='ocr_line' id='line_1_84' title="bbox 2264 3839 3721 3914; baseline -0.006 -11"><span class='ocrx_word' id='word_1_628' title='bbox 2264 3849 2376 3903; x_wconf 88' lang='lat' dir='ltr'><strong>ait:</strong></span> <span class='ocrx_word' id='word_1_629' title='bbox 2408 3849 2577 3903; x_wconf 76' lang='lat' dir='ltr'><strong>Miror</strong></span> <span class='ocrx_word' id='word_1_630' title='bbox 2608 3848 2899 3904; x_wconf 86' lang='lat' dir='ltr'><strong>admodum</strong></span> <span class='ocrx_word' id='word_1_631' title='bbox 2931 3850 3259 3903; x_wconf 86' lang='lat' dir='ltr'><strong>immensam</strong></span> <span class='ocrx_word' id='word_1_632' title='bbox 3294 3846 3383 3900; x_wconf 90' lang='lat' dir='ltr'><strong>Dei</strong></span> <span class='ocrx_word' id='word_1_633' title='bbox 3413 3839 3721 3914; x_wconf 56' lang='lat' dir='ltr'><strong>patientiamd‘l</strong></span> 
     </span>
    </p>
   </div>
   <div class='ocr_carea' id='block_1_85' title="bbox 2262 3925 3723 4003">
    <p class='ocr_par' dir='ltr' id='par_1_85' title="bbox 2262 3925 3723 4003">
     <span class='ocr_line' id='line_1_85' title="bbox 2262 3925 3723 4003; baseline -0.017 -4"><span class='ocrx_word' id='word_1_634' title='bbox 2262 3958 2294 3999; x_wconf 89' lang='lat' dir='ltr'><strong>e</strong></span> <span class='ocrx_word' id='word_1_635' title='bbox 2324 3941 2603 4003; x_wconf 84' lang='lat' dir='ltr'><strong>contrario</strong></span> <span class='ocrx_word' id='word_1_636' title='bbox 2628 3940 2682 3994; x_wconf 92' lang='lat' dir='ltr'><strong>in</strong></span> <span class='ocrx_word' id='word_1_637' title='bbox 2710 3942 2988 3996; x_wconf 90' lang='lat' dir='ltr'><strong>nonnullis</strong></span> <span class='ocrx_word' id='word_1_638' title='bbox 3017 3942 3273 3995; x_wconf 63' lang='lat' dir='ltr'><strong>humanae</strong></span> <span class='ocrx_word' id='word_1_639' title='bbox 3302 3932 3583 3993; x_wconf 85' lang='lat' dir='ltr'><strong>temeritatis</strong></span> <span class='ocrx_word' id='word_1_640' title='bbox 3612 3925 3723 3980; x_wconf 79' lang='lat' dir='ltr'><strong>auda-</strong></span> 
     </span>
    </p>
   </div>
   <div class='ocr_carea' id='block_1_86' title="bbox 2264 4012 3723 4099">
    <p class='ocr_par' dir='ltr' id='par_1_86' title="bbox 2264 4012 3723 4099">
     <span class='ocr_line' id='line_1_86' title="bbox 2264 4012 3723 4099; baseline -0.008 -11"><span class='ocrx_word' id='word_1_641' title='bbox 2264 4035 2424 4088; x_wconf 88' lang='lat' dir='ltr'><strong>ciam.</strong></span> <span class='ocrx_word' id='word_1_642' title='bbox 2452 4031 2583 4099; x_wconf 73' lang='lat' dir='ltr'><strong>Qute</strong></span> <span class='ocrx_word' id='word_1_643' title='bbox 2607 4033 2751 4086; x_wconf 90' lang='lat' dir='ltr'><strong>enim</strong></span> <span class='ocrx_word' id='word_1_644' title='bbox 2775 4032 2915 4086; x_wconf 83' lang='lat' dir='ltr'><strong>ratio</strong></span> <span class='ocrx_word' id='word_1_645' title='bbox 2937 4031 3169 4086; x_wconf 87' lang='lat' dir='ltr'><strong>inveniri</strong></span> <span class='ocrx_word' id='word_1_646' title='bbox 3197 4031 3336 4084; x_wconf 86' lang='lat' dir='ltr'><strong>ultra</strong></span> <span class='ocrx_word' id='word_1_647' title='bbox 3367 4025 3555 4098; x_wconf 86' lang='lat' dir='ltr'><strong>poterit,</strong></span> <span class='ocrx_word' id='word_1_648' title='bbox 3574 4032 3658 4088; x_wconf 63' lang='lat' dir='ltr'><strong>quae</strong></span> <span class='ocrx_word' id='word_1_649' title='bbox 3672 4012 3723 4064; x_wconf 56' lang='grc' dir='ltr'><strong>εἷ’</strong></span> 
     </span>
    </p>
   </div>
   <div class='ocr_carea' id='block_1_87' title="bbox 2265 4106 3724 4193">
    <p class='ocr_par' dir='ltr' id='par_1_87' title="bbox 2265 4106 3724 4193">
     <span class='ocr_line' id='line_1_87' title="bbox 2265 4106 3724 4193; baseline -0.013 -14"><span class='ocrx_word' id='word_1_650' title='bbox 2265 4124 2414 4179; x_wconf 91' lang='lat' dir='ltr'><strong>moni</strong></span> <span class='ocrx_word' id='word_1_651' title='bbox 2445 4124 2691 4187; x_wconf 86' lang='lat' dir='ltr'><strong>suadeat,</strong></span> <span class='ocrx_word' id='word_1_652' title='bbox 2721 4124 2863 4193; x_wconf 89' lang='lat' dir='ltr'><strong>quod</strong></span> <span class='ocrx_word' id='word_1_653' title='bbox 2896 4123 3034 4178; x_wconf 89' lang='lat' dir='ltr'><strong>Deus</strong></span> <span class='ocrx_word' id='word_1_654' title='bbox 3056 4122 3268 4191; x_wconf 89' lang='lat' dir='ltr'><strong>judicet</strong></span> <span class='ocrx_word' id='word_1_655' title='bbox 3288 4120 3515 4189; x_wconf 89' lang='lat' dir='ltr'><strong>iniquos;</strong></span> <span class='ocrx_word' id='word_1_656' title='bbox 3537 4125 3628 4164; x_wconf 81' lang='lat' dir='ltr'><strong>cum</strong></span> <span class='ocrx_word' id='word_1_657' title='bbox 3650 4106 3724 4173; x_wconf 73' lang='lat' dir='ltr'><strong>ipse</strong></span> 
     </span>
    </p>
   </div>
   <div class='ocr_carea' id='block_1_88' title="bbox 2267 4197 3725 4287">
    <p class='ocr_par' dir='ltr' id='par_1_88' title="bbox 2267 4197 3725 4287">
     <span class='ocr_line' id='line_1_88' title="bbox 2267 4197 3725 4287; baseline -0.016 -16"><span class='ocrx_word' id='word_1_658' title='bbox 2267 4217 2370 4272; x_wconf 89' lang='lat' dir='ltr'><strong>sibi</strong></span> <span class='ocrx_word' id='word_1_659' title='bbox 2405 4215 2719 4287; x_wconf 88' lang='lat' dir='ltr'><strong>persuadet,</strong></span> <span class='ocrx_word' id='word_1_660' title='bbox 2745 4215 2888 4285; x_wconf 91' lang='lat' dir='ltr'><strong>quod</strong></span> <span class='ocrx_word' id='word_1_661' title='bbox 2912 4215 3221 4267; x_wconf 90' lang='lat' dir='ltr'><strong>animarum</strong></span> <span class='ocrx_word' id='word_1_662' title='bbox 3242 4208 3522 4267; x_wconf 77' lang='lat' dir='ltr'><strong>obedientia</strong></span> <span class='ocrx_word' id='word_1_663' title='bbox 3544 4201 3593 4255; x_wconf 83' lang='lat' dir='ltr'><strong>ad</strong></span> <span class='ocrx_word' id='word_1_664' title='bbox 3612 4197 3725 4252; x_wconf 77' lang='lat' dir='ltr'><strong>scele-</strong></span> 
     </span>
    </p>
   </div>
   <div class='ocr_carea' id='block_1_89' title="bbox 2267 4300 3723 4364">
    <p class='ocr_par' dir='ltr' id='par_1_89' title="bbox 2267 4300 3723 4364">
     <span class='ocr_line' id='line_1_89' title="bbox 2267 4300 3723 4364; baseline -0.015 -2"><span class='ocrx_word' id='word_1_665' title='bbox 2267 4324 2389 4364; x_wconf 90' lang='lat' dir='ltr'><strong>rum</strong></span> <span class='ocrx_word' id='word_1_666' title='bbox 2414 4323 2638 4364; x_wconf 90' lang='lat' dir='ltr'><strong>suorum</strong></span> <span class='ocrx_word' id='word_1_667' title='bbox 2670 4315 2855 4362; x_wconf 92' lang='lat' dir='ltr'><strong>utatur</strong></span> <span class='ocrx_word' id='word_1_668' title='bbox 2898 4304 3304 4361; x_wconf 89' lang='lat' dir='ltr'><strong>ministerium?</strong></span> <span class='ocrx_word' id='word_1_669' title='bbox 3330 4319 3384 4357; x_wconf 90' lang='lat' dir='ltr'><strong>re</strong></span> <span class='ocrx_word' id='word_1_670' title='bbox 3429 4306 3577 4354; x_wconf 84' lang='lat' dir='ltr'><strong>autem</strong></span> <span class='ocrx_word' id='word_1_671' title='bbox 3603 4300 3723 4343; x_wconf 68' lang='lat' dir='ltr'><strong>vera:</strong></span> 
     </span>
    </p>
   </div>
   <div class='ocr_carea' id='block_1_90' title="bbox 608 4389 3725 4481">
    <p class='ocr_par' dir='ltr' id='par_1_90' title="bbox 608 4389 3725 4481">
     <span class='ocr_line' id='line_1_90' title="bbox 608 4389 3725 4481; baseline -0.008 -21"><span class='ocrx_word' id='word_1_672' title='bbox 608 4406 923 4461; x_wconf 89' lang='lat' dir='ltr'><strong>conveniret</strong></span> <span class='ocrx_word' id='word_1_673' title='bbox 951 4418 1073 4458; x_wconf 90' lang='lat' dir='ltr'><strong>cum</strong></span> <span class='ocrx_word' id='word_1_674' title='bbox 1102 4417 1168 4458; x_wconf 92' lang='lat' dir='ltr'><strong>eo</strong></span> <span class='ocrx_word' id='word_1_675' title='bbox 1196 4401 1331 4471; x_wconf 88' lang='lat'><strong>(69),</strong></span> <span class='ocrx_word' id='word_1_676' title='bbox 1375 4400 1553 4454; x_wconf 89' lang='lat' dir='ltr'><strong>adhuc</strong></span> <span class='ocrx_word' id='word_1_677' title='bbox 1588 4400 1740 4469; x_wconf 87' lang='lat' dir='ltr'><strong>virgo</strong></span> <span class='ocrx_word' id='word_1_678' title='bbox 1762 4397 2013 4468; x_wconf 77' lang='lat' dir='ltr'><strong>concepit</strong></span> <span class='ocrx_word' id='word_1_679' title='bbox 2056 4412 2163 4458; x_wconf 91' lang='lat' dir='ltr'><strong>me,</strong></span> <span class='ocrx_word' id='word_1_680' title='bbox 2202 4428 2243 4481; x_wconf 67' lang='grc' dir='ltr'>υ</span> <span class='ocrx_word' id='word_1_681' title='bbox 2268 4401 2608 4457; x_wconf 65' lang='lat' dir='ltr'><strong>daemonibus</strong></span> <span class='ocrx_word' id='word_1_682' title='bbox 2638 4399 2881 4455; x_wconf 91' lang='lat' dir='ltr'><strong>illuditur</strong></span> <span class='ocrx_word' id='word_1_683' title='bbox 2900 4416 2914 4465; x_wconf 91' lang='lat'><strong>;</strong></span> <span class='ocrx_word' id='word_1_684' title='bbox 2936 4396 3177 4451; x_wconf 77' lang='lat' dir='ltr'><strong>tamen&quot;</strong></span> <span class='ocrx_word' id='word_1_685' title='bbox 3194 4412 3317 4451; x_wconf 90' lang='lat' dir='ltr'><strong>cum</strong></span> <span class='ocrx_word' id='word_1_686' title='bbox 3335 4389 3634 4464; x_wconf 64' lang='lat' dir='ltr'><strong>perhacipsa</strong></span> <span class='ocrx_word' id='word_1_687' title='bbox 3648 4394 3725 4432; x_wconf 80' lang='lat' dir='ltr'><strong>cer-</strong></span> 
     </span>
    </p>
   </div>
   <div class='ocr_carea' id='block_1_91' title="bbox 713 4529 2209 4601">
    <p class='ocr_par' dir='ltr' id='par_1_91' title="bbox 713 4529 2209 4601">
     <span class='ocr_line' id='line_1_91' title="bbox 713 4529 2209 4601; baseline -0.006 -3"><span class='ocrx_word' id='word_1_688' title='bbox 713 4547 755 4578; x_wconf 80' lang='lat'><strong>&quot;</strong></span> <span class='ocrx_word' id='word_1_689' title='bbox 798 4543 990 4598; x_wconf 81' lang='lat' dir='ltr'><strong>Tamen</strong></span> <span class='ocrx_word' id='word_1_690' title='bbox 1030 4570 1098 4579; x_wconf 93' lang='lat'><strong>—</strong></span> <span class='ocrx_word' id='word_1_691' title='bbox 1125 4537 1475 4592; x_wconf 81' lang='lat' dir='ltr'><strong>substantiam</strong></span> <span class='ocrx_word' id='word_1_692' title='bbox 1510 4535 1708 4591; x_wconf 88' lang='lat' dir='ltr'><strong>desunt</strong></span> <span class='ocrx_word' id='word_1_693' title='bbox 1752 4534 1806 4587; x_wconf 92' lang='lat' dir='ltr'><strong>in</strong></span> <span class='ocrx_word' id='word_1_694' title='bbox 1836 4531 1993 4587; x_wconf 91' lang='lat' dir='ltr'><strong>codd.</strong></span> <span class='ocrx_word' id='word_1_695' title='bbox 2033 4529 2209 4601; x_wconf 76' lang='lat' dir='ltr'><strong>Li‘pss.</strong></span> 
     </span>
    </p>
   </div>
   <div class='ocr_carea' id='block_1_92' title="bbox 1868 4641 2500 4705">
    <p class='ocr_par' dir='ltr' id='par_1_92' title="bbox 1868 4641 2500 4705">
     <span class='ocr_line' id='line_1_92' title="bbox 1868 4641 2500 4705; baseline -0.009 0"><span class='ocrx_word' id='word_1_696' title='bbox 1868 4647 2231 4705; x_wconf 79' lang='lat' dir='ltr'><strong>COTELERII</strong></span> <span class='ocrx_word' id='word_1_697' title='bbox 2270 4641 2500 4701; x_wconf 68' lang='lat' dir='ltr'><strong>NOTE.</strong></span> 
     </span>
    </p>
   </div>
   <div class='ocr_carea' id='block_1_93' title="bbox 644 4763 2173 4837">
    <p class='ocr_par' dir='ltr' id='par_1_93' title="bbox 644 4763 2173 4837">
     <span class='ocr_line' id='line_1_93' title="bbox 644 4763 2173 4837; baseline -0.013 0"><span class='ocrx_word' id='word_1_698' title='bbox 644 4797 703 4837; x_wconf 88' lang='lat' dir='ltr'><strong>ra</strong></span> <span class='ocrx_word' id='word_1_699' title='bbox 735 4776 905 4833; x_wconf 66' lang='lat' dir='ltr'><strong>reldto</strong></span> <span class='ocrx_word' id='word_1_700' title='bbox 939 4789 1062 4827; x_wconf 90' lang='lat' dir='ltr'><strong>eum</strong></span> <span class='ocrx_word' id='word_1_701' title='bbox 1105 4770 1436 4828; x_wconf 88' lang='lat' dir='ltr'><strong>testimoniis</strong></span> <span class='ocrx_word' id='word_1_702' title='bbox 1478 4778 1718 4821; x_wconf 82' lang='lat' dir='ltr'><strong>veterum</strong></span> <span class='ocrx_word' id='word_1_703' title='bbox 1757 4784 1768 4820; x_wconf 76' lang='grc' dir='ltr'><strong>ε</strong></span> <span class='ocrx_word' id='word_1_704' title='bbox 1806 4765 1972 4837; x_wconf 80' lang='lat' dir='ltr'><strong>Atque</strong></span> <span class='ocrx_word' id='word_1_705' title='bbox 2006 4763 2173 4819; x_wconf 83' lang='lat' dir='ltr'><strong>Simo-</strong></span> 
     </span>
    </p>
   </div>
   <div class='ocr_carea' id='block_1_94' title="bbox 610 4837 2173 4910">
    <p class='ocr_par' dir='ltr' id='par_1_94' title="bbox 610 4837 2173 4910">
     <span class='ocr_line' id='line_1_94' title="bbox 610 4837 2173 4910; baseline -0.012 -5"><span class='ocrx_word' id='word_1_706' title='bbox 610 4837 712 4910; x_wconf 63' lang='lat' dir='ltr'><strong>;iire</strong></span> <span class='ocrx_word' id='word_1_707' title='bbox 756 4847 1023 4910; x_wconf 73' lang='lat' dir='ltr'><strong>(etM/eras</strong></span> <span class='ocrx_word' id='word_1_708' title='bbox 1067 4841 1439 4897; x_wconf 74' lang='lat' dir='ltr'><strong>necromantia:</strong></span> <span class='ocrx_word' id='word_1_709' title='bbox 1481 4837 1753 4910; x_wconf 83' lang='lat' dir='ltr'><strong>labrusc_as</strong></span> <span class='ocrx_word' id='word_1_710' title='bbox 1798 4837 2066 4910; x_wconf 27' lang='lat' dir='ltr'><strong>radicitus.</strong></span> <span class='ocrx_word' id='word_1_711' title='bbox 2082 4849 2173 4887; x_wconf 72' lang='lat' dir='ltr'><strong>e1:-</strong></span> 
     </span>
    </p>
   </div>
   <div class='ocr_carea' id='block_1_95' title="bbox 609 4905 2175 4990">
    <p class='ocr_par' dir='ltr' id='par_1_95' title="bbox 609 4905 2175 4990">
     <span class='ocr_line' id='line_1_95' title="bbox 609 4905 2175 4990; baseline -0.014 -12"><span class='ocrx_word' id='word_1_712' title='bbox 609 4905 939 4990; x_wconf 25' lang='lat' dir='ltr'><strong>svtirpantent,</strong></span> <span class='ocrx_word' id='word_1_713' title='bbox 986 4930 1085 4984; x_wconf 84' lang='lat' dir='ltr'><strong>pro</strong></span> <span class='ocrx_word' id='word_1_714' title='bbox 1123 4912 1392 4990; x_wconf 72' lang='lat' dir='ltr'><strong>let/iiferas</strong></span> <span class='ocrx_word' id='word_1_715' title='bbox 1433 4924 1628 4990; x_wconf 70' lang='lat' dir='ltr'><strong>necnon</strong></span> <span class='ocrx_word' id='word_1_716' title='bbox 1672 4907 1942 4990; x_wconf 39' lang='lat' dir='ltr'><strong>Bouiania:</strong></span> <span class='ocrx_word' id='word_1_717' title='bbox 1994 4905 2175 4988; x_wconf 69' lang='lat' dir='ltr'><strong>labru-</strong></span> 
     </span>
    </p>
   </div>
   <div class='ocr_carea' id='block_1_96' title="bbox 612 4968 2176 5055">
    <p class='ocr_par' dir='ltr' id='par_1_96' title="bbox 612 4968 2176 5055">
     <span class='ocr_line' id='line_1_96' title="bbox 612 4968 2176 5055; baseline -0.014 -5"><span class='ocrx_word' id='word_1_718' title='bbox 612 4968 975 5055; x_wconf 47' lang='lat' dir='ltr'><strong>23i£§§éredr</strong></span> <span class='ocrx_word' id='word_1_719' title='bbox 990 4968 1060 5055; x_wconf 52' lang='lat' dir='ltr'><strong>&#39;ut</strong></span> <span class='ocrx_word' id='word_1_720' title='bbox 1090 4985 1162 5038; x_wconf 90' lang='lat' dir='ltr'><strong>sit</strong></span> <span class='ocrx_word' id='word_1_721' title='bbox 1184 4968 1552 5055; x_wconf 74' lang='lat' dir='ltr'><strong>necessarium</strong></span> <span class='ocrx_word' id='word_1_722' title='bbox 1582 4994 1594 5029; x_wconf 92' lang='lat'><strong>:</strong></span> <span class='ocrx_word' id='word_1_723' title='bbox 1630 4968 2044 5055; x_wconf 79' lang='lat' dir='ltr'><strong>cmn_Roniania</strong></span> <span class='ocrx_word' id='word_1_724' title='bbox 2079 4991 2176 5055; x_wconf 84' lang='lat' dir='ltr'><strong>ex_-</strong></span> 
     </span>
    </p>
   </div>
   <div class='ocr_carea' id='block_1_97' title="bbox 612 5045 2178 5136">
    <p class='ocr_par' dir='ltr' id='par_1_97' title="bbox 612 5045 2178 5136">
     <span class='ocr_line' id='line_1_97' title="bbox 612 5045 2178 5136; baseline -0.014 -16"><span class='ocrx_word' id='word_1_725' title='bbox 612 5045 759 5136; x_wconf 56' lang='lat' dir='ltr'><strong>{{o&#39;nf</strong></span> <span class='ocrx_word' id='word_1_726' title='bbox 784 5058 956 5136; x_wconf 64' lang='lat' dir='ltr'><strong>possit</strong></span> <span class='ocrx_word' id='word_1_727' title='bbox 994 5053 1241 5136; x_wconf 77' lang='lat' dir='ltr'><strong>Romana</strong></span> <span class='ocrx_word' id='word_1_728' title='bbox 1284 5052 1474 5136; x_wconf 65' lang='lat' dir='ltr'><strong>religio</strong></span> <span class='ocrx_word' id='word_1_729' title='bbox 1505 5065 1600 5132; x_wconf 82' lang='lat' dir='ltr'><strong>seu</strong></span> <span class='ocrx_word' id='word_1_730' title='bbox 1630 5048 1847 5103; x_wconf 87' lang='lat' dir='ltr'><strong>ethnica</strong></span> <span class='ocrx_word' id='word_1_731' title='bbox 1872 5087 1887 5112; x_wconf 91' lang='lat'><strong>,</strong></span> <span class='ocrx_word' id='word_1_732' title='bbox 1918 5045 2178 5116; x_wconf 85' lang='lat' dir='ltr'><strong>quemad-</strong></span> 
     </span>
    </p>
   </div>
   <div class='ocr_carea' id='block_1_98' title="bbox 616 5121 1636 5190">
    <p class='ocr_par' dir='ltr' id='par_1_98' title="bbox 616 5121 1636 5190">
     <span class='ocr_line' id='line_1_98' title="bbox 616 5121 1636 5190; baseline -0.017 -1"><span class='ocrx_word' id='word_1_733' title='bbox 616 5121 832 5190; x_wconf 70' lang='lat' dir='ltr'><strong>inoduiu</strong></span> <span class='ocrx_word' id='word_1_734' title='bbox 866 5125 1108 5179; x_wconf 89' lang='lat' dir='ltr'><strong>Simonia</strong></span> <span class='ocrx_word' id='word_1_735' title='bbox 1144 5123 1366 5177; x_wconf 65' lang='lat' dir='ltr'><strong>haeresis</strong></span> <span class='ocrx_word' id='word_1_736' title='bbox 1398 5121 1636 5190; x_wconf 88' lang='lat' dir='ltr'><strong>Simonis</strong></span> 
     </span>
    </p>
   </div>
   <div class='ocr_carea' id='block_1_99' title="bbox 685 5186 2179 5274">
    <p class='ocr_par' dir='ltr' id='par_1_99' title="bbox 685 5186 2179 5274">
     <span class='ocr_line' id='line_1_99' title="bbox 685 5186 2179 5274; baseline -0.013 -18"><span class='ocrx_word' id='word_1_737' title='bbox 685 5201 799 5274; x_wconf 86' lang='lat'><strong>(68)</strong></span> <span class='ocrx_word' id='word_1_738' title='bbox 830 5198 940 5274; x_wconf 59' lang='lat' dir='ltr'><strong>Cyr</strong></span> <span class='ocrx_word' id='word_1_739' title='bbox 966 5212 1086 5266; x_wconf 86' lang='lat' dir='ltr'><strong>ergo</strong></span> <span class='ocrx_word' id='word_1_740' title='bbox 1116 5192 1506 5274; x_wconf 57' lang='lat' dir='ltr'><strong>interj’eftorum</strong></span> <span class='ocrx_word' id='word_1_741' title='bbox 1543 5189 1878 5274; x_wconf 43' lang='lat' dir='ltr'><strong>animw‘non</strong></span> <span class='ocrx_word' id='word_1_742' title='bbox 1914 5186 2179 5274; x_wconf 44' lang='lat' dir='ltr'><strong>ulciscitu-</strong></span> 
     </span>
    </p>
   </div>
   <div class='ocr_carea' id='block_1_100' title="bbox 616 5255 2178 5337">
    <p class='ocr_par' dir='ltr' id='par_1_100' title="bbox 616 5255 2178 5337">
     <span class='ocr_line' id='line_1_100' title="bbox 616 5255 2178 5337; baseline -0.013 -9"><span class='ocrx_word' id='word_1_743' title='bbox 616 5255 702 5327; x_wconf 67' lang='grc' dir='ltr'><strong>ιιιὲ</strong></span> <span class='ocrx_word' id='word_1_744' title='bbox 734 5255 1086 5337; x_wconf 60' lang='grc' dir='ltr'><strong>ὶηίενιεειονὲδ</strong></span> <span class='ocrx_word' id='word_1_745' title='bbox 1116 5255 1273 5319; x_wconf 77' lang='lat' dir='ltr'><strong>suos?</strong></span> <span class='ocrx_word' id='word_1_746' title='bbox 1302 5263 1445 5337; x_wconf 65' lang='lat' dir='ltr'><strong>Idem</strong></span> <span class='ocrx_word' id='word_1_747' title='bbox 1485 5264 1862 5337; x_wconf 61' lang='lat' dir='ltr'><strong>argumentum</strong></span> <span class='ocrx_word' id='word_1_748' title='bbox 1894 5263 2048 5328; x_wconf 90' lang='lat' dir='ltr'><strong>urget</strong></span> <span class='ocrx_word' id='word_1_749' title='bbox 2073 5255 2178 5309; x_wconf 84' lang='lat' dir='ltr'><strong>Ta-</strong></span> 
     </span>
    </p>
   </div>
   <div class='ocr_carea' id='block_1_101' title="bbox 617 5330 1773 5401">
    <p class='ocr_par' dir='ltr' id='par_1_101' title="bbox 617 5330 1773 5401">
     <span class='ocr_line' id='line_1_101' title="bbox 617 5330 1773 5401; baseline -0.015 -2"><span class='ocrx_word' id='word_1_750' title='bbox 617 5347 798 5400; x_wconf 80' lang='lat' dir='ltr'><strong>tianns</strong></span> <span class='ocrx_word' id='word_1_751' title='bbox 826 5330 1077 5393; x_wconf 70' lang='lat' dir='ltr'><strong>Oratione</strong></span> <span class='ocrx_word' id='word_1_752' title='bbox 1097 5345 1279 5388; x_wconf 85' lang='lat' dir='ltr'><strong>contra</strong></span> <span class='ocrx_word' id='word_1_753' title='bbox 1307 5330 1537 5393; x_wconf 31' lang='lat' dir='ltr'><strong>G&#39;rwcos,</strong></span> <span class='ocrx_word' id='word_1_754' title='bbox 1566 5347 1616 5401; x_wconf 92' lang='lat' dir='ltr'><strong>p.</strong></span> <span class='ocrx_word' id='word_1_755' title='bbox 1654 5330 1773 5401; x_wconf 57' lang='grc'><strong>156.</strong></span> 
     </span>
    </p>
   </div>
   <div class='ocr_carea' id='block_1_102' title="bbox 689 5396 2175 5479">
    <p class='ocr_par' dir='ltr' id='par_1_102' title="bbox 689 5396 2175 5479">
     <span class='ocr_line' id='line_1_102' title="bbox 689 5396 2175 5479; baseline -0.014 -11"><span class='ocrx_word' id='word_1_756' title='bbox 689 5396 802 5479; x_wconf 62' lang='grc'><strong>(69)</strong></span> <span class='ocrx_word' id='word_1_757' title='bbox 837 5412 967 5461; x_wconf 82' lang='lat' dir='ltr'><strong>Aule</strong></span> <span class='ocrx_word' id='word_1_758' title='bbox 1007 5408 1333 5479; x_wconf 59' lang='lat' dir='ltr'><strong>enintquain</strong></span> <span class='ocrx_word' id='word_1_759' title='bbox 1363 5396 1673 5479; x_wconf 40' lang='lat' dir='ltr'><strong>ntalem-nea</strong></span> <span class='ocrx_word' id='word_1_760' title='bbox 1703 5397 1913 5479; x_wconf 47' lang='lat' dir='ltr'><strong>Rachel“</strong></span> <span class='ocrx_word' id='word_1_761' title='bbox 1932 5396 2175 5478; x_wconf 72' lang='lat' dir='ltr'><strong>conveni-</strong></span> 
     </span>
    </p>
   </div>
   <div class='ocr_carea' id='block_1_103' title="bbox 619 5467 2176 5544">
    <p class='ocr_par' dir='ltr' id='par_1_103' title="bbox 619 5467 2176 5544">
     <span class='ocr_line' id='line_1_103' title="bbox 619 5467 2176 5544; baseline -0.013 -6"><span class='ocrx_word' id='word_1_762' title='bbox 619 5467 705 5539; x_wconf 32' lang='lat' dir='ltr'><strong>ret“</strong></span> <span class='ocrx_word' id='word_1_763' title='bbox 726 5467 844 5537; x_wconf 54' lang='lat' dir='ltr'><strong>cu&#39;m</strong></span> <span class='ocrx_word' id='word_1_764' title='bbox 884 5494 963 5533; x_wconf 77' lang='lat' dir='ltr'><strong>eo.</strong></span> <span class='ocrx_word' id='word_1_765' title='bbox 1006 5467 1263 5531; x_wconf 54' lang='lat' dir='ltr'><strong>Abulit&#39;ur</strong></span> <span class='ocrx_word' id='word_1_766' title='bbox 1288 5474 1488 5544; x_wconf 89' lang='lat' dir='ltr'><strong>impius</strong></span> <span class='ocrx_word' id='word_1_767' title='bbox 1518 5470 1707 5544; x_wconf 82' lang='lat' dir='ltr'><strong>Simon</strong></span> <span class='ocrx_word' id='word_1_768' title='bbox 1739 5470 1857 5523; x_wconf 88' lang='lat' dir='ltr'><strong>loco</strong></span> <span class='ocrx_word' id='word_1_769' title='bbox 1881 5467 2176 5544; x_wconf 72' lang='lat' dir='ltr'><strong>Scripturae</strong></span> 
     </span>
    </p>
   </div>
   <div class='ocr_carea' id='block_1_104' title="bbox 620 5536 2174 5616">
    <p class='ocr_par' dir='ltr' id='par_1_104' title="bbox 620 5536 2174 5616">
     <span class='ocr_line' id='line_1_104' title="bbox 620 5536 2174 5616; baseline -0.014 -7"><span class='ocrx_word' id='word_1_770' title='bbox 620 5536 809 5609; x_wconf 69' lang='lat' dir='ltr'><strong>Matth.</strong></span> <span class='ocrx_word' id='word_1_771' title='bbox 848 5566 886 5609; x_wconf 86' lang='grc' dir='ltr'><strong>ι.</strong></span> <span class='ocrx_word' id='word_1_772' title='bbox 917 5548 1005 5610; x_wconf 82' lang='grc'><strong>18,</strong></span> <span class='ocrx_word' id='word_1_773' title='bbox 1037 5548 1163 5616; x_wconf 84' lang='lat' dir='ltr'><strong>quia</strong></span> <span class='ocrx_word' id='word_1_774' title='bbox 1206 5561 1264 5601; x_wconf 89' lang='lat' dir='ltr'><strong>se</strong></span> <span class='ocrx_word' id='word_1_775' title='bbox 1298 5536 1421 5600; x_wconf 79' lang='lat' dir='ltr'><strong>esse</strong></span> <span class='ocrx_word' id='word_1_776' title='bbox 1460 5541 1739 5616; x_wconf 83' lang='lat' dir='ltr'><strong>Christum</strong></span> <span class='ocrx_word' id='word_1_777' title='bbox 1783 5539 1947 5616; x_wconf 64' lang='lat' dir='ltr'><strong>credi</strong></span> <span class='ocrx_word' id='word_1_778' title='bbox 1972 5536 2174 5616; x_wconf 80' lang='lat' dir='ltr'><strong>voluit;</strong></span> 
     </span>
    </p>
   </div>
   <div class='ocr_carea' id='block_1_105' title="bbox 620 5608 2180 5695">
    <p class='ocr_par' dir='ltr' id='par_1_105' title="bbox 620 5608 2180 5695">
     <span class='ocr_line' id='line_1_105' title="bbox 620 5608 2180 5695; baseline -0.013 -17"><span class='ocrx_word' id='word_1_779' title='bbox 620 5608 764 5695; x_wconf 84' lang='lat' dir='ltr'><strong>quod</strong></span> <span class='ocrx_word' id='word_1_780' title='bbox 795 5630 850 5695; x_wconf 86' lang='lat' dir='ltr'><strong>et</strong></span> <span class='ocrx_word' id='word_1_781' title='bbox 875 5608 946 5671; x_wconf 80' lang='lat' dir='ltr'><strong>de</strong></span> <span class='ocrx_word' id='word_1_782' title='bbox 971 5608 1030 5695; x_wconf 52' lang='lat' dir='ltr'><strong>se</strong></span> <span class='ocrx_word' id='word_1_783' title='bbox 1056 5608 1192 5695; x_wconf 79' lang='lat' dir='ltr'><strong>ipsis</strong></span> <span class='ocrx_word' id='word_1_784' title='bbox 1214 5616 1475 5695; x_wconf 67' lang='lat' dir='ltr'><strong>dixerunt</strong></span> <span class='ocrx_word' id='word_1_785' title='bbox 1492 5612 1709 5695; x_wconf 66' lang='lat' dir='ltr'><strong>quidam</strong></span> <span class='ocrx_word' id='word_1_786' title='bbox 1742 5609 2045 5695; x_wconf 45' lang='lat' dir='ltr'><strong>postuillum</strong></span> <span class='ocrx_word' id='word_1_787' title='bbox 2070 5608 2180 5660; x_wconf 64' lang='lat' dir='ltr'><strong>hae-</strong></span> 
     </span>
    </p>
   </div>
   <div class='ocr_carea' id='block_1_106' title="bbox 623 5679 2175 5755">
    <p class='ocr_par' dir='ltr' id='par_1_106' title="bbox 623 5679 2175 5755">
     <span class='ocr_line' id='line_1_106' title="bbox 623 5679 2175 5755; baseline -0.012 -6"><span class='ocrx_word' id='word_1_788' title='bbox 623 5679 931 5751; x_wconf 66' lang='lat' dir='ltr'><strong>resiarclim.</strong></span> <span class='ocrx_word' id='word_1_789' title='bbox 976 5679 1100 5743; x_wconf 80' lang='lat' dir='ltr'><strong>Pari</strong></span> <span class='ocrx_word' id='word_1_790' title='bbox 1140 5687 1301 5742; x_wconf 89' lang='lat' dir='ltr'><strong>modo</strong></span> <span class='ocrx_word' id='word_1_791' title='bbox 1337 5684 1479 5755; x_wconf 86' lang='lat' dir='ltr'><strong>apud</strong></span> <span class='ocrx_word' id='word_1_792' title='bbox 1512 5679 1802 5737; x_wconf 77' lang='lat' dir='ltr'><strong>Socratem</strong></span> <span class='ocrx_word' id='word_1_793' title='bbox 1840 5679 1933 5733; x_wconf 90' lang='lat' dir='ltr'><strong>lib.</strong></span> <span class='ocrx_word' id='word_1_794' title='bbox 1968 5693 2020 5743; x_wconf 81' lang='grc' dir='ltr'><strong>ι,</strong></span> <span class='ocrx_word' id='word_1_795' title='bbox 2056 5692 2175 5747; x_wconf 89' lang='lat' dir='ltr'><strong>cap.</strong></span> 
     </span>
    </p>
   </div>
   <div class='ocr_carea' id='block_1_107' title="bbox 2275 4745 3727 4818">
    <p class='ocr_par' dir='ltr' id='par_1_107' title="bbox 2275 4745 3727 4818">
     <span class='ocr_line' id='line_1_107' title="bbox 2275 4745 3727 4818; baseline -0.021 -2"><span class='ocrx_word' id='word_1_796' title='bbox 2275 4761 2367 4818; x_wconf 72' lang='lat'><strong>22.</strong></span> <span class='ocrx_word' id='word_1_797' title='bbox 2391 4759 2754 4815; x_wconf 86' lang='lat' dir='ltr'><strong>Terebinthus</strong></span> <span class='ocrx_word' id='word_1_798' title='bbox 2773 4797 2786 4818; x_wconf 93' lang='lat'><strong>,</strong></span> <span class='ocrx_word' id='word_1_799' title='bbox 2821 4772 2915 4811; x_wconf 90' lang='lat' dir='ltr'><strong>seu</strong></span> <span class='ocrx_word' id='word_1_800' title='bbox 2952 4754 3167 4807; x_wconf 82' lang='lat' dir='ltr'><strong>Buddas</strong></span> <span class='ocrx_word' id='word_1_801' title='bbox 3213 4758 3392 4806; x_wconf 90' lang='lat' dir='ltr'><strong>natum</strong></span> <span class='ocrx_word' id='word_1_802' title='bbox 3413 4755 3565 4818; x_wconf 60' lang='lat' dir='ltr'><strong>seex</strong></span> <span class='ocrx_word' id='word_1_803' title='bbox 3591 4745 3727 4818; x_wconf 56' lang='lat' dir='ltr'><strong>virgine</strong></span> 
     </span>
    </p>
   </div>
   <div class='ocr_carea' id='block_1_108' title="bbox 2277 4802 3727 4898">
    <p class='ocr_par' dir='ltr' id='par_1_108' title="bbox 2277 4802 3727 4898">
     <span class='ocr_line' id='line_1_108' title="bbox 2277 4802 3727 4898; baseline 0.004 -13"><span class='ocrx_word' id='word_1_804' title='bbox 2277 4802 2505 4885; x_wconf 68' lang='lat' dir='ltr'><strong>allirmat</strong></span> <span class='ocrx_word' id='word_1_805' title='bbox 2539 4847 2551 4884; x_wconf 88' lang='lat'><strong>:</strong></span> <span class='ocrx_word' id='word_1_806' title='bbox 2586 4802 2809 4898; x_wconf 69' lang='lat' dir='ltr'><strong>propter</strong></span> <span class='ocrx_word' id='word_1_807' title='bbox 2832 4836 3091 4898; x_wconf 70' lang='lat' dir='ltr'><strong>veterem.</strong></span> <span class='ocrx_word' id='word_1_808' title='bbox 3125 4822 3383 4898; x_wconf 60' lang='grc' dir='ltr'><strong>ιιίῙειηοτν</strong></span> <span class='ocrx_word' id='word_1_809' title='bbox 3410 4802 3727 4898; x_wconf 41' lang='grc' dir='ltr'><strong>Βυέδδὲξιξθξ</strong></span> 
     </span>
    </p>
   </div>
   <div class='ocr_carea' id='block_1_109' title="bbox 2278 4870 3729 4963">
    <p class='ocr_par' dir='ltr' id='par_1_109' title="bbox 2278 4870 3729 4963">
     <span class='ocr_line' id='line_1_109' title="bbox 2278 4870 3729 4963; baseline -0.014 -6"><span class='ocrx_word' id='word_1_810' title='bbox 2278 4870 2854 4957; x_wconf 53' lang='grc' dir='ltr'><strong>ἓὶὶῖἱιῖἑᾜιὲὲεὶῆῧὲἷὶιό</strong></span> <span class='ocrx_word' id='word_1_811' title='bbox 2868 4870 3382 4963; x_wconf 60' lang='grc' dir='ltr'><strong>”ἱέίὶᾗ’τὶίἰι’,”8ὶὲῥὶιιζ</strong></span> <span class='ocrx_word' id='word_1_812' title='bbox 3422 4901 3473 4963; x_wconf 53' lang='grc' dir='ltr'><strong>ιἱ</strong></span> <span class='ocrx_word' id='word_1_813' title='bbox 3498 4896 3543 4963; x_wconf 57' lang='grc' dir='ltr'><strong>ι),</strong></span> <span class='ocrx_word' id='word_1_814' title='bbox 3572 4870 3729 4963; x_wconf 39' lang='lat' dir='ltr'><strong>sibi?</strong></span> 
     </span>
    </p>
   </div>
   <div class='ocr_carea' id='block_1_110' title="bbox 2277 4942 3729 5041">
    <p class='ocr_par' dir='ltr' id='par_1_110' title="bbox 2277 4942 3729 5041">
     <span class='ocr_line' id='line_1_110' title="bbox 2277 4942 3729 5041; baseline 0 0"><span class='ocrx_word' id='word_1_815' title='bbox 2277 4942 2399 5041; x_wconf 67' lang='grc' dir='ltr'><strong>ἓίὶἷᾶ</strong></span> <span class='ocrx_word' id='word_1_816' title='bbox 2415 4942 3063 5041; x_wconf 56' lang='grc' dir='ltr'><strong>ιὲοέιῖιιῖὀῖὶῖειῖτριῐιη.υε</strong></span> <span class='ocrx_word' id='word_1_817' title='bbox 3084 4942 3245 5041; x_wconf 66' lang='grc' dir='ltr'><strong>,ιίίιῐοΔ</strong></span> <span class='ocrx_word' id='word_1_818' title='bbox 3264 4960 3339 5041; x_wconf 55' lang='grc' dir='ltr'><strong>[ξε</strong></span> <span class='ocrx_word' id='word_1_819' title='bbox 3370 4942 3605 5041; x_wconf 39' lang='lat' dir='ltr'><strong>&quot;sistit?</strong></span> <span class='ocrx_word' id='word_1_820' title='bbox 3630 4942 3729 5041; x_wconf 59' lang='lat' dir='ltr'><strong>lilii;</strong></span> 
     </span>
    </p>
   </div>
   <div class='ocr_carea' id='block_1_111' title="bbox 2277 5013 3733 5111">
    <p class='ocr_par' dir='ltr' id='par_1_111' title="bbox 2277 5013 3733 5111">
     <span class='ocr_line' id='line_1_111' title="bbox 2277 5013 3733 5111; baseline 0.008 -10"><span class='ocrx_word' id='word_1_821' title='bbox 2277 5013 2583 5111; x_wconf 60' lang='grc' dir='ltr'><strong>ἐίὲἲὲιῖῗ</strong></span> <span class='ocrx_word' id='word_1_822' title='bbox 2608 5013 2875 5106; x_wconf 62' lang='grc' dir='ltr'><strong>ὲὲῖείιεθίε</strong></span> <span class='ocrx_word' id='word_1_823' title='bbox 2905 5013 3187 5111; x_wconf 33' lang='lat' dir='ltr'><strong>hihic—dixi</strong></span> <span class='ocrx_word' id='word_1_824' title='bbox 3232 5039 3271 5082; x_wconf 80' lang='grc' dir='ltr'><strong>ι·</strong></span> <span class='ocrx_word' id='word_1_825' title='bbox 3300 5032 3339 5087; x_wconf 71' lang='grc' dir='ltr'><strong>ιε</strong></span> <span class='ocrx_word' id='word_1_826' title='bbox 3382 5026 3455 5078; x_wconf 76' lang='grc' dir='ltr'><strong>Αη</strong></span> <span class='ocrx_word' id='word_1_827' title='bbox 3479 5013 3733 5111; x_wconf 55' lang='grc' dir='ltr'><strong>εέῖξελέἰῗὲῐ</strong></span> 
     </span>
    </p>
   </div>
   <div class='ocr_carea' id='block_1_112' title="bbox 2279 5080 3729 5178">
    <p class='ocr_par' dir='ltr' id='par_1_112' title="bbox 2279 5080 3729 5178">
     <span class='ocr_line' id='line_1_112' title="bbox 2279 5080 3729 5097; baseline -0.008 -3"><span class='ocrx_word' id='word_1_828' title='bbox 2279 5080 2344 5095; x_wconf 78' lang='grc' dir='ltr'><strong>υ..</strong></span> <span class='ocrx_word' id='word_1_829' title='bbox 2377 5080 2438 5095; x_wconf 65' lang='grc' dir='ltr'><strong>ιι.</strong></span> <span class='ocrx_word' id='word_1_830' title='bbox 2482 5083 2494 5096; x_wconf 90' lang='grc'>.</span> <span class='ocrx_word' id='word_1_831' title='bbox 2528 5080 2582 5097; x_wconf 78' lang='grc' dir='ltr'><strong>υ,</strong></span> <span class='ocrx_word' id='word_1_832' title='bbox 2608 5080 2643 5092; x_wconf 74' lang='grc' dir='ltr'>υ</span> <span class='ocrx_word' id='word_1_833' title='bbox 2684 5080 2815 5091; x_wconf 63' lang='grc' dir='ltr'><strong>,νην-</strong></span> <span class='ocrx_word' id='word_1_834' title='bbox 2839 5080 2875 5089; x_wconf 86' lang='grc'><strong>.-</strong></span> <span class='ocrx_word' id='word_1_835' title='bbox 2907 5080 3185 5089; x_wconf 57' lang='grc' dir='ltr'><strong>.-νην-η---</strong></span> <span class='ocrx_word' id='word_1_836' title='bbox 3237 5080 3270 5082; x_wconf 86' lang='lat'><strong>--</strong></span> <span class='ocrx_word' id='word_1_837' title='bbox 3301 5080 3339 5087; x_wconf 83' lang='lat'><strong>_-</strong></span> <span class='ocrx_word' id='word_1_838' title='bbox 3690 5080 3729 5089; x_wconf 82' lang='grc'><strong>,.</strong></span> 
     </span>
     <span class='ocr_line' id='line_1_113' title="bbox 2279 5080 3729 5178; baseline -0.013 -13"><span class='ocrx_word' id='word_1_839' title='bbox 2279 5080 2555 5164; x_wconf 47' lang='lat' dir='ltr'><strong>manorum</strong></span> <span class='ocrx_word' id='word_1_840' title='bbox 2584 5080 2855 5178; x_wconf 53' lang='lat' dir='ltr'><strong>sequenttir</strong></span> <span class='ocrx_word' id='word_1_841' title='bbox 2878 5106 3192 5178; x_wconf 66' lang='lat' dir='ltr'><strong>opinionem,</strong></span> <span class='ocrx_word' id='word_1_842' title='bbox 3224 5080 3729 5178; x_wconf 36' lang='lat' dir='ltr'><strong>utﬁquentadmfiui’ﬁ‘</strong></span> 
     </span>
    </p>
   </div>
   <div class='ocr_carea' id='block_1_113' title="bbox 2276 5161 3733 5243">
    <p class='ocr_par' dir='ltr' id='par_1_113' title="bbox 2276 5161 3733 5243">
     <span class='ocr_line' id='line_1_114' title="bbox 2276 5161 3733 5243; baseline -0.005 -8"><span class='ocrx_word' id='word_1_843' title='bbox 2276 5161 2563 5236; x_wconf 64' lang='lat' dir='ltr'><strong>sectiesuw</strong></span> <span class='ocrx_word' id='word_1_844' title='bbox 2592 5161 2858 5231; x_wconf 54' lang='lat' dir='ltr'><strong>au&#39;ctorem</strong></span> <span class='ocrx_word' id='word_1_845' title='bbox 2904 5161 3140 5228; x_wconf 63' lang='lat' dir='ltr'><strong>Dubdam</strong></span> <span class='ocrx_word' id='word_1_846' title='bbox 3175 5172 3224 5242; x_wconf 82' lang='grc'><strong>(1</strong></span> <span class='ocrx_word' id='word_1_847' title='bbox 3236 5213 3247 5223; x_wconf 95' lang='grc'><strong>.</strong></span> <span class='ocrx_word' id='word_1_848' title='bbox 3273 5161 3609 5243; x_wconf 49' lang='grc' dir='ltr'><strong>Βὶιάέζατζιξρεῖ</strong></span> 
     </span>
    </p>
   </div>
   <div class='ocr_carea' id='block_1_114' title="bbox 2277 5222 3732 5306">
    <p class='ocr_par' dir='ltr' id='par_1_114' title="bbox 2277 5222 3732 5306">
     <span class='ocr_line' id='line_1_115' title="bbox 2277 5222 3732 5306; baseline -0.012 0"><span class='ocrx_word' id='word_1_849' title='bbox 2277 5254 2357 5305; x_wconf 81' lang='lat' dir='ltr'><strong>m&#39;s</strong></span> <span class='ocrx_word' id='word_1_850' title='bbox 2392 5252 2530 5304; x_wconf 80' lang='lat' dir='ltr'><strong>latus</strong></span> <span class='ocrx_word' id='word_1_851' title='bbox 2566 5257 2787 5302; x_wconf 85' lang='lat' dir='ltr'><strong>narrant</strong></span> <span class='ocrx_word' id='word_1_852' title='bbox 2815 5256 3088 5306; x_wconf 72' lang='lat' dir='ltr'><strong>exortum,</strong></span> <span class='ocrx_word' id='word_1_853' title='bbox 3122 5222 3196 5295; x_wconf 70' lang='grc' dir='ltr'><strong>ιεᾶ</strong></span> <span class='ocrx_word' id='word_1_854' title='bbox 3237 5256 3328 5293; x_wconf 86' lang='lat' dir='ltr'><strong>nos</strong></span> <span class='ocrx_word' id='word_1_855' title='bbox 3364 5232 3596 5291; x_wconf 63' lang='lat' dir='ltr'><strong>Christum</strong></span> <span class='ocrx_word' id='word_1_856' title='bbox 3628 5222 3732 5290; x_wconf 56' lang='grc' dir='ltr'><strong>ίνίίκ</strong></span> 
     </span>
    </p>
   </div>
   <div class='ocr_carea' id='block_1_115' title="bbox 2274 5322 3718 5390">
    <p class='ocr_par' dir='ltr' id='par_1_115' title="bbox 2274 5322 3718 5390">
     <span class='ocr_line' id='line_1_116' title="bbox 2274 5322 3718 5390; baseline -0.001 -15"><span class='ocrx_word' id='word_1_857' title='bbox 2274 5322 2651 5390; x_wconf 72' lang='lat' dir='ltr'><strong>prcrdicemus?</strong></span> <span class='ocrx_word' id='word_1_858' title='bbox 2935 5387 2943 5390; x_wconf 79' lang='lat'><strong><em>_</em></strong></span> <span class='ocrx_word' id='word_1_859' title='bbox 3267 5378 3321 5390; x_wconf 49' lang='grc' dir='ltr'><strong><em>Α,</em></strong></span> <span class='ocrx_word' id='word_1_860' title='bbox 3360 5346 3367 5351; x_wconf 53' lang='grc'><em>“</em></span> <span class='ocrx_word' id='word_1_861' title='bbox 3463 5382 3475 5390; x_wconf 82' lang='lat'>_</span> <span class='ocrx_word' id='word_1_862' title='bbox 3532 5360 3655 5390; x_wconf 46' lang='lat' dir='ltr'><strong>Lm”</strong></span> <span class='ocrx_word' id='word_1_863' title='bbox 3698 5354 3718 5385; x_wconf 67' lang='grc' dir='ltr'>ρ</span> 
     </span>
    </p>
   </div>
   <div class='ocr_carea' id='block_1_116' title="bbox 2373 5360 3731 5461">
    <p class='ocr_par' dir='ltr' id='par_1_116' title="bbox 2373 5360 3731 5461">
     <span class='ocr_line' id='line_1_117' title="bbox 2373 5360 3731 5461; baseline -0.007 -18"><span class='ocrx_word' id='word_1_864' title='bbox 2373 5392 2460 5461; x_wconf 81' lang='grc'><strong>70)</strong></span> <span class='ocrx_word' id='word_1_865' title='bbox 2492 5392 2675 5443; x_wconf 81' lang='lat' dir='ltr'><strong>Aerem</strong></span> <span class='ocrx_word' id='word_1_866' title='bbox 2701 5397 2899 5443; x_wconf 78' lang='lat' dir='ltr'><strong>vertens</strong></span> <span class='ocrx_word' id='word_1_867' title='bbox 2927 5387 2981 5440; x_wconf 77' lang='lat' dir='ltr'><strong>in</strong></span> <span class='ocrx_word' id='word_1_868' title='bbox 3003 5400 3228 5461; x_wconf 62' lang='lat' dir='ltr'><strong>aquam.</strong></span> <span class='ocrx_word' id='word_1_869' title='bbox 3259 5360 3731 5461; x_wconf 53' lang='grc' dir='ltr'><strong>ειεξιξεηέτ</strong></span> 
     </span>
    </p>
   </div>
   <div class='ocr_carea' id='block_1_117' title="bbox 2277 5427 3715 5528">
    <p class='ocr_par' dir='ltr' id='par_1_117' title="bbox 2277 5427 3715 5528">
     <span class='ocr_line' id='line_1_118' title="bbox 2382 5427 3673 5445; baseline -0.01 -2"><span class='ocrx_word' id='word_1_870' title='bbox 2382 5427 2437 5445; x_wconf 85' lang='grc' dir='ltr'><strong>,υ</strong></span> <span class='ocrx_word' id='word_1_871' title='bbox 2492 5427 2675 5443; x_wconf 56' lang='lat' dir='ltr'><strong>&quot;me...</strong></span> <span class='ocrx_word' id='word_1_872' title='bbox 2704 5427 2898 5443; x_wconf 60' lang='lat' dir='ltr'><strong>ww...</strong></span> <span class='ocrx_word' id='word_1_873' title='bbox 3019 5427 3062 5439; x_wconf 61' lang='grc' dir='ltr'><strong>..ι</strong></span> <span class='ocrx_word' id='word_1_874' title='bbox 3087 5427 3228 5438; x_wconf 77' lang='lat'><strong>........</strong></span> <span class='ocrx_word' id='word_1_875' title='bbox 3264 5427 3374 5435; x_wconf 54' lang='grc' dir='ltr'><strong>---η</strong></span> <span class='ocrx_word' id='word_1_876' title='bbox 3654 5428 3673 5436; x_wconf 77' lang='grc'><strong>,,</strong></span> 
     </span>
     <span class='ocr_line' id='line_1_119' title="bbox 2277 5427 3715 5528; baseline -0.017 -13"><span class='ocrx_word' id='word_1_877' title='bbox 2277 5480 2326 5516; x_wconf 83' lang='lat' dir='ltr'><strong>c.</strong></span> <span class='ocrx_word' id='word_1_878' title='bbox 2348 5427 2810 5528; x_wconf 42' lang='lat' dir='ltr'><strong>Ellifllocquoque</strong></span> <span class='ocrx_word' id='word_1_879' title='bbox 2839 5479 2868 5513; x_wconf 88' lang='lat' dir='ltr'><strong>e</strong></span> <span class='ocrx_word' id='word_1_880' title='bbox 2898 5427 3077 5519; x_wconf 69' lang='lat' dir='ltr'><strong>medial</strong></span> <span class='ocrx_word' id='word_1_881' title='bbox 3104 5447 3434 5528; x_wconf 65' lang='lat' dir='ltr'><strong>philosophia</strong></span> <span class='ocrx_word' id='word_1_882' title='bbox 3451 5427 3715 5528; x_wconf 40' lang='grc' dir='ltr'><strong>ἄμφθ-’Ἓξ</strong></span> 
     </span>
    </p>
   </div>
   <div class='ocr_carea' id='block_1_118' title="bbox 2280 5500 3716 5600">
    <p class='ocr_par' dir='ltr' id='par_1_118' title="bbox 2280 5500 3716 5600">
     <span class='ocr_line' id='line_1_120' title="bbox 2280 5500 3716 5600; baseline -0.023 -8"><span class='ocrx_word' id='word_1_883' title='bbox 2280 5535 2357 5589; x_wconf 80' lang='lat' dir='ltr'><strong>sis</strong></span> <span class='ocrx_word' id='word_1_884' title='bbox 2385 5500 2671 5600; x_wconf 60' lang='lat' dir='ltr'><strong>Diogeue&#39;m</strong></span> <span class='ocrx_word' id='word_1_885' title='bbox 2723 5500 3134 5600; x_wconf 28' lang='lat' dir='ltr'><strong>Laertium‘lil;</strong></span> <span class='ocrx_word' id='word_1_886' title='bbox 3173 5500 3716 5600; x_wconf 31' lang='lat' dir='ltr'><strong>vn‘irzlcnqpflyez</strong></span> 
     </span>
    </p>
   </div>
   <div class='ocr_carea' id='block_1_119' title="bbox 2281 5564 3733 5727">
    <p class='ocr_par' dir='ltr' id='par_1_119' title="bbox 2281 5564 3733 5727">
     <span class='ocr_line' id='line_1_121' title="bbox 2281 5564 3733 5727; baseline -0.018 -70"><span class='ocrx_word' id='word_1_887' title='bbox 2281 5564 2691 5727; x_wconf 45' lang='lat' dir='ltr'><strong>Er?;.li&quot;§::(:;iii</strong></span> <span class='ocrx_word' id='word_1_888' title='bbox 2725 5564 3639 5670; x_wconf 55' lang='lat' dir='ltr'><strong>&#39;v:°ﬁf&#39;}3§b,&quot;&quot;rbe&#39;6ié¥ii6iiiam.</strong></span> <span class='ocrx_word' id='word_1_889' title='bbox 3680 5564 3733 5632; x_wconf 66' lang='grc' dir='ltr'><strong>τη·</strong></span> 
     </span>
     <span class='ocr_line' id='line_1_122' title="bbox 2315 5689 2717 5727; baseline -0.007 0"><span class='ocrx_word' id='word_1_890' title='bbox 2315 5690 2347 5726; x_wconf 83' lang='lat' dir='ltr'><strong>u</strong></span> <span class='ocrx_word' id='word_1_891' title='bbox 2376 5713 2414 5727; x_wconf 76' lang='grc' dir='ltr'>η</span> <span class='ocrx_word' id='word_1_892' title='bbox 2464 5713 2477 5727; x_wconf 85' lang='grc'><em>.</em></span> <span class='ocrx_word' id='word_1_893' title='bbox 2510 5689 2547 5727; x_wconf 81' lang='grc'><strong>1.</strong></span> <span class='ocrx_word' id='word_1_894' title='bbox 2575 5689 2630 5727; x_wconf 71' lang='grc' dir='ltr'><strong>ε.</strong></span> <span class='ocrx_word' id='word_1_895' title='bbox 2702 5709 2717 5724; x_wconf 81' lang='grc'><strong>.</strong></span> 
     </span>
    </p>
   </div>
   <div class='ocr_carea' id='block_1_120' title="bbox 2315 5673 2717 5740">
    <p class='ocr_par' dir='ltr' id='par_1_120' title="bbox 2315 5673 2717 5740">
     <span class='ocr_line' id='line_1_123' title="bbox 2315 5673 2717 5740; baseline -0.005 -14"><span class='ocrx_word' id='word_1_896' title='bbox 2315 5673 2414 5740; x_wconf 84' lang='lat' dir='ltr'><strong>ul.,</strong></span> <span class='ocrx_word' id='word_1_897' title='bbox 2440 5675 2477 5727; x_wconf 90' lang='grc' dir='ltr'><strong>Ι.</strong></span> <span class='ocrx_word' id='word_1_898' title='bbox 2510 5689 2547 5733; x_wconf 81' lang='grc' dir='ltr'><strong>ι.</strong></span> <span class='ocrx_word' id='word_1_899' title='bbox 2575 5689 2630 5727; x_wconf 84' lang='lat' dir='ltr'><strong>.c.</strong></span> <span class='ocrx_word' id='word_1_900' title='bbox 2665 5673 2717 5724; x_wconf 74' lang='grc'><strong>1.</strong></span> 
     </span>
    </p>
   </div>
  </div>
