3976 6340
212 324 353 378 1257

1421 322 1986 379 RECOGNITIONUM
2022 321 2148 377 LIB.
2190 322 2253 377 ll.

3314 321 3451 375 1233

204 443 296 491 tus
324 436 417 500 sit,
458 437 603 507 quod
634 437 965 492 immortales
996 446 1125 491 sunt
1161 436 1352 489 animae.
1381 445 1431 491 et
1452 437 1771 506 judicantur
1802 441 1847 497 Α
1877 435 2065 491 fideles
2097 450 2126 489 a
2160 435 2414 489 ﬁdelibus
2434 444 2486 489 et
2514 434 2587 504 pii
2607 435 2994 490 discernantur
3012 436 3079 489 ab
3102 435 3303 506 impiis,
3328 451 3453 505 per-

200 544 305 599 pro
326 529 409 584 bis
434 546 554 600 quze
570 532 855 601 gesserint.
876 540 927 585 et
946 531 1036 599 qui
1053 546 1111 584 se
1123 537 1271 598 putet
1292 545 1348 582 re
1369 530 1484 599 ipsa
1508 528 1688 584 videre
1708 543 1771 582 ea

201 634 327 687 qua:
358 635 457 673 nos
483 621 586 674 ﬁde
622 621 917 678 credimus.
955 621 1224 690 quamvis,
1252 627 1311 672 tit
1341 620 1475 683 dixi,
1512 621 1774 674 illudatur

197 728 235 765 a
264 712 621 774 daemonibus,
648 722 829 767 tamen
861 715 1155 768 arbitratur
1185 728 1242 766 se
1270 713 1440 783 ipsam
1472 714 1664 766 anima:
1692 715 1774 767 vi—

196 803 332 858 dere
362 802 745 858 substantiam.
765 803 997 869 Quando
1018 802 1126 865 hic,
1152 803 1392 871 inquam,
1414 802 1669 857 fatebitur
1690 804 1773 857 vel
1815 828 1821 833 -

197 896 345 949 male
369 909 428 949 se
465 909 623 964 agere
657 895 709 949 in
748 902 899 949 tanto
929 896 1070 948 malo
1106 896 1338 965 positus,
1388 896 1473 949 vel
1512 894 1771 963 judican-

193 983 332 1037 dum
362 998 422 1041 se
454 999 552 1053 pro
574 984 659 1039 his
691 999 812 1054 qua:
839 985 1030 1054 egerit,
1058 987 1148 1054 qui
1179 985 1359 1038 sciens
1385 982 1479 1038 Dei
1503 985 1771 1053 judicium

194 1076 501 1130 contemnit
543 1084 595 1130 et
631 1074 911 1129 inimicum
964 1092 1023 1129 se
1076 1075 1295 1129 exhibet
1335 1075 1468 1141 Deo,
1508 1085 1561 1129 et
1610 1078 1772 1133 audet

195 1174 313 1221 tam
337 1164 570 1221 nefanda
598 1166 976 1222 committere?
1006 1164 1160 1221 Unde
1190 1176 1398 1222 certum
1429 1179 1533 1231 est,
1575 1168 1771 1222 fratres

196 1256 329 1313 mei.
344 1258 634 1312 nonnullos
660 1257 873 1311 veritati
905 1271 968 1311 ac
992 1257 1238 1328 religioni
1272 1256 1364 1311 Dei
1389 1271 1495 1311 non
1526 1257 1645 1311 ideo
1677 1256 1773 1309 ad-

193 1347 429 1411 versari,
461 1347 607 1417 quod
651 1348 730 1401 eis
766 1347 889 1402 ﬁdei
924 1348 1063 1402 ratio
1132 1363 1473 1418 nequaquam
1516 1357 1771 1404 constare

192 1436 473 1500 videatur,
506 1436 600 1490 sed
636 1437 764 1506 quia
806 1444 899 1490 aut
929 1438 1205 1491 nimietate
1237 1447 1579 1506 peccatorum
1617 1438 1771 1493 invo-

192 1527 443 1593 luti,.aut
469 1528 627 1582 malis
662 1528 777 1582 suis
809 1530 1081 1597 prteventi
1106 1537 1159 1583 et
1191 1538 1405 1583 tumore
1431 1529 1615 1584 cordis
1643 1531 1769 1584 elati

190 1625 349 1683 sunt,
380 1618 455 1669 ita
492 1625 551 1669 ttt
577 1632 675 1671 nec
695 1632 757 1671 ea
787 1617 1005 1687 quidem
1032 1618 1279 1682 credant,
1311 1634 1431 1689 quae
1454 1620 1626 1675 oculis
1655 1620 1769 1675 suis

190 1722 260 1763 se
288 1706 473 1761 videre
499 1706 852 1762 arbitrantur.

263 1839 427 1895 XVII.
469 1839 668 1895 Verum
700 1838 955 1912 quoniam
984 1843 1221 1912 ingenita
1255 1860 1381 1916 erga
1425 1844 1594 1900 Deum
1628 1862 1765 1900 con-

186 1928 430 1986 ditorem
459 1930 711 1985 sufﬁcere
740 1930 811 1984 ad
838 1932 1067 1985 salutem
1094 1935 1377 1989 videbatur
1408 1936 1625 1991 affectio
1658 1938 1763 2004 his,

187 2020 290 2090 qui
320 2019 608 2091 diligerent
639 2034 785 2085 eum,
812 2022 995 2075 studet
1036 2023 1292 2079 inimicus
1339 2025 1481 2078 hanc
1524 2026 1766 2080 affectio-

190 2125 323 2165 nem
354 2111 411 2165 in
444 2110 757 2164 hominibus
787 2119 1118 2181 pervertere,
1152 2121 1205 2167 et
1252 2115 1506 2170 inimicos
1534 2131 1628 2170 eos
1654 2115 1765 2170 elli-

186 2218 321 2258 cere
364 2210 525 2273 atque
570 2202 810 2272 ingratos
841 2202 1125 2259 Conditori
1172 2221 1293 2261 suo.
1346 2205 1542 2261 Testor
1584 2216 1765 2263 autem

186 2294 395 2349 caelum
419 2308 493 2348 ac.
514 2301 737 2354 terram,
768 2293 912 2363 quod
946 2294 991 2349 si
1021 2305 1284 2365 quantum
1329 2298 1480 2367 cupit
1511 2300 1766 2354 inimicus

195 2383 483 2448 desaavire,
513 2382 919 2451 permitteretur
944 2385 1110 2438 etiam
1140 2401 1171 2439 a
1218 2385 1349 2451 Deo,
1399 2390 1527 2442 olim
1575 2405 1765 2445 omnes

188 2475 444 2531 homines
475 2476 850 2544 dcperissent;
884 2477 977 2532 sed
1025 2479 1414 2535 misericordia:
1449 2498 1615 2538 causa
1657 2499 1765 2538 non

186 2568 327 2623 sinit
358 2567 519 2623 Deus.
552 2567 709 2634 Quod
738 2569 783 2623 si
803 2568 845 2599 ⁸⁸
874 2569 1126 2623 aﬁecwm
1156 2587 1315 2625 suum
1352 2573 1600 2630 homines
1633 2590 1766 2629 con-

190 2668 476 2713 verterent
508 2660 573 2713 ad
598 2658 788 2721 Deum,
828 2675 1017 2715 omnes
1047 2662 1164 2717 sine
1200 2662 1366 2718 dubio
1394 2666 1760 2732 salvarentur,

181 2752 359 2805 etiam
388 2752 433 2805 si
468 2768 563 2820 pro
586 2753 859 2823 aliquibus
912 2752 1123 2807 delictis
1160 2755 1230 2808 ob
1260 2755 1530 2825 justitiam
1561 2760 1763 2829 corripi

184 2842 527 2897 viderentur.
564 2841 669 2898 Sed
697 2859 845 2897 nunc
876 2842 1095 2912 plurimi
1136 2843 1418 2898 hominum
1452 2846 1660 2900 inimici
1682 2846 1763 2902 ef-

184 2934 320 2990 fecti
352 2942 479 2990 sunt
518 2934 635 3003 Dei,
682 2951 917 3007 quorum
945 2936 1216 3007 malignus
1238 2938 1403 2992 corda
1439 2944 1761 3008 penetravit,

182 3036 246 3081 et
301 3026 557 3082 affectum
607 3044 770 3099 quem
822 3030 903 3085 eis
954 3014 1205 3083 conditor
1245 3028 1386 3084 Deus
1435 3032 1759 3100 inseruerat,

1874 529 2105 582 missum
2133 535 2217 582 est
2244 527 2483 598 maligno
2508 530 2586 581 uti
2620 529 2705 583 his
2727 529 2959 590 artibus,
2985 528 3185 598 quibus
3209 529 3451 597 singulo-

1875 632 1996 671 rum
2020 634 2145 689 erga
2175 633 2362 671 verum
2390 627 2670 687 parentem
2710 619 3009 688 probentur
3030 616 3275 671 affectus.
3296 617 3451 682 Quod

1874 710 1921 762 si
1947 709 1992 740 ²⁰
2018 723 2145 762 vere
2182 718 2327 763 esset
2375 709 2574 778 aliquis
2613 709 2749 762 deus
2794 710 3031 771 alienus,
3060 719 3241 762 tamen
3268 710 3336 761 ab
3363 724 3449 765 eo.

1874 800 1965 869 qui
2000 814 2100 854 nos
2147 809 2432 855 creaverat
2484 801 2689 870 quique
2736 801 2897 855 nobis
2922 812 3072 869 pater
3112 808 3165 853 et
3201 800 3454 857 conditor

1875 892 2074 955 fuerat,
2112 900 2395 946 rectumne
2432 900 2574 954 erat,
2610 892 2802 945 relicto
2850 892 3073 962 proprio
3104 892 3341 947 transire
3385 893 3450 943 ad

1872 981 2152 1035 alienum?
2189 982 2255 1035 Et
2296 981 2493 1051 Aquila
2526 1002 2537 1036 :
2572 980 2769 1035 Absit!
2807 982 3003 1051 inquit.
3043 979 3181 1034 Tum
3215 980 3446 1034 Petrus:

1872 1072 2156 1139 Quomodo
2177 1089 2305 1144 ergo
2326 1074 2574 1128 dicemus
2600 1076 2894 1143 malignum
2919 1088 3043 1128 esse
3068 1090 3288 1127 causam
3321 1088 3450 1143 pee-

1872 1164 1981 1217 cati
2016 1164 2214 1227 nostri,
2239 1178 2364 1217 cum
2391 1163 2497 1217 hoc
2516 1164 2786 1234 permissu
2808 1162 2902 1217 Dei
2934 1162 3044 1227 ﬁat,
3065 1169 3123 1215 ut
3152 1178 3247 1232 per
3273 1162 3448 1231 ipsum

1872 1257 2175 1326 probentur
2203 1262 2258 1310 et
2290 1255 2345 1309 in
2375 1255 2462 1310 die
2487 1255 2682 1325 judicii
2720 1264 3021 1326 arguantur
3058 1255 3111 1308 hi
3148 1255 3241 1323 qui
3274 1255 3451 1322 majo—

1868 1346 2026 1403 ribus
2061 1348 2555 1419 pollicitationibus
2603 1347 2841 1410 invitati,
2871 1346 2986 1402 veri
3028 1346 3200 1416 patris
3231 1353 3286 1400 et
3322 1361 3451 1399 con-

1873 1439 2069 1494 ditoris
2101 1441 2188 1493 sui
2222 1440 2547 1509 reliquerint
2580 1439 2863 1509 pietatem,
2903 1439 2957 1491 hi
2996 1454 3129 1491 vero
3159 1438 3251 1507 qui
3291 1436 3448 1490 ﬁdem

1871 1539 1926 1584 et
1957 1532 2281 1585 charitatem
2312 1532 2518 1602 proprii
2547 1533 2740 1602 patris,
2768 1534 2930 1585 etiam
2963 1546 3084 1584 cum
3107 1538 3447 1600 paupertate,

1871 1624 1918 1678 si
1950 1624 2234 1685 acciderit.
2267 1632 2321 1677 et
2352 1640 2475 1677 cum
2511 1625 2862 1680 tribulatione
2893 1626 3253 1685 servaverint,
3288 1624 3449 1678 donis

1873 1717 2191 1773 caelestibus
2228 1716 2282 1769 in
2315 1733 2483 1787 regno
2514 1716 2635 1786 ejus
2674 1727 2726 1772 et
2769 1718 3171 1772 immortalibus
3205 1716 3449 1775 muneri-

1801 1781 1846 1841 Β
1873 1809 1976 1864 bus
1997 1781 2526 1879 pcrl‘ruanlur'fSed
2544 1781 2666 1866 lucc
2697 1812 2833 1866 alias
2863 1812 3179 1881 diligentius
3210 1827 3448 1880 expone-

1868 1920 2010 1958 mus.
2056 1903 2195 1969 Quid
2258 1915 2439 1959 autem
2489 1901 2679 1958 Simon
2727 1905 2895 1975 egerit
2944 1916 3065 1976 post
3120 1908 3254 1971 haec,
3305 1909 3448 1963 scire

1866 1998 2047 2065 CUpio.

1936 2086 2078 2142 XIX.
2123 2087 2189 2142 Et
2228 2087 2420 2143 Niccta
2452 2091 2733 2161 respondit
2768 2111 2780 2145 :
2812 2091 2913 2146 Ubi
2947 2093 3283 2149 intellexisse
3320 2109 3445 2149 eum

1865 2180 2167 2246 sensimus,
2192 2182 2337 2251 quod
2360 2182 2739 2251 deprehensus
2774 2196 2922 2240 esset
2963 2202 2991 2238 a
3037 2186 3221 2247 nobis,
3267 2188 3447 2239 collo-

1864 2271 1979 2324 cuti
2008 2270 2149 2325 inter
2180 2286 2280 2326 nos
2303 2271 2370 2325 de
2398 2273 2702 2329 sceleribus
2739 2275 2859 2343 ejus
2887 2274 3215 2345 reliquimus
3243 2294 3365 2332 eum
3392 2289 3446 2332 et

1866 2364 1937 2419 ad
1978 2364 2298 2420 Zacchrcum
2346 2368 2621 2431 venimus,
2671 2368 2787 2423 hmo
2833 2370 2950 2439 ipsa
2983 2371 3054 2433 ei,
3097 2387 3220 2441 quae
3262 2381 3316 2426 et
3345 2374 3445 2427 tibi

1864 2472 2016 2512 nunc
2042 2458 2398 2525 protulimus,
2446 2459 2774 2515 indicantes.
2820 2460 2888 2514 At
2921 2461 3012 2515 ille
3045 2462 3442 2533 benignissime

1864 2564 1965 2602 nos
2027 2549 2353 2618 suscipiens,
2406 2560 2461 2605 et
2511 2550 2579 2606 de
2636 2552 2741 2606 ﬁde
2794 2550 3008 2607 Domini
3078 2556 3250 2610 nostri
3310 2555 3441 2611 Jesu

1864 2636 2071 2692 Christi
2103 2639 2361 2705 edocens,
2405 2640 2645 2697 ﬁdelium
2691 2659 2922 2698 numero
2977 2646 3225 2701 sociavit.
3272 2646 3439 2701 Cum-

1864 2742 1971 2797 que
1995 2726 2109 2798 baac
2144 2727 2337 2783 Niceta
2367 2729 2621 2795 dixisset,
2656 2730 2951 2789 Zacchzeus
2987 2735 3079 2804 qui
3113 2736 3275 2805 paulo
3314 2745 3443 2790 ante

1865 2832 2124 2888 egressus
2152 2818 2353 2887 fuerat,
2379 2822 2786 2893 ingrediebatur
2809 2822 2998 2881 dicens
3030 2848 3042 2881 :
3069 2826 3310 2900 Tempus
3334 2839 3440 2895 est,

1868 2918 1927 2963 ut
1954 2910 2222 2981 procedas
2274 2912 2341 2965 ad
2389 2912 2805 2986 disputandum,
2850 2915 3047 2983 Petre;
3096 2919 3253 2974 turba
3297 2922 3442 2975 enim

1867 3003 2037 3055 multa
2070 3004 2121 3056 itt
2149 3005 2289 3057 atrio
2314 3004 2509 3059 domus
2542 3016 2869 3080 congregata
2897 3018 2949 3064 te
2973 3011 3273 3080 opperitur,
3301 3029 3439 3083 quo-

184 3127 251 3171 m
276 3134 399 3190 erga
434 3134 493 3175 se
530 3094 815 3184 hab'erem,
850 3120 907 3174 in
952 3120 1306 3192 semetipsum
1340 3122 1579 3181 deum“.
1612 3094 1831 3190 Αηοζϐ
1870 3108 1992 3147 rum
2036 3094 2097 3192 in
2137 3096 2316 3192 medio
2356 3098 2543 3154 multis
2590 3098 2760 3155 fultus
2805 3102 3033 3156 asseclis
3065 3104 3321 3159 consistit
3355 3103 3443 3158 Si-

180 3226 311 3264 rum
362 3228 514 3276 vero,
548 3210 639 3284 qui
689 3214 1089 3284 aliquantulum
1140 3214 1367 3284 vigilare
1405 3215 1751 3280 videbantur,

178 3302 240 3354 in
299 3302 589 3372 phantasia
637 3305 824 3374 gloria:
877 3311 931 3359 et
1000 3303 1311 3373 splendoris
1362 3321 1653 3376 apparens,
1704 3319 1759 3363 et

178 3408 385 3463 magna
414 3394 659 3464 quaedam
690 3402 853 3466 atque
891 3396 1129 3465 ingentia
1181 3398 1592 3465 repromittens,
1631 3414 1757 3453 eva-

174 3486 302 3553 gari
330 3485 683 3542 nihilominus
713 3503 744 3541 a
777 3487 887 3543 Deo
912 3502 1042 3542 vero
1062 3496 1297 3543 mentem
1324 3498 1485 3559 atque
1514 3492 1754 3546 aninmm

176 3574 348 3639 lecit;
381 3593 501 3646 qua:
539 3586 721 3633 tamen
752 3586 1065 3649 perpetrare
1107 3580 1159 3635 ei
1183 3579 1333 3649 justa
1364 3582 1598 3649 quadam
1633 3597 1747 3652 per-

174 3667 420 3721 mittitur
451 3668 680 3725 ratione.

252 3798 445 3857 XVIlI.
485 3802 569 3857 Ad
598 3804 714 3860 haec
743 3806 937 3876 Aquila
975 3806 1257 3877 respondit
1290 3828 1303 3863 :
1337 3806 1480 3875 Quid
1510 3825 1639 3879 ergo
1659 3809 1754 3865 de-

171 3890 441 3962 linquunt
467 3893 738 3961 homines,
780 3897 1131 3969 simalignus
1165 3899 1567 3957 transformans
1606 3918 1664 3957 se
1697 3903 1753 3955 in

171 3986 524 4056 splendorem
561 3988 761 4044 lucis"
790 3991 996 4060 majora
1039 3993 1372 4062 repromittit
1412 3994 1748 4058 hominibus,

170 4092 347 4149 quam
378 4080 493 4149 ipse
515 4080 765 4134 conditor
796 4080 979 4137 Deus?
1002 4081 1062 4137 Et
1091 4082 1287 4139 Petrus
1322 4102 1335 4138 :
1370 4082 1530 4150 Puto,
1553 4086 1749 4156 inquit,

172 4170 290 4225 hoc
320 4171 580 4240 injustius
613 4173 746 4227 nihil
776 4190 917 4241 esse,
966 4184 1021 4229 et
1061 4184 1333 4246 quatenus
1376 4178 1639 4247 injustum
1680 4180 1751 4233 sit

169 4262 333 4318 audi.
368 4264 424 4316 Si
458 4262 598 4319 ﬁlius
624 4271 774 4328 tuus,
806 4266 899 4336 qui
928 4281 959 4319 a
1002 4274 1055 4323 te
1078 4268 1230 4322 omni
1257 4269 1535 4339 diligentia
1566 4270 1746 4324 erudi-

172 4365 277 4411 tus
323 4363 411 4409 est
454 4364 509 4411 et
549 4357 813 4421 nutritus,
867 4367 1031 4429 atque
1077 4358 1145 4413 ad
1200 4360 1413 4414 virilem
1455 4362 1749 4431 perductus

166 4455 418 4511 aetatem,
452 4449 696 4519 ingratus
722 4449 821 4505 tibi
843 4451 934 4515 sit,
960 4459 1014 4506 et
1038 4451 1353 4521 relinquens
1376 4461 1426 4507 te
1459 4454 1526 4507 ad
1552 4454 1740 4516 alium,

168 4554 344 4609 quem
371 4538 511 4595 forte
533 4539 782 4595 ditiorem
808 4541 1024 4605 viderit,
1058 4548 1165 4607 eat,
1207 4552 1261 4597 et
1294 4544 1555 4597 honorem
1587 4560 1747 4614 que-u

168 4630 285 4686 tibi
308 4628 541 4685 debebat
571 4631 648 4685 illi
673 4631 946 4692 exhibeat,
986 4647 1051 4687 ac
1088 4648 1185 4702 spe
1226 4634 1452 4705 majoris
1484 4635 1619 4689 lucri
1652 4651 1742 4689 na-

166 4731 365 4775 turam
400 4734 559 4793 neget
599 4730 653 4777 et
680 4722 807 4791 jura
840 4730 1067 4802 paterna
1107 4723 1367 4795 defugiat,
1406 4734 1617 4781 rectum
1650 4727 1749 4782 tibi

166 4815 419 4877 videtur,
459 4828 529 4869 an
570 4814 835 4885 impium?
860 4808 926 4870 Et
973 4816 1168 4886 Aquila
1204 4818 1523 4888 respondit:
1558 4818 1748 4873 Omni-

163 4907 287 4963 bus
315 4904 493 4975 palam
541 4916 647 4970 est,
699 4907 843 4977 quod
893 4907 1119 4979 impium
1165 4908 1256 4965 sit.
1314 4908 1379 4962 Et
1422 4908 1654 4966 Petrus:
1689 4908 1747 4965 Si

158 5012 311 5070 ergo
339 4997 396 5051 in
422 4998 737 5054 hominibus
769 5000 873 5053 hoc
904 5000 1128 5069 impium
1158 5001 1318 5062 dicis.
1345 5012 1551 5071 quanto
1572 5004 1745 5075 magis

161 5087 227 5140 in
280 5084 411 5150 Deo,
446 5088 539 5158 qui
560 5104 724 5159 supra
761 5105 952 5145 omnes
997 5091 1247 5147 homines
1289 5093 1495 5148 honore
1538 5096 1609 5150 ab
1650 5097 1747 5149 ho-

160 5181 421 5239 minibus
450 5182 648 5255 dignus
696 5185 817 5241 est?
859 5185 1017 5256 cujus
1073 5204 1183 5243 non
1246 5189 1421 5244 solum
1468 5191 1749 5247 beneﬁciis

160 5272 438 5338 fruimur,
491 5291 681 5331 verum
728 5285 783 5333 et
832 5293 935 5349 ope
971 5293 1036 5333 ac
1084 5281 1290 5337 virtute
1328 5297 1449 5338 esse
1477 5285 1745 5354 coepimus

155 5380 305 5420 cum
336 5382 445 5421 non
472 5383 744 5437 essemus,
770 5372 969 5442 cuique
998 5374 1043 5427 si
1074 5374 1386 5444 placeamus
1415 5378 1747 5433 merebimur

160 5456 249 5514 ab
281 5454 371 5521 eo,
398 5465 459 5514 ut
484 5461 649 5516 etiam
677 5463 868 5519 aeterni
909 5464 965 5518 in
996 5464 1155 5520 bonis
1184 5466 1379 5523 simus.
1414 5466 1484 5522 Ut
1509 5484 1639 5540 ergo
1663 5472 1746 5525 in-

1868 3200 2014 3239 mon.
2053 3184 2191 3238 Tum
2221 3184 2415 3241 Petrus
2446 3195 2505 3241 ut
2550 3189 2665 3243 haec
2711 3191 2936 3255 audivit,
2968 3194 3234 3249 orationis
3264 3198 3439 3265 gratia

1861 3276 2121 3331 secedere
2154 3294 2236 3331 me
2259 3278 2459 3346 jubens
2509 3279 2775 3348 (nondum
2808 3283 2952 3335 enim
2980 3299 3130 3337 eram
3162 3283 3370 3338 dilutus
3408 3302 3437 3338 a

1861 3366 2121 3435 peccatis,
2148 3382 2268 3435 qua:
2297 3368 2351 3420 in
2384 3368 2691 3437 ignorantia
2721 3371 3233 3443 commiseram),ait
3260 3375 3325 3429 ad
3354 3389 3439 3428 re-

1858 3456 2340 3527 liquos:0remus
2397 3458 2616 3523 fratres,
2673 3467 2732 3513 ut
2794 3460 2936 3515 Deus
2993 3478 3089 3532 per
3154 3461 3436 3517 Christum

1856 3562 2017 3603 suum
2065 3562 2162 3616 pro
2208 3546 2470 3602 ineffabili
2510 3549 2891 3604 misericordia
2937 3567 3034 3605 sua
3078 3552 3297 3621 adjuvet
3346 3570 3437 3609 me

1855 3648 2142 3694 exeuntem
2181 3654 2279 3709 pro
2322 3639 2498 3696 salute
2543 3641 2848 3708 hominum,
2894 3646 2985 3715 qui
3017 3646 3085 3700 ab
3114 3646 3234 3715 ipso
3266 3650 3434 3713 creati

1856 3737 2003 3783 sunt.
2036 3727 2097 3780 Et
2128 3728 2242 3782 haec
2268 3744 2394 3782 cum
2425 3730 2678 3795 dixisset,
2712 3736 2960 3790 oratione
2988 3736 3129 3790 facta
3154 3740 3436 3808 processit

1855 3819 1922 3873 ad
1959 3820 2159 3872 atrium
2192 3820 2409 3884 domus,
2468 3822 2521 3875 in
2573 3839 2682 3893 quo
2737 3834 2856 3879 erat
2906 3828 3199 3883 multitudo
3248 3832 3434 3902 populi

1855 3909 2090 3978 plurima
2119 3920 2484 3982 congregata;
2534 3929 2671 3983 quos
2725 3918 2816 3971 ubi
2866 3934 3057 3975 omnes
3097 3939 3313 3978 summo
3354 3925 3430 3979 si-

1856 3998 2022 4053 lentio
2052 3998 2119 4053 ad
2154 4016 2213 4055 se
2244 4000 2479 4054 intentos
2503 4004 2657 4067 vidit,
2687 4016 2741 4059 et
2783 4023 2998 4079 magum
3050 4010 3330 4070 Simonem
3364 4016 3420 4071 in

1854 4090 2032 4146 medio
2058 4108 2249 4147 eorum
2290 4096 2439 4148 velut
2489 4094 2811 4165 signiferum
2843 4108 3101 4167 stantem,
3138 4104 3240 4158 hoc
3271 4104 3430 4160 modo

1853 4185 2027 4254 (repit
2052 4204 2065 4239 :

1924 4276 2040 4332 XX.
2080 4276 2187 4330 Pax
2215 4278 2369 4333 vobis
2397 4281 2468 4334 sit
2499 4281 2776 4347 omnibus,
2810 4283 2903 4354 qui
2938 4287 3112 4355 parati
3144 4290 3277 4344 estis
3297 4290 3431 4345 dex-

1852 4374 1999 4423 teras
2030 4370 2162 4425 dare
2206 4373 2461 4441 veritati;
2505 4376 2822 4448 quicunque
2867 4382 3011 4435 enim
3056 4384 3319 4439 obediunt
3355 4386 3428 4451 ei,

1852 4458 2104 4514 videntur
2132 4462 2352 4530 quidem
2394 4466 2497 4521 sibi
2547 4468 2751 4539 aliquid
2794 4473 2981 4541 gratiae
3011 4475 3263 4531 conferre
3300 4477 3429 4545 Deo,

1856 4566 2020 4621 porro
2042 4560 2223 4607 autem
2255 4556 2359 4625 ipsi
2391 4558 2461 4612 ab
2484 4574 2549 4613 eo
2576 4558 2779 4615 d'onum
2803 4565 3003 4618 summi
3029 4569 3275 4622 muneris
3298 4586 3430 4625 con-

1854 4653 2158 4713 sequuntur
2181 4647 2410 4717 justitia:
2432 4651 2552 4719 ejus
2584 4654 2796 4709 semitis
2830 4656 3168 4718 incedentes.
3201 4660 3431 4734 Propter

1856 4735 2005 4805 quod
2037 4738 2273 4807 primum
2318 4751 2401 4795 est
2429 4744 2698 4804 omnium,
2728 4746 3002 4815 justitiam
3034 4749 3130 4806 Dei
3173 4768 3430 4824 regnum-

1853 4845 1960 4900 que
2001 4833 2121 4901 ejus
2161 4835 2539 4905 inquircre";
2578 4839 2851 4909 justitiam
2896 4845 3118 4914 quidem
3174 4857 3234 4901 ut
3282 4858 3429 4905 recte

1854 4938 2015 4995 agere
2046 4925 2366 4993 doceamur,
2398 4947 2626 5002 regnum
2667 4950 2819 4999 vero,
2852 4944 2912 4990 ut
2942 4954 3063 5008 quae
3102 4940 3175 4995 sit
3214 4958 3427 4999 merces

1850 5018 2027 5085 posita
2074 5019 2277 5076 laboris
2327 5032 2383 5076 et
2431 5025 2704 5092 patientiae
2747 5031 3081 5096 noverimus,
3116 5033 3171 5088 in
3206 5050 3315 5103 quo
3344 5044 3429 5090 est

1856 5108 2016 5164 bonis
2054 5113 2277 5181 quidem
2321 5123 2649 5171 mternorum
2705 5117 2969 5174 bonorum
3027 5127 3423 5187 remuneratio,

1856 5201 1941 5254 his
1970 5211 2171 5269 autem,
2199 5206 2293 5274 qui
2327 5215 2518 5262 contra
2552 5208 2888 5266 voluntatem
2922 5211 3016 5268 Dei
3049 5217 3281 5285 egerint,
3326 5234 3426 5287 pro

1852 5293 2281 5366 uniuscujusque
2307 5299 2476 5368 gestis
2502 5316 2785 5369 poenarum
2828 5303 2989 5374 digna
3008 5309 3302 5366 restitutio.
3326 5310 3426 5366 llic

1852 5401 2003 5456 ergo,
2036 5387 2137 5442 hoc
2167 5397 2252 5442 est
2294 5391 2348 5444 in
2400 5396 2654 5462 przesenti
2693 5395 2797 5449 vita
2840 5399 3049 5466 positos
3079 5410 3295 5470 oportet
3324 5420 3424 5459 vos

1854 5491 2152 5545 agnoscere
2184 5480 2517 5535 voluntatem
2542 5482 2657 5547 Dei,
2690 5486 2781 5539 ubi
2814 5499 2867 5541 et
2900 5488 3091 5557 agendi
3125 5490 3279 5547 locus
3314 5502 3420 5547 est.

286 5608 332 5709 2'
367 5608 493 5709 .010-
499 5614 560 5709 "si
589 5644 658 5709 π
676 5612 973 5709 riderentur
994 5625 1059 5709 ἐξ
1082 5626 1530 5709 ᾳρίξξιξθηιξυῃῑηι·
1556 5638 1569 5673 :
1601 5620 1842 5709 Aliorum
1873 5642 1989 5709 vero
2016 5657 2084 5666 --
2119 5630 2442 5709 permittitur
2471 5631 2674 5709 ratione
2702 5633 3157 5709 desideranturin
3179 5650 3409 5709 utroque

155 5678 546 5777 ςρᾶςέὲιοίρεε.
611 5685 653 5715 η
674 5682 715 5735 ιι
744 5687 868 5741 Cor.
894 5703 972 5752 XI,
992 5678 1115 5744 tt.‘
1142 5689 1186 5720 ιο
1208 5678 1360 5755 ραάά
1392 5691 1811 5747 εί-ιηιιηενίὺιιε
1832 5678 3409 5777 permuniit}66:1"1'éguiﬁiié'ihEBEETEBEEZ"373135:

162 5767 255 5817 vr,
293 5750 382 5806 33.

340 5842 605 5907 Ρηιιοι.
641 5846 751 5907 (ia.
794 5847 841 5906 Ι.

2981 5864 3057 5923 ἶιο
