3976 6340
536 372 539 373 ί
592 292 725 348 less

1436 287 1490 342 S.
1527 282 1917 343 CLEMENTIS
1951 282 1973 337 l
2006 280 2173 337 ROM.
2212 278 2413 335 PONT.
2452 277 2680 334 OPERA
2717 276 2940 332 DUBIA.

3606 282 3706 339 1264

584 408 906 483 patientiam
935 405 1194 469 invitans,
1214 404 1417 459 bonum
1446 401 1597 472 pacis
1621 401 1786 457 etiam
1810 412 1936 454 cum
1966 396 2155 450 labore
2184 397 2231 453 Δ
2257 390 2356 447 des
2384 405 2414 444 a
2444 390 2733 460 temetipso
2751 428 2765 452 ,
2796 386 3071 458 quomodo
3113 385 3310 440 stabis?
3351 384 3545 444 Necesse
3580 399 3644 445 est
3667 400 3708 447 ut

588 502 862 574 patientia:
874 498 1141 555 suadebat
1166 511 1286 551 esse
1316 493 1662 551 servandum.
1681 492 1720 545 E
1732 490 2012 546 contrario
2023 500 2155 542 vero

588 609 685 652 eos
715 593 809 663 qui
840 591 897 645 in
925 589 1133 644 divitiis
1158 604 1219 642 ac
1250 588 1467 642 luxuria
1494 585 1882 646 versabantur.
1913 582 2154 652 lugebat,

588 686 683 760 qui
704 684 839 740 nihil
858 682 1191 754 pauperibus
1222 680 1628 751 largiebantur,
1660 691 1897 748 arguens
1936 689 2033 729 eos
2069 687 2158 726 ra-

529 764 540 785 ²
588 779 794 834 tionem
823 774 1136 831 reddituros
1157 814 1172 837 ,
1206 772 1334 844 quia
1385 771 1664 842 proximos
1696 783 1827 824 suos
1869 781 2007 837 quos
2037 763 2163 819 dili-

582 885 720 943 gere
749 868 893 923 sicut
919 866 1131 937 seipsos
1159 863 1479 929 debuerant,
1505 876 1572 915 ne
1603 861 1657 914 in
1686 867 1924 931 egestate
1943 854 2162 926 quidem

591 964 801 1034 positos
832 959 1075 1015 miserati
1107 963 1256 1012 sunt.
1289 954 1415 1010 Haec
1446 960 1629 1008 autem
1659 952 1852 1007 dicens
1883 950 2019 1003 alios
2042 945 2165 1018 qui-

591 1052 714 1109 dem
766 1050 990 1107 obedire
1038 1049 1201 1115 fecit,
1245 1048 1382 1101 alios
1430 1060 1560 1100 vero
1609 1044 1843 1099 reddidit
1891 1041 2162 1095 inimicos.

593 1142 958 1198 Credentibus
997 1154 1126 1211 ergo
1173 1144 1229 1193 et
1275 1134 1655 1191 obedientihus
1724 1146 1913 1201 pacem
1966 1129 2167 1183 habere

592 1232 738 1285 inter
769 1244 827 1284 se
858 1228 1091 1282 invicem
1121 1224 1298 1295 jubet,
1325 1230 1378 1277 et
1408 1221 1541 1292 ipsis
1564 1220 1697 1273 dicit
1722 1238 1735 1272 :
1761 1218 1914 1271 Beati
1936 1214 2165 1284 paciﬁci,

593 1321 718 1391 quia
745 1318 849 1388 ipsi
870 1317 971 1387 ﬁlii
996 1315 1091 1369 Dei
1120 1312 1443 1369 vocabuntur
1458 1312 1525 1367 ³⁰.
1555 1310 1651 1366 His
1681 1315 1857 1363 autem
1881 1347 1895 1371 ,
1930 1307 2021 1377 qui
2058 1319 2168 1359 non

595 1413 770 1467 solum
792 1425 901 1463 non
926 1406 1231 1469 credidere,
1262 1418 1451 1459 verum
1486 1409 1541 1457 et
1572 1400 1875 1456 adversarii
1906 1398 2171 1453 doctrinae

595 1504 721 1573 ejus
742 1502 868 1556 facti
896 1494 1268 1565 sunt,bellum
1289 1496 1441 1551 verbi
1472 1503 1526 1550 et
1557 1492 1953 1549 confutationis
1980 1488 2175 1543 indicit

594 1572 650 1651 et
680 1572 784 1648 ait:
813 1594 953 1660 Quia
976 1608 1040 1647 ea:
1065 1592 1160 1646 hoc
1188 1588 1420 1645 videbitis
1463 1588 1701 1657 separari
1733 1586 1903 1652 ﬁlium
1940 1601 1971 1637 a
1994 1588 2167 1653 p‘atre,

596 1694 646 1741 et
674 1687 841 1739 virum
868 1684 933 1738 ab
958 1700 1123 1737 uxore
1146 1723 1160 1746 ,
1186 1695 1235 1737 et
1267 1682 1438 1750 ﬁliam
1474 1697 1505 1732 a
1548 1686 1748 1741 matre,
1786 1686 1836 1731 et
1881 1676 2101 1745 fratrem
2137 1691 2170 1727 a

597 1777 792 1846 fratre,
826 1785 871 1831 et
904 1792 1093 1829 nurum
1130 1792 1160 1827 a
1194 1788 1347 1827 socru
1369 1813 1383 1837 ,
1415 1781 1462 1824 et
1493 1772 1696 1824 inimici
1729 1770 1952 1823 hominis
1992 1767 2165 1821 domes
2200 1745 2243 1801 Β

597 1870 719 1924 stici
757 1868 954 1939 ejus".
1000 1866 1060 1921 In
1088 1880 1418 1937 unaquaque
1461 1865 1607 1920 enim
1639 1864 1824 1926 domo,
1874 1877 1999 1916 cum
2030 1861 2173 1915 inter

598 1962 914 2017 credentem
943 1968 998 2017 et
1027 1974 1137 2015 non
1168 1960 1480 2016 credentem
1512 1957 1737 2027 coeperit
1774 1971 1897 2012 esse
1942 1953 2172 2009 diversi-

599 2062 705 2120 tas,
736 2053 1052 2110 necessario
1080 2067 1261 2123 pugna
1293 2052 1370 2115 ﬁt,
1404 2050 1704 2106 incredulis
1736 2047 1950 2120 quidem
1983 2055 2174 2101 contra

600 2144 762 2201 ﬁdem
792 2145 1179 2201 dimicantibus
1206 2184 1220 2207 ,
1256 2142 1505 2197 ﬁdelibus
1532 2157 1664 2196 vero
1694 2140 1749 2195 in
1790 2140 1900 2194 illis
1930 2152 2172 2194 errorem

600 2247 861 2302 veterem,
892 2245 946 2293 et
974 2247 1323 2307 peccatorum
1357 2234 1485 2288 vitia
1514 2230 1947 2288 confutantibus.

669 2330 837 2388 XXX.
884 2329 1145 2385 Similiter
1171 2342 1389 2399 quoque
1432 2327 1597 2382 etiam
1647 2338 1779 2395 erga
1821 2323 2031 2379 scribas
2056 2361 2071 2387 ,
2121 2329 2176 2376 et

599 2422 903 2481 Pharisazos
934 2421 1128 2476 ultimo
1157 2418 1423 2474 doctrinae
1452 2430 1565 2471 suae
1594 2422 1841 2486 tempore
1861 2413 2060 2468 bellum
2080 2427 2144 2481 ge
2162 2441 2175 2451 -

603 2518 694 2580 rit,
750 2524 981 2583 arguens
1018 2524 1112 2565 eos
1160 2521 1325 2575 super
1366 2506 1578 2561 actibus
1618 2520 1729 2559 non
1774 2503 1931 2559 bonis
1973 2510 2026 2555 et
2058 2515 2167 2553 non

605 2616 753 2663 recta
793 2603 1076 2669 doctrina,
1117 2609 1172 2657 et
1218 2600 1366 2669 quod
1422 2600 1626 2654 clavem
1667 2597 1905 2652 scientiae
1938 2610 2099 2665 quam
2138 2608 2169 2648 a

605 2700 794 2769 Moyse
818 2694 1068 2750 traditam
1094 2701 1469 2761 susceperunt,
1496 2690 1850 2751 occultarent,
1879 2703 1975 2757 per
2008 2701 2171 2756 quam

605 2786 781 2857 possit
809 2785 975 2853 janua
1002 2781 1152 2851 regni
1180 2780 1417 2835 cteIestis
1440 2778 1637 2847 aperiri
1669 2778 1732 2832 δ’.
1759 2775 1863 2831 Sed
1897 2786 1950 2831 et
1978 2792 2075 2830 nos
2102 2775 2171 2829 ad

606 2874 1009 2946 praedicandum
1070 2870 1290 2925 mittens
1352 2868 1615 2924 Dominus
1674 2876 1858 2922 noster
1920 2865 2172 2935 pt'aicupit

607 2965 787 3029 nobis,
820 2970 880 3017 ut
902 2962 958 3016 in
981 2973 1363 3031 quamcunque
1401 2957 1677 3012 civitatem
1708 2956 1792 3011 vel
1822 2953 2044 3009 domum
2086 2955 2166 3008 in-

2260 483 2418 539 cadat
2439 522 2453 546 ,
2484 483 2576 552 qui
2626 483 2679 535 in
2719 479 3018 549 semetipso
3064 478 3327 531 dividitur.
3356 476 3498 533 Omne
3524 483 3630 534 enim
3653 499 3709 537 n-

2258 593 2414 647 gnum
2462 577 2519 628 in
2550 574 2883 641 semetipsum
2911 572 3153 635 divisum,
3185 587 3282 623 non
3310 571 3453 623 stabit
3472 572 3527 626 ".
3551 572 3614 628 Ad
3634 575 3710 632 hac

2261 665 2306 718 si
2331 662 2461 732 quid
2493 663 2727 723 videtur,
2761 661 2951 717 dicito.

2331 753 2546 809 XXXII.
2589 753 2655 807 Et
2687 752 2877 807 Simon
2906 772 2919 805 :
2952 750 3241 804 Stultitiam
3270 756 3401 805 tuam
3427 754 3635 809 demiror.
3653 755 3713 813 Sic

2262 846 2422 901 nobis
2451 845 2701 917 magistri
2723 846 2802 899 tui
2834 844 2999 899 verba
3028 843 3304 913 proponis,
3331 846 3470 914 quasi
3498 851 3718 905 certumde

2263 953 2329 993 eo
2356 938 2615 993 habeatur
2645 936 2789 1008 quod
2817 935 3083 1006 propheta
3125 935 3220 999 sit,
3251 951 3399 1004 quem
3424 952 3510 1007 ego
3535 940 3717 1008 perfacile

2265 1027 2640 1083 demonstrare
2660 1042 2907 1098 possum,
2935 1027 3104 1079 multa
3128 1023 3228 1079 sibi
3254 1029 3502 1081 contraria
3527 1029 3716 1088 locutum.

2266 1120 2511 1191 Denique
2551 1136 2619 1175 ex
2654 1121 2775 1183 his,
2814 1134 2939 1190 quae
2984 1119 3101 1187 ipse
3149 1118 3437 1186 protulisti,
3481 1135 3651 1192 arguam
3670 1133 3715 1180 te.

2266 1212 2362 1270 Ais
2391 1214 2537 1269 cnim
2573 1213 2779 1269 dixisse
2802 1226 2926 1268 eum
2953 1249 2968 1275 ,
3001 1226 3149 1263 omne
3194 1226 3394 1279 regnum
3418 1213 3488 1268 vel
3511 1217 3646 1270 omnis
3671 1220 3720 1272 ci.

2267 1306 2409 1361 vitas
2438 1305 2611 1360 divisa
2642 1306 2699 1359 in
2727 1302 3020 1372 semetipsa
3054 1317 3157 1354 non
3180 1302 3351 1355 stabit.
3382 1301 3442 1355 Et
3466 1306 3570 1359 alibi
3590 1307 3719 1363 iterum

2271 1398 2353 1451 ais
2383 1411 2508 1451 eum
2545 1396 2751 1450 dixisse
2772 1435 2787 1459 ,
2814 1395 2941 1465 quia
2983 1393 3099 1463 ipse
3127 1392 3331 1446 miserit
3356 1394 3722 1463 gladium,utse«

2272 1496 2488 1558 pararet
2516 1502 2611 1543 eos
2641 1488 2736 1558 qui
2766 1488 2821 1541 in
2852 1486 3014 1541 domo
3044 1493 3192 1548 sunt,
3217 1485 3288 1539 ita
3316 1494 3373 1540 ut
3396 1487 3617 1542 dividatur
3631 1489 3722 1545 filius

2270 1592 2299 1631 a
2319 1586 2507 1648 patre,
2554 1586 2607 1633 et
2632 1577 2739 1632 ﬁlia
2772 1593 2803 1631 a
2834 1584 3008 1631 matre
3030 1615 3046 1640 ,
3093 1584 3148 1630 et
3180 1575 3339 1630 frater
3368 1592 3395 1629 a
3426 1577 3591 1641 fratre,
3621 1591 3663 1633 ut
3693 1580 3722 1634 si

2276 1670 2478 1726 fuerint
2515 1672 2569 1725 in
2604 1686 2711 1725 una
2741 1670 2905 1725 domo
2935 1669 3207 1740 quinque,
3252 1668 3535 1724 dividantur
3558 1678 3639 1726 tres
3665 1672 3724 1724 ad-

2272 1780 2490 1821 versum
2514 1764 2675 1829 duos,
2701 1772 2756 1820 et
2784 1764 2894 1819 duo
2918 1764 3205 1820 adversum
3228 1768 3334 1815 tres
3347 1759 3409 1815 ⁸⁵.
3440 1762 3487 1817 Si
3508 1779 3608 1834 ergo
3622 1778 3725 1819 omne

2272 1857 2415 1927 quod
2446 1856 2729 1921 dividitur,
2765 1856 2913 1911 cadit
2942 1896 2956 1921 ,
3010 1857 3116 1914 iste
3146 1862 3238 1929 qui
3265 1856 3530 1913 divisiones
3550 1854 3642 1909 facit
3665 1870 3724 1909 ca-

2272 1948 2437 2003 dendi
2468 1948 2721 2018 praestitit
2750 1962 2969 2011 causas,
3003 1954 3057 2003 et
3098 1950 3143 2003 si
3175 1949 3299 2003 talis
3326 1956 3421 2011 est,
3443 1946 3595 2015 utique
3614 1945 3724 1998 malus

2272 2047 2377 2097 est.
2412 2041 2490 2094 Ad
2520 2040 2636 2094 haec
2661 2038 2933 2109 responde
2962 2040 3010 2096 si
3045 2047 3226 2109 potes.

2266 2206 2271 2211 Ι
2343 2132 2582 2186 XXXIII.
2604 2131 2669 2184 Et
2686 2130 2878 2186 Petrus
2904 2150 2916 2184 :
2944 2128 3063 2184 Non
3092 2138 3296 2187 temere
3314 2129 3571 2200 deroges,o
3587 2126 3722 2183 Simon.

2274 2226 2360 2281 his
2389 2241 2511 2296 quae
2531 2240 2641 2279 non
2674 2223 2954 2293 intelligis.
2988 2221 3177 2277 Primo
3207 2238 3335 2294 ergo
3364 2221 3649 2292 respondeam
3666 2236 3724 2289 pro

2274 2330 2341 2373 eo
2366 2315 2513 2387 quod
2541 2315 2643 2378 ais,
2686 2330 2775 2370 me
2796 2314 3041 2385 magistri
3067 2315 3179 2370 mei
3212 2314 3370 2369 verba
3397 2327 3650 2383 proponere,
3676 2320 3724 2363 u-

2276 2424 2382 2480 que
2428 2424 2491 2463 ex
2529 2407 2663 2478 ipsis
2700 2422 2765 2462 ea
2789 2444 2806 2471 ,
2852 2407 2920 2461 de
2951 2407 3158 2477 quibus
3203 2405 3492 2469 dubitatur,
3522 2404 3723 2458 absolvere.

2278 2502 2543 2557 Dominus
2592 2510 2775 2555 noster
2814 2499 3035 2554 mittens
3069 2512 3180 2555 nos
3236 2506 3492 2570 apostolos
3527 2495 3578 2549 ad
3604 2495 3725 2563 pradi-

2278 2592 2534 2657 candum,
2561 2591 2814 2663 praecepit
2842 2591 3023 2655 nobis,
3049 2600 3112 2645 ut
3138 2589 3419 2645 doceamus
3438 2602 3588 2644 omnes
3606 2593 3725 2657 genta

2278 2683 2345 2738 de
2374 2683 2460 2738 his
2502 2698 2624 2752 quae
2657 2681 2912 2735 mandata
2943 2687 3072 2738 sunt
3125 2681 3287 2736 nobis
3302 2681 3363 2734 ".
3386 2678 3545 2750 Neque
3563 2692 3652 2747 ergo
3674 2676 3727 2729 di-

2277 2789 2401 2831 cere
2422 2789 2507 2837 ea,
2540 2780 2602 2828 ut
2626 2774 2695 2827 ah
2715 2773 2835 2842 ipso
2866 2771 3014 2827 dicta
3041 2782 3198 2837 sunt,
3230 2768 3614 2843 possumus.Non
3635 2766 3725 2822 enirn

2278 2867 2487 2930 dicere,
2530 2864 2624 2920 sed
2654 2865 2854 2921 docere
2883 2879 2947 2920 ea
2979 2864 3035 2919 in
3065 2866 3343 2921 mandatis
3370 2865 3607 2927 habemus,
3630 2867 3664 2914 et
3684 2875 3729 2913 cx

2281 2960 2416 3031 ipsis
2442 2958 2752 3021 ostendere,
2783 2958 3064 3029 quomodo
3096 2956 3511 3027 unumquodque
3530 2968 3655 3009 eonnn
3671 2964 3731 3003 re

607 3051 1229 3121 troierimus,dieamus:
1265 3049 1383 3101 Pax
1405 3048 1522 3101 huic
1544 3046 1759 3109 domui;
1792 3055 1840 3099 et
1867 3046 1912 3099 si
1938 3045 2166 3115 quidem,
2206 3088 2249 3146 Ο
2281 3050 2443 3106 ritate
2492 3049 2782 3105 subnixum
2814 3049 2907 3104 sit.
2936 3046 3130 3119 Neque
3162 3063 3352 3104 rursus
3385 3046 3604 3117 proprium
3626 3041 3731 3096 nobis

607 3146 802 3215 inquit,
829 3144 989 3215 fuerit
1025 3142 1095 3196 ibi
1129 3141 1272 3212 ﬁlius
1306 3143 1474 3212 pacis,
1500 3141 1665 3195 veniet
1708 3152 1862 3208 super
1901 3154 2020 3191 eum
2063 3152 2169 3206 pax

606 3247 813 3301 uestra;
840 3236 887 3291 si
919 3251 1035 3289 vero
1069 3250 1169 3288 non
1214 3235 1393 3304 fuerit,
1436 3250 1541 3303 pax
1581 3243 1748 3286 uestra
1774 3231 1842 3284 ad
1886 3248 1972 3286 vos
2002 3247 2168 3284 rever-

608 3339 777 3395 tetur;
806 3337 1065 3385 exeuntes
1100 3336 1277 3382 autem
1308 3326 1374 3381 de
1402 3326 1562 3380 domo
1596 3325 1678 3379 vel
1708 3325 1775 3379 de
1810 3324 2028 3378 civitate
2054 3324 2165 3387 illa,

606 3431 667 3478 ut
692 3422 855 3477 etiam
886 3420 1185 3490 pulverem,
1219 3416 1313 3487 qui
1361 3417 1647 3471 adhaeserit
1676 3415 1899 3483 pedibus
1943 3414 2165 3479 nostris,

607 3512 946 3569 excutiamus
976 3526 1139 3580 super
1164 3524 1276 3563 eos.
1310 3507 1656 3561 Tolerabilius
1681 3516 1856 3561 autem
1889 3508 1987 3560 erit
2014 3516 2168 3559 terra?

606 3604 953 3662 Sodomorum
982 3612 1032 3656 et
1065 3601 1522 3656 Gomorrhworum
1554 3602 1605 3655 in
1642 3601 1726 3654 die
1756 3600 1970 3669 judicii,
2007 3614 2167 3669 quam

606 3695 690 3749 illi
731 3693 935 3748 civitati
981 3692 1059 3746 vel
1101 3691 1281 3744 domui
1311 3691 1375 3744 ⁸³.
1424 3690 1579 3756 Quod
1604 3691 1790 3761 utique
1829 3690 1903 3745 ita
1946 3690 2165 3745 demum

604 3784 860 3856 praecepit
893 3782 1029 3847 ﬁeri,
1063 3781 1109 3837 si
1141 3781 1295 3852 prius
1327 3782 1382 3836 in
1412 3783 1635 3838 civitate
1676 3784 1763 3839 vel
1786 3784 1948 3838 domo
1979 3785 2180 3839 verita-

604 3876 676 3932 tis
700 3890 881 3932 sermo
906 3873 1257 3946 praedicetur,
1286 3890 1352 3930 ex
1376 3891 1485 3945 quo
1506 3877 1593 3930 vel
1620 3877 1950 3947 recipientes
1979 3881 2182 3933 verita-

606 3968 676 4025 tis
705 3967 862 4022 ﬁdem
896 3965 992 4021 lllii
1031 3966 1183 4035 pacis
1216 3976 1269 4021 et
1300 3966 1394 4019 ﬁlii
1440 3966 1533 4022 Dei
1567 3967 1698 4022 ﬁant
1726 4012 1740 4034 ,
1773 3972 1856 4024 vel
1897 3986 2004 4024 non
2040 3972 2179 4027 reci-

607 4062 818 4132 pientes
851 4067 1150 4129 arguantur
1182 4060 1340 4129 quasi
1367 4059 1573 4114 inimici
1606 4061 1756 4131 pacis
1784 4073 1835 4116 et
1866 4061 1980 4118 Dei.

674 4149 865 4209 XXXI.
896 4152 975 4207 Ita
997 4168 1129 4223 ergo
1157 4158 1211 4207 et
1244 4168 1346 4207 nos
1384 4142 1631 4225 magistri
1662 4154 1919 4209 instituta
1949 4170 2178 4212 servan-

605 4256 712 4314 tes,
744 4261 934 4317 pacem
966 4247 1141 4316 primo
1173 4245 1528 4316 pr0ponimus
1560 4246 1924 4312 auditoribus,
1966 4255 2028 4303 ut
2055 4248 2180 4305 abs-

604 4354 710 4409 que
756 4338 866 4392 ulla
898 4338 1315 4409 perturbatione
1348 4339 1518 4409 possit
1566 4339 1653 4393 via
1695 4340 1888 4394 salutis
1932 4341 2175 4410 agnosci.

2283 3141 2486 3213 aliquid
2528 3141 2711 3196 dicere
2744 3141 3074 3211 permissum
3110 3150 3215 3197 est.
3255 3140 3444 3195 Sumus
3468 3138 3581 3193 enim
3606 3132 3729 3189 missi.

2279 3244 2335 3292 et
2367 3234 2679 3291 necessario
2713 3235 2807 3304 qui
2833 3234 3036 3290 missus
3076 3242 3188 3295 est.
3223 3234 3349 3288 illud
3386 3233 3511 3304 quod
3530 3232 3734 3302 iussused

2280 3329 2532 3392 nuntiat,
2564 3336 2618 3382 et
2646 3328 2979 3382 voluntatem
3029 3327 3305 3381 mittentis
3350 3325 3557 3395 exponit.
3592 3319 3683 3374 Nam
3705 3320 3732 3370 si

2282 3421 2428 3476 aliud
2465 3420 2665 3483 dicam,
2693 3434 2855 3490 quam
2888 3419 3151 3489 praecepit
3174 3417 3306 3472 mihi
3336 3417 3420 3473 ille
3441 3415 3520 3488 qui
3543 3429 3609 3469 me
3626 3410 3732 3471 misti.

2282 3511 2451 3567 falsus
2478 3526 2576 3565 ero
2604 3510 2905 3580 apostolus,
2930 3508 3025 3580 qui
3050 3524 3168 3563 non
3202 3508 3333 3563 illud
3358 3509 3470 3564 dico
3492 3504 3604 3577 quod
3615 3503 3734 3571 jussus

2281 3619 2402 3659 sum
2433 3603 2637 3667 dicere,
2674 3602 2769 3658 sed
2799 3602 2947 3672 quod
2972 3601 3110 3655 mihi
3142 3601 3374 3657 videtur.
3399 3598 3534 3667 Quod
3551 3596 3622 3667 qui
3640 3591 3734 3651 luit.

2281 3697 2470 3768 utique
2500 3712 2559 3751 se
2590 3695 2869 3750 meliorem
2909 3693 3210 3750 ostendere
3238 3695 3352 3749 vult
3379 3706 3519 3763 quam
3556 3696 3617 3744 est
3637 3686 3734 3739 ille:

2279 3803 2389 3859 quo
2414 3787 2618 3842 missus
2646 3794 2747 3853 est,
2779 3794 2834 3841 et
2862 3792 2946 3841 est
2978 3786 3097 3841 sine
3150 3783 3320 3840 dubio
3346 3783 3676 3851 praevaricator.
3701 3772 3735 3826 Si

2278 3894 2408 3934 vero
2436 3893 2499 3933 ea
2530 3892 2651 3948 quae
2682 3876 2871 3946 jussus
2901 3884 2985 3932 est
3015 3884 3402 3947 prosequatur,
3426 3883 3659 3938 eorumque
3681 3880 3735 3916 as-

2281 3971 2550 4026 sertiones
2590 3966 3069 4023 manifestissimas
3114 3969 3392 4039 proferat,
3439 3961 3623 4035 apostoli
3652 3968 3738 4024 olli“

2279 4063 2505 4133 exsequi
2529 4060 2836 4127 videbitur,
2865 4060 3013 4130 quod
3064 4076 3169 4131 ego
3206 4064 3357 4115 nunc
3378 4058 3571 4128 implere
3590 4057 3737 4105 conten-

2280 4155 2415 4209 dens
2447 4169 2555 4207 non
2585 4153 2682 4208 tibi
2711 4153 2918 4222 placeo.
2948 4150 3071 4205 Non
3098 4166 3232 4223 ergo
3289 4145 3622 4221 reprehendas,
3648 4136 3737 4208 (ιωκὲ

2280 4245 2401 4316 ejus
2429 4244 2524 4316 qui
2549 4260 2635 4299 me
2657 4244 2806 4298 misit
2833 4243 3112 4314 proferam
3133 4244 3332 4309 verba;
3365 4240 3452 4297 sed
3476 4239 3516 4293 si
3537 4235 3658 4291 estin
3675 4230 3737 4281 illis

2282 4335 2516 4406 aliquid,
2546 4334 2692 4405 quod
2721 4350 2832 4389 non
2867 4334 2941 4389 sit
2984 4336 3202 4405 integre
3245 4334 3473 4396 dictum,
3510 4326 3738 4383 indemenl

605 4427 760 4495 Quod
809 4427 857 4484 si
897 4427 1023 4498 quis
1080 4429 1231 4500 pacis
1257 4429 1420 4484 verba
1450 4444 1559 4482 non
1593 4430 1825 4500 suscipit
1871 4446 2047 4501 neque
2087 4446 2181 4485 ac-
2209 4422 2256 4483 D
2282 4442 2481 4498 arguas
2528 4427 2690 4492 licet;
2721 4425 2869 4495 quod
2917 4434 3105 4481 tamen
3136 4426 3290 4481 nullo
3325 4423 3471 4478 modo
3497 4419 3589 4474 ﬁeri
3610 4419 3733 4486 potest

604 4521 837 4592 quiescit
880 4520 1144 4585 veritati,
1195 4522 1399 4576 scimus
1437 4522 1727 4577 adversum
1762 4538 1887 4576 eum
1938 4540 2173 4594 pugnam

602 4614 755 4670 verbi
800 4629 1037 4681 movere,
1068 4621 1122 4669 et
1150 4627 1379 4681 arguere
1411 4616 1594 4671 acrius
1641 4615 1976 4671 confutando
2023 4617 2176 4687 igno-

605 4709 840 4762 rantiam
868 4715 922 4763 et
952 4705 1332 4778 redarguendo
1361 4716 1604 4777 peccata.
1637 4707 1963 4766 Necessario
2010 4711 2176 4783 igitur

604 4815 794 4871 pacem
826 4799 1184 4870 proponimus
1204 4840 1218 4865 ,
1246 4807 1305 4854 ut
1346 4800 1392 4854 si
1423 4800 1546 4870 quis
1575 4808 1659 4856 est
1696 4800 1837 4857 ﬁlius
1864 4804 2037 4873 pacis,
2072 4819 2177 4873 pax

606 4899 793 4947 nostra
819 4894 1003 4947 veniat
1035 4908 1200 4963 super
1227 4907 1375 4953 cum,
1409 4893 1477 4947 ab
1505 4908 1572 4947 eo
1602 4902 1781 4948 autem
1824 4887 2005 4965 qui'se
2052 4896 2181 4950 alie-

609 4999 737 5037 num
769 4984 921 5054 pacis
951 4982 1210 5050 ell‘ecerit,
1236 4982 1576 5054 regredietur
1607 4984 1675 5038 ad
1706 5000 1807 5040 nos
1828 5001 1930 5055 pax
1961 4996 2174 5043 nostra.

605 5075 732 5131 Non
762 5090 913 5147 ergo,
952 5084 1014 5130 ut
1042 5076 1153 5141 ais,
1200 5091 1475 5131 consensu
1523 5076 1791 5131 malorum
1822 5093 2009 5148 pacem
2049 5094 2179 5148 pro-

606 5166 885 5237 ponimus;
938 5181 1064 5220 nam
1100 5166 1284 5237 utique
1330 5166 1586 5220 continuo
1625 5166 1724 5221 tibi
1769 5165 2046 5221 dexteram
2096 5167 2184 5221 de-

603 5259 907 5326 dissemus,
936 5260 1032 5316 sed
1063 5266 1122 5313 ut
1168 5274 1266 5331 per
1293 5258 1525 5329 quietem
1557 5263 1612 5313 et
1655 5258 1971 5327 patientiam
2014 5256 2186 5312 disse-

608 5353 856 5409 rentibus
891 5354 1072 5417 nobis,
1101 5353 1192 5422 qui
1224 5351 1295 5406 sit
1325 5364 1505 5407 sermo
1530 5366 1712 5413 verus,
1742 5350 1957 5405 facilius
1983 5350 2050 5403 ab
2082 5365 2181 5403 au-

608 5443 881 5503 ditoribus
911 5448 1284 5519 dignoscatur.
1300 5441 1359 5498 Si
1392 5454 1570 5497 autem
1592 5443 1862 5499 dissideas
1889 5450 1943 5499 et
1966 5443 2178 5497 discor-

702 5581 748 5613 ”
787 5580 978 5636 Matth.
1012 5598 1066 5646 v,
1087 5580 1143 5637 9.

615 5650 747 5706 Luc.
786 5670 840 5717 x,
876 5652 929 5716 5,
964 5651 1017 5708 6.
1090 5650 1136 5681 ”
1173 5651 1361 5707 Matth.
1396 5650 1602 5714 xnﬂii.
1680 5653 1723 5682 "
1765 5651 1895 5706 Luc.
1928 5666 2024 5711 xu,
2056 5650 2143 5703 52.

1242 5582 1285 5613 ³⁸
1329 5580 1519 5637 Matth.
1548 5597 1603 5643 x,
1627 5581 1716 5641 '54.
1743 5581 1831 5647 35;
1865 5578 1997 5633 Luc.
2034 5595 2130 5639 xu,
2168 5578 2255 5633 55.
2360 5578 2403 5607 "
2444 5578 2631 5629 Matth.
2683 5586 2841 5634 xxin;
2876 5578 2953 5624 Lu

1242 5652 1360 5700 Illh-
1396 5668 1490 5700 xu.
1512 5650 1602 5700 95-
1680 5653 1723 5682 ⁵³
1765 5651 1895 5700 Luc-
1928 5666 2024 5700 xu.
2056 5650 2143 5700 52.
2244 5648 2289 5680 ³⁸
2329 5645 2517 5700 Matth.
2548 5659 2737 5700 XXVIII.
2770 5639 2856 5700 19,
2883 5641 2954 5696 ἓθ

2279 4516 2572 4587 (Propheta
2604 4515 2747 4571 enim
2775 4523 2880 4579 est,
2908 4522 2963 4570 et
2994 4516 3099 4571 sibi
3126 4531 3253 4572 esse
3280 4513 3558 4570 contrarius
3590 4521 3667 4562 non
3682 4516 3737 4572 ρο·

2277 4617 2386 4665 test
2400 4610 2490 4678 ³⁷.)
2520 4609 2628 4662 Aut
2658 4607 2705 4662 si
2728 4623 2840 4662 non
2872 4614 3035 4678 putas
3069 4622 3197 4664 eum
3230 4607 3526 4679 prophetam
3550 4614 3656 4663 esse,
3678 4594 3737 4647 Ι)ίά

2278 4702 2453 4773 primo
2485 4700 2823 4770 requiratur.

2353 4790 2589 4848 XXXIV.
2632 4790 2699 4843 Et
2732 4787 2933 4844 Simon
2961 4805 2974 4842 :
3015 4788 3136 4844 Non
3166 4805 3306 4861 opus
3338 4788 3499 4842 habeo
3517 4784 3601 4837 hoc
3627 4777 3738 4839 dim

2282 4887 2380 4942 abs
2414 4894 2496 4950 te,
2527 4884 2626 4939 scd
2668 4881 2943 4954 quomodo
2974 4882 3080 4937 sibi
3108 4883 3218 4937 ista
3247 4879 3563 4937 conveniant.
3587 4872 3631 4928 Si
3651 4865 3736 4924 eniti

2278 4974 3020 5035 inconsonans'ostendetur,
3055 4974 3221 5029 simul
3253 4975 3412 5029 etiam
3439 4968 3651 5041 pmpheta
3676 4970 3736 5013 Ml

2283 5085 2406 5127 esse
2425 5066 2733 5124 docebitur.
2758 5063 2897 5119 Tum
2929 5064 3125 5121 Petrus
3151 5084 3166 5121 :
3206 5064 3312 5120 Sed
3341 5065 3387 5120 si
3410 5062 3570 5134 prius,
3599 5050 3735 5122 inquit.

2284 5161 2576 5220 ostendero
2604 5174 2731 5215 eum
2762 5157 3078 5227 prophetam
3104 5196 3118 5220 ,
3165 5157 3272 5212 hoc
3301 5157 3438 5228 quod
3467 5150 3643 5207 videtur
3666 5152 3737 5195 esse

2286 5257 2682 5315 inconsonans,
2714 5264 2822 5304 non
2851 5251 2979 5311 erit,
3009 5265 3191 5320 neque
3218 5250 3361 5312 enim
3399 5264 3457 5303 ex
3483 5229 3739 5300 consonant”

2284 5348 2408 5419 quis
2442 5343 2705 5417 propheta
2735 5357 2859 5397 esse
2902 5341 3188 5412 probatur,
3219 5342 3345 5412 quia
3378 5341 3473 5395 hoc
3498 5332 3646 5391 multis
3665 5335 3741 5395 p05-

2286 5439 2444 5496 sibile
2487 5443 2572 5492 est
2623 5432 2837 5501 facere;
2867 5433 3014 5503 quod
3045 5433 3091 5487 si
3127 5431 3480 5489 consonantia
3519 5420 3742 5498 propheta“

2360 5576 2403 5607 "
2443 5574 2631 5629 Matth.
2683 5586 2841 5629 xxin:
2876 5569 3010 5626 Luc.
3045 5586 3119 5626 xi.
3202 5570 3249 5602 ³³
3287 5565 3463 5622 Matth.
3497 5578 3544 5625 ι,
3616 5546 3740 5629 ίὶτιόξ

2827 5614 2856 5706 ῖ,
2876 5614 2989 5696 Ξὸἷ
2998 5614 3010 5626 ’
3049 5614 3132 5715 ἰ’τξ
3155 5614 3581 5696 νοοεῐύῖιίἶίιιῐέίε
3599 5622 3740 5683 inclusi

618 5722 677 5777 in
702 5731 907 5778 textum
936 5723 1238 5795 recepimus
1267 5738 1332 5777 ex
1367 5721 1528 5778 codd.
1562 5718 2178 5796 Thuan.,Sorb.,Lipss.
2213 5726 2268 5776 et
2297 5717 2383 5774 all.
