3976 6340
195 277 337 335 laus

1387 287 1960 348 RECQGNITIONUM
1995 290 2124 348 LIB.
2161 290 2222 345 II.

3316 282 3453 357 1266

192 411 303 451 non
348 395 514 461 facit,
565 397 739 452 multo
792 400 966 470 magis
998 415 1099 456 nec
1133 402 1574 460 inconsonantia.
1626 404 1766 472 Quia
1796 410 1839 466 Î‘
1874 404 2018 476 quod
2066 420 2165 479 pro
2210 406 2513 461 assertione
2569 404 2765 462 horum
2829 410 3114 464 innumera
3160 410 3453 470 verborum

189 504 323 559 ergo
357 488 529 542 multa
564 499 731 553 sunt,
782 507 903 562 qua:
931 492 1183 549 videmur
1209 496 1429 565 quidem
1469 498 1772 553 inconsona

190 597 317 635 esse
338 581 638 645 nonnullis,
668 582 870 637 habent
898 592 1079 639 tamen
1101 586 1456 654 profundiore
1478 590 1689 647 ratione
1714 594 1769 648 in

188 675 503 745 semetipsis
528 677 967 742 consonantiam,
989 680 1133 733 sicut
1164 688 1217 735 et
1249 682 1352 736 alia
1376 700 1496 753 quae
1522 684 1773 739 videntur

189 766 395 822 habere
442 770 895 835 consonantiam,
946 770 1199 827 discussa
1249 772 1563 841 diligentius
1620 778 1772 834 inve-

189 860 421 913 niuntur
461 859 763 915 inconsona
788 901 804 925 ,
833 861 936 916 hac
967 863 1035 919 de
1074 879 1242 920 causa
1291 868 1453 942 aliam
1487 886 1596 925 non
1638 881 1772 941 puto

188 953 478 1007 rectiorem
509 968 632 1009 esse
677 956 824 1010 viam
855 956 924 1011 ad
962 956 1157 1012 horum
1206 958 1532 1027 discrimen,
1564 964 1672 1019 nisi
1710 972 1771 1020 ut

188 1043 346 1111 prius
373 1059 791 1115 cognoscamus,
822 1048 869 1102 si
897 1048 945 1103 is
992 1050 1086 1119 qui
1116 1050 1331 1123 locutus
1358 1062 1443 1109 est
1465 1069 1527 1110 ea
1549 1071 1669 1126 quae
1689 1058 1771 1111 vi-

186 1136 394 1190 dentur
428 1137 762 1204 inconsona,
797 1141 1062 1212 propheta
1090 1145 1180 1199 sit.
1216 1145 1271 1199 Si
1305 1147 1448 1201 enim
1496 1149 1771 1204 invenitur

186 1231 457 1301 pr0pheta
502 1247 625 1288 esse
650 1273 665 1298 ,
698 1235 879 1289 omnia
929 1235 1023 1289 illa
1050 1252 1171 1307 quae
1202 1238 1453 1295 videntur
1501 1242 1605 1297 sibi
1646 1258 1771 1298 esse

181 1325 499 1391 contraria,
540 1333 761 1381 constat
803 1328 1005 1383 habere
1035 1334 1488 1398 consonantiam,
1524 1334 1620 1390 sed
1661 1351 1768 1390 non

183 1416 443 1487 intelligi.
470 1417 544 1473 De
574 1418 660 1475 bis
686 1435 817 1491 ergo
850 1423 1212 1491 probamenta
1250 1427 1456 1481 rectius
1493 1428 1770 1499 requiren-

185 1516 301 1562 tur.
329 1506 438 1563 Nos
464 1512 608 1565 enim
646 1515 880 1583 apostoli
915 1515 1062 1573 illius
1094 1519 1188 1588 qui
1236 1535 1339 1574 nos
1370 1521 1553 1587 misit,
1599 1522 1767 1578 verba

180 1617 459 1670 exponere
487 1604 645 1661 missi
674 1620 865 1664 sumus
896 1618 953 1663 et
991 1609 1262 1668 atlirmare
1287 1615 1614 1679 sententias,
1640 1630 1769 1686 pro-

183 1695 364 1764 prium
383 1711 513 1752 vero
531 1696 712 1755 dicere
734 1700 938 1772 aliquid
969 1696 1083 1761 non
1104 1704 1370 1763 habemus
1391 1708 1447 1763 in
1469 1710 1764 1779 mandatis,

179 1788 281 1841 sed
310 1788 600 1845 verborum
630 1792 809 1855 illius,
846 1803 906 1849 ut
937 1795 1071 1860 dixi,
1111 1798 1322 1868 aperire
1345 1800 1652 1857 veritatem.

259 1877 477 1935 XXXV.
520 1881 586 1936 Et
620 1885 809 1938 Simon
841 1887 915 1940 ait
953 1904 966 1939 :
1001 1887 1144 1946 Doce
1173 1906 1303 1962 ergo
1334 1907 1457 1960 nos,
1486 1895 1763 1963 quomodo

182 1976 497 2039 conveniat,
524 1983 582 2031 ut
606 1978 653 2033 is
674 1979 768 2049 qui
794 1979 1093 2038 divisiones
1133 1983 1285 2050 facit,
1313 2003 1433 2056 quae
1464 1988 1765 2048 divisiones

179 2068 385 2126 cadere
421 2069 625 2126 faciant
650 2088 745 2127 eos
767 2074 859 2143 qui
886 2074 1224 2140 dividuntur,
1256 2078 1340 2132 vel
1371 2079 1549 2136 bonus
1578 2082 1763 2137 videa-

186 2172 301 2223 tur.
333 2162 415 2217 vel
456 2162 524 2216 ad
572 2163 857 2219 hominum
899 2167 1128 2221 salutem
1154 2169 1393 2225 venisse.
1440 2170 1505 2225 Et
1530 2172 1759 2230 Petrus:

181 2255 352 2318 Audi,
385 2256 659 2325 quomodo
687 2260 948 2326 magister
993 2268 1183 2317 noster
1222 2278 1381 2322 omne
1419 2281 1668 2336 regnum,
1707 2276 1762 2324 et

184 2363 408 2403 omnem
435 2342 657 2404 domum
687 2348 919 2406 divisam
951 2352 1241 2408 adversum
1274 2358 1645 2427 semetipsam,
1678 2358 1762 2413 di-

182 2443 268 2495 xit
316 2451 459 2498 stare
508 2459 619 2499 non
662 2460 842 2515 posse.
893 2445 1007 2502 Hoc
1057 2456 1238 2505 autem
1284 2466 1406 2506 cum
1454 2454 1572 2524 ipse
1610 2454 1760 2520 fecit,

180 2533 310 2589 vide
334 2535 607 2604 quomodo
632 2538 699 2592 ad
734 2538 966 2595 salutem
1001 2541 1177 2597 cedat.
1216 2543 1275 2597 In
1304 2560 1490 2602 errore
1524 2549 1760 2618 positum

180 2628 375 2681 mundi
419 2644 665 2698 regnum.
712 2631 797 2686 vel
845 2647 1280 2705 unamquamque
1332 2637 1387 2691 in
1430 2654 1496 2694 eo
1538 2640 1759 2698 domum

179 2720 357 2775 verbo
389 2722 627 2779 veritatis
659 2717 871 2790 dividit,
903 2728 1094 2795 procul
1126 2728 1291 2784 duhio
1336 2737 1393 2784 ut
1423 2732 1583 2788 cadat
1607 2750 1763 2790 error

177 2823 241 2873 et
267 2815 469 2871 veritas
502 2826 704 2888 regnet.
735 2819 890 2886 Quod
922 2822 969 2877 si
1004 2823 1166 2889 alicui
1205 2826 1419 2880 accidat
1459 2828 1667 2894 domui,
1700 2840 1759 2885 ut

177 2921 347 2960 error
393 2907 734 2967 introductus
777 2928 873 2982 per
917 2915 1151 2985 aliquem
1197 2917 1403 2973 dividat
1448 2920 1756 2985 veritatem,

179 3014 313 3052 eum
359 3015 515 3055 erro:-
562 3003 885 3069 obtinuerit,
920 3015 1128 3062 certum
1167 3018 1250 3065 est
1296 3012 1576 3068 veritatem
1612 3021 1759 3070 stare

179 3106 298 3145 non
340 3108 520 3162 posse.
574 3094 640 3149 Et
675 3095 901 3152 Simon:
933 3100 1039 3156 Sed
1099 3105 1368 3159 incertum
1421 3114 1525 3171 est,
1574 3114 1756 3163 utrum
1786 3112 1827 3168 C

181 3181 452 3250 magister
488 3191 669 3241 vester
708 3202 951 3243 errorem
983 3190 1190 3247 dividat
1220 3208 1291 3249 an
1322 3195 1624 3253 veritatem.
1691 3196 1757 3252 Et

178 3270 380 3328 Petrus
405 3295 417 3330 :
445 3276 593 3333 Istud
622 3279 845 3337 alterius
864 3285 1183 3352 quazstionis
1205 3295 1306 3343 est.
1336 3286 1441 3344 Sed
1471 3289 1519 3347 si
1544 3298 1758 3347 constat

179 3365 334 3434 apud
363 3375 434 3432 te,
469 3371 597 3439 quia
626 3386 788 3429 omne
818 3376 964 3445 quod
1009 3378 1247 3436 divisum
1277 3381 1441 3436 fuerit
1467 3383 1631 3450 cadit,
1664 3400 1758 3441 su-

182 3464 372 3524 perest
395 3467 452 3513 ut
474 3462 778 3529 ostendam,
804 3464 851 3519 si
883 3472 1096 3521 tantum
1127 3484 1250 3523 cum
1276 3485 1410 3540 pace
1434 3475 1626 3530 audire
1652 3476 1753 3539 vis,

179 3549 335 3617 quod
368 3549 528 3608 Jesus
574 3563 764 3609 noster
796 3572 1039 3614 errorem
1078 3560 1326 3618 diviserit
1355 3577 1421 3620 ac
1451 3567 1753 3634 resolverit,

178 3638 438 3694 docendo
464 3644 768 3701 veritatem.

259 3732 497 3789 XXXVI.
532 3736 671 3791 Tum
705 3738 892 3797 Simon
919 3759 931 3794 :
956 3741 1176 3811 Omitte,
1219 3746 1418 3819 inquit,
1449 3765 1755 3809 sermonem

178 3825 340 3894 pacis
375 3824 690 3896 frequenter
719 3831 940 3898 iterare,
970 3836 1100 3904 quid
1126 3853 1254 3892 vero
1285 3842 1356 3894 sit
1395 3842 1538 3910 quod
1584 3846 1756 3899 sentis

177 3925 282 3968 aut
331 3918 527 3984 credis,
566 3920 805 3977 breviter
850 3940 1081 3995 expone.
1130 3928 1196 3982 Et
1245 3928 1439 3989 Petrus
1467 3934 1582 3990 ait:
1614 3936 1755 4001 Quid

175 4013 349 4068 times
404 4013 598 4067 crebro
642 4014 834 4070 audire
877 4017 945 4073 de
992 4021 1166 4088 pace?
1216 4034 1308 4078 aut
1363 4024 1583 4096 ignoras
1626 4029 1754 4099 quia

178 4104 450 4174 perfectio
479 4106 614 4177 legis
640 4123 744 4177 pax
774 4111 897 4165 est?
929 4127 993 4166 ex
1023 4116 1263 4182 peccatis
1312 4118 1457 4173 enim
1489 4120 1629 4175 bella
1658 4137 1757 4175 na-

176 4204 419 4250 scuntur
445 4205 498 4253 et
524 4200 848 4265 certamina,
882 4203 976 4257 ubi
1008 4212 1190 4261 autem
1217 4218 1504 4276 peccatum
1536 4228 1640 4266 non
1675 4213 1753 4278 tit,

172 4300 291 4359 pax
319 4289 611 4344 estanimze
635 4307 647 4342 :
675 4292 769 4346 ubi
796 4308 928 4349 vero
949 4310 1052 4365 pax
1079 4306 1183 4361 est,
1211 4298 1265 4351 in
1296 4300 1755 4370 disputationibus

175 4380 411 4442 veritas,
447 4381 500 4435 in
530 4382 788 4452 operibus
838 4384 1053 4454 justitia
1100 4389 1392 4445 invenitur.
1443 4391 1508 4446 Et
1532 4393 1749 4451 Simon:

182 4468 406 4526 \â€˜ideris
451 4473 582 4526 mihi
625 4489 735 4528 non
786 4491 946 4545 posse
977 4480 1216 4548 profiteri
1260 4484 1404 4552 quod
1449 4487 1640 4543 sentis.
1690 4486 1755 4541 Et

172 4557 427 4615 Petrus:
462 4561 667 4631 Dicam,
717 4582 783 4621 ex
830 4570 1057 4625 arbitrio
1105 4580 1304 4641 tamen,
1341 4593 1448 4634 non
1497 4586 1606 4641 tuis
1635 4602 1756 4643 ver-

175 4650 351 4703 sutiis
382 4662 625 4710 coactus.
676 4655 852 4727 Cupio
892 4661 1037 4714 enim
1081 4665 1226 4732 quod
1272 4669 1512 4727 salutare
1542 4683 1595 4730 et
1626 4678 1757 4734 utile

172 4748 277 4797 est
305 4744 559 4801 omnibus
605 4747 802 4804 adduci
850 4751 906 4805 in
952 4755 1223 4822 notitiam,
1254 4767 1309 4815 et
1350 4762 1472 4818 ideo
1511 4768 1756 4837 proferre

171 4849 354 4903 quam
413 4836 736 4895 brevissime
795 4858 906 4897 non
960 4848 1234 4904 morabor.
1290 4850 1439 4910 Unus
1470 4836 1552 4913 est
1588 4859 1751 4929 Deus,

172 4928 445 4997 idemque
486 4931 739 4985 conditor
785 4936 1009 5004 mundi,
1053 4939 1238 5009 justus
1283 4944 1484 5013 judex,
1532 4958 1585 5005 et
1629 4955 1754 5008 uni-

171 5017 387 5088 cuique
415 5036 514 5090 pro
544 5025 756 5080 actihus
786 5026 901 5082 suis
930 5031 1255 5102 quandoque
1286 5040 1599 5098 restituens.
1636 5043 1753 5099 Jam

173 5126 319 5165 vero
357 5128 453 5181 pro
496 5119 796 5173 assertione
840 5120 1057 5187 horum,
1106 5127 1220 5180 scio
1261 5130 1544 5188 innumera
1596 5155 1756 5208 posse

174 5202 481 5255 verborum
508 5206 671 5259 millia
701 5214 1050 5269 commoveri.

258 5291 525 5350 XXXVII.
568 5296 632 5351 Et
671 5298 857 5358 Simon
890 5306 1002 5360 ait:
1037 5307 1203 5364 Miror
1243 5314 1460 5382 quidem
1498 5320 1754 5376 velocita-

173 5396 297 5439 tem
329 5388 530 5459 ingenii
556 5393 656 5457 tui,
689 5410 797 5450 non
826 5405 1005 5455 tamen
1032 5404 1329 5475 amplector
1355 5426 1594 5469 errorem
1632 5417 1753 5476 fidei

173 5488 328 5546 tuae;
372 5483 666 5551 prudenter
693 5489 839 5544 enim
867 5497 1187 5565 przevidisti,
1214 5504 1359 5571 quod
1402 5506 1499 5561 tibi
1533 5519 1754 5567 contra-

172 5573 296 5628 dici
345 5578 547 5644 possit,
585 5588 639 5635 et
672 5585 878 5644 urbane
921 5588 973 5644 id
1008 5591 1170 5649 etiam
1214 5595 1331 5667 ipse
1360 5600 1640 5669 professus
1673 5623 1730 5662 es

276 5756 319 5786 Â³â¸
361 5756 494 5814 Ceu.
551 5777 633 5830 tu,
684 5765 736 5823 5.

1872 494 2043 547 millia
2073 495 2471 562 movebuntur;
2511 496 2647 549 nulli
2676 495 2821 551 enim
2859 496 3155 552 concordat
3183 497 3455 569 professio

1881 584 2006 639 fidei
2053 592 2180 639 tuae.
2228 584 2471 656 Denique
2518 587 2667 657 quod
2698 604 2842 645 unus
2872 588 2946 643 sit
2980 586 3147 655 Deus,
3181 591 3340 660 cujus
3383 592 3456 648 sit

1869 692 2007 747 Opus
2058 675 2318 741 mundus,
2370 676 2475 731 hoc
2519 678 2755 756 primum
2811 679 2935 750 quis
2992 680 3261 751 recipiat?
3316 691 3454 752 puto

1871 768 2001 837 quia
2045 784 2223 839 neque
2252 784 2587 839 paganorum
2618 773 2931 842 quisquam,
2968 772 3221 843 quamvis
3260 772 3351 829 ille
3379 775 3453 830 sit

1871 858 2062 924 idiota,
2104 861 2551 933 philosophorum
2596 872 2776 918 autem
2824 866 3049 920 omnino
3098 867 3305 930 nullus,
3354 866 3447 924 sed

1869 966 1971 1006 nec
1998 950 2310 1007 .Iudazorum
2342 954 2558 1024 quidem
2603 956 3050 1027 imperitissimus
3080 961 3369 1032 quisquam
3398 970 3452 1017 et

1869 1042 2235 1108 miserrimus,
2277 1062 2454 1117 neque
2477 1062 2576 1117 ego
2614 1048 2731 1118 ipse
2760 1050 2855 1119 qui
2884 1065 3074 1105 eorum
3111 1052 3282 1124 legem
3310 1053 3450 1111 bene

1871 1134 2020 1189 novi.
2064 1133 2127 1188 Et
2154 1134 2387 1193 Petrus:
2423 1136 2651 1205 Omitte,
2686 1139 2883 1211 inquit,
2927 1142 3213 1214 opiniones
3251 1144 3450 1200 absen-

1868 1226 2042 1291 tium,
2083 1228 2179 1282 tibi
2232 1229 2361 1299 quid
2404 1228 2641 1296 videtur,
2674 1246 2913 1302 praesens
2954 1238 3211 1304 praesenti
3259 1237 3449 1295 dicito.

1869 1315 2006 1373 Tum
2051 1319 2240 1376 Simon
2272 1337 2283 1373 :
2315 1321 2570 1390 Possum,
2602 1323 2810 1395 inquit,
2841 1342 3113 1398 exponere
3143 1329 3295 1400 quod
3326 1346 3451 1386 vere

1867 1411 2069 1481 sentio,
2118 1413 2211 1471 sed
2262 1414 2556 1485 pigriorem
2603 1432 2691 1473 me
2740 1417 2873 1473 facit
2921 1419 3013 1474 illa
3053 1421 3445 1490 consideratio,

1869 1504 1998 1577 quia
2024 1505 2067 1561 si
2095 1504 2308 1575 dixero,
2338 1510 2484 1579 quod
2508 1525 2687 1581 neque
2710 1511 2811 1566 tibi
2838 1513 2911 1567 sit
2942 1528 3245 1569 consonum
3269 1532 3450 1591 neque

1869 1597 2033 1669 vulgo
2082 1598 2211 1654 huic
2258 1600 2511 1671 imperito
2562 1612 2771 1658 rectum
2826 1605 3062 1673 videtur,
3113 1615 3171 1662 tu
3225 1610 3447 1679 quidem

1869 1690 2026 1758 quasi
2084 1691 2539 1762 obstupefactus,
2595 1710 2759 1751 aures
2813 1699 3076 1754 continuo
3140 1701 3446 1759 obcludens

1870 1780 2017 1853 velut
2048 1798 2115 1836 ne
2147 1783 2482 1853 blasphemia
2515 1787 2847 1857 polluantur,
2884 1793 3115 1848 verteris
3149 1794 3205 1848 in
3238 1794 3442 1865 fugam,

1866 1872 1995 1943 quia
2026 1874 2171 1943 quod
2198 1877 2531 1947 respondeas
2560 1895 2670 1934 non
2701 1881 2969 1949 invenies,
3002 1886 3245 1955 populus.
3266 1895 3443 1944 autem

1873 1964 2271 2024 irrationabilis
2308 1977 2621 2028 assentatus
2666 1973 2788 2040 tibi,
2816 1982 2870 2031 te
2899 1977 3116 2046 quidem
3152 1980 3447 2051 amplecte~

1866 2061 1976 2120 tur,
2017 2059 2175 2128 quasi
2220 2076 2283 2115 ea
2314 2062 2599 2119 docentem
2644 2082 2765 2135 qua:
2815 2067 2867 2121 in
2903 2085 3005 2124 usu
3055 2072 3135 2126 eis
3167 2079 3322 2137 sunt,
3354 2090 3438 2128 me

1864 2162 1994 2201 vero
2024 2151 2481 2219 exsecrabuntur,
2517 2155 2681 2208 veluti
2714 2171 2854 2210 nova
2886 2158 3129 2227 quaedam
3166 2168 3328 2232 atque
3357 2163 3441 2217 in-

1866 2240 2050 2294 audita
2076 2241 2444 2312 profitentem,
2477 2262 2767 2316 meumque
2795 2264 3035 2305 errorem
3067 2251 3267 2309 alienis
3290 2270 3443 2309 men-

1868 2331 2017 2387 tibus
2048 2328 2396 2390 inferentem.

1942 2420 2229 2480 XXXVIII.
2273 2424 2410 2480 Tum
2438 2424 2669 2485 Petrus:
2695 2428 2952 2500 Nunquid
2997 2448 3105 2488 non
3137 2445 3225 2501 tu,
3248 2436 3304 2490 in
3332 2452 3441 2509 quo

1863 2529 1963 2569 nos
1996 2516 2316 2580 accusabas,
2348 2517 2465 2589 ipse
2494 2521 2812 2593 ambagibus
2845 2525 3203 2595 uteris,.,nihil
3233 2529 3440 2588 habens

1864 2608 2009 2676 q'uod
2043 2608 2237 2665 afferas
2267 2612 2557 2666 veritatis?
2594 2620 2687 2667 aut
2714 2614 2759 2669 si
2792 2614 2982 2680 habes,
3016 2618 3194 2689 incipe
3232 2622 3442 2694 absque

1863 2700 2305 2770 circuitionibus,
2357 2704 2403 2761 si
2453 2715 2664 2762 tantum
2710 2708 2988 2767 confidis:
3024 2721 3081 2768 et
3124 2715 3171 2770 si
3219 2716 3440 2786 quidem

1864 2808 1976 2848 non
2007 2794 2317 2865 placuerint
2346 2797 2511 2852 alicui
2554 2800 2864 2856 auditorum
2895 2820 3013 2874 quae
3040 2807 3200 2873 dicis,
3244 2810 3437 2866 absce-

1862 2885 1974 2950 det,
2012 2886 2106 2957 qui
2137 2903 2267 2944 vero
2297 2891 2721 2959 permanserint,
2752 2903 3016 2963 cogentur
3043 2899 3439 2959 assertionibus

1866 2978 1977 3033 tuis
2028 2979 2260 3049 probare
2306 2981 2453 3052 quod
2482 2997 2671 3038 verum
2717 2996 2823 3040 est.
2865 2984 3046 3057 Incipe
3103 2989 3267 3060 igitur
3292 2996 3439 3063 quod

1864 3067 1961 3121 tibi
2001 3078 2209 3124 rectum
2253 3072 2491 3137 videtur,
2535 3089 2828 3145 exponere.
2872 3077 2938 3132 Et
2970 3079 3155 3136 Simon
3186 3083 3300 3137 ait:
3327 3085 3440 3160 Ego

1862 3160 1985 3214 dico
2034 3163 2239 3217 multos
2282 3179 2405 3219 esse
2436 3165 2590 3229 deos,
2622 3182 2787 3221 unum
2825 3177 3005 3226 tamen
3053 3188 3177 3229 esse
3228 3176 3439 3232 incom-

1860 3250 2283 3318 prehensibilem
2318 3262 2483 3323 atque
2513 3255 2771 3309 omnibus
2818 3258 3178 3330 incognitum,
3210 3262 3436 3321 horum-

1858 3358 1963 3411 que
2019 3345 2263 3399 omnium
2314 3344 2539 3400 deorum
2574 3345 2764 3402 Deum.
2811 3348 2947 3403 Tum
2982 3350 3177 3411 Petrus
3210 3376 3222 3410 Îµ
3255 3356 3434 3421 Hunc,

1860 3434 2067 3503 inquit,
2101 3453 2263 3507 quem
2289 3438 2430 3493 dicis
2459 3454 2580 3494 esse
2630 3441 3236 3511 incomprehensibilem
3270 3458 3323 3506 et
3350 3450 3437 3505 in-

1858 3529 2137 3599 cognitum
2168 3530 2424 3586 omnibus
2453 3529 2645 3594 Deum,
2668 3546 2736 3587 ex
2775 3532 3078 3605 Scripturis
3112 3538 3428 3597 Judazorum

1857 3633 1978 3687 quae
2011 3618 2066 3671 in
2094 3622 2422 3677 auctoritate
2448 3621 2742 3686 habentur,
2776 3626 3010 3695 probare
3032 3636 3208 3698 potes,
3259 3648 3328 3687 an
3368 3649 3431 3689 ex

1858 3708 1982 3764 aliis
2006 3709 2301 3780 aliquibus,
2329 3729 2467 3783 quas
2484 3730 2675 3774 omnes
2696 3718 3034 3790 ignoramus,
3056 3734 3122 3774 an
3145 3737 3211 3776 ex
3228 3720 3433 3779 Graecis

1858 3802 2197 3865 auctoribus,
2246 3819 2315 3859 an
2365 3821 2430 3861 ex
2474 3808 2597 3865 tuis.
2630 3811 2919 3881 scripturis
2966 3814 3246 3882 propriis?
3274 3814 3435 3872 Certe

1856 3904 1923 3944 ex
1949 3892 2365 3965 quibuscunque
2393 3898 2500 3962 vis,
2539 3901 2731 3967 dicito,
2762 3901 2835 3957 ita
2872 3910 3054 3958 tamen
3092 3913 3146 3958 ut
3177 3908 3433 3964 ostendas

1856 3997 1950 4037 eas
1973 3984 2126 4054 prius
2153 4000 2275 4043 esse
2306 3991 2683 4061 propheticas;
2725 3994 2801 4048 ita
2832 3995 2978 4049 enim
3009 3996 3121 4064 fiet,
3157 4008 3215 4053 ut
3245 4014 3434 4056 earum

1858 4075 2169 4131 indubitata
2207 4079 2476 4138 habeatur
2506 4093 2826 4149 auctoritas.

1931 4166 2172 4226 XXXIX.
2217 4172 2281 4227 Et
2323 4175 2510 4234 Simon
2548 4182 2662 4236 ait:
2694 4183 2771 4239 Ex
2814 4185 2930 4257 lege
2954 4185 3267 4246 Iudaeorum
3315 4193 3431 4248 sola

1864 4259 2203 4320 assertiones
2248 4265 2535 4326 adhibebo.
2567 4271 2833 4333 Omnibus
2862 4280 3006 4333 enim
3034 4281 3129 4351 qui
3156 4283 3433 4354 religionis

1857 4365 2044 4408 curam
2081 4364 2296 4426 gerunt,
2334 4361 2682 4420 manifestum
2718 4375 2802 4423 est
2833 4372 3003 4425 totius
3032 4387 3156 4428 esse
3192 4377 3433 4431 auctori-

1786 4461 1835 4524 Î¹)
1860 4443 1989 4498 tatis
2020 4444 2160 4501 hanc
2193 4447 2387 4520 legem,
2423 4469 2866 4530 unumquemque
2908 4471 3088 4520 tamen
3128 4468 3430 4525 secundum

1858 4539 2138 4608 proprium
2186 4557 2409 4598 sensum
2451 4546 2864 4619 intelligentiam
2915 4557 3048 4627 legis
3084 4559 3249 4630 hujus
3286 4562 3432 4617 acci-

1857 4642 2005 4699 pere.
2035 4629 2113 4683 Ita
2141 4632 2284 4687 enim
2318 4634 2387 4689 ab
2407 4650 2473 4691 eo
2496 4640 2589 4708 qui
2623 4644 2885 4698 mundum
2919 4629 3185 4712 condidit,
3218 4653 3427 4723 scripta

1856 4724 1964 4785 est,
1994 4726 2052 4773 ut
2098 4720 2155 4775 in
2206 4723 2324 4793 ipsa
2370 4741 2551 4781 rerum
2600 4730 2736 4787 fides
2782 4735 3064 4792 habeatur.
3115 4738 3271 4795 Unde
3313 4720 3428 4799 sive

1862 4810 1988 4880 quis
2030 4826 2179 4878 vera,
2230 4814 2345 4871 sive
2378 4818 2540 4873 etiam
2583 4819 2719 4877 falsa
2759 4826 3003 4894 proferre
3030 4830 3178 4898 velit,
3223 4832 3428 4904 absque

1856 4901 1960 4955 hac
2012 4902 2128 4969 lege
2184 4905 2331 4960 nulla
2392 4910 2689 4981 recipietur
2744 4921 3000 4975 assertio.
3061 4921 3201 4988 Quia
3259 4901 3428 4996 igitur

1857 4993 2087 5049 scientia
2116 5010 2236 5050 mea
2263 4998 2580 5067 plenissime
2611 5020 2734 5061 cum
2768 5002 2888 5078 Iege
2921 5013 3238 5082 concordat,
3271 4993 3421 5071 recte

1859 5083 2059 5138 multos
2095 5100 2218 5141 esse
2258 5094 2604 5158 pronuntiavi
2650 5096 2812 5164 deos,
2865 5117 3095 5173 quorum
3148 5122 3290 5162 unus
3340 5119 3425 5163 est

1854 5174 2183 5231 eminentior
2209 5187 2263 5234 et
2290 5180 2877 5258 incomprehensibilis,
2910 5193 3029 5264 ipse
3053 5196 3149 5266 qui
3172 5206 3258 5253 est
3280 5197 3423 5255 Deus

1854 5260 2099 5317 deorum.
2167 5264 2322 5332 Quod
2386 5280 2566 5328 autem
2642 5279 2796 5333 multi
2839 5260 2949 5338 sint
2988 5260 3093 5351 dii,
3155 5287 3272 5358 ipsa
3337 5305 3423 5344 me

1856 5349 2070 5406 edocuit
2100 5354 2205 5410 lex.
2243 5356 2427 5414 Primo
2453 5365 2673 5434 quidem
2708 5370 2797 5424 ubi
2833 5387 2897 5428 ex
2928 5349 3160 5445 persona
3175 5349 3419 5449 .serpen-

1856 5441 1927 5496 tis
1954 5443 2153 5499 dicitur
2182 5449 2246 5503 ad
2278 5450 2470 5520 Evam,
2500 5458 2728 5527 primam
2753 5465 3036 5522 mulierem
3065 5484 3079 5519 :
3104 5468 3422 5543 Quacunque

1858 5532 1943 5587 die
1968 5537 2407 5600 manducaveritis
2450 5547 2514 5601 de
2537 5549 2679 5619 ligno
2707 5554 2911 5609 sciendi
2931 5532 3199 5616 bonum-et
3221 5532 3418 5616 malam

1855 5626 2001 5681 eritis
2030 5630 2165 5685 sicut
2194 5632 2269 5687 dii
2299 5635 2362 5702 Â³â¸,
2395 5637 2493 5695 hoc
2519 5652 2622 5709 cst,
2657 5646 2797 5701 sicut
2826 5647 2879 5702 hi
2905 5650 2995 5719 qui
3030 5651 3303 5711 hominem
3334 5655 3417 5713 [Î¿Îµ
