  <div class='ocr_page' id='page_1' title='image "/cluster/home/n/w/nwhite01/storage/ocr_20150623/1/hvd.32044073501405/644.png"; bbox 0 0 3976 6340; ppageno 0'>
   <div class='ocr_carea' id='block_1_1' title="bbox 278 214 3528 323">
    <p class='ocr_par' dir='ltr' id='par_1_1' title="bbox 278 214 3528 323">
     <span class='ocr_line' id='line_1_1' title="bbox 278 214 3528 323; baseline -0.004 -3"><span class='ocrx_word' id='word_1_1' title='bbox 278 266 420 323; x_wconf 65' lang='grc' dir='ltr'><strong>ηδε»</strong></span> <span class='ocrx_word' id='word_1_2' title='bbox 1184 274 1187 276; x_wconf 51' lang='grc' dir='ltr'>ν</span> <span class='ocrx_word' id='word_1_3' title='bbox 1482 254 2050 313; x_wconf 74' lang='lat' dir='ltr'><strong>HECOG‘NITIONUM</strong></span> <span class='ocrx_word' id='word_1_4' title='bbox 2086 255 2210 309; x_wconf 80' lang='lat' dir='ltr'><strong>LIB.</strong></span> <span class='ocrx_word' id='word_1_5' title='bbox 2250 253 2307 307; x_wconf 88' lang='grc' dir='ltr'><strong>ιι.</strong></span> <span class='ocrx_word' id='word_1_6' title='bbox 3382 214 3528 310; x_wconf 65' lang='lat' dir='ltr'><strong>im</strong></span> 
     </span>
    </p>
   </div>
   <div class='ocr_carea' id='block_1_2' title="bbox 270 365 3529 443">
    <p class='ocr_par' dir='ltr' id='par_1_2' title="bbox 270 365 3529 443">
     <span class='ocr_line' id='line_1_2' title="bbox 270 365 3529 443; baseline -0.002 -13"><span class='ocrx_word' id='word_1_7' title='bbox 270 386 329 431; x_wconf 87' lang='lat' dir='ltr'><strong>et</strong></span> <span class='ocrx_word' id='word_1_8' title='bbox 351 376 565 430; x_wconf 83' lang='lat' dir='ltr'><strong>dicatur</strong></span> <span class='ocrx_word' id='word_1_9' title='bbox 588 374 657 429; x_wconf 88' lang='lat' dir='ltr'><strong>ab</strong></span> <span class='ocrx_word' id='word_1_10' title='bbox 678 371 765 428; x_wconf 89' lang='lat' dir='ltr'><strong>his</strong></span> <span class='ocrx_word' id='word_1_11' title='bbox 783 374 982 443; x_wconf 80' lang='lat' dir='ltr'><strong>quibus</strong></span> <span class='ocrx_word' id='word_1_12' title='bbox 1000 379 1215 442; x_wconf 56' lang='lat' dir='ltr'><strong>praeest,</strong></span> <span class='ocrx_word' id='word_1_13' title='bbox 1234 368 1391 434; x_wconf 89' lang='lat' dir='ltr'><strong>deus,</strong></span> <span class='ocrx_word' id='word_1_14' title='bbox 1412 378 1587 423; x_wconf 87' lang='lat' dir='ltr'><strong>tamen</strong></span> <span class='ocrx_word' id='word_1_15' title='bbox 1615 368 1849 423; x_wconf 84' lang='lat' dir='ltr'><strong>interro-</strong></span> <span class='ocrx_word' id='word_1_16' title='bbox 1876 374 1924 429; x_wconf 79' lang='grc' dir='ltr'><strong>Α</strong></span> <span class='ocrx_word' id='word_1_17' title='bbox 2022 366 2202 422; x_wconf 80' lang='lat' dir='ltr'><strong>XLIV.</strong></span> <span class='ocrx_word' id='word_1_18' title='bbox 2269 365 2422 432; x_wconf 76' lang='lat' dir='ltr'><strong>Quod</strong></span> <span class='ocrx_word' id='word_1_19' title='bbox 2466 376 2520 422; x_wconf 90' lang='lat' dir='ltr'><strong>et</strong></span> <span class='ocrx_word' id='word_1_20' title='bbox 2569 367 2613 421; x_wconf 93' lang='lat' dir='ltr'><strong>si</strong></span> <span class='ocrx_word' id='word_1_21' title='bbox 2644 368 2753 425; x_wconf 87' lang='lat' dir='ltr'><strong>sint</strong></span> <span class='ocrx_word' id='word_1_22' title='bbox 2795 366 2910 431; x_wconf 82' lang='lat' dir='ltr'><strong>alii,</strong></span> <span class='ocrx_word' id='word_1_23' title='bbox 2943 374 3002 421; x_wconf 88' lang='lat' dir='ltr'><strong>ut</strong></span> <span class='ocrx_word' id='word_1_24' title='bbox 3032 366 3296 433; x_wconf 80' lang='lat' dir='ltr'><strong>diximus,</strong></span> <span class='ocrx_word' id='word_1_25' title='bbox 3323 368 3417 438; x_wconf 88' lang='lat' dir='ltr'><strong>qui</strong></span> <span class='ocrx_word' id='word_1_26' title='bbox 3444 368 3529 422; x_wconf 84' lang='lat' dir='ltr'><strong>di-</strong></span> 
     </span>
    </p>
   </div>
   <div class='ocr_carea' id='block_1_3' title="bbox 270 456 3531 539">
    <p class='ocr_par' dir='ltr' id='par_1_3' title="bbox 270 456 3531 539">
     <span class='ocr_line' id='line_1_3' title="bbox 270 456 3531 539; baseline -0.002 -18"><span class='ocrx_word' id='word_1_27' title='bbox 270 477 436 539; x_wconf 75' lang='lat' dir='ltr'><strong>gntus</strong></span> <span class='ocrx_word' id='word_1_28' title='bbox 452 481 562 521; x_wconf 89' lang='lat' dir='ltr'><strong>non</strong></span> <span class='ocrx_word' id='word_1_29' title='bbox 580 465 685 522; x_wconf 90' lang='lat' dir='ltr'><strong>sibi</strong></span> <span class='ocrx_word' id='word_1_30' title='bbox 700 464 852 520; x_wconf 90' lang='lat' dir='ltr'><strong>dabit</strong></span> <span class='ocrx_word' id='word_1_31' title='bbox 868 464 985 535; x_wconf 90' lang='lat' dir='ltr'><strong>ipse</strong></span> <span class='ocrx_word' id='word_1_32' title='bbox 999 463 1109 519; x_wconf 91' lang='lat' dir='ltr'><strong>tale</strong></span> <span class='ocrx_word' id='word_1_33' title='bbox 1123 461 1522 518; x_wconf 87' lang='lat' dir='ltr'><strong>testimonium.</strong></span> <span class='ocrx_word' id='word_1_34' title='bbox 1543 458 1685 516; x_wconf 84' lang='lat' dir='ltr'><strong>Deus</strong></span> <span class='ocrx_word' id='word_1_35' title='bbox 1703 458 1848 515; x_wconf 88' lang='lat' dir='ltr'><strong>enim</strong></span> <span class='ocrx_word' id='word_1_36' title='bbox 1953 466 2154 516; x_wconf 90' lang='lat' dir='ltr'><strong>cuntur</strong></span> <span class='ocrx_word' id='word_1_37' title='bbox 2182 459 2282 522; x_wconf 91' lang='lat' dir='ltr'><strong>dii,</strong></span> <span class='ocrx_word' id='word_1_38' title='bbox 2310 458 2413 513; x_wconf 85' lang='lat' dir='ltr'><strong>sub</strong></span> <span class='ocrx_word' id='word_1_39' title='bbox 2443 465 2709 528; x_wconf 74' lang='lat' dir='ltr'><strong>potestate</strong></span> <span class='ocrx_word' id='word_1_40' title='bbox 2760 467 2885 514; x_wconf 91' lang='lat' dir='ltr'><strong>sunt</strong></span> <span class='ocrx_word' id='word_1_41' title='bbox 2911 456 3223 513; x_wconf 72' lang='lat' dir='ltr'><strong>.ludzeorum</strong></span> <span class='ocrx_word' id='word_1_42' title='bbox 3249 456 3366 523; x_wconf 85' lang='lat' dir='ltr'><strong>Dei,</strong></span> <span class='ocrx_word' id='word_1_43' title='bbox 3402 459 3531 530; x_wconf 83' lang='lat' dir='ltr'><strong>quia</strong></span> 
     </span>
    </p>
   </div>
   <div class='ocr_carea' id='block_1_4' title="bbox 268 549 3528 628">
    <p class='ocr_par' dir='ltr' id='par_1_4' title="bbox 268 549 3528 628">
     <span class='ocr_line' id='line_1_4' title="bbox 268 549 3528 628; baseline -0.004 -11"><span class='ocrx_word' id='word_1_44' title='bbox 268 559 549 622; x_wconf 76' lang='lat' dir='ltr'><strong>excelsus,</strong></span> <span class='ocrx_word' id='word_1_45' title='bbox 596 556 692 628; x_wconf 91' lang='lat' dir='ltr'><strong>qui</strong></span> <span class='ocrx_word' id='word_1_46' title='bbox 733 556 886 612; x_wconf 89' lang='lat' dir='ltr'><strong>solus</strong></span> <span class='ocrx_word' id='word_1_47' title='bbox 922 562 1250 626; x_wconf 89' lang='lat' dir='ltr'><strong>potestatem</strong></span> <span class='ocrx_word' id='word_1_48' title='bbox 1287 554 1529 608; x_wconf 89' lang='lat' dir='ltr'><strong>omnium</strong></span> <span class='ocrx_word' id='word_1_49' title='bbox 1568 559 1757 613; x_wconf 90' lang='lat' dir='ltr'><strong>tenet,</strong></span> <span class='ocrx_word' id='word_1_50' title='bbox 1795 552 1850 605; x_wconf 90' lang='lat' dir='ltr'><strong>in</strong></span> <span class='ocrx_word' id='word_1_51' title='bbox 1953 554 2027 607; x_wconf 91' lang='lat' dir='ltr'><strong>ita</strong></span> <span class='ocrx_word' id='word_1_52' title='bbox 2051 551 2190 606; x_wconf 76' lang='lat' dir='ltr'><strong>dixit</strong></span> <span class='ocrx_word' id='word_1_53' title='bbox 2223 551 2507 622; x_wconf 82' lang='lat' dir='ltr'><strong>Scriptura</strong></span> <span class='ocrx_word' id='word_1_54' title='bbox 2552 550 2796 606; x_wconf 67' lang='lat' dir='ltr'><strong>Iudaeis:</strong></span> <span class='ocrx_word' id='word_1_55' title='bbox 2838 550 3093 605; x_wconf 82' lang='lat' dir='ltr'><strong>Dominus</strong></span> <span class='ocrx_word' id='word_1_56' title='bbox 3146 549 3287 604; x_wconf 87' lang='lat' dir='ltr'><strong>Deus</strong></span> <span class='ocrx_word' id='word_1_57' title='bbox 3327 560 3528 617; x_wconf 86' lang='lat' dir='ltr'><strong>noster,</strong></span> 
     </span>
    </p>
   </div>
   <div class='ocr_carea' id='block_1_5' title="bbox 270 640 3530 722">
    <p class='ocr_par' dir='ltr' id='par_1_5' title="bbox 270 640 3530 722">
     <span class='ocr_line' id='line_1_5' title="bbox 270 640 3530 722; baseline -0.003 -15"><span class='ocrx_word' id='word_1_58' title='bbox 270 649 622 722; x_wconf 74' lang='lat' dir='ltr'><strong>septuaginta</strong></span> <span class='ocrx_word' id='word_1_59' title='bbox 646 656 698 703; x_wconf 91' lang='lat' dir='ltr'><strong>et</strong></span> <span class='ocrx_word' id='word_1_60' title='bbox 719 648 857 702; x_wconf 87' lang='lat' dir='ltr'><strong>duas</strong></span> <span class='ocrx_word' id='word_1_61' title='bbox 880 655 1066 717; x_wconf 87' lang='lat' dir='ltr'><strong>partes</strong></span> <span class='ocrx_word' id='word_1_62' title='bbox 1087 644 1276 700; x_wconf 77' lang='lat' dir='ltr'><strong>divisit</strong></span> <span class='ocrx_word' id='word_1_63' title='bbox 1293 644 1464 699; x_wconf 90' lang='lat' dir='ltr'><strong>totius</strong></span> <span class='ocrx_word' id='word_1_64' title='bbox 1491 650 1652 697; x_wconf 71' lang='lat' dir='ltr'><strong>terra:</strong></span> <span class='ocrx_word' id='word_1_65' title='bbox 1677 641 1850 695; x_wconf 88' lang='lat' dir='ltr'><strong>natio-</strong></span> <span class='ocrx_word' id='word_1_66' title='bbox 1951 644 2035 699; x_wconf 81' lang='lat' dir='ltr'><strong>hic</strong></span> <span class='ocrx_word' id='word_1_67' title='bbox 2062 654 2139 699; x_wconf 87' lang='lat' dir='ltr'><strong>est</strong></span> <span class='ocrx_word' id='word_1_68' title='bbox 2168 643 2308 698; x_wconf 96' lang='lat' dir='ltr'><strong>Deus</strong></span> <span class='ocrx_word' id='word_1_69' title='bbox 2333 643 2572 707; x_wconf 88' lang='lat' dir='ltr'><strong>deorum,</strong></span> <span class='ocrx_word' id='word_1_70' title='bbox 2591 653 2641 697; x_wconf 88' lang='lat' dir='ltr'><strong>et</strong></span> <span class='ocrx_word' id='word_1_71' title='bbox 2660 642 2918 695; x_wconf 77' lang='lat' dir='ltr'><strong>Dominus</strong></span> <span class='ocrx_word' id='word_1_72' title='bbox 2935 641 3269 696; x_wconf 86' lang='lat' dir='ltr'><strong>dominorum</strong></span> <span class='ocrx_word' id='word_1_73' title='bbox 3288 641 3354 696; x_wconf 84' lang='grc'><strong>⁸³.</strong></span> <span class='ocrx_word' id='word_1_74' title='bbox 3374 640 3530 697; x_wconf 90' lang='lat' dir='ltr'><strong>llunc</strong></span> 
     </span>
    </p>
   </div>
   <div class='ocr_carea' id='block_1_6' title="bbox 271 732 3525 812">
    <p class='ocr_par' dir='ltr' id='par_1_6' title="bbox 271 732 3525 812">
     <span class='ocr_line' id='line_1_6' title="bbox 271 732 3525 812; baseline -0.003 -14"><span class='ocrx_word' id='word_1_75' title='bbox 271 760 399 807; x_wconf 87' lang='lat' dir='ltr'><strong>nes,</strong></span> <span class='ocrx_word' id='word_1_76' title='bbox 428 744 620 812; x_wconf 86' lang='lat' dir='ltr'><strong>eisque</strong></span> <span class='ocrx_word' id='word_1_77' title='bbox 646 738 922 811; x_wconf 79' lang='lat' dir='ltr'><strong>principes</strong></span> <span class='ocrx_word' id='word_1_78' title='bbox 954 737 1178 807; x_wconf 76' lang='lat' dir='ltr'><strong>angelos</strong></span> <span class='ocrx_word' id='word_1_79' title='bbox 1218 735 1427 791; x_wconf 85' lang='lat' dir='ltr'><strong>statuit.</strong></span> <span class='ocrx_word' id='word_1_80' title='bbox 1462 732 1568 788; x_wconf 89' lang='lat' dir='ltr'><strong>Uni</strong></span> <span class='ocrx_word' id='word_1_81' title='bbox 1599 748 1727 789; x_wconf 85' lang='lat' dir='ltr'><strong>vero</strong></span> <span class='ocrx_word' id='word_1_82' title='bbox 1755 732 1849 803; x_wconf 91' lang='lat' dir='ltr'><strong>qui</strong></span> <span class='ocrx_word' id='word_1_83' title='bbox 1950 737 2113 791; x_wconf 85' lang='lat' dir='ltr'><strong>etiam</strong></span> <span class='ocrx_word' id='word_1_84' title='bbox 2143 736 2320 791; x_wconf 91' lang='lat' dir='ltr'><strong>solum</strong></span> <span class='ocrx_word' id='word_1_85' title='bbox 2374 735 2665 790; x_wconf 90' lang='lat' dir='ltr'><strong>colendum</strong></span> <span class='ocrx_word' id='word_1_86' title='bbox 2716 741 2899 788; x_wconf 88' lang='lat' dir='ltr'><strong>monet</strong></span> <span class='ocrx_word' id='word_1_87' title='bbox 2956 732 3260 804; x_wconf 83' lang='lat' dir='ltr'><strong>Scriptura,</strong></span> <span class='ocrx_word' id='word_1_88' title='bbox 3293 732 3482 788; x_wconf 87' lang='lat' dir='ltr'><strong>dicens</strong></span> <span class='ocrx_word' id='word_1_89' title='bbox 3512 752 3525 788; x_wconf 88' lang='lat'>:</span> 
     </span>
    </p>
   </div>
   <div class='ocr_carea' id='block_1_7' title="bbox 272 826 1858 905">
    <p class='ocr_par' dir='ltr' id='par_1_7' title="bbox 272 826 1858 905">
     <span class='ocr_line' id='line_1_7' title="bbox 272 826 1858 905; baseline -0.006 -16"><span class='ocrx_word' id='word_1_90' title='bbox 272 835 333 889; x_wconf 88' lang='lat' dir='ltr'><strong>in</strong></span> <span class='ocrx_word' id='word_1_91' title='bbox 382 831 726 905; x_wconf 78' lang='lat' dir='ltr'><strong>archangelis</strong></span> <span class='ocrx_word' id='word_1_92' title='bbox 770 840 888 886; x_wconf 88' lang='lat' dir='ltr'><strong>erat</strong></span> <span class='ocrx_word' id='word_1_93' title='bbox 936 829 1230 893; x_wconf 79' lang='lat' dir='ltr'><strong>maximus,</strong></span> <span class='ocrx_word' id='word_1_94' title='bbox 1278 834 1427 883; x_wconf 85' lang='lat' dir='ltr'><strong>sorte</strong></span> <span class='ocrx_word' id='word_1_95' title='bbox 1454 827 1578 881; x_wconf 87' lang='lat' dir='ltr'><strong>data</strong></span> <span class='ocrx_word' id='word_1_96' title='bbox 1606 834 1691 881; x_wconf 86' lang='lat' dir='ltr'><strong>est</strong></span> <span class='ocrx_word' id='word_1_97' title='bbox 1736 826 1858 880; x_wconf 80' lang='lat' dir='ltr'><strong>dis-</strong></span> 
     </span>
    </p>
   </div>
   <div class='ocr_carea' id='block_1_8' title="bbox 271 917 1851 998">
    <p class='ocr_par' dir='ltr' id='par_1_8' title="bbox 271 917 1851 998">
     <span class='ocr_line' id='line_1_8' title="bbox 271 917 1851 998; baseline -0.007 -16"><span class='ocrx_word' id='word_1_98' title='bbox 271 927 525 998; x_wconf 83' lang='lat' dir='ltr'><strong>pensatio</strong></span> <span class='ocrx_word' id='word_1_99' title='bbox 558 940 745 980; x_wconf 90' lang='lat' dir='ltr'><strong>eorum</strong></span> <span class='ocrx_word' id='word_1_100' title='bbox 768 962 783 987; x_wconf 95' lang='lat'><strong>,</strong></span> <span class='ocrx_word' id='word_1_101' title='bbox 810 922 905 993; x_wconf 92' lang='lat' dir='ltr'><strong>qui</strong></span> <span class='ocrx_word' id='word_1_102' title='bbox 942 936 1053 992; x_wconf 76' lang='lat' dir='ltr'><strong>prae</strong></span> <span class='ocrx_word' id='word_1_103' title='bbox 1102 918 1314 975; x_wconf 63' lang='lat' dir='ltr'><strong>caeteris</strong></span> <span class='ocrx_word' id='word_1_104' title='bbox 1359 918 1617 973; x_wconf 91' lang='lat' dir='ltr'><strong>omnibus</strong></span> <span class='ocrx_word' id='word_1_105' title='bbox 1647 917 1851 973; x_wconf 77' lang='lat' dir='ltr'><strong>excelsi</strong></span> 
     </span>
    </p>
   </div>
   <div class='ocr_carea' id='block_1_9' title="bbox 271 1010 1851 1088">
    <p class='ocr_par' dir='ltr' id='par_1_9' title="bbox 271 1010 1851 1088">
     <span class='ocr_line' id='line_1_9' title="bbox 271 1010 1851 1088; baseline -0.006 -14"><span class='ocrx_word' id='word_1_106' title='bbox 271 1021 375 1077; x_wconf 89' lang='lat' dir='ltr'><strong>Dei</strong></span> <span class='ocrx_word' id='word_1_107' title='bbox 422 1020 627 1075; x_wconf 91' lang='lat' dir='ltr'><strong>cultum</strong></span> <span class='ocrx_word' id='word_1_108' title='bbox 674 1026 838 1088; x_wconf 90' lang='lat' dir='ltr'><strong>atque</strong></span> <span class='ocrx_word' id='word_1_109' title='bbox 906 1013 1194 1073; x_wconf 85' lang='lat' dir='ltr'><strong>scientiam</strong></span> <span class='ocrx_word' id='word_1_110' title='bbox 1245 1019 1590 1081; x_wconf 87' lang='lat' dir='ltr'><strong>receperunt.</strong></span> <span class='ocrx_word' id='word_1_111' title='bbox 1653 1010 1759 1066; x_wconf 86' lang='lat' dir='ltr'><strong>Sed</strong></span> <span class='ocrx_word' id='word_1_112' title='bbox 1796 1021 1851 1066; x_wconf 90' lang='lat' dir='ltr'><strong>et</strong></span> 
     </span>
    </p>
   </div>
   <div class='ocr_carea' id='block_1_10' title="bbox 271 1103 1851 1176">
    <p class='ocr_par' dir='ltr' id='par_1_10' title="bbox 271 1103 1851 1176">
     <span class='ocr_line' id='line_1_10' title="bbox 271 1103 1851 1176; baseline -0.007 -8"><span class='ocrx_word' id='word_1_113' title='bbox 271 1112 452 1169; x_wconf 83' lang='lat' dir='ltr'><strong>sancti</strong></span> <span class='ocrx_word' id='word_1_114' title='bbox 495 1110 768 1173; x_wconf 88' lang='lat' dir='ltr'><strong>homines,</strong></span> <span class='ocrx_word' id='word_1_115' title='bbox 803 1115 861 1163; x_wconf 94' lang='lat' dir='ltr'><strong>ut</strong></span> <span class='ocrx_word' id='word_1_116' title='bbox 892 1108 1156 1173; x_wconf 81' lang='lat' dir='ltr'><strong>diximus,</strong></span> <span class='ocrx_word' id='word_1_117' title='bbox 1200 1106 1492 1176; x_wconf 87' lang='lat' dir='ltr'><strong>impiorum</strong></span> <span class='ocrx_word' id='word_1_118' title='bbox 1541 1103 1851 1159; x_wconf 85' lang='lat' dir='ltr'><strong>elliciuntur</strong></span> 
     </span>
    </p>
   </div>
   <div class='ocr_carea' id='block_1_11' title="bbox 270 1196 1850 1274">
    <p class='ocr_par' dir='ltr' id='par_1_11' title="bbox 270 1196 1850 1274">
     <span class='ocr_line' id='line_1_11' title="bbox 270 1196 1850 1274; baseline -0.004 -16"><span class='ocrx_word' id='word_1_119' title='bbox 270 1203 374 1269; x_wconf 86' lang='lat' dir='ltr'><strong>dii,</strong></span> <span class='ocrx_word' id='word_1_120' title='bbox 408 1211 666 1274; x_wconf 89' lang='lat' dir='ltr'><strong>tauquam</strong></span> <span class='ocrx_word' id='word_1_121' title='bbox 696 1201 789 1271; x_wconf 91' lang='lat' dir='ltr'><strong>qui</strong></span> <span class='ocrx_word' id='word_1_122' title='bbox 812 1207 1135 1272; x_wconf 88' lang='lat' dir='ltr'><strong>potestatem</strong></span> <span class='ocrx_word' id='word_1_123' title='bbox 1164 1198 1476 1267; x_wconf 89' lang='lat' dir='ltr'><strong>acceperint</strong></span> <span class='ocrx_word' id='word_1_124' title='bbox 1505 1198 1560 1252; x_wconf 87' lang='lat' dir='ltr'><strong>in</strong></span> <span class='ocrx_word' id='word_1_125' title='bbox 1592 1212 1687 1252; x_wconf 88' lang='lat' dir='ltr'><strong>eos</strong></span> <span class='ocrx_word' id='word_1_126' title='bbox 1720 1196 1850 1252; x_wconf 77' lang='lat' dir='ltr'><strong>vita:</strong></span> 
     </span>
    </p>
   </div>
   <div class='ocr_carea' id='block_1_12' title="bbox 270 1290 1849 1365">
    <p class='ocr_par' dir='ltr' id='par_1_12' title="bbox 270 1290 1849 1365">
     <span class='ocr_line' id='line_1_12' title="bbox 270 1290 1849 1365; baseline -0.006 -14"><span class='ocrx_word' id='word_1_127' title='bbox 270 1312 341 1352; x_wconf 85' lang='lat' dir='ltr'><strong>ac</strong></span> <span class='ocrx_word' id='word_1_128' title='bbox 369 1295 542 1359; x_wconf 85' lang='lat' dir='ltr'><strong>necis,</strong></span> <span class='ocrx_word' id='word_1_129' title='bbox 585 1304 645 1349; x_wconf 89' lang='lat' dir='ltr'><strong>ut</strong></span> <span class='ocrx_word' id='word_1_130' title='bbox 675 1293 743 1349; x_wconf 91' lang='lat' dir='ltr'><strong>de</strong></span> <span class='ocrx_word' id='word_1_131' title='bbox 775 1293 957 1365; x_wconf 83' lang='lat' dir='ltr'><strong>Moyse</strong></span> <span class='ocrx_word' id='word_1_132' title='bbox 980 1301 1036 1348; x_wconf 89' lang='lat' dir='ltr'><strong>et</strong></span> <span class='ocrx_word' id='word_1_133' title='bbox 1066 1290 1345 1361; x_wconf 85' lang='lat' dir='ltr'><strong>judieibus</strong></span> <span class='ocrx_word' id='word_1_134' title='bbox 1382 1305 1549 1361; x_wconf 87' lang='lat' dir='ltr'><strong>supra</strong></span> <span class='ocrx_word' id='word_1_135' title='bbox 1578 1304 1849 1344; x_wconf 81' lang='lat' dir='ltr'><strong>memora-</strong></span> 
     </span>
    </p>
   </div>
   <div class='ocr_carea' id='block_1_13' title="bbox 269 1380 1850 1456">
    <p class='ocr_par' dir='ltr' id='par_1_13' title="bbox 269 1380 1850 1456">
     <span class='ocr_line' id='line_1_13' title="bbox 269 1380 1850 1456; baseline -0.006 -13"><span class='ocrx_word' id='word_1_136' title='bbox 269 1387 474 1444; x_wconf 82' lang='lat' dir='ltr'><strong>vimus.</strong></span> <span class='ocrx_word' id='word_1_137' title='bbox 499 1385 729 1456; x_wconf 82' lang='lat' dir='ltr'><strong>Propter</strong></span> <span class='ocrx_word' id='word_1_138' title='bbox 759 1385 906 1455; x_wconf 86' lang='lat' dir='ltr'><strong>quod</strong></span> <span class='ocrx_word' id='word_1_139' title='bbox 940 1384 1207 1454; x_wconf 90' lang='lat' dir='ltr'><strong>scriptum</strong></span> <span class='ocrx_word' id='word_1_140' title='bbox 1237 1392 1322 1437; x_wconf 90' lang='lat' dir='ltr'><strong>est</strong></span> <span class='ocrx_word' id='word_1_141' title='bbox 1348 1380 1553 1437; x_wconf 87' lang='lat' dir='ltr'><strong>de&#39;eis:</strong></span> <span class='ocrx_word' id='word_1_142' title='bbox 1576 1380 1711 1435; x_wconf 82' lang='lat' dir='ltr'><strong>Deos</strong></span> <span class='ocrx_word' id='word_1_143' title='bbox 1744 1398 1850 1434; x_wconf 88' lang='lat' dir='ltr'><strong>non</strong></span> 
     </span>
    </p>
   </div>
   <div class='ocr_carea' id='block_1_14' title="bbox 268 1470 1847 1545">
    <p class='ocr_par' dir='ltr' id='par_1_14' title="bbox 268 1470 1847 1545">
     <span class='ocr_line' id='line_1_14' title="bbox 268 1470 1847 1545; baseline -0.004 -14"><span class='ocrx_word' id='word_1_144' title='bbox 268 1477 577 1541; x_wconf 79' lang='lat' dir='ltr'><strong>maledices,</strong></span> <span class='ocrx_word' id='word_1_145' title='bbox 610 1484 660 1531; x_wconf 91' lang='lat' dir='ltr'><strong>et</strong></span> <span class='ocrx_word' id='word_1_146' title='bbox 696 1476 982 1545; x_wconf 80' lang='lat' dir='ltr'><strong>principem</strong></span> <span class='ocrx_word' id='word_1_147' title='bbox 1017 1473 1197 1544; x_wconf 83' lang='lat' dir='ltr'><strong>populi</strong></span> <span class='ocrx_word' id='word_1_148' title='bbox 1233 1473 1310 1525; x_wconf 89' lang='lat' dir='ltr'><strong>tui</strong></span> <span class='ocrx_word' id='word_1_149' title='bbox 1346 1488 1451 1526; x_wconf 86' lang='lat' dir='ltr'><strong>non</strong></span> <span class='ocrx_word' id='word_1_150' title='bbox 1482 1470 1759 1525; x_wconf 89' lang='lat' dir='ltr'><strong>maledices</strong></span> <span class='ocrx_word' id='word_1_151' title='bbox 1780 1472 1847 1524; x_wconf 62' lang='grc' dir='ltr'><strong>δ’.</strong></span> 
     </span>
    </p>
   </div>
   <div class='ocr_carea' id='block_1_15' title="bbox 266 1560 1847 1639">
    <p class='ocr_par' dir='ltr' id='par_1_15' title="bbox 266 1560 1847 1639">
     <span class='ocr_line' id='line_1_15' title="bbox 266 1560 1847 1639; baseline -0.006 -15"><span class='ocrx_word' id='word_1_152' title='bbox 266 1568 555 1639; x_wconf 83' lang='lat' dir='ltr'><strong>Principes</strong></span> <span class='ocrx_word' id='word_1_153' title='bbox 604 1582 734 1638; x_wconf 76' lang='lat' dir='ltr'><strong>ergo</strong></span> <span class='ocrx_word' id='word_1_154' title='bbox 773 1565 1115 1637; x_wconf 78' lang='lat' dir='ltr'><strong>singularum</strong></span> <span class='ocrx_word' id='word_1_155' title='bbox 1162 1563 1405 1635; x_wconf 77' lang='lat' dir='ltr'><strong>gentium</strong></span> <span class='ocrx_word' id='word_1_156' title='bbox 1450 1560 1524 1617; x_wconf 89' lang='lat' dir='ltr'><strong>dii</strong></span> <span class='ocrx_word' id='word_1_157' title='bbox 1569 1563 1847 1632; x_wconf 79' lang='lat' dir='ltr'><strong>appellan-</strong></span> 
     </span>
    </p>
   </div>
   <div class='ocr_carea' id='block_1_16' title="bbox 1951 822 3522 905">
    <p class='ocr_par' dir='ltr' id='par_1_16' title="bbox 1951 822 3522 905">
     <span class='ocr_line' id='line_1_16' title="bbox 1951 822 3522 905; baseline -0.001 -23"><span class='ocrx_word' id='word_1_158' title='bbox 1951 828 2237 882; x_wconf 84' lang='lat' dir='ltr'><strong>Dominum</strong></span> <span class='ocrx_word' id='word_1_159' title='bbox 2257 827 2423 882; x_wconf 89' lang='lat' dir='ltr'><strong>Deum</strong></span> <span class='ocrx_word' id='word_1_160' title='bbox 2456 838 2602 881; x_wconf 89' lang='lat' dir='ltr'><strong>tuum</strong></span> <span class='ocrx_word' id='word_1_161' title='bbox 2630 822 2902 905; x_wconf 82' lang='lat' dir='ltr'><strong>adorabis,</strong></span> <span class='ocrx_word' id='word_1_162' title='bbox 2928 836 2978 879; x_wconf 92' lang='lat' dir='ltr'><strong>et</strong></span> <span class='ocrx_word' id='word_1_163' title='bbox 3008 826 3091 879; x_wconf 87' lang='lat' dir='ltr'><strong>illi</strong></span> <span class='ocrx_word' id='word_1_164' title='bbox 3120 825 3223 879; x_wconf 89' lang='lat' dir='ltr'><strong>soli</strong></span> <span class='ocrx_word' id='word_1_165' title='bbox 3250 826 3439 879; x_wconf 74' lang='lat' dir='ltr'><strong>servies</strong></span> <span class='ocrx_word' id='word_1_166' title='bbox 3457 826 3522 881; x_wconf 85' lang='lat'><strong>&quot;.</strong></span> 
     </span>
    </p>
   </div>
   <div class='ocr_carea' id='block_1_17' title="bbox 1949 918 3524 987">
    <p class='ocr_par' dir='ltr' id='par_1_17' title="bbox 1949 918 3524 987">
     <span class='ocr_line' id='line_1_17' title="bbox 1949 918 3524 987; baseline -0.003 -10"><span class='ocrx_word' id='word_1_167' title='bbox 1949 922 2047 978; x_wconf 85' lang='lat' dir='ltr'><strong>Et:</strong></span> <span class='ocrx_word' id='word_1_168' title='bbox 2067 922 2409 987; x_wconf 73' lang='lat' dir='ltr'><strong>Audilsrael,</strong></span> <span class='ocrx_word' id='word_1_169' title='bbox 2437 922 2696 977; x_wconf 83' lang='lat' dir='ltr'><strong>Dominus</strong></span> <span class='ocrx_word' id='word_1_170' title='bbox 2731 919 2868 975; x_wconf 84' lang='lat' dir='ltr'><strong>Deus</strong></span> <span class='ocrx_word' id='word_1_171' title='bbox 2899 931 3017 974; x_wconf 84' lang='lat' dir='ltr'><strong>tuus</strong></span> <span class='ocrx_word' id='word_1_172' title='bbox 3037 918 3176 974; x_wconf 73' lang='lat' dir='ltr'><strong>Deus</strong></span> <span class='ocrx_word' id='word_1_173' title='bbox 3207 935 3341 972; x_wconf 83' lang='lat' dir='ltr'><strong>unus</strong></span> <span class='ocrx_word' id='word_1_174' title='bbox 3364 918 3524 973; x_wconf 81' lang='lat' dir='ltr'><strong>est&quot;.</strong></span> 
     </span>
    </p>
   </div>
   <div class='ocr_carea' id='block_1_18' title="bbox 1951 1010 3528 1087">
    <p class='ocr_par' dir='ltr' id='par_1_18' title="bbox 1951 1010 3528 1087">
     <span class='ocr_line' id='line_1_18' title="bbox 1951 1010 3528 1087; baseline -0.002 -17"><span class='ocrx_word' id='word_1_175' title='bbox 1951 1016 2193 1087; x_wconf 88' lang='lat' dir='ltr'><strong>Denique</strong></span> <span class='ocrx_word' id='word_1_176' title='bbox 2250 1026 2304 1072; x_wconf 92' lang='lat' dir='ltr'><strong>et</strong></span> <span class='ocrx_word' id='word_1_177' title='bbox 2366 1016 2544 1071; x_wconf 90' lang='lat' dir='ltr'><strong>sancti</strong></span> <span class='ocrx_word' id='word_1_178' title='bbox 2596 1012 2803 1084; x_wconf 87' lang='lat' dir='ltr'><strong>Spiritu</strong></span> <span class='ocrx_word' id='word_1_179' title='bbox 2854 1011 2945 1067; x_wconf 91' lang='lat' dir='ltr'><strong>Dei</strong></span> <span class='ocrx_word' id='word_1_180' title='bbox 2987 1010 3200 1081; x_wconf 88' lang='lat' dir='ltr'><strong>repleti,</strong></span> <span class='ocrx_word' id='word_1_181' title='bbox 3256 1018 3309 1066; x_wconf 88' lang='lat' dir='ltr'><strong>et</strong></span> <span class='ocrx_word' id='word_1_182' title='bbox 3361 1010 3528 1083; x_wconf 77' lang='lat' dir='ltr'><strong>guttis</strong></span> 
     </span>
    </p>
   </div>
   <div class='ocr_carea' id='block_1_19' title="bbox 1950 1103 3523 1177">
    <p class='ocr_par' dir='ltr' id='par_1_19' title="bbox 1950 1103 3523 1177">
     <span class='ocr_line' id='line_1_19' title="bbox 1950 1103 3523 1177; baseline -0.004 -13"><span class='ocrx_word' id='word_1_183' title='bbox 1950 1108 2339 1164; x_wconf 72' lang='lat' dir='ltr'><strong>misericordia:</strong></span> <span class='ocrx_word' id='word_1_184' title='bbox 2362 1108 2484 1177; x_wconf 89' lang='lat' dir='ltr'><strong>ejus</strong></span> <span class='ocrx_word' id='word_1_185' title='bbox 2533 1106 2751 1160; x_wconf 89' lang='lat' dir='ltr'><strong>irrorati</strong></span> <span class='ocrx_word' id='word_1_186' title='bbox 2779 1103 3176 1167; x_wconf 77' lang='lat' dir='ltr'><strong>exclamabant,</strong></span> <span class='ocrx_word' id='word_1_187' title='bbox 3230 1103 3480 1159; x_wconf 88' lang='lat' dir='ltr'><strong>dicentes</strong></span> <span class='ocrx_word' id='word_1_188' title='bbox 3510 1122 3523 1158; x_wconf 88' lang='lat'><strong>:</strong></span> 
     </span>
    </p>
   </div>
   <div class='ocr_carea' id='block_1_20' title="bbox 1951 1196 3527 1269">
    <p class='ocr_par' dir='ltr' id='par_1_20' title="bbox 1951 1196 3527 1269">
     <span class='ocr_line' id='line_1_20' title="bbox 1951 1196 3527 1269; baseline -0.004 -13"><span class='ocrx_word' id='word_1_189' title='bbox 1951 1200 2057 1269; x_wconf 85' lang='lat' dir='ltr'><strong>Qui</strong></span> <span class='ocrx_word' id='word_1_190' title='bbox 2095 1201 2285 1256; x_wconf 85' lang='lat' dir='ltr'><strong>similis</strong></span> <span class='ocrx_word' id='word_1_191' title='bbox 2314 1200 2407 1253; x_wconf 84' lang='lat' dir='ltr'><strong>tibi</strong></span> <span class='ocrx_word' id='word_1_192' title='bbox 2432 1202 2485 1254; x_wconf 90' lang='lat' dir='ltr'><strong>in</strong></span> <span class='ocrx_word' id='word_1_193' title='bbox 2506 1199 2633 1266; x_wconf 83' lang='lat' dir='ltr'><strong>diis,</strong></span> <span class='ocrx_word' id='word_1_194' title='bbox 2672 1198 2911 1262; x_wconf 84' lang='lat' dir='ltr'><strong>Domine,</strong></span> <span class='ocrx_word' id='word_1_195' title='bbox 2942 1200 3057 1269; x_wconf 84' lang='lat' dir='ltr'><strong>quis</strong></span> <span class='ocrx_word' id='word_1_196' title='bbox 3089 1196 3280 1252; x_wconf 78' lang='lat' dir='ltr'><strong>similis</strong></span> <span class='ocrx_word' id='word_1_197' title='bbox 3312 1198 3405 1251; x_wconf 83' lang='lat' dir='ltr'><strong>tibi</strong></span> <span class='ocrx_word' id='word_1_198' title='bbox 3433 1198 3479 1229; x_wconf 82' lang='grc'>⁸⁸</span> <span class='ocrx_word' id='word_1_199' title='bbox 3503 1197 3527 1250; x_wconf 85' lang='lat'><strong>?</strong></span> 
     </span>
    </p>
   </div>
   <div class='ocr_carea' id='block_1_21' title="bbox 1951 1287 3526 1360">
    <p class='ocr_par' dir='ltr' id='par_1_21' title="bbox 1951 1287 3526 1360">
     <span class='ocr_line' id='line_1_21' title="bbox 1951 1287 3526 1360; baseline -0.004 -11"><span class='ocrx_word' id='word_1_200' title='bbox 1951 1295 2017 1349; x_wconf 86' lang='lat' dir='ltr'><strong>Et</strong></span> <span class='ocrx_word' id='word_1_201' title='bbox 2065 1294 2261 1347; x_wconf 90' lang='lat' dir='ltr'><strong>iterum</strong></span> <span class='ocrx_word' id='word_1_202' title='bbox 2298 1310 2311 1347; x_wconf 88' lang='lat'><strong>:</strong></span> <span class='ocrx_word' id='word_1_203' title='bbox 2348 1290 2479 1359; x_wconf 84' lang='lat' dir='ltr'><strong>Quis</strong></span> <span class='ocrx_word' id='word_1_204' title='bbox 2533 1289 2673 1343; x_wconf 85' lang='lat' dir='ltr'><strong>Deus</strong></span> <span class='ocrx_word' id='word_1_205' title='bbox 2720 1299 2911 1359; x_wconf 68' lang='lat' dir='ltr'><strong>pra&#39;ter</strong></span> <span class='ocrx_word' id='word_1_206' title='bbox 2963 1287 3273 1354; x_wconf 87' lang='lat' dir='ltr'><strong>Dominum,</strong></span> <span class='ocrx_word' id='word_1_207' title='bbox 3307 1298 3355 1343; x_wconf 89' lang='lat' dir='ltr'><strong>et</strong></span> <span class='ocrx_word' id='word_1_208' title='bbox 3410 1289 3526 1360; x_wconf 83' lang='lat' dir='ltr'><strong>quis</strong></span> 
     </span>
    </p>
   </div>
   <div class='ocr_carea' id='block_1_22' title="bbox 1950 1378 3527 1454">
    <p class='ocr_par' dir='ltr' id='par_1_22' title="bbox 1950 1378 3527 1454">
     <span class='ocr_line' id='line_1_22' title="bbox 1950 1378 3527 1454; baseline -0.004 -15"><span class='ocrx_word' id='word_1_209' title='bbox 1950 1383 2089 1439; x_wconf 85' lang='lat' dir='ltr'><strong>Deus</strong></span> <span class='ocrx_word' id='word_1_210' title='bbox 2118 1392 2308 1454; x_wconf 77' lang='lat' dir='ltr'><strong>pra&#39;ter</strong></span> <span class='ocrx_word' id='word_1_211' title='bbox 2366 1382 2649 1436; x_wconf 85' lang='lat' dir='ltr'><strong>Dominum</strong></span> <span class='ocrx_word' id='word_1_212' title='bbox 2699 1391 2936 1435; x_wconf 85' lang='lat' dir='ltr'><strong>nostrum</strong></span> <span class='ocrx_word' id='word_1_213' title='bbox 2960 1380 3049 1434; x_wconf 78' lang='lat'><strong>&quot;?</strong></span> <span class='ocrx_word' id='word_1_214' title='bbox 3097 1379 3285 1450; x_wconf 87' lang='lat' dir='ltr'><strong>Itaque</strong></span> <span class='ocrx_word' id='word_1_215' title='bbox 3314 1378 3527 1451; x_wconf 78' lang='lat' dir='ltr'><strong>Moyses</strong></span> 
     </span>
    </p>
   </div>
   <div class='ocr_carea' id='block_1_23' title="bbox 1952 1470 3525 1546">
    <p class='ocr_par' dir='ltr' id='par_1_23' title="bbox 1952 1470 3525 1546">
     <span class='ocr_line' id='line_1_23' title="bbox 1952 1470 3525 1546; baseline -0.003 -16"><span class='ocrx_word' id='word_1_216' title='bbox 1952 1476 2041 1530; x_wconf 92' lang='lat' dir='ltr'><strong>ubi</strong></span> <span class='ocrx_word' id='word_1_217' title='bbox 2077 1479 2337 1546; x_wconf 85' lang='lat' dir='ltr'><strong>prolicere</strong></span> <span class='ocrx_word' id='word_1_218' title='bbox 2361 1475 2623 1545; x_wconf 90' lang='lat' dir='ltr'><strong>populum</strong></span> <span class='ocrx_word' id='word_1_219' title='bbox 2658 1473 2815 1533; x_wconf 90' lang='lat' dir='ltr'><strong>vidit,</strong></span> <span class='ocrx_word' id='word_1_220' title='bbox 2852 1471 3111 1543; x_wconf 83' lang='lat' dir='ltr'><strong>paulatim</strong></span> <span class='ocrx_word' id='word_1_221' title='bbox 3137 1486 3233 1527; x_wconf 89' lang='lat' dir='ltr'><strong>eos</strong></span> <span class='ocrx_word' id='word_1_222' title='bbox 3264 1471 3329 1524; x_wconf 83' lang='lat' dir='ltr'><strong>ad</strong></span> <span class='ocrx_word' id='word_1_223' title='bbox 3364 1470 3525 1535; x_wconf 81' lang='lat' dir='ltr'><strong>intel-</strong></span> 
     </span>
    </p>
   </div>
   <div class='ocr_carea' id='block_1_24' title="bbox 1950 1549 3523 1640">
    <p class='ocr_par' dir='ltr' id='par_1_24' title="bbox 1950 1549 3523 1640">
     <span class='ocr_line' id='line_1_24' title="bbox 1950 1549 3523 1640; baseline -0.001 -19"><span class='ocrx_word' id='word_1_224' title='bbox 1950 1568 2229 1640; x_wconf 80' lang='lat' dir='ltr'><strong>ligentiam</strong></span> <span class='ocrx_word' id='word_1_225' title='bbox 2261 1567 2615 1630; x_wconf 69' lang='lat' dir='ltr'><strong>monarchiae,</strong></span> <span class='ocrx_word' id='word_1_226' title='bbox 2641 1574 2695 1621; x_wconf 88' lang='lat' dir='ltr'><strong>et</strong></span> <span class='ocrx_word' id='word_1_227' title='bbox 2742 1566 2899 1621; x_wconf 75' lang='lat' dir='ltr'><strong>[idem</strong></span> <span class='ocrx_word' id='word_1_228' title='bbox 2955 1549 3238 1620; x_wconf 49' lang='lat' dir='ltr'><strong>Defunius</strong></span> <span class='ocrx_word' id='word_1_229' title='bbox 3268 1564 3523 1628; x_wconf 86' lang='lat' dir='ltr'><strong>initiavit,</strong></span> 
     </span>
    </p>
   </div>
   <div class='ocr_carea' id='block_1_25' title="bbox 272 1654 3526 1731">
    <p class='ocr_par' dir='ltr' id='par_1_25' title="bbox 272 1654 3526 1731">
     <span class='ocr_line' id='line_1_25' title="bbox 272 1654 3526 1731; baseline -0.003 -10"><span class='ocrx_word' id='word_1_230' title='bbox 272 1673 385 1721; x_wconf 90' lang='lat' dir='ltr'><strong>tur.</strong></span> <span class='ocrx_word' id='word_1_231' title='bbox 434 1663 751 1731; x_wconf 88' lang='lat' dir='ltr'><strong>Principum</strong></span> <span class='ocrx_word' id='word_1_232' title='bbox 797 1670 976 1715; x_wconf 89' lang='lat' dir='ltr'><strong>autem</strong></span> <span class='ocrx_word' id='word_1_233' title='bbox 1018 1657 1162 1713; x_wconf 89' lang='lat' dir='ltr'><strong>Deus</strong></span> <span class='ocrx_word' id='word_1_234' title='bbox 1188 1657 1442 1713; x_wconf 88' lang='lat' dir='ltr'><strong>Christus</strong></span> <span class='ocrx_word' id='word_1_235' title='bbox 1484 1664 1588 1719; x_wconf 88' lang='lat' dir='ltr'><strong>est,</strong></span> <span class='ocrx_word' id='word_1_236' title='bbox 1636 1656 1729 1727; x_wconf 90' lang='lat' dir='ltr'><strong>qui</strong></span> <span class='ocrx_word' id='word_1_237' title='bbox 1768 1662 1850 1711; x_wconf 84' lang='lat' dir='ltr'><strong>est</strong></span> <span class='ocrx_word' id='word_1_238' title='bbox 1886 1717 1923 1731; x_wconf 59' lang='lat' dir='ltr'><strong>n</strong></span> <span class='ocrx_word' id='word_1_239' title='bbox 1951 1659 2087 1713; x_wconf 89' lang='lat' dir='ltr'><strong>utin</strong></span> <span class='ocrx_word' id='word_1_240' title='bbox 2120 1657 2581 1727; x_wconf 86' lang='lat' dir='ltr'><strong>consequentibus</strong></span> <span class='ocrx_word' id='word_1_241' title='bbox 2614 1656 2787 1711; x_wconf 85' lang='lat' dir='ltr'><strong>dicit:</strong></span> <span class='ocrx_word' id='word_1_242' title='bbox 2852 1654 3088 1710; x_wconf 79' lang='lat' dir='ltr'><strong>Nomina</strong></span> <span class='ocrx_word' id='word_1_243' title='bbox 3140 1655 3357 1711; x_wconf 88' lang='lat' dir='ltr'><strong>deorum</strong></span> <span class='ocrx_word' id='word_1_244' title='bbox 3389 1656 3526 1711; x_wconf 86' lang='lat' dir='ltr'><strong>alio-</strong></span> 
     </span>
    </p>
   </div>
   <div class='ocr_carea' id='block_1_26' title="bbox 266 1748 3521 1825">
    <p class='ocr_par' dir='ltr' id='par_1_26' title="bbox 266 1748 3521 1825">
     <span class='ocr_line' id='line_1_26' title="bbox 266 1748 3521 1825; baseline 0 -21"><span class='ocrx_word' id='word_1_245' title='bbox 266 1756 517 1813; x_wconf 81' lang='lat' dir='ltr'><strong>omnium</strong></span> <span class='ocrx_word' id='word_1_246' title='bbox 574 1754 761 1825; x_wconf 81' lang='lat' dir='ltr'><strong>judex.</strong></span> <span class='ocrx_word' id='word_1_247' title='bbox 809 1750 950 1806; x_wconf 87' lang='lat' dir='ltr'><strong>Vere</strong></span> <span class='ocrx_word' id='word_1_248' title='bbox 996 1764 1130 1820; x_wconf 76' lang='lat' dir='ltr'><strong>ergo</strong></span> <span class='ocrx_word' id='word_1_249' title='bbox 1172 1764 1350 1819; x_wconf 88' lang='lat' dir='ltr'><strong>neque</strong></span> <span class='ocrx_word' id='word_1_250' title='bbox 1398 1748 1612 1817; x_wconf 79' lang='lat' dir='ltr'><strong>angeli,</strong></span> <span class='ocrx_word' id='word_1_251' title='bbox 1670 1762 1849 1817; x_wconf 88' lang='lat' dir='ltr'><strong>neque</strong></span> <span class='ocrx_word' id='word_1_252' title='bbox 1885 1748 1925 1770; x_wconf 85' lang='lat'>”</span> <span class='ocrx_word' id='word_1_253' title='bbox 1950 1769 2069 1807; x_wconf 88' lang='lat' dir='ltr'><strong>rum</strong></span> <span class='ocrx_word' id='word_1_254' title='bbox 2101 1768 2203 1805; x_wconf 89' lang='lat' dir='ltr'><strong>non</strong></span> <span class='ocrx_word' id='word_1_255' title='bbox 2238 1751 2669 1806; x_wconf 85' lang='lat' dir='ltr'><strong>commemorabis</strong></span> <span class='ocrx_word' id='word_1_256' title='bbox 2700 1750 2769 1814; x_wconf 78' lang='lat'><strong>°°,</strong></span> <span class='ocrx_word' id='word_1_257' title='bbox 2818 1749 3138 1805; x_wconf 88' lang='lat' dir='ltr'><strong>recordatus</strong></span> <span class='ocrx_word' id='word_1_258' title='bbox 3188 1749 3306 1805; x_wconf 89' lang='lat' dir='ltr'><strong>sine</strong></span> <span class='ocrx_word' id='word_1_259' title='bbox 3334 1750 3521 1815; x_wconf 90' lang='lat' dir='ltr'><strong>dubio,</strong></span> 
     </span>
    </p>
   </div>
   <div class='ocr_carea' id='block_1_27' title="bbox 267 1839 1847 1916">
    <p class='ocr_par' dir='ltr' id='par_1_27' title="bbox 267 1839 1847 1916">
     <span class='ocr_line' id='line_1_27' title="bbox 267 1839 1847 1916; baseline -0.01 -10"><span class='ocrx_word' id='word_1_260' title='bbox 267 1850 543 1913; x_wconf 81' lang='lat' dir='ltr'><strong>homines,</strong></span> <span class='ocrx_word' id='word_1_261' title='bbox 575 1862 754 1916; x_wconf 89' lang='lat' dir='ltr'><strong>neque</strong></span> <span class='ocrx_word' id='word_1_262' title='bbox 805 1844 914 1897; x_wconf 92' lang='lat' dir='ltr'><strong>ulla</strong></span> <span class='ocrx_word' id='word_1_263' title='bbox 965 1849 1218 1896; x_wconf 86' lang='lat' dir='ltr'><strong>creatura</strong></span> <span class='ocrx_word' id='word_1_264' title='bbox 1271 1839 1346 1895; x_wconf 89' lang='lat' dir='ltr'><strong>dii</strong></span> <span class='ocrx_word' id='word_1_265' title='bbox 1410 1854 1533 1895; x_wconf 88' lang='lat' dir='ltr'><strong>esse</strong></span> <span class='ocrx_word' id='word_1_266' title='bbox 1597 1844 1847 1907; x_wconf 88' lang='lat' dir='ltr'><strong>possunt,</strong></span> 
     </span>
    </p>
   </div>
   <div class='ocr_carea' id='block_1_28' title="bbox 267 1931 1850 2014">
    <p class='ocr_par' dir='ltr' id='par_1_28' title="bbox 267 1931 1850 2014">
     <span class='ocr_line' id='line_1_28' title="bbox 267 1931 1850 2014; baseline -0.009 -16"><span class='ocrx_word' id='word_1_267' title='bbox 267 1944 469 2014; x_wconf 86' lang='lat' dir='ltr'><strong>quippe</strong></span> <span class='ocrx_word' id='word_1_268' title='bbox 516 1941 608 2011; x_wconf 90' lang='lat' dir='ltr'><strong>qui</strong></span> <span class='ocrx_word' id='word_1_269' title='bbox 655 1937 760 1993; x_wconf 88' lang='lat' dir='ltr'><strong>sub</strong></span> <span class='ocrx_word' id='word_1_270' title='bbox 806 1941 1077 2008; x_wconf 84' lang='lat' dir='ltr'><strong>potestate</strong></span> <span class='ocrx_word' id='word_1_271' title='bbox 1134 1939 1263 1988; x_wconf 89' lang='lat' dir='ltr'><strong>sunt</strong></span> <span class='ocrx_word' id='word_1_272' title='bbox 1330 1931 1528 2002; x_wconf 88' lang='lat' dir='ltr'><strong>positi,</strong></span> <span class='ocrx_word' id='word_1_273' title='bbox 1587 1938 1850 2000; x_wconf 86' lang='lat' dir='ltr'><strong>tanquam</strong></span> 
     </span>
    </p>
   </div>
   <div class='ocr_carea' id='block_1_29' title="bbox 266 2022 1848 2095">
    <p class='ocr_par' dir='ltr' id='par_1_29' title="bbox 266 2022 1848 2095">
     <span class='ocr_line' id='line_1_29' title="bbox 266 2022 1848 2095; baseline -0.009 -7"><span class='ocrx_word' id='word_1_274' title='bbox 266 2031 443 2088; x_wconf 83' lang='lat' dir='ltr'><strong>creati</strong></span> <span class='ocrx_word' id='word_1_275' title='bbox 478 2037 536 2085; x_wconf 91' lang='lat' dir='ltr'><strong>et</strong></span> <span class='ocrx_word' id='word_1_276' title='bbox 573 2028 803 2084; x_wconf 89' lang='lat' dir='ltr'><strong>mobiles</strong></span> <span class='ocrx_word' id='word_1_277' title='bbox 835 2026 918 2094; x_wconf 86' lang='grc'><strong>⁸⁰;</strong></span> <span class='ocrx_word' id='word_1_278' title='bbox 981 2023 1160 2095; x_wconf 77' lang='lat' dir='ltr'><strong>angeli</strong></span> <span class='ocrx_word' id='word_1_279' title='bbox 1201 2022 1455 2093; x_wconf 90' lang='lat' dir='ltr'><strong>quidem,</strong></span> <span class='ocrx_word' id='word_1_280' title='bbox 1494 2028 1556 2076; x_wconf 90' lang='lat' dir='ltr'><strong>ut</strong></span> <span class='ocrx_word' id='word_1_281' title='bbox 1594 2023 1684 2091; x_wconf 88' lang='lat' dir='ltr'><strong>qui</strong></span> <span class='ocrx_word' id='word_1_282' title='bbox 1739 2035 1848 2075; x_wconf 89' lang='lat' dir='ltr'><strong>non</strong></span> 
     </span>
    </p>
   </div>
   <div class='ocr_carea' id='block_1_30' title="bbox 268 2113 1846 2185">
    <p class='ocr_par' dir='ltr' id='par_1_30' title="bbox 268 2113 1846 2185">
     <span class='ocr_line' id='line_1_30' title="bbox 268 2113 1846 2185; baseline -0.005 -10"><span class='ocrx_word' id='word_1_283' title='bbox 268 2121 427 2177; x_wconf 83' lang='lat' dir='ltr'><strong>fuere</strong></span> <span class='ocrx_word' id='word_1_284' title='bbox 478 2130 532 2177; x_wconf 91' lang='lat' dir='ltr'><strong>et</strong></span> <span class='ocrx_word' id='word_1_285' title='bbox 576 2120 728 2185; x_wconf 91' lang='lat' dir='ltr'><strong>sint,</strong></span> <span class='ocrx_word' id='word_1_286' title='bbox 786 2118 1032 2173; x_wconf 89' lang='lat' dir='ltr'><strong>homines</strong></span> <span class='ocrx_word' id='word_1_287' title='bbox 1088 2126 1267 2170; x_wconf 89' lang='lat' dir='ltr'><strong>autem</strong></span> <span class='ocrx_word' id='word_1_288' title='bbox 1314 2122 1373 2168; x_wconf 93' lang='lat' dir='ltr'><strong>ut</strong></span> <span class='ocrx_word' id='word_1_289' title='bbox 1422 2113 1699 2177; x_wconf 88' lang='lat' dir='ltr'><strong>mortales,</strong></span> <span class='ocrx_word' id='word_1_290' title='bbox 1726 2128 1846 2169; x_wconf 92' lang='lat' dir='ltr'><strong>om-</strong></span> 
     </span>
    </p>
   </div>
   <div class='ocr_carea' id='block_1_31' title="bbox 266 2206 1849 2279">
    <p class='ocr_par' dir='ltr' id='par_1_31' title="bbox 266 2206 1849 2279">
     <span class='ocr_line' id='line_1_31' title="bbox 266 2206 1849 2279; baseline -0.006 -8"><span class='ocrx_word' id='word_1_291' title='bbox 266 2218 357 2271; x_wconf 88' lang='lat' dir='ltr'><strong>nis</strong></span> <span class='ocrx_word' id='word_1_292' title='bbox 407 2230 534 2270; x_wconf 89' lang='lat' dir='ltr'><strong>vero</strong></span> <span class='ocrx_word' id='word_1_293' title='bbox 576 2219 831 2268; x_wconf 90' lang='lat' dir='ltr'><strong>creatura</strong></span> <span class='ocrx_word' id='word_1_294' title='bbox 868 2250 883 2274; x_wconf 93' lang='lat'><strong>,</strong></span> <span class='ocrx_word' id='word_1_295' title='bbox 939 2219 998 2264; x_wconf 91' lang='lat' dir='ltr'><strong>ut</strong></span> <span class='ocrx_word' id='word_1_296' title='bbox 1049 2223 1171 2279; x_wconf 61' lang='lat' dir='ltr'><strong>qua:</strong></span> <span class='ocrx_word' id='word_1_297' title='bbox 1204 2207 1341 2262; x_wconf 92' lang='lat' dir='ltr'><strong>solvi</strong></span> <span class='ocrx_word' id='word_1_298' title='bbox 1378 2206 1573 2277; x_wconf 86' lang='lat' dir='ltr'><strong>possit,</strong></span> <span class='ocrx_word' id='word_1_299' title='bbox 1611 2206 1707 2261; x_wconf 89' lang='lat' dir='ltr'><strong>sed</strong></span> <span class='ocrx_word' id='word_1_300' title='bbox 1760 2222 1849 2261; x_wconf 88' lang='lat' dir='ltr'><strong>re-</strong></span> 
     </span>
    </p>
   </div>
   <div class='ocr_carea' id='block_1_32' title="bbox 267 2297 1845 2371">
    <p class='ocr_par' dir='ltr' id='par_1_32' title="bbox 267 2297 1845 2371">
     <span class='ocr_line' id='line_1_32' title="bbox 267 2297 1845 2371; baseline -0.007 -10"><span class='ocrx_word' id='word_1_301' title='bbox 267 2322 400 2361; x_wconf 83' lang='lat' dir='ltr'><strong>vera</strong></span> <span class='ocrx_word' id='word_1_302' title='bbox 428 2305 476 2360; x_wconf 89' lang='lat' dir='ltr'><strong>si</strong></span> <span class='ocrx_word' id='word_1_303' title='bbox 507 2303 732 2358; x_wconf 86' lang='lat' dir='ltr'><strong>solverit</strong></span> <span class='ocrx_word' id='word_1_304' title='bbox 762 2302 856 2356; x_wconf 90' lang='lat' dir='ltr'><strong>ille</strong></span> <span class='ocrx_word' id='word_1_305' title='bbox 880 2301 973 2371; x_wconf 91' lang='lat' dir='ltr'><strong>qui</strong></span> <span class='ocrx_word' id='word_1_306' title='bbox 1006 2298 1156 2355; x_wconf 81' lang='lat' dir='ltr'><strong>fecit.</strong></span> <span class='ocrx_word' id='word_1_307' title='bbox 1189 2298 1256 2352; x_wconf 86' lang='lat' dir='ltr'><strong>Et</strong></span> <span class='ocrx_word' id='word_1_308' title='bbox 1285 2298 1408 2353; x_wconf 89' lang='lat' dir='ltr'><strong>ideo</strong></span> <span class='ocrx_word' id='word_1_309' title='bbox 1454 2298 1547 2353; x_wconf 88' lang='lat' dir='ltr'><strong>ille</strong></span> <span class='ocrx_word' id='word_1_310' title='bbox 1577 2297 1728 2353; x_wconf 83' lang='lat' dir='ltr'><strong>solus</strong></span> <span class='ocrx_word' id='word_1_311' title='bbox 1751 2312 1845 2351; x_wconf 88' lang='lat' dir='ltr'><strong>ve-</strong></span> 
     </span>
    </p>
   </div>
   <div class='ocr_carea' id='block_1_33' title="bbox 266 2388 1847 2466">
    <p class='ocr_par' dir='ltr' id='par_1_33' title="bbox 266 2388 1847 2466">
     <span class='ocr_line' id='line_1_33' title="bbox 266 2388 1847 2466; baseline -0.008 -11"><span class='ocrx_word' id='word_1_312' title='bbox 266 2416 368 2455; x_wconf 90' lang='lat' dir='ltr'><strong>rus</strong></span> <span class='ocrx_word' id='word_1_313' title='bbox 402 2406 486 2453; x_wconf 89' lang='lat' dir='ltr'><strong>est</strong></span> <span class='ocrx_word' id='word_1_314' title='bbox 512 2396 657 2451; x_wconf 88' lang='lat' dir='ltr'><strong>Deus</strong></span> <span class='ocrx_word' id='word_1_315' title='bbox 694 2394 787 2466; x_wconf 92' lang='lat' dir='ltr'><strong>qui</strong></span> <span class='ocrx_word' id='word_1_316' title='bbox 829 2408 941 2447; x_wconf 89' lang='lat' dir='ltr'><strong>non</strong></span> <span class='ocrx_word' id='word_1_317' title='bbox 978 2392 1158 2448; x_wconf 91' lang='lat' dir='ltr'><strong>solum</strong></span> <span class='ocrx_word' id='word_1_318' title='bbox 1197 2390 1313 2460; x_wconf 90' lang='lat' dir='ltr'><strong>ipse</strong></span> <span class='ocrx_word' id='word_1_319' title='bbox 1335 2389 1489 2453; x_wconf 82' lang='lat' dir='ltr'><strong>vivit,</strong></span> <span class='ocrx_word' id='word_1_320' title='bbox 1524 2388 1619 2444; x_wconf 90' lang='lat' dir='ltr'><strong>sed</strong></span> <span class='ocrx_word' id='word_1_321' title='bbox 1645 2397 1699 2444; x_wconf 87' lang='lat' dir='ltr'><strong>et</strong></span> <span class='ocrx_word' id='word_1_322' title='bbox 1726 2388 1847 2442; x_wconf 91' lang='lat' dir='ltr'><strong>aliis</strong></span> 
     </span>
    </p>
   </div>
   <div class='ocr_carea' id='block_1_34' title="bbox 268 2483 1739 2561">
    <p class='ocr_par' dir='ltr' id='par_1_34' title="bbox 268 2483 1739 2561">
     <span class='ocr_line' id='line_1_34' title="bbox 268 2483 1739 2561; baseline -0.007 -14"><span class='ocrx_word' id='word_1_323' title='bbox 268 2495 436 2548; x_wconf 87' lang='lat' dir='ltr'><strong>vitam</strong></span> <span class='ocrx_word' id='word_1_324' title='bbox 459 2496 705 2561; x_wconf 69' lang='lat' dir='ltr'><strong>praestat,</strong></span> <span class='ocrx_word' id='word_1_325' title='bbox 731 2502 896 2559; x_wconf 86' lang='lat' dir='ltr'><strong>quam</strong></span> <span class='ocrx_word' id='word_1_326' title='bbox 919 2493 974 2542; x_wconf 91' lang='lat' dir='ltr'><strong>et</strong></span> <span class='ocrx_word' id='word_1_327' title='bbox 992 2485 1207 2542; x_wconf 81' lang='lat' dir='ltr'><strong>auferre</strong></span> <span class='ocrx_word' id='word_1_328' title='bbox 1236 2493 1414 2555; x_wconf 89' lang='lat' dir='ltr'><strong>potest</strong></span> <span class='ocrx_word' id='word_1_329' title='bbox 1446 2499 1571 2539; x_wconf 93' lang='lat' dir='ltr'><strong>cum</strong></span> <span class='ocrx_word' id='word_1_330' title='bbox 1601 2483 1739 2538; x_wconf 84' lang='lat' dir='ltr'><strong>vult.</strong></span> 
     </span>
    </p>
   </div>
   <div class='ocr_carea' id='block_1_35' title="bbox 340 2572 1848 2650">
    <p class='ocr_par' dir='ltr' id='par_1_35' title="bbox 340 2572 1848 2650">
     <span class='ocr_line' id='line_1_35' title="bbox 340 2572 1848 2650; baseline -0.007 -15"><span class='ocrx_word' id='word_1_331' title='bbox 340 2580 523 2635; x_wconf 75' lang='lat' dir='ltr'><strong>XLiil.</strong></span> <span class='ocrx_word' id='word_1_332' title='bbox 559 2578 855 2650; x_wconf 85' lang='lat' dir='ltr'><strong>Propterea</strong></span> <span class='ocrx_word' id='word_1_333' title='bbox 897 2592 1027 2649; x_wconf 77' lang='lat' dir='ltr'><strong>ergo</strong></span> <span class='ocrx_word' id='word_1_334' title='bbox 1076 2577 1275 2631; x_wconf 90' lang='lat' dir='ltr'><strong>clamat</strong></span> <span class='ocrx_word' id='word_1_335' title='bbox 1315 2572 1599 2645; x_wconf 87' lang='lat' dir='ltr'><strong>Scriptura</strong></span> <span class='ocrx_word' id='word_1_336' title='bbox 1626 2588 1693 2626; x_wconf 76' lang='lat' dir='ltr'><strong>ex</strong></span> <span class='ocrx_word' id='word_1_337' title='bbox 1726 2588 1848 2643; x_wconf 84' lang='lat' dir='ltr'><strong>per—</strong></span> 
     </span>
    </p>
   </div>
   <div class='ocr_carea' id='block_1_36' title="bbox 270 2664 1846 2735">
    <p class='ocr_par' dir='ltr' id='par_1_36' title="bbox 270 2664 1846 2735">
     <span class='ocr_line' id='line_1_36' title="bbox 270 2664 1846 2735; baseline -0.007 -6"><span class='ocrx_word' id='word_1_338' title='bbox 270 2690 408 2729; x_wconf 91' lang='lat' dir='ltr'><strong>sona</strong></span> <span class='ocrx_word' id='word_1_339' title='bbox 441 2672 536 2729; x_wconf 89' lang='lat' dir='ltr'><strong>Dei</strong></span> <span class='ocrx_word' id='word_1_340' title='bbox 564 2672 900 2734; x_wconf 66' lang='lat' dir='ltr'><strong>Iudaeorum,</strong></span> <span class='ocrx_word' id='word_1_341' title='bbox 928 2677 983 2725; x_wconf 87' lang='lat' dir='ltr'><strong>et</strong></span> <span class='ocrx_word' id='word_1_342' title='bbox 1006 2668 1141 2724; x_wconf 90' lang='lat' dir='ltr'><strong>dicit</strong></span> <span class='ocrx_word' id='word_1_343' title='bbox 1166 2688 1179 2722; x_wconf 88' lang='lat'>:</span> <span class='ocrx_word' id='word_1_344' title='bbox 1240 2666 1418 2720; x_wconf 83' lang='lat' dir='ltr'><strong>Videte</strong></span> <span class='ocrx_word' id='word_1_345' title='bbox 1436 2705 1451 2730; x_wconf 96' lang='lat'><strong>,</strong></span> <span class='ocrx_word' id='word_1_346' title='bbox 1508 2664 1693 2728; x_wconf 80' lang='lat' dir='ltr'><strong>videte,</strong></span> <span class='ocrx_word' id='word_1_347' title='bbox 1718 2681 1846 2735; x_wconf 75' lang='lat' dir='ltr'><strong>quo-</strong></span> 
     </span>
    </p>
   </div>
   <div class='ocr_carea' id='block_1_37' title="bbox 271 2754 1845 2836">
    <p class='ocr_par' dir='ltr' id='par_1_37' title="bbox 271 2754 1845 2836">
     <span class='ocr_line' id='line_1_37' title="bbox 271 2754 1845 2836; baseline -0.007 -18"><span class='ocrx_word' id='word_1_348' title='bbox 271 2766 419 2818; x_wconf 81' lang='lat' dir='ltr'><strong>niam</strong></span> <span class='ocrx_word' id='word_1_349' title='bbox 444 2781 536 2836; x_wconf 86' lang='lat' dir='ltr'><strong>ego</strong></span> <span class='ocrx_word' id='word_1_350' title='bbox 583 2780 698 2818; x_wconf 87' lang='lat' dir='ltr'><strong>sum</strong></span> <span class='ocrx_word' id='word_1_351' title='bbox 729 2762 889 2824; x_wconf 83' lang='lat' dir='ltr'><strong>Deus,</strong></span> <span class='ocrx_word' id='word_1_352' title='bbox 918 2770 968 2815; x_wconf 87' lang='lat' dir='ltr'><strong>et</strong></span> <span class='ocrx_word' id='word_1_353' title='bbox 989 2776 1090 2812; x_wconf 88' lang='lat' dir='ltr'><strong>non</strong></span> <span class='ocrx_word' id='word_1_354' title='bbox 1111 2766 1189 2812; x_wconf 87' lang='lat' dir='ltr'><strong>est</strong></span> <span class='ocrx_word' id='word_1_355' title='bbox 1226 2757 1366 2810; x_wconf 88' lang='lat' dir='ltr'><strong>alius</strong></span> <span class='ocrx_word' id='word_1_356' title='bbox 1391 2766 1583 2824; x_wconf 69' lang='lat' dir='ltr'><strong>praeter</strong></span> <span class='ocrx_word' id='word_1_357' title='bbox 1618 2772 1715 2810; x_wconf 80' lang='lat' dir='ltr'><strong>me.</strong></span> <span class='ocrx_word' id='word_1_358' title='bbox 1737 2754 1845 2826; x_wconf 84' lang='lat' dir='ltr'><strong>Ego</strong></span> 
     </span>
    </p>
   </div>
   <div class='ocr_carea' id='block_1_38' title="bbox 270 2846 1842 2923">
    <p class='ocr_par' dir='ltr' id='par_1_38' title="bbox 270 2846 1842 2923">
     <span class='ocr_line' id='line_1_38' title="bbox 270 2846 1842 2923; baseline -0.007 -13"><span class='ocrx_word' id='word_1_359' title='bbox 270 2856 533 2921; x_wconf 85' lang='lat' dir='ltr'><strong>occidam,</strong></span> <span class='ocrx_word' id='word_1_360' title='bbox 563 2865 611 2910; x_wconf 90' lang='lat' dir='ltr'><strong>et</strong></span> <span class='ocrx_word' id='word_1_361' title='bbox 640 2856 803 2910; x_wconf 84' lang='lat' dir='ltr'><strong>vivere</strong></span> <span class='ocrx_word' id='word_1_362' title='bbox 841 2853 1036 2923; x_wconf 77' lang='lat' dir='ltr'><strong>faciam</strong></span> <span class='ocrx_word' id='word_1_363' title='bbox 1056 2867 1073 2914; x_wconf 92' lang='lat'><strong><em>;</em></strong></span> <span class='ocrx_word' id='word_1_364' title='bbox 1093 2850 1406 2918; x_wconf 81' lang='lat' dir='ltr'><strong>percutiam,</strong></span> <span class='ocrx_word' id='word_1_365' title='bbox 1431 2857 1479 2901; x_wconf 89' lang='lat' dir='ltr'><strong>et</strong></span> <span class='ocrx_word' id='word_1_366' title='bbox 1503 2864 1594 2918; x_wconf 85' lang='lat' dir='ltr'><strong>ego</strong></span> <span class='ocrx_word' id='word_1_367' title='bbox 1621 2846 1842 2911; x_wconf 86' lang='lat' dir='ltr'><strong>sanabo,</strong></span> 
     </span>
    </p>
   </div>
   <div class='ocr_carea' id='block_1_39' title="bbox 269 2938 1846 3017">
    <p class='ocr_par' dir='ltr' id='par_1_39' title="bbox 269 2938 1846 3017">
     <span class='ocr_line' id='line_1_39' title="bbox 269 2938 1846 3017; baseline -0.004 -15"><span class='ocrx_word' id='word_1_368' title='bbox 269 2958 321 3002; x_wconf 81' lang='lat' dir='ltr'><strong>et</strong></span> <span class='ocrx_word' id='word_1_369' title='bbox 368 2964 471 3002; x_wconf 85' lang='lat' dir='ltr'><strong>non</strong></span> <span class='ocrx_word' id='word_1_370' title='bbox 498 2956 578 3001; x_wconf 89' lang='lat' dir='ltr'><strong>est</strong></span> <span class='ocrx_word' id='word_1_371' title='bbox 622 2947 711 3017; x_wconf 90' lang='lat' dir='ltr'><strong>qui</strong></span> <span class='ocrx_word' id='word_1_372' title='bbox 738 2944 929 3014; x_wconf 84' lang='lat' dir='ltr'><strong>eripiat</strong></span> <span class='ocrx_word' id='word_1_373' title='bbox 960 2944 1024 2997; x_wconf 87' lang='lat' dir='ltr'><strong>de</strong></span> <span class='ocrx_word' id='word_1_374' title='bbox 1055 2941 1294 2995; x_wconf 87' lang='lat' dir='ltr'><strong>manibus</strong></span> <span class='ocrx_word' id='word_1_375' title='bbox 1347 2941 1475 2994; x_wconf 86' lang='lat' dir='ltr'><strong>meis</strong></span> <span class='ocrx_word' id='word_1_376' title='bbox 1531 2941 1597 2995; x_wconf 77' lang='lat'><strong>&quot;.</strong></span> <span class='ocrx_word' id='word_1_377' title='bbox 1646 2938 1846 2995; x_wconf 79' lang='lat' dir='ltr'><strong>Videas</strong></span> 
     </span>
    </p>
   </div>
   <div class='ocr_carea' id='block_1_40' title="bbox 1950 1842 3522 1915">
    <p class='ocr_par' dir='ltr' id='par_1_40' title="bbox 1950 1842 3522 1915">
     <span class='ocr_line' id='line_1_40' title="bbox 1950 1842 3522 1915; baseline 0 -17"><span class='ocrx_word' id='word_1_378' title='bbox 1950 1845 2099 1915; x_wconf 89' lang='lat' dir='ltr'><strong>quali</strong></span> <span class='ocrx_word' id='word_1_379' title='bbox 2133 1860 2295 1915; x_wconf 64' lang='lat' dir='ltr'><strong>pinna</strong></span> <span class='ocrx_word' id='word_1_380' title='bbox 2340 1842 2631 1899; x_wconf 90' lang='lat' dir='ltr'><strong>damnatus</strong></span> <span class='ocrx_word' id='word_1_381' title='bbox 2660 1843 2731 1898; x_wconf 88' lang='lat' dir='ltr'><strong>sit</strong></span> <span class='ocrx_word' id='word_1_382' title='bbox 2759 1858 3010 1913; x_wconf 87' lang='lat' dir='ltr'><strong>serpens,</strong></span> <span class='ocrx_word' id='word_1_383' title='bbox 3061 1843 3155 1913; x_wconf 88' lang='lat' dir='ltr'><strong>qui</strong></span> <span class='ocrx_word' id='word_1_384' title='bbox 3181 1844 3390 1913; x_wconf 81' lang='lat' dir='ltr'><strong>primus</strong></span> <span class='ocrx_word' id='word_1_385' title='bbox 3425 1860 3522 1898; x_wconf 57' lang='lat' dir='ltr'><strong>nov</strong></span> 
     </span>
    </p>
   </div>
   <div class='ocr_carea' id='block_1_41' title="bbox 1951 1933 3525 2003">
    <p class='ocr_par' dir='ltr' id='par_1_41' title="bbox 1951 1933 3525 2003">
     <span class='ocr_line' id='line_1_41' title="bbox 1951 1933 3525 2003; baseline -0.002 -13"><span class='ocrx_word' id='word_1_386' title='bbox 1951 1936 2294 1991; x_wconf 87' lang='lat' dir='ltr'><strong>minaverant</strong></span> <span class='ocrx_word' id='word_1_387' title='bbox 2321 1935 2453 1990; x_wconf 88' lang='lat' dir='ltr'><strong>deos</strong></span> <span class='ocrx_word' id='word_1_388' title='bbox 2480 1935 2545 1990; x_wconf 82' lang='lat'><strong>“.</strong></span> <span class='ocrx_word' id='word_1_389' title='bbox 2579 1933 2802 1989; x_wconf 88' lang='lat' dir='ltr'><strong>Terram</strong></span> <span class='ocrx_word' id='word_1_390' title='bbox 2824 1933 3058 2003; x_wconf 91' lang='lat' dir='ltr'><strong>denique</strong></span> <span class='ocrx_word' id='word_1_391' title='bbox 3085 1934 3371 1989; x_wconf 87' lang='lat' dir='ltr'><strong>comedere</strong></span> <span class='ocrx_word' id='word_1_392' title='bbox 3394 1949 3525 1989; x_wconf 87' lang='lat' dir='ltr'><strong>con-</strong></span> 
     </span>
    </p>
   </div>
   <div class='ocr_carea' id='block_1_42' title="bbox 1950 2026 3521 2098">
    <p class='ocr_par' dir='ltr' id='par_1_42' title="bbox 1950 2026 3521 2098">
     <span class='ocr_line' id='line_1_42' title="bbox 1950 2026 3521 2098; baseline -0.001 -15"><span class='ocrx_word' id='word_1_393' title='bbox 1950 2029 2260 2093; x_wconf 89' lang='lat' dir='ltr'><strong>demnatur,</strong></span> <span class='ocrx_word' id='word_1_394' title='bbox 2294 2038 2348 2083; x_wconf 87' lang='lat' dir='ltr'><strong>et</strong></span> <span class='ocrx_word' id='word_1_395' title='bbox 2378 2027 2473 2081; x_wconf 89' lang='lat' dir='ltr'><strong>tali</strong></span> <span class='ocrx_word' id='word_1_396' title='bbox 2500 2028 2624 2082; x_wconf 91' lang='lat' dir='ltr'><strong>cibo</strong></span> <span class='ocrx_word' id='word_1_397' title='bbox 2653 2026 2854 2097; x_wconf 84' lang='lat' dir='ltr'><strong>dignus</strong></span> <span class='ocrx_word' id='word_1_398' title='bbox 2879 2026 3157 2097; x_wconf 74' lang='lat' dir='ltr'><strong>iudicatur</strong></span> <span class='ocrx_word' id='word_1_399' title='bbox 3187 2028 3256 2081; x_wconf 91' lang='lat' dir='ltr'><strong>ob</strong></span> <span class='ocrx_word' id='word_1_400' title='bbox 3289 2027 3521 2098; x_wconf 80' lang='lat' dir='ltr'><strong>id,quod</strong></span> 
     </span>
    </p>
   </div>
   <div class='ocr_carea' id='block_1_43' title="bbox 1951 2114 3524 2189">
    <p class='ocr_par' dir='ltr' id='par_1_43' title="bbox 1951 2114 3524 2189">
     <span class='ocr_line' id='line_1_43' title="bbox 1951 2114 3524 2189; baseline -0.003 -18"><span class='ocrx_word' id='word_1_401' title='bbox 1951 2118 2185 2189; x_wconf 87' lang='lat' dir='ltr'><strong>primum</strong></span> <span class='ocrx_word' id='word_1_402' title='bbox 2220 2118 2462 2171; x_wconf 87' lang='lat' dir='ltr'><strong>omnium</strong></span> <span class='ocrx_word' id='word_1_403' title='bbox 2492 2114 2917 2185; x_wconf 80' lang='lat' dir='ltr'><strong>appellationum</strong></span> <span class='ocrx_word' id='word_1_404' title='bbox 2953 2114 3178 2170; x_wconf 87' lang='lat' dir='ltr'><strong>deorum</strong></span> <span class='ocrx_word' id='word_1_405' title='bbox 3224 2114 3524 2168; x_wconf 76' lang='lat' dir='ltr'><strong>introduxit</strong></span> 
     </span>
    </p>
   </div>
   <div class='ocr_carea' id='block_1_44' title="bbox 1951 2208 3524 2277">
    <p class='ocr_par' dir='ltr' id='par_1_44' title="bbox 1951 2208 3524 2277">
     <span class='ocr_line' id='line_1_44' title="bbox 1951 2208 3524 2277; baseline -0.003 -11"><span class='ocrx_word' id='word_1_406' title='bbox 1951 2213 2005 2267; x_wconf 92' lang='lat' dir='ltr'><strong>in</strong></span> <span class='ocrx_word' id='word_1_407' title='bbox 2030 2210 2312 2266; x_wconf 86' lang='lat' dir='ltr'><strong>mundum.</strong></span> <span class='ocrx_word' id='word_1_408' title='bbox 2342 2209 2497 2277; x_wconf 86' lang='lat' dir='ltr'><strong>Quod</strong></span> <span class='ocrx_word' id='word_1_409' title='bbox 2546 2209 2591 2265; x_wconf 91' lang='lat' dir='ltr'><strong>si</strong></span> <span class='ocrx_word' id='word_1_410' title='bbox 2639 2218 2693 2264; x_wconf 91' lang='lat' dir='ltr'><strong>et</strong></span> <span class='ocrx_word' id='word_1_411' title='bbox 2743 2220 2801 2263; x_wconf 92' lang='lat' dir='ltr'><strong>tu</strong></span> <span class='ocrx_word' id='word_1_412' title='bbox 2848 2209 3050 2264; x_wconf 89' lang='lat' dir='ltr'><strong>multos</strong></span> <span class='ocrx_word' id='word_1_413' title='bbox 3081 2208 3212 2263; x_wconf 88' lang='lat' dir='ltr'><strong>deos</strong></span> <span class='ocrx_word' id='word_1_414' title='bbox 3240 2209 3322 2264; x_wconf 76' lang='lat' dir='ltr'><strong>vis</strong></span> <span class='ocrx_word' id='word_1_415' title='bbox 3352 2208 3524 2262; x_wconf 86' lang='lat' dir='ltr'><strong>intro-</strong></span> 
     </span>
    </p>
   </div>
   <div class='ocr_carea' id='block_1_45' title="bbox 1949 2300 3520 2370">
    <p class='ocr_par' dir='ltr' id='par_1_45' title="bbox 1949 2300 3520 2370">
     <span class='ocr_line' id='line_1_45' title="bbox 1949 2300 3520 2370; baseline -0.003 -13"><span class='ocrx_word' id='word_1_416' title='bbox 1949 2303 2170 2367; x_wconf 88' lang='lat' dir='ltr'><strong>ducere,</strong></span> <span class='ocrx_word' id='word_1_417' title='bbox 2232 2301 2356 2357; x_wconf 87' lang='lat' dir='ltr'><strong>vide</strong></span> <span class='ocrx_word' id='word_1_418' title='bbox 2398 2317 2467 2357; x_wconf 91' lang='lat' dir='ltr'><strong>ne</strong></span> <span class='ocrx_word' id='word_1_419' title='bbox 2517 2301 2722 2355; x_wconf 81' lang='lat' dir='ltr'><strong>exitum</strong></span> <span class='ocrx_word' id='word_1_420' title='bbox 2782 2300 3053 2370; x_wconf 87' lang='lat' dir='ltr'><strong>serpentis</strong></span> <span class='ocrx_word' id='word_1_421' title='bbox 3110 2300 3343 2356; x_wconf 87' lang='lat' dir='ltr'><strong>similem</strong></span> <span class='ocrx_word' id='word_1_422' title='bbox 3399 2315 3520 2355; x_wconf 82' lang='lat' dir='ltr'><strong>sor-</strong></span> 
     </span>
    </p>
   </div>
   <div class='ocr_carea' id='block_1_46' title="bbox 1948 2394 2947 2449">
    <p class='ocr_par' dir='ltr' id='par_1_46' title="bbox 1948 2394 2947 2449">
     <span class='ocr_line' id='line_1_46' title="bbox 1948 2394 2947 2449; baseline 0.007 -2"><span class='ocrx_word' id='word_1_423' title='bbox 1948 2394 2125 2449; x_wconf 88' lang='lat' dir='ltr'><strong>tiaris.</strong></span> <span class='ocrx_word' id='word_1_424' title='bbox 2944 2404 2947 2405; x_wconf 63' lang='grc'><strong><em>⁷</em></strong></span> 
     </span>
    </p>
   </div>
   <div class='ocr_carea' id='block_1_47' title="bbox 2018 2482 3519 2553">
    <p class='ocr_par' dir='ltr' id='par_1_47' title="bbox 2018 2482 3519 2553">
     <span class='ocr_line' id='line_1_47' title="bbox 2018 2482 3519 2553; baseline 0.001 -13"><span class='ocrx_word' id='word_1_425' title='bbox 2018 2484 2179 2542; x_wconf 76' lang='lat' dir='ltr'><strong>XLV.</strong></span> <span class='ocrx_word' id='word_1_426' title='bbox 2211 2485 2405 2541; x_wconf 85' lang='lat' dir='ltr'><strong>Certus</strong></span> <span class='ocrx_word' id='word_1_427' title='bbox 2463 2492 2643 2539; x_wconf 90' lang='lat' dir='ltr'><strong>autem</strong></span> <span class='ocrx_word' id='word_1_428' title='bbox 2695 2491 2832 2547; x_wconf 89' lang='lat' dir='ltr'><strong>esto,</strong></span> <span class='ocrx_word' id='word_1_429' title='bbox 2864 2482 3009 2553; x_wconf 86' lang='lat' dir='ltr'><strong>quod</strong></span> <span class='ocrx_word' id='word_1_430' title='bbox 3040 2499 3141 2539; x_wconf 92' lang='lat' dir='ltr'><strong>nos</strong></span> <span class='ocrx_word' id='word_1_431' title='bbox 3184 2483 3348 2553; x_wconf 87' lang='lat' dir='ltr'><strong>hujus</strong></span> <span class='ocrx_word' id='word_1_432' title='bbox 3400 2487 3519 2542; x_wconf 90' lang='lat' dir='ltr'><strong>ausi</strong></span> 
     </span>
    </p>
   </div>
   <div class='ocr_carea' id='block_1_48' title="bbox 1949 2574 3521 2646">
    <p class='ocr_par' dir='ltr' id='par_1_48' title="bbox 1949 2574 3521 2646">
     <span class='ocr_line' id='line_1_48' title="bbox 1949 2574 3521 2646; baseline -0.005 -9"><span class='ocrx_word' id='word_1_433' title='bbox 1949 2580 2130 2637; x_wconf 83' lang='lat' dir='ltr'><strong>socios</strong></span> <span class='ocrx_word' id='word_1_434' title='bbox 2165 2593 2273 2631; x_wconf 91' lang='lat' dir='ltr'><strong>non</strong></span> <span class='ocrx_word' id='word_1_435' title='bbox 2328 2575 2575 2636; x_wconf 89' lang='lat' dir='ltr'><strong>habebis,</strong></span> <span class='ocrx_word' id='word_1_436' title='bbox 2611 2588 2711 2629; x_wconf 86' lang='lat' dir='ltr'><strong>nec</strong></span> <span class='ocrx_word' id='word_1_437' title='bbox 2760 2574 2937 2646; x_wconf 90' lang='lat' dir='ltr'><strong>decipi</strong></span> <span class='ocrx_word' id='word_1_438' title='bbox 2986 2588 3087 2629; x_wconf 92' lang='lat' dir='ltr'><strong>nos</strong></span> <span class='ocrx_word' id='word_1_439' title='bbox 3118 2574 3385 2644; x_wconf 88' lang='lat' dir='ltr'><strong>patiemur</strong></span> <span class='ocrx_word' id='word_1_440' title='bbox 3423 2574 3521 2629; x_wconf 81' lang='lat' dir='ltr'><strong>abs</strong></span> 
     </span>
    </p>
   </div>
   <div class='ocr_carea' id='block_1_49' title="bbox 1946 2666 3518 2741">
    <p class='ocr_par' dir='ltr' id='par_1_49' title="bbox 1946 2666 3518 2741">
     <span class='ocr_line' id='line_1_49' title="bbox 1946 2666 3518 2741; baseline -0.003 -15"><span class='ocrx_word' id='word_1_441' title='bbox 1946 2680 2019 2728; x_wconf 92' lang='lat' dir='ltr'><strong>te.</strong></span> <span class='ocrx_word' id='word_1_442' title='bbox 2053 2670 2239 2741; x_wconf 83' lang='lat' dir='ltr'><strong>Neque</strong></span> <span class='ocrx_word' id='word_1_443' title='bbox 2266 2672 2410 2725; x_wconf 88' lang='lat' dir='ltr'><strong>enim</strong></span> <span class='ocrx_word' id='word_1_444' title='bbox 2456 2667 2698 2739; x_wconf 82' lang='lat' dir='ltr'><strong>proderit</strong></span> <span class='ocrx_word' id='word_1_445' title='bbox 2742 2667 2901 2722; x_wconf 89' lang='lat' dir='ltr'><strong>nobis</strong></span> <span class='ocrx_word' id='word_1_446' title='bbox 2933 2666 2999 2721; x_wconf 92' lang='lat' dir='ltr'><strong>ad</strong></span> <span class='ocrx_word' id='word_1_447' title='bbox 3029 2668 3433 2723; x_wconf 78' lang='lat' dir='ltr'><strong>excusationem</strong></span> <span class='ocrx_word' id='word_1_448' title='bbox 3465 2668 3518 2721; x_wconf 92' lang='lat' dir='ltr'><strong>in</strong></span> 
     </span>
    </p>
   </div>
   <div class='ocr_carea' id='block_1_50' title="bbox 1944 2758 3517 2833">
    <p class='ocr_par' dir='ltr' id='par_1_50' title="bbox 1944 2758 3517 2833">
     <span class='ocr_line' id='line_1_50' title="bbox 1944 2758 3517 2833; baseline -0.002 -16"><span class='ocrx_word' id='word_1_449' title='bbox 1944 2763 2177 2833; x_wconf 89' lang='lat' dir='ltr'><strong>judicio,</strong></span> <span class='ocrx_word' id='word_1_450' title='bbox 2214 2764 2259 2817; x_wconf 92' lang='lat' dir='ltr'><strong>si</strong></span> <span class='ocrx_word' id='word_1_451' title='bbox 2288 2762 2535 2816; x_wconf 85' lang='lat' dir='ltr'><strong>dicamus</strong></span> <span class='ocrx_word' id='word_1_452' title='bbox 2563 2759 2707 2831; x_wconf 92' lang='lat' dir='ltr'><strong>quod</strong></span> <span class='ocrx_word' id='word_1_453' title='bbox 2731 2774 2785 2814; x_wconf 85' lang='lat' dir='ltr'><strong>tu</strong></span> <span class='ocrx_word' id='word_1_454' title='bbox 2818 2760 3095 2829; x_wconf 87' lang='lat' dir='ltr'><strong>deeeperis</strong></span> <span class='ocrx_word' id='word_1_455' title='bbox 3125 2773 3246 2824; x_wconf 89' lang='lat' dir='ltr'><strong>nos,</strong></span> <span class='ocrx_word' id='word_1_456' title='bbox 3270 2758 3395 2829; x_wconf 80' lang='lat' dir='ltr'><strong>quia</strong></span> <span class='ocrx_word' id='word_1_457' title='bbox 3417 2774 3517 2814; x_wconf 91' lang='lat' dir='ltr'><strong>nec</strong></span> 
     </span>
    </p>
   </div>
   <div class='ocr_carea' id='block_1_51' title="bbox 1947 2850 3521 2926">
    <p class='ocr_par' dir='ltr' id='par_1_51' title="bbox 1947 2850 3521 2926">
     <span class='ocr_line' id='line_1_51' title="bbox 1947 2850 3521 2926; baseline -0.001 -19"><span class='ocrx_word' id='word_1_458' title='bbox 1947 2855 2176 2926; x_wconf 88' lang='lat' dir='ltr'><strong>primam</strong></span> <span class='ocrx_word' id='word_1_459' title='bbox 2220 2853 2503 2909; x_wconf 84' lang='lat' dir='ltr'><strong>mulierem</strong></span> <span class='ocrx_word' id='word_1_460' title='bbox 2534 2868 2799 2909; x_wconf 67' lang='lat' dir='ltr'><strong>exrusare</strong></span> <span class='ocrx_word' id='word_1_461' title='bbox 2854 2850 3027 2921; x_wconf 90' lang='lat' dir='ltr'><strong>potuit</strong></span> <span class='ocrx_word' id='word_1_462' title='bbox 3056 2850 3193 2905; x_wconf 84' lang='lat' dir='ltr'><strong>male</strong></span> <span class='ocrx_word' id='word_1_463' title='bbox 3221 2850 3521 2906; x_wconf 65' lang='lat' dir='ltr'><strong>credidisse</strong></span> 
     </span>
    </p>
   </div>
   <div class='ocr_carea' id='block_1_52' title="bbox 1948 2940 3521 3015">
    <p class='ocr_par' dir='ltr' id='par_1_52' title="bbox 1948 2940 3521 3015">
     <span class='ocr_line' id='line_1_52' title="bbox 1948 2940 3521 3015; baseline -0.004 -14"><span class='ocrx_word' id='word_1_464' title='bbox 1948 2943 2207 3015; x_wconf 89' lang='lat' dir='ltr'><strong>serpenti,</strong></span> <span class='ocrx_word' id='word_1_465' title='bbox 2246 2943 2342 2999; x_wconf 89' lang='lat' dir='ltr'><strong>sed</strong></span> <span class='ocrx_word' id='word_1_466' title='bbox 2374 2951 2549 2998; x_wconf 89' lang='lat' dir='ltr'><strong>morte</strong></span> <span class='ocrx_word' id='word_1_467' title='bbox 2580 2942 2708 3014; x_wconf 84' lang='lat' dir='ltr'><strong>quia</strong></span> <span class='ocrx_word' id='word_1_468' title='bbox 2753 2942 2894 2997; x_wconf 88' lang='lat' dir='ltr'><strong>male</strong></span> <span class='ocrx_word' id='word_1_469' title='bbox 2924 2940 3237 3006; x_wconf 89' lang='lat' dir='ltr'><strong>crediderit,</strong></span> <span class='ocrx_word' id='word_1_470' title='bbox 3261 2940 3521 2996; x_wconf 77' lang='lat' dir='ltr'><strong>condem-</strong></span> 
     </span>
    </p>
   </div>
   <div class='ocr_carea' id='block_1_53' title="bbox 271 3024 3519 3119">
    <p class='ocr_par' dir='ltr' id='par_1_53' title="bbox 271 3024 3519 3119">
     <span class='ocr_line' id='line_1_53' title="bbox 271 3024 3519 3119; baseline -0.004 -24"><span class='ocrx_word' id='word_1_471' title='bbox 271 3055 401 3109; x_wconf 67' lang='lat' dir='ltr'><strong>ergo</strong></span> <span class='ocrx_word' id='word_1_472' title='bbox 428 3037 703 3109; x_wconf 89' lang='lat' dir='ltr'><strong>quomodo</strong></span> <span class='ocrx_word' id='word_1_473' title='bbox 748 3036 1009 3092; x_wconf 82' lang='lat' dir='ltr'><strong>ineli‘abili</strong></span> <span class='ocrx_word' id='word_1_474' title='bbox 1057 3033 1293 3104; x_wconf 91' lang='lat' dir='ltr'><strong>quadam</strong></span> <span class='ocrx_word' id='word_1_475' title='bbox 1324 3033 1526 3089; x_wconf 81' lang='lat' dir='ltr'><strong>virtute</strong></span> <span class='ocrx_word' id='word_1_476' title='bbox 1554 3024 1839 3102; x_wconf 69' lang='lat' dir='ltr'><strong>Scriptura</strong></span> <span class='ocrx_word' id='word_1_477' title='bbox 1872 3062 1913 3119; x_wconf 65' lang='grc' dir='ltr'>ο</span> <span class='ocrx_word' id='word_1_478' title='bbox 1948 3047 2077 3093; x_wconf 75' lang='lat' dir='ltr'><strong>nata</strong></span> <span class='ocrx_word' id='word_1_479' title='bbox 2105 3045 2211 3093; x_wconf 80' lang='lat' dir='ltr'><strong>est,</strong></span> <span class='ocrx_word' id='word_1_480' title='bbox 2245 3034 2358 3090; x_wconf 78' lang='lat' dir='ltr'><strong>Hac</strong></span> <span class='ocrx_word' id='word_1_481' title='bbox 2406 3050 2537 3106; x_wconf 77' lang='lat' dir='ltr'><strong>ergo</strong></span> <span class='ocrx_word' id='word_1_482' title='bbox 2567 3037 2633 3091; x_wconf 84' lang='lat' dir='ltr'><strong>de</strong></span> <span class='ocrx_word' id='word_1_483' title='bbox 2663 3050 2829 3089; x_wconf 83' lang='lat' dir='ltr'><strong>causa</strong></span> <span class='ocrx_word' id='word_1_484' title='bbox 2874 3041 2926 3088; x_wconf 77' lang='lat' dir='ltr'><strong>et</strong></span> <span class='ocrx_word' id='word_1_485' title='bbox 2977 3032 3188 3104; x_wconf 80' lang='lat' dir='ltr'><strong>Moyses</strong></span> <span class='ocrx_word' id='word_1_486' title='bbox 3216 3034 3375 3089; x_wconf 87' lang='lat' dir='ltr'><strong>unius</strong></span> <span class='ocrx_word' id='word_1_487' title='bbox 3425 3032 3519 3089; x_wconf 84' lang='lat' dir='ltr'><strong>Dei</strong></span> 
     </span>
    </p>
   </div>
   <div class='ocr_carea' id='block_1_54' title="bbox 270 3122 1839 3195">
    <p class='ocr_par' dir='ltr' id='par_1_54' title="bbox 270 3122 1839 3195">
     <span class='ocr_line' id='line_1_54' title="bbox 270 3122 1839 3195; baseline -0.006 -8"><span class='ocrx_word' id='word_1_488' title='bbox 270 3148 569 3188; x_wconf 82' lang='lat' dir='ltr'><strong>occurrens</strong></span> <span class='ocrx_word' id='word_1_489' title='bbox 595 3131 795 3186; x_wconf 80' lang='lat' dir='ltr'><strong>futuris</strong></span> <span class='ocrx_word' id='word_1_490' title='bbox 819 3128 1101 3185; x_wconf 87' lang='lat' dir='ltr'><strong>erroribus</strong></span> <span class='ocrx_word' id='word_1_491' title='bbox 1132 3141 1320 3181; x_wconf 90' lang='lat' dir='ltr'><strong>eorum</strong></span> <span class='ocrx_word' id='word_1_492' title='bbox 1348 3125 1440 3195; x_wconf 93' lang='lat' dir='ltr'><strong>qui</strong></span> <span class='ocrx_word' id='word_1_493' title='bbox 1469 3124 1633 3178; x_wconf 91' lang='lat' dir='ltr'><strong>alium</strong></span> <span class='ocrx_word' id='word_1_494' title='bbox 1649 3122 1839 3190; x_wconf 87' lang='lat' dir='ltr'><strong>Deum,</strong></span> 
     </span>
    </p>
   </div>
   <div class='ocr_carea' id='block_1_55' title="bbox 271 3216 1842 3295">
    <p class='ocr_par' dir='ltr' id='par_1_55' title="bbox 271 3216 1842 3295">
     <span class='ocr_line' id='line_1_55' title="bbox 271 3216 1842 3295; baseline -0.004 -18"><span class='ocrx_word' id='word_1_495' title='bbox 271 3233 470 3295; x_wconf 65' lang='lat' dir='ltr'><strong>prmter</strong></span> <span class='ocrx_word' id='word_1_496' title='bbox 499 3240 623 3279; x_wconf 88' lang='lat' dir='ltr'><strong>eum</strong></span> <span class='ocrx_word' id='word_1_497' title='bbox 653 3223 743 3294; x_wconf 90' lang='lat' dir='ltr'><strong>qui</strong></span> <span class='ocrx_word' id='word_1_498' title='bbox 776 3229 859 3277; x_wconf 87' lang='lat' dir='ltr'><strong>est</strong></span> <span class='ocrx_word' id='word_1_499' title='bbox 886 3220 1220 3282; x_wconf 80' lang='lat' dir='ltr'><strong>Judaeorum,</strong></span> <span class='ocrx_word' id='word_1_500' title='bbox 1280 3217 1364 3272; x_wconf 90' lang='lat' dir='ltr'><strong>vel</strong></span> <span class='ocrx_word' id='word_1_501' title='bbox 1409 3217 1465 3270; x_wconf 91' lang='lat' dir='ltr'><strong>in</strong></span> <span class='ocrx_word' id='word_1_502' title='bbox 1514 3216 1669 3271; x_wconf 72' lang='lat' dir='ltr'><strong>ctelis</strong></span> <span class='ocrx_word' id='word_1_503' title='bbox 1696 3230 1842 3283; x_wconf 78' lang='lat' dir='ltr'><strong>esse,</strong></span> 
     </span>
    </p>
   </div>
   <div class='ocr_carea' id='block_1_56' title="bbox 275 3306 1840 3381">
    <p class='ocr_par' dir='ltr' id='par_1_56' title="bbox 275 3306 1840 3381">
     <span class='ocr_line' id='line_1_56' title="bbox 275 3306 1840 3381; baseline -0.006 -12"><span class='ocrx_word' id='word_1_504' title='bbox 275 3316 356 3369; x_wconf 86' lang='lat' dir='ltr'><strong>vel</strong></span> <span class='ocrx_word' id='word_1_505' title='bbox 391 3316 446 3369; x_wconf 90' lang='lat' dir='ltr'><strong>in</strong></span> <span class='ocrx_word' id='word_1_506' title='bbox 476 3316 641 3370; x_wconf 90' lang='lat' dir='ltr'><strong>terris</strong></span> <span class='ocrx_word' id='word_1_507' title='bbox 671 3313 1020 3375; x_wconf 84' lang='lat' dir='ltr'><strong>aiiirmarent,</strong></span> <span class='ocrx_word' id='word_1_508' title='bbox 1044 3309 1363 3381; x_wconf 91' lang='lat' dir='ltr'><strong>pronuntiat</strong></span> <span class='ocrx_word' id='word_1_509' title='bbox 1393 3307 1584 3362; x_wconf 88' lang='lat' dir='ltr'><strong>dicens</strong></span> <span class='ocrx_word' id='word_1_510' title='bbox 1610 3326 1624 3361; x_wconf 87' lang='lat'><strong>:</strong></span> <span class='ocrx_word' id='word_1_511' title='bbox 1659 3306 1840 3361; x_wconf 85' lang='lat' dir='ltr'><strong>Domi-</strong></span> 
     </span>
    </p>
   </div>
   <div class='ocr_carea' id='block_1_57' title="bbox 271 3396 1841 3475">
    <p class='ocr_par' dir='ltr' id='par_1_57' title="bbox 271 3396 1841 3475">
     <span class='ocr_line' id='line_1_57' title="bbox 271 3396 1841 3475; baseline -0.006 -17"><span class='ocrx_word' id='word_1_512' title='bbox 271 3420 372 3458; x_wconf 82' lang='lat' dir='ltr'><strong>nus</strong></span> <span class='ocrx_word' id='word_1_513' title='bbox 406 3402 546 3458; x_wconf 72' lang='lat' dir='ltr'><strong>Deus</strong></span> <span class='ocrx_word' id='word_1_514' title='bbox 574 3416 693 3457; x_wconf 87' lang='lat' dir='ltr'><strong>tuus</strong></span> <span class='ocrx_word' id='word_1_515' title='bbox 740 3404 853 3475; x_wconf 83' lang='grc'><strong>(75)</strong></span> <span class='ocrx_word' id='word_1_516' title='bbox 881 3402 1022 3456; x_wconf 89' lang='lat' dir='ltr'><strong>Deus</strong></span> <span class='ocrx_word' id='word_1_517' title='bbox 1051 3416 1186 3455; x_wconf 86' lang='lat' dir='ltr'><strong>unus</strong></span> <span class='ocrx_word' id='word_1_518' title='bbox 1210 3410 1309 3463; x_wconf 91' lang='lat' dir='ltr'><strong>est,</strong></span> <span class='ocrx_word' id='word_1_519' title='bbox 1362 3399 1417 3451; x_wconf 88' lang='lat' dir='ltr'><strong>in</strong></span> <span class='ocrx_word' id='word_1_520' title='bbox 1452 3396 1580 3451; x_wconf 68' lang='lat' dir='ltr'><strong>ccelo</strong></span> <span class='ocrx_word' id='word_1_521' title='bbox 1606 3412 1841 3461; x_wconf 87' lang='lat' dir='ltr'><strong>sursum,</strong></span> 
     </span>
    </p>
   </div>
   <div class='ocr_carea' id='block_1_58' title="bbox 272 3489 1841 3563">
    <p class='ocr_par' dir='ltr' id='par_1_58' title="bbox 272 3489 1841 3563">
     <span class='ocr_line' id='line_1_58' title="bbox 272 3489 1841 3563; baseline -0.004 -12"><span class='ocrx_word' id='word_1_522' title='bbox 272 3507 322 3551; x_wconf 88' lang='lat' dir='ltr'><strong>et</strong></span> <span class='ocrx_word' id='word_1_523' title='bbox 352 3498 406 3551; x_wconf 88' lang='lat' dir='ltr'><strong>in</strong></span> <span class='ocrx_word' id='word_1_524' title='bbox 437 3506 577 3551; x_wconf 89' lang='lat' dir='ltr'><strong>terra</strong></span> <span class='ocrx_word' id='word_1_525' title='bbox 606 3499 871 3559; x_wconf 82' lang='lat' dir='ltr'><strong>deorsum,</strong></span> <span class='ocrx_word' id='word_1_526' title='bbox 900 3505 949 3549; x_wconf 90' lang='lat' dir='ltr'><strong>et</strong></span> <span class='ocrx_word' id='word_1_527' title='bbox 971 3503 1160 3563; x_wconf 64' lang='lat' dir='ltr'><strong>praeter</strong></span> <span class='ocrx_word' id='word_1_528' title='bbox 1186 3494 1354 3559; x_wconf 80' lang='lat' dir='ltr'><strong>ipsum</strong></span> <span class='ocrx_word' id='word_1_529' title='bbox 1378 3491 1517 3544; x_wconf 90' lang='lat' dir='ltr'><strong>alius</strong></span> <span class='ocrx_word' id='word_1_530' title='bbox 1543 3506 1645 3543; x_wconf 85' lang='lat' dir='ltr'><strong>non</strong></span> <span class='ocrx_word' id='word_1_531' title='bbox 1672 3497 1749 3543; x_wconf 89' lang='lat' dir='ltr'><strong>est</strong></span> <span class='ocrx_word' id='word_1_532' title='bbox 1776 3489 1841 3544; x_wconf 83' lang='grc'><strong>⁸².</strong></span> 
     </span>
    </p>
   </div>
   <div class='ocr_carea' id='block_1_59' title="bbox 274 3580 1843 3659">
    <p class='ocr_par' dir='ltr' id='par_1_59' title="bbox 274 3580 1843 3659">
     <span class='ocr_line' id='line_1_59' title="bbox 274 3580 1843 3659; baseline -0.005 -17"><span class='ocrx_word' id='word_1_533' title='bbox 274 3587 559 3654; x_wconf 82' lang='lat' dir='ltr'><strong>Quomodo</strong></span> <span class='ocrx_word' id='word_1_534' title='bbox 609 3604 919 3659; x_wconf 78' lang='lat' dir='ltr'><strong>ergoausus</strong></span> <span class='ocrx_word' id='word_1_535' title='bbox 944 3603 1005 3643; x_wconf 87' lang='lat' dir='ltr'><strong>es</strong></span> <span class='ocrx_word' id='word_1_536' title='bbox 1057 3586 1236 3641; x_wconf 89' lang='lat' dir='ltr'><strong>dicere</strong></span> <span class='ocrx_word' id='word_1_537' title='bbox 1269 3585 1433 3638; x_wconf 89' lang='lat' dir='ltr'><strong>alium</strong></span> <span class='ocrx_word' id='word_1_538' title='bbox 1478 3598 1603 3637; x_wconf 88' lang='lat' dir='ltr'><strong>esse</strong></span> <span class='ocrx_word' id='word_1_539' title='bbox 1649 3580 1843 3647; x_wconf 90' lang='lat' dir='ltr'><strong>Deum,</strong></span> 
     </span>
    </p>
   </div>
   <div class='ocr_carea' id='block_1_60' title="bbox 274 3673 1839 3752">
    <p class='ocr_par' dir='ltr' id='par_1_60' title="bbox 274 3673 1839 3752">
     <span class='ocr_line' id='line_1_60' title="bbox 274 3673 1839 3752; baseline -0.005 -18"><span class='ocrx_word' id='word_1_540' title='bbox 274 3688 471 3752; x_wconf 74' lang='lat' dir='ltr'><strong>praeter</strong></span> <span class='ocrx_word' id='word_1_541' title='bbox 496 3694 619 3734; x_wconf 85' lang='lat' dir='ltr'><strong>eum</strong></span> <span class='ocrx_word' id='word_1_542' title='bbox 651 3681 743 3749; x_wconf 91' lang='lat' dir='ltr'><strong>qui</strong></span> <span class='ocrx_word' id='word_1_543' title='bbox 763 3678 1073 3734; x_wconf 71' lang='lat' dir='ltr'><strong>Judzeorum</strong></span> <span class='ocrx_word' id='word_1_544' title='bbox 1105 3684 1189 3731; x_wconf 88' lang='lat' dir='ltr'><strong>est</strong></span> <span class='ocrx_word' id='word_1_545' title='bbox 1241 3675 1423 3731; x_wconf 84' lang='lat' dir='ltr'><strong>Deus?</strong></span> <span class='ocrx_word' id='word_1_546' title='bbox 1470 3675 1516 3706; x_wconf 87' lang='grc'><em>⁸³</em></span> <span class='ocrx_word' id='word_1_547' title='bbox 1545 3674 1610 3727; x_wconf 87' lang='grc' dir='ltr'>Ει</span> <span class='ocrx_word' id='word_1_548' title='bbox 1641 3673 1839 3731; x_wconf 81' lang='lat' dir='ltr'><strong>iterum</strong></span> 
     </span>
    </p>
   </div>
   <div class='ocr_carea' id='block_1_61' title="bbox 276 3769 1844 3844">
    <p class='ocr_par' dir='ltr' id='par_1_61' title="bbox 276 3769 1844 3844">
     <span class='ocr_line' id='line_1_61' title="bbox 276 3769 1844 3844; baseline -0.004 -16"><span class='ocrx_word' id='word_1_549' title='bbox 276 3774 409 3830; x_wconf 81' lang='lat' dir='ltr'><strong>dicit</strong></span> <span class='ocrx_word' id='word_1_550' title='bbox 432 3772 713 3844; x_wconf 85' lang='lat' dir='ltr'><strong>Scriptura</strong></span> <span class='ocrx_word' id='word_1_551' title='bbox 747 3791 762 3827; x_wconf 88' lang='lat'><strong>:</strong></span> <span class='ocrx_word' id='word_1_552' title='bbox 796 3771 928 3826; x_wconf 86' lang='lat' dir='ltr'><strong>Ecce</strong></span> <span class='ocrx_word' id='word_1_553' title='bbox 958 3771 1170 3825; x_wconf 89' lang='lat' dir='ltr'><strong>Domini</strong></span> <span class='ocrx_word' id='word_1_554' title='bbox 1193 3769 1287 3823; x_wconf 87' lang='lat' dir='ltr'><strong>Dei</strong></span> <span class='ocrx_word' id='word_1_555' title='bbox 1317 3770 1394 3822; x_wconf 93' lang='lat' dir='ltr'><strong>tui</strong></span> <span class='ocrx_word' id='word_1_556' title='bbox 1424 3769 1631 3831; x_wconf 72' lang='lat' dir='ltr'><strong>cmlum,</strong></span> <span class='ocrx_word' id='word_1_557' title='bbox 1665 3776 1714 3822; x_wconf 90' lang='lat' dir='ltr'><strong>et</strong></span> <span class='ocrx_word' id='word_1_558' title='bbox 1744 3784 1844 3821; x_wconf 76' lang='lat' dir='ltr'><strong>cae-</strong></span> 
     </span>
    </p>
   </div>
   <div class='ocr_carea' id='block_1_62' title="bbox 278 3860 1837 3933">
    <p class='ocr_par' dir='ltr' id='par_1_62' title="bbox 278 3860 1837 3933">
     <span class='ocr_line' id='line_1_62' title="bbox 278 3860 1837 3933; baseline -0.004 -13"><span class='ocrx_word' id='word_1_559' title='bbox 278 3866 386 3920; x_wconf 89' lang='lat' dir='ltr'><strong>lum</strong></span> <span class='ocrx_word' id='word_1_560' title='bbox 409 3866 545 3933; x_wconf 73' lang='lat' dir='ltr'><strong>cmli,</strong></span> <span class='ocrx_word' id='word_1_561' title='bbox 577 3876 719 3919; x_wconf 87' lang='lat' dir='ltr'><strong>terra</strong></span> <span class='ocrx_word' id='word_1_562' title='bbox 756 3874 805 3919; x_wconf 88' lang='lat' dir='ltr'><strong>et</strong></span> <span class='ocrx_word' id='word_1_563' title='bbox 832 3864 1007 3917; x_wconf 88' lang='lat' dir='ltr'><strong>omnia</strong></span> <span class='ocrx_word' id='word_1_564' title='bbox 1056 3878 1171 3933; x_wconf 68' lang='lat' dir='ltr'><strong>qua?</strong></span> <span class='ocrx_word' id='word_1_565' title='bbox 1196 3862 1248 3915; x_wconf 88' lang='lat' dir='ltr'><strong>in</strong></span> <span class='ocrx_word' id='word_1_566' title='bbox 1276 3861 1351 3915; x_wconf 85' lang='lat' dir='ltr'><strong>eis</strong></span> <span class='ocrx_word' id='word_1_567' title='bbox 1378 3871 1525 3917; x_wconf 91' lang='lat' dir='ltr'><strong>sunt.</strong></span> <span class='ocrx_word' id='word_1_568' title='bbox 1566 3860 1837 3915; x_wconf 84' lang='lat' dir='ltr'><strong>Verumta-</strong></span> 
     </span>
    </p>
   </div>
   <div class='ocr_carea' id='block_1_63' title="bbox 275 3954 1841 4029">
    <p class='ocr_par' dir='ltr' id='par_1_63' title="bbox 275 3954 1841 4029">
     <span class='ocr_line' id='line_1_63' title="bbox 275 3954 1841 4029; baseline -0.003 -16"><span class='ocrx_word' id='word_1_569' title='bbox 275 3977 392 4014; x_wconf 86' lang='lat' dir='ltr'><strong>men</strong></span> <span class='ocrx_word' id='word_1_570' title='bbox 413 3969 587 4029; x_wconf 85' lang='lat' dir='ltr'><strong>patres</strong></span> <span class='ocrx_word' id='word_1_571' title='bbox 619 3967 734 4011; x_wconf 86' lang='lat' dir='ltr'><strong>tuos</strong></span> <span class='ocrx_word' id='word_1_572' title='bbox 775 3956 927 4025; x_wconf 85' lang='lat' dir='ltr'><strong>elegi,</strong></span> <span class='ocrx_word' id='word_1_573' title='bbox 982 3965 1038 4008; x_wconf 88' lang='lat' dir='ltr'><strong>ut</strong></span> <span class='ocrx_word' id='word_1_574' title='bbox 1071 3954 1342 4024; x_wconf 85' lang='lat' dir='ltr'><strong>diligerem</strong></span> <span class='ocrx_word' id='word_1_575' title='bbox 1372 3970 1481 4017; x_wconf 86' lang='lat' dir='ltr'><strong>eos,</strong></span> <span class='ocrx_word' id='word_1_576' title='bbox 1513 3964 1561 4007; x_wconf 92' lang='lat' dir='ltr'><strong>et</strong></span> <span class='ocrx_word' id='word_1_577' title='bbox 1593 3970 1681 4008; x_wconf 86' lang='lat' dir='ltr'><strong>vos</strong></span> <span class='ocrx_word' id='word_1_578' title='bbox 1724 3964 1841 4023; x_wconf 84' lang='lat' dir='ltr'><strong>post</strong></span> 
     </span>
    </p>
   </div>
   <div class='ocr_carea' id='block_1_64' title="bbox 275 4043 1839 4119">
    <p class='ocr_par' dir='ltr' id='par_1_64' title="bbox 275 4043 1839 4119">
     <span class='ocr_line' id='line_1_64' title="bbox 275 4043 1839 4119; baseline -0.001 -16"><span class='ocrx_word' id='word_1_579' title='bbox 275 4050 494 4119; x_wconf 78' lang='lat' dir='ltr'><strong>ipsos“.</strong></span> <span class='ocrx_word' id='word_1_580' title='bbox 520 4050 596 4103; x_wconf 91' lang='lat' dir='ltr'><strong>lta</strong></span> <span class='ocrx_word' id='word_1_581' title='bbox 620 4064 684 4102; x_wconf 83' lang='lat' dir='ltr'><strong>ex</strong></span> <span class='ocrx_word' id='word_1_582' title='bbox 716 4048 861 4101; x_wconf 89' lang='lat' dir='ltr'><strong>omni</strong></span> <span class='ocrx_word' id='word_1_583' title='bbox 885 4054 1035 4115; x_wconf 87' lang='lat' dir='ltr'><strong>parte</strong></span> <span class='ocrx_word' id='word_1_584' title='bbox 1056 4044 1122 4098; x_wconf 88' lang='lat' dir='ltr'><strong>ab</strong></span> <span class='ocrx_word' id='word_1_585' title='bbox 1154 4043 1433 4115; x_wconf 85' lang='lat' dir='ltr'><strong>Scriptura</strong></span> <span class='ocrx_word' id='word_1_586' title='bbox 1465 4046 1709 4099; x_wconf 90' lang='lat' dir='ltr'><strong>munitur</strong></span> <span class='ocrx_word' id='word_1_587' title='bbox 1736 4046 1839 4101; x_wconf 92' lang='lat' dir='ltr'><strong>ista</strong></span> 
     </span>
    </p>
   </div>
   <div class='ocr_carea' id='block_1_65' title="bbox 276 4133 1838 4209">
    <p class='ocr_par' dir='ltr' id='par_1_65' title="bbox 276 4133 1838 4209">
     <span class='ocr_line' id='line_1_65' title="bbox 276 4133 1838 4209; baseline -0.004 -13"><span class='ocrx_word' id='word_1_588' title='bbox 276 4139 565 4201; x_wconf 87' lang='lat' dir='ltr'><strong>sententia,</strong></span> <span class='ocrx_word' id='word_1_589' title='bbox 598 4139 724 4209; x_wconf 90' lang='lat' dir='ltr'><strong>quia</strong></span> <span class='ocrx_word' id='word_1_590' title='bbox 766 4139 880 4207; x_wconf 90' lang='lat' dir='ltr'><strong>ipse</strong></span> <span class='ocrx_word' id='word_1_591' title='bbox 917 4135 1007 4206; x_wconf 88' lang='lat' dir='ltr'><strong>qui</strong></span> <span class='ocrx_word' id='word_1_592' title='bbox 1050 4133 1310 4188; x_wconf 89' lang='lat' dir='ltr'><strong>mundum</strong></span> <span class='ocrx_word' id='word_1_593' title='bbox 1345 4134 1572 4199; x_wconf 88' lang='lat' dir='ltr'><strong>creavit,</strong></span> <span class='ocrx_word' id='word_1_594' title='bbox 1598 4149 1763 4189; x_wconf 84' lang='lat' dir='ltr'><strong>verus</strong></span> <span class='ocrx_word' id='word_1_595' title='bbox 1785 4142 1838 4189; x_wconf 89' lang='lat' dir='ltr'><strong>et</strong></span> 
     </span>
    </p>
   </div>
   <div class='ocr_carea' id='block_1_66' title="bbox 275 4229 717 4289">
    <p class='ocr_par' dir='ltr' id='par_1_66' title="bbox 275 4229 717 4289">
     <span class='ocr_line' id='line_1_66' title="bbox 275 4229 717 4289; baseline -0.014 0"><span class='ocrx_word' id='word_1_596' title='bbox 275 4234 428 4289; x_wconf 86' lang='lat' dir='ltr'><strong>solus</strong></span> <span class='ocrx_word' id='word_1_597' title='bbox 451 4240 534 4287; x_wconf 89' lang='lat' dir='ltr'><strong>est</strong></span> <span class='ocrx_word' id='word_1_598' title='bbox 554 4229 717 4285; x_wconf 89' lang='lat' dir='ltr'><strong>Deus.</strong></span> 
     </span>
    </p>
   </div>
   <div class='ocr_carea' id='block_1_67' title="bbox 1946 3123 3517 3200">
    <p class='ocr_par' dir='ltr' id='par_1_67' title="bbox 1946 3123 3517 3200">
     <span class='ocr_line' id='line_1_67' title="bbox 1946 3123 3517 3200; baseline -0.004 -15"><span class='ocrx_word' id='word_1_599' title='bbox 1946 3130 2104 3185; x_wconf 84' lang='lat' dir='ltr'><strong>ﬁdem</strong></span> <span class='ocrx_word' id='word_1_600' title='bbox 2125 3128 2323 3200; x_wconf 91' lang='lat' dir='ltr'><strong>populo</strong></span> <span class='ocrx_word' id='word_1_601' title='bbox 2353 3126 2764 3189; x_wconf 88' lang='lat' dir='ltr'><strong>commendans,</strong></span> <span class='ocrx_word' id='word_1_602' title='bbox 2789 3126 2865 3179; x_wconf 90' lang='lat' dir='ltr'><strong>ait</strong></span> <span class='ocrx_word' id='word_1_603' title='bbox 2888 3124 3145 3200; x_wconf 80' lang='lat' dir='ltr'><strong>:Observa</strong></span> <span class='ocrx_word' id='word_1_604' title='bbox 3164 3124 3259 3179; x_wconf 86' lang='lat' dir='ltr'><strong>tibi</strong></span> <span class='ocrx_word' id='word_1_605' title='bbox 3281 3126 3380 3194; x_wconf 84' lang='lat' dir='ltr'><strong>ipsi</strong></span> <span class='ocrx_word' id='word_1_606' title='bbox 3405 3123 3517 3197; x_wconf 73' lang='lat'><strong>(76)</strong></span> 
     </span>
    </p>
   </div>
   <div class='ocr_carea' id='block_1_68' title="bbox 1946 3198 3519 3286">
    <p class='ocr_par' dir='ltr' id='par_1_68' title="bbox 1946 3198 3519 3286">
     <span class='ocr_line' id='line_1_68' title="bbox 1946 3198 3519 3286; baseline -0.003 -12"><span class='ocrx_word' id='word_1_607' title='bbox 1946 3238 2009 3276; x_wconf 87' lang='lat' dir='ltr'><strong>ue</strong></span> <span class='ocrx_word' id='word_1_608' title='bbox 2038 3219 2310 3275; x_wconf 84' lang='lat' dir='ltr'><strong>seducaris</strong></span> <span class='ocrx_word' id='word_1_609' title='bbox 2335 3236 2367 3273; x_wconf 90' lang='lat' dir='ltr'><strong>a</strong></span> <span class='ocrx_word' id='word_1_610' title='bbox 2390 3217 2615 3273; x_wconf 89' lang='lat' dir='ltr'><strong>Domino</strong></span> <span class='ocrx_word' id='word_1_611' title='bbox 2646 3217 2753 3272; x_wconf 93' lang='lat' dir='ltr'><strong>Deo</strong></span> <span class='ocrx_word' id='word_1_612' title='bbox 2789 3228 2876 3270; x_wconf 88' lang='lat' dir='ltr'><strong>tuo</strong></span> <span class='ocrx_word' id='word_1_613' title='bbox 2908 3217 2973 3270; x_wconf 80' lang='grc'><strong>⁶“.</strong></span> <span class='ocrx_word' id='word_1_614' title='bbox 3008 3198 3142 3271; x_wconf 85' lang='lat' dir='ltr'><strong>Vide</strong></span> <span class='ocrx_word' id='word_1_615' title='bbox 3170 3216 3298 3286; x_wconf 87' lang='lat' dir='ltr'><strong>quia</strong></span> <span class='ocrx_word' id='word_1_616' title='bbox 3329 3216 3519 3271; x_wconf 88' lang='lat' dir='ltr'><strong>ecdem</strong></span> 
     </span>
    </p>
   </div>
   <div class='ocr_carea' id='block_1_69' title="bbox 1944 3307 3519 3379">
    <p class='ocr_par' dir='ltr' id='par_1_69' title="bbox 1944 3307 3519 3379">
     <span class='ocr_line' id='line_1_69' title="bbox 1944 3307 3519 3379; baseline -0.003 -12"><span class='ocrx_word' id='word_1_617' title='bbox 1944 3313 2113 3367; x_wconf 83' lang='lat' dir='ltr'><strong>verbo</strong></span> <span class='ocrx_word' id='word_1_618' title='bbox 2154 3310 2343 3374; x_wconf 82' lang='lat' dir='ltr'><strong>utitur,</strong></span> <span class='ocrx_word' id='word_1_619' title='bbox 2375 3325 2483 3379; x_wconf 90' lang='lat' dir='ltr'><strong>quo</strong></span> <span class='ocrx_word' id='word_1_620' title='bbox 2507 3316 2561 3363; x_wconf 86' lang='lat' dir='ltr'><strong>et</strong></span> <span class='ocrx_word' id='word_1_621' title='bbox 2614 3309 2785 3379; x_wconf 87' lang='lat' dir='ltr'><strong>prima</strong></span> <span class='ocrx_word' id='word_1_622' title='bbox 2819 3308 3014 3361; x_wconf 88' lang='lat' dir='ltr'><strong>mulier</strong></span> <span class='ocrx_word' id='word_1_623' title='bbox 3059 3307 3111 3360; x_wconf 93' lang='lat' dir='ltr'><strong>in</strong></span> <span class='ocrx_word' id='word_1_624' title='bbox 3163 3307 3519 3363; x_wconf 80' lang='lat' dir='ltr'><strong>excusatione</strong></span> 
     </span>
    </p>
   </div>
   <div class='ocr_carea' id='block_1_70' title="bbox 1946 3397 3515 3468">
    <p class='ocr_par' dir='ltr' id='par_1_70' title="bbox 1946 3397 3515 3468">
     <span class='ocr_line' id='line_1_70' title="bbox 1946 3397 3515 3468; baseline -0.003 -10"><span class='ocrx_word' id='word_1_625' title='bbox 1946 3404 2220 3464; x_wconf 84' lang='lat' dir='ltr'><strong>utebatur,</strong></span> <span class='ocrx_word' id='word_1_626' title='bbox 2283 3402 2561 3457; x_wconf 78' lang='lat' dir='ltr'><strong>seductum</strong></span> <span class='ocrx_word' id='word_1_627' title='bbox 2604 3417 2664 3456; x_wconf 91' lang='lat' dir='ltr'><strong>se</strong></span> <span class='ocrx_word' id='word_1_628' title='bbox 2718 3400 2929 3462; x_wconf 88' lang='lat' dir='ltr'><strong>dicens,</strong></span> <span class='ocrx_word' id='word_1_629' title='bbox 2969 3397 3063 3454; x_wconf 88' lang='lat' dir='ltr'><strong>sed</strong></span> <span class='ocrx_word' id='word_1_630' title='bbox 3110 3398 3243 3452; x_wconf 90' lang='lat' dir='ltr'><strong>nihil</strong></span> <span class='ocrx_word' id='word_1_631' title='bbox 3288 3398 3515 3468; x_wconf 82' lang='lat' dir='ltr'><strong>profuit.</strong></span> 
     </span>
    </p>
   </div>
   <div class='ocr_carea' id='block_1_71' title="bbox 1950 3491 3517 3567">
    <p class='ocr_par' dir='ltr' id='par_1_71' title="bbox 1950 3491 3517 3567">
     <span class='ocr_line' id='line_1_71' title="bbox 1950 3491 3517 3567; baseline -0.004 -16"><span class='ocrx_word' id='word_1_632' title='bbox 1950 3496 2127 3567; x_wconf 87' lang='lat' dir='ltr'><strong>Super</strong></span> <span class='ocrx_word' id='word_1_633' title='bbox 2161 3495 2344 3548; x_wconf 89' lang='lat' dir='ltr'><strong>omnia</strong></span> <span class='ocrx_word' id='word_1_634' title='bbox 2375 3502 2556 3547; x_wconf 88' lang='lat' dir='ltr'><strong>autem</strong></span> <span class='ocrx_word' id='word_1_635' title='bbox 2604 3493 2818 3548; x_wconf 83' lang='lat' dir='ltr'><strong>etiamsi</strong></span> <span class='ocrx_word' id='word_1_636' title='bbox 2852 3508 3011 3547; x_wconf 79' lang='lat' dir='ltr'><strong>verus</strong></span> <span class='ocrx_word' id='word_1_637' title='bbox 3039 3491 3237 3562; x_wconf 87' lang='lat' dir='ltr'><strong>aliquis</strong></span> <span class='ocrx_word' id='word_1_638' title='bbox 3267 3500 3517 3562; x_wconf 84' lang='lat' dir='ltr'><strong>surgeret</strong></span> 
     </span>
    </p>
   </div>
   <div class='ocr_carea' id='block_1_72' title="bbox 1949 3583 3488 3657">
    <p class='ocr_par' dir='ltr' id='par_1_72' title="bbox 1949 3583 3488 3657">
     <span class='ocr_line' id='line_1_72' title="bbox 1949 3583 3488 3657; baseline -0.001 -18"><span class='ocrx_word' id='word_1_639' title='bbox 1949 3586 2233 3657; x_wconf 87' lang='lat' dir='ltr'><strong>propheta,</strong></span> <span class='ocrx_word' id='word_1_640' title='bbox 2265 3585 2358 3655; x_wconf 90' lang='lat' dir='ltr'><strong>qui</strong></span> <span class='ocrx_word' id='word_1_641' title='bbox 2392 3586 2549 3655; x_wconf 83' lang='lat' dir='ltr'><strong>signa</strong></span> <span class='ocrx_word' id='word_1_642' title='bbox 2565 3594 2618 3639; x_wconf 90' lang='lat' dir='ltr'><strong>et</strong></span> <span class='ocrx_word' id='word_1_643' title='bbox 2647 3584 2890 3655; x_wconf 79' lang='lat' dir='ltr'><strong>prodigia</strong></span> <span class='ocrx_word' id='word_1_644' title='bbox 2922 3583 3141 3646; x_wconf 82' lang='lat' dir='ltr'><strong>laceret,</strong></span> <span class='ocrx_word' id='word_1_645' title='bbox 3168 3583 3397 3639; x_wconf 90' lang='lat' dir='ltr'><strong>suadere</strong></span> <span class='ocrx_word' id='word_1_646' title='bbox 3420 3599 3488 3637; x_wconf 90' lang='lat' dir='ltr'><strong>au</strong></span> 
     </span>
    </p>
   </div>
   <div class='ocr_carea' id='block_1_73' title="bbox 1950 3672 3514 3745">
    <p class='ocr_par' dir='ltr' id='par_1_73' title="bbox 1950 3672 3514 3745">
     <span class='ocr_line' id='line_1_73' title="bbox 1950 3672 3514 3745; baseline -0.002 -14"><span class='ocrx_word' id='word_1_647' title='bbox 1950 3687 2058 3733; x_wconf 91' lang='lat' dir='ltr'><strong>tem</strong></span> <span class='ocrx_word' id='word_1_648' title='bbox 2083 3678 2233 3741; x_wconf 85' lang='lat' dir='ltr'><strong>velit,</strong></span> <span class='ocrx_word' id='word_1_649' title='bbox 2266 3684 2325 3732; x_wconf 90' lang='lat' dir='ltr'><strong>ut</strong></span> <span class='ocrx_word' id='word_1_650' title='bbox 2372 3677 2676 3732; x_wconf 84' lang='lat' dir='ltr'><strong>coleremus</strong></span> <span class='ocrx_word' id='word_1_651' title='bbox 2727 3675 2859 3731; x_wconf 87' lang='lat' dir='ltr'><strong>deos</strong></span> <span class='ocrx_word' id='word_1_652' title='bbox 2910 3672 3046 3730; x_wconf 82' lang='lat' dir='ltr'><strong>alios</strong></span> <span class='ocrx_word' id='word_1_653' title='bbox 3090 3682 3286 3745; x_wconf 59' lang='lat' dir='ltr'><strong>praeter</strong></span> <span class='ocrx_word' id='word_1_654' title='bbox 3330 3673 3514 3729; x_wconf 84' lang='lat' dir='ltr'><strong>Judae-</strong></span> 
     </span>
    </p>
   </div>
   <div class='ocr_carea' id='block_1_74' title="bbox 1950 3761 3515 3837">
    <p class='ocr_par' dir='ltr' id='par_1_74' title="bbox 1950 3761 3515 3837">
     <span class='ocr_line' id='line_1_74' title="bbox 1950 3761 3515 3837; baseline -0.004 -14"><span class='ocrx_word' id='word_1_655' title='bbox 1950 3782 2106 3823; x_wconf 87' lang='lat' dir='ltr'><strong>orum</strong></span> <span class='ocrx_word' id='word_1_656' title='bbox 2130 3766 2322 3830; x_wconf 91' lang='lat' dir='ltr'><strong>Deum,</strong></span> <span class='ocrx_word' id='word_1_657' title='bbox 2378 3781 2655 3837; x_wconf 88' lang='lat' dir='ltr'><strong>nunquam</strong></span> <span class='ocrx_word' id='word_1_658' title='bbox 2712 3766 2761 3820; x_wconf 90' lang='lat' dir='ltr'><strong>ei</strong></span> <span class='ocrx_word' id='word_1_659' title='bbox 2816 3765 3037 3820; x_wconf 88' lang='lat' dir='ltr'><strong>credere</strong></span> <span class='ocrx_word' id='word_1_660' title='bbox 3073 3778 3379 3835; x_wconf 86' lang='lat' dir='ltr'><strong>possemus.</strong></span> <span class='ocrx_word' id='word_1_661' title='bbox 3426 3761 3515 3817; x_wconf 90' lang='lat' dir='ltr'><strong>Sic</strong></span> 
     </span>
    </p>
   </div>
   <div class='ocr_carea' id='block_1_75' title="bbox 1949 3855 3513 3918">
    <p class='ocr_par' dir='ltr' id='par_1_75' title="bbox 1949 3855 3513 3918">
     <span class='ocr_line' id='line_1_75' title="bbox 1949 3855 3513 3918; baseline -0.004 -7"><span class='ocrx_word' id='word_1_662' title='bbox 1949 3857 2093 3911; x_wconf 88' lang='lat' dir='ltr'><strong>enim</strong></span> <span class='ocrx_word' id='word_1_663' title='bbox 2128 3872 2229 3912; x_wconf 91' lang='lat' dir='ltr'><strong>nos</strong></span> <span class='ocrx_word' id='word_1_664' title='bbox 2277 3856 2462 3911; x_wconf 86' lang='lat' dir='ltr'><strong>docuit</strong></span> <span class='ocrx_word' id='word_1_665' title='bbox 2514 3856 2593 3910; x_wconf 78' lang='lat' dir='ltr'><strong>les</strong></span> <span class='ocrx_word' id='word_1_666' title='bbox 2633 3855 2836 3918; x_wconf 80' lang='lat' dir='ltr'><strong>divina,</strong></span> <span class='ocrx_word' id='word_1_667' title='bbox 2888 3862 3159 3909; x_wconf 88' lang='lat' dir='ltr'><strong>secretum</strong></span> <span class='ocrx_word' id='word_1_668' title='bbox 3211 3867 3513 3908; x_wconf 87' lang='lat' dir='ltr'><strong>sermonem</strong></span> 
     </span>
    </p>
   </div>
   <div class='ocr_carea' id='block_1_76' title="bbox 1948 3942 3516 4018">
    <p class='ocr_par' dir='ltr' id='par_1_76' title="bbox 1948 3942 3516 4018">
     <span class='ocr_line' id='line_1_76' title="bbox 1948 3942 3516 4018; baseline -0.005 -16"><span class='ocrx_word' id='word_1_669' title='bbox 1948 3949 2139 4018; x_wconf 88' lang='lat' dir='ltr'><strong>purius</strong></span> <span class='ocrx_word' id='word_1_670' title='bbox 2164 3963 2231 4003; x_wconf 80' lang='lat' dir='ltr'><strong>ex</strong></span> <span class='ocrx_word' id='word_1_671' title='bbox 2251 3946 2546 4003; x_wconf 78' lang='lat' dir='ltr'><strong>traditione</strong></span> <span class='ocrx_word' id='word_1_672' title='bbox 2571 3946 2977 4003; x_wconf 79' lang='lat' dir='ltr'><strong>commendans.</strong></span> <span class='ocrx_word' id='word_1_673' title='bbox 3001 3944 3089 3999; x_wconf 86' lang='lat' dir='ltr'><strong>Ait</strong></span> <span class='ocrx_word' id='word_1_674' title='bbox 3113 3958 3280 4015; x_wconf 83' lang='lat' dir='ltr'><strong>ergo:</strong></span> <span class='ocrx_word' id='word_1_675' title='bbox 3313 3942 3375 3998; x_wconf 86' lang='lat' dir='ltr'><strong>Si</strong></span> <span class='ocrx_word' id='word_1_676' title='bbox 3402 3960 3516 3997; x_wconf 82' lang='lat' dir='ltr'><strong>sur-</strong></span> 
     </span>
    </p>
   </div>
   <div class='ocr_carea' id='block_1_77' title="bbox 1947 4036 3512 4111">
    <p class='ocr_par' dir='ltr' id='par_1_77' title="bbox 1947 4036 3512 4111">
     <span class='ocr_line' id='line_1_77' title="bbox 1947 4036 3512 4111; baseline -0.001 -20"><span class='ocrx_word' id='word_1_677' title='bbox 1947 4042 2139 4095; x_wconf 73' lang='lat' dir='ltr'><strong>rexerit</strong></span> <span class='ocrx_word' id='word_1_678' title='bbox 2162 4042 2216 4095; x_wconf 89' lang='lat' dir='ltr'><strong>in</strong></span> <span class='ocrx_word' id='word_1_679' title='bbox 2253 4049 2298 4095; x_wconf 83' lang='lat' dir='ltr'><strong>te</strong></span> <span class='ocrx_word' id='word_1_680' title='bbox 2317 4039 2586 4111; x_wconf 82' lang='lat' dir='ltr'><strong>propheta,</strong></span> <span class='ocrx_word' id='word_1_681' title='bbox 2619 4048 2710 4095; x_wconf 84' lang='lat' dir='ltr'><strong>aut</strong></span> <span class='ocrx_word' id='word_1_682' title='bbox 2743 4039 3011 4094; x_wconf 84' lang='lat' dir='ltr'><strong>somnians</strong></span> <span class='ocrx_word' id='word_1_683' title='bbox 3035 4038 3316 4102; x_wconf 86' lang='lat' dir='ltr'><strong>somnium,</strong></span> <span class='ocrx_word' id='word_1_684' title='bbox 3348 4045 3399 4091; x_wconf 88' lang='lat' dir='ltr'><strong>et</strong></span> <span class='ocrx_word' id='word_1_685' title='bbox 3423 4036 3512 4089; x_wconf 85' lang='lat' dir='ltr'><strong>de-</strong></span> 
     </span>
    </p>
   </div>
   <div class='ocr_carea' id='block_1_78' title="bbox 1944 4129 3513 4204">
    <p class='ocr_par' dir='ltr' id='par_1_78' title="bbox 1944 4129 3513 4204">
     <span class='ocr_line' id='line_1_78' title="bbox 1944 4129 3513 4204; baseline -0.003 -17"><span class='ocrx_word' id='word_1_686' title='bbox 1944 4133 2080 4187; x_wconf 85' lang='lat' dir='ltr'><strong>derit</strong></span> <span class='ocrx_word' id='word_1_687' title='bbox 2108 4135 2258 4204; x_wconf 83' lang='lat' dir='ltr'><strong>signa</strong></span> <span class='ocrx_word' id='word_1_688' title='bbox 2287 4134 2364 4188; x_wconf 82' lang='lat' dir='ltr'><strong>vel</strong></span> <span class='ocrx_word' id='word_1_689' title='bbox 2397 4131 2660 4203; x_wconf 76' lang='lat' dir='ltr'><strong>prodigia,</strong></span> <span class='ocrx_word' id='word_1_690' title='bbox 2710 4142 2757 4186; x_wconf 91' lang='lat' dir='ltr'><strong>et</strong></span> <span class='ocrx_word' id='word_1_691' title='bbox 2789 4132 3046 4186; x_wconf 66' lang='lat' dir='ltr'><strong>euenerint</strong></span> <span class='ocrx_word' id='word_1_692' title='bbox 3100 4132 3252 4201; x_wconf 85' lang='lat' dir='ltr'><strong>signa</strong></span> <span class='ocrx_word' id='word_1_693' title='bbox 3308 4129 3406 4183; x_wconf 87' lang='lat' dir='ltr'><strong>illa</strong></span> <span class='ocrx_word' id='word_1_694' title='bbox 3434 4131 3513 4183; x_wconf 86' lang='lat' dir='ltr'><strong>vel</strong></span> 
     </span>
    </p>
   </div>
   <div class='ocr_carea' id='block_1_79' title="bbox 1940 4222 3504 4297">
    <p class='ocr_par' dir='ltr' id='par_1_79' title="bbox 1940 4222 3504 4297">
     <span class='ocr_line' id='line_1_79' title="bbox 1940 4222 3504 4297; baseline -0.001 -18"><span class='ocrx_word' id='word_1_695' title='bbox 1940 4226 2206 4297; x_wconf 86' lang='lat' dir='ltr'><strong>prodigia,</strong></span> <span class='ocrx_word' id='word_1_696' title='bbox 2253 4236 2302 4281; x_wconf 89' lang='lat' dir='ltr'><strong>et</strong></span> <span class='ocrx_word' id='word_1_697' title='bbox 2351 4226 2543 4281; x_wconf 74' lang='lat' dir='ltr'><strong>dixerit</strong></span> <span class='ocrx_word' id='word_1_698' title='bbox 2578 4224 2645 4278; x_wconf 89' lang='lat' dir='ltr'><strong>ad</strong></span> <span class='ocrx_word' id='word_1_699' title='bbox 2698 4234 2764 4289; x_wconf 90' lang='lat' dir='ltr'><strong>te,</strong></span> <span class='ocrx_word' id='word_1_700' title='bbox 2799 4242 2980 4280; x_wconf 85' lang='lat' dir='ltr'><strong>eamus</strong></span> <span class='ocrx_word' id='word_1_701' title='bbox 3009 4233 3058 4279; x_wconf 86' lang='lat' dir='ltr'><strong>et</strong></span> <span class='ocrx_word' id='word_1_702' title='bbox 3088 4224 3323 4278; x_wconf 82' lang='lat' dir='ltr'><strong>colamus</strong></span> <span class='ocrx_word' id='word_1_703' title='bbox 3382 4222 3504 4278; x_wconf 78' lang='lat' dir='ltr'><strong>deos</strong></span> 
     </span>
    </p>
   </div>
   <div class='ocr_carea' id='block_1_80' title="bbox 379 4380 1843 4454">
    <p class='ocr_par' dir='ltr' id='par_1_80' title="bbox 379 4382 1840 4454">
     <span class='ocr_line' id='line_1_80' title="bbox 379 4382 1840 4454; baseline -0.006 -10"><span class='ocrx_word' id='word_1_704' title='bbox 379 4392 425 4423; x_wconf 70' lang='grc' dir='ltr'><strong>δ’</strong></span> <span class='ocrx_word' id='word_1_705' title='bbox 460 4388 630 4444; x_wconf 79' lang='lat' dir='ltr'><strong>Exod.</strong></span> <span class='ocrx_word' id='word_1_706' title='bbox 677 4403 808 4449; x_wconf 63' lang='grc' dir='ltr'>χχιι,</span> <span class='ocrx_word' id='word_1_707' title='bbox 848 4384 939 4441; x_wconf 69' lang='lat'><strong>28.</strong></span> <span class='ocrx_word' id='word_1_708' title='bbox 1020 4385 1066 4417; x_wconf 80' lang='lat'><strong>”</strong></span> <span class='ocrx_word' id='word_1_709' title='bbox 1098 4382 1166 4437; x_wconf 86' lang='lat' dir='ltr'><strong>Et</strong></span> <span class='ocrx_word' id='word_1_710' title='bbox 1188 4383 1548 4454; x_wconf 82' lang='lat' dir='ltr'><strong>nobiles—qui</strong></span> <span class='ocrx_word' id='word_1_711' title='bbox 1578 4384 1700 4452; x_wconf 79' lang='lat' dir='ltr'><strong>fecit</strong></span> <span class='ocrx_word' id='word_1_712' title='bbox 1724 4398 1840 4454; x_wconf 86' lang='lat' dir='ltr'><strong>non</strong></span> 
     </span>
    </p>
   </div>
   <div class='ocr_carea' id='block_1_81' title="bbox 1950 4380 3504 4454">
    <p class='ocr_par' dir='ltr' id='par_1_81' title="bbox 1950 4380 3504 4454">
     <span class='ocr_line' id='line_1_81' title="bbox 1950 4380 3504 4454; baseline 0.002 -19"><span class='ocrx_word' id='word_1_713' title='bbox 1950 4391 2127 4447; x_wconf 79' lang='lat' dir='ltr'><strong>;untur</strong></span> <span class='ocrx_word' id='word_1_714' title='bbox 2150 4384 2206 4438; x_wconf 90' lang='lat' dir='ltr'><strong>in</strong></span> <span class='ocrx_word' id='word_1_715' title='bbox 2238 4390 2470 4454; x_wconf 85' lang='lat' dir='ltr'><strong>utroque</strong></span> <span class='ocrx_word' id='word_1_716' title='bbox 2503 4381 2663 4454; x_wconf 76' lang='lat' dir='ltr'><strong>codd.</strong></span> <span class='ocrx_word' id='word_1_717' title='bbox 2686 4382 2875 4454; x_wconf 84' lang='lat' dir='ltr'><strong>Lipss.</strong></span> <span class='ocrx_word' id='word_1_718' title='bbox 2952 4382 2997 4413; x_wconf 78' lang='lat'>“</span> <span class='ocrx_word' id='word_1_719' title='bbox 3027 4380 3183 4454; x_wconf 88' lang='lat' dir='ltr'><strong>Deut.</strong></span> <span class='ocrx_word' id='word_1_720' title='bbox 3215 4400 3383 4450; x_wconf 64' lang='grc' dir='ltr'>χχχιι,</span> <span class='ocrx_word' id='word_1_721' title='bbox 3415 4386 3504 4440; x_wconf 81' lang='grc'><strong>39.</strong></span> 
     </span>
    </p>
   </div>
   <div class='ocr_carea' id='block_1_82' title="bbox 274 4451 3507 4525">
    <p class='ocr_par' dir='ltr' id='par_1_82' title="bbox 274 4451 3507 4525">
     <span class='ocr_line' id='line_1_82' title="bbox 274 4451 3507 4525; baseline -0.002 -10"><span class='ocrx_word' id='word_1_722' title='bbox 274 4464 320 4495; x_wconf 79' lang='grc'><strong>⁵¹</strong></span> <span class='ocrx_word' id='word_1_723' title='bbox 353 4461 507 4516; x_wconf 88' lang='lat' dir='ltr'><strong>Deut.</strong></span> <span class='ocrx_word' id='word_1_724' title='bbox 530 4476 603 4525; x_wconf 76' lang='lat' dir='ltr'><strong>1v,</strong></span> <span class='ocrx_word' id='word_1_725' title='bbox 638 4458 726 4512; x_wconf 76' lang='lat'><strong>39.</strong></span> <span class='ocrx_word' id='word_1_726' title='bbox 802 4458 847 4488; x_wconf 83' lang='grc'><strong><em>⁸³</em></strong></span> <span class='ocrx_word' id='word_1_727' title='bbox 884 4456 1015 4522; x_wconf 73' lang='lat' dir='ltr'><strong>Quae</strong></span> <span class='ocrx_word' id='word_1_728' title='bbox 1044 4463 1349 4525; x_wconf 76' lang='lat' dir='ltr'><strong>sequuntur</strong></span> <span class='ocrx_word' id='word_1_729' title='bbox 1386 4451 1575 4525; x_wconf 9' lang='lat' dir='ltr'><strong>usque,</strong></span> <span class='ocrx_word' id='word_1_730' title='bbox 1606 4452 1810 4525; x_wconf 22' lang='lat' dir='ltr'><strong>ad7_ill_a</strong></span> <span class='ocrx_word' id='word_1_731' title='bbox 1839 4451 1986 4523; x_wconf 52' lang='lat' dir='ltr'><strong>cap),</strong></span> <span class='ocrx_word' id='word_1_732' title='bbox 2018 4469 2198 4525; x_wconf 87' lang='lat' dir='ltr'><strong>sequ.,</strong></span> <span class='ocrx_word' id='word_1_733' title='bbox 2232 4451 2497 4525; x_wconf 73' lang='lat' dir='ltr'><strong>vocabula</strong></span> <span class='ocrx_word' id='word_1_734' title='bbox 2521 4471 2535 4507; x_wconf 91' lang='lat'><strong>:</strong></span> <span class='ocrx_word' id='word_1_735' title='bbox 2562 4451 2792 4525; x_wconf 73' lang='lat' dir='ltr'><strong>Denique</strong></span> <span class='ocrx_word' id='word_1_736' title='bbox 2810 4453 3098 4525; x_wconf 32' lang='lat' dir='ltr'><strong>etAsancti,</strong></span> <span class='ocrx_word' id='word_1_737' title='bbox 3127 4461 3257 4525; x_wconf 75' lang='lat' dir='ltr'><strong>ete.,</strong></span> <span class='ocrx_word' id='word_1_738' title='bbox 3289 4456 3507 4511; x_wconf 83' lang='lat' dir='ltr'><strong>deside-</strong></span> 
     </span>
    </p>
   </div>
   <div class='ocr_carea' id='block_1_83' title="bbox 273 4521 1843 4597">
    <p class='ocr_par' dir='ltr' id='par_1_83' title="bbox 273 4521 1843 4597">
     <span class='ocr_line' id='line_1_83' title="bbox 273 4521 1843 4597; baseline -0.006 -11"><span class='ocrx_word' id='word_1_739' title='bbox 273 4543 469 4588; x_wconf 86' lang='lat' dir='ltr'><strong>rantur</strong></span> <span class='ocrx_word' id='word_1_740' title='bbox 507 4533 560 4584; x_wconf 87' lang='lat' dir='ltr'><strong>in</strong></span> <span class='ocrx_word' id='word_1_741' title='bbox 592 4521 724 4581; x_wconf 81' lang='lat' dir='ltr'><strong>cod.</strong></span> <span class='ocrx_word' id='word_1_742' title='bbox 764 4521 922 4597; x_wconf 73' lang='lat' dir='ltr'><strong>Lips.</strong></span> <span class='ocrx_word' id='word_1_743' title='bbox 994 4526 1040 4558; x_wconf 72' lang='lat'><strong>”</strong></span> <span class='ocrx_word' id='word_1_744' title='bbox 1080 4521 1333 4597; x_wconf 27' lang='grc' dir='ltr'><strong>Ξὶὲέιιιᾍπὲ</strong></span> <span class='ocrx_word' id='word_1_745' title='bbox 1385 4521 1484 4597; x_wconf 61' lang='grc' dir='ltr'><strong>μί</strong></span> <span class='ocrx_word' id='word_1_746' title='bbox 1518 4524 1601 4578; x_wconf 84' lang='grc'><strong>15.</strong></span> <span class='ocrx_word' id='word_1_747' title='bbox 1660 4523 1721 4597; x_wconf 62' lang='lat' dir='ltr'><strong>_&#39;f</strong></span> <span class='ocrx_word' id='word_1_748' title='bbox 1760 4521 1843 4597; x_wconf 77' lang='lat' dir='ltr'><strong>Del</strong></span> 
     </span>
    </p>
   </div>
   <div class='ocr_carea' id='block_1_84' title="bbox 1950 4521 2137 4597">
    <p class='ocr_par' dir='ltr' id='par_1_84' title="bbox 1950 4524 2137 4586">
     <span class='ocr_line' id='line_1_84' title="bbox 1950 4524 2137 4586; baseline 0.005 -10"><span class='ocrx_word' id='word_1_749' title='bbox 1950 4539 2006 4586; x_wconf 70' lang='grc' dir='ltr'><strong>χ,</strong></span> <span class='ocrx_word' id='word_1_750' title='bbox 2051 4524 2137 4578; x_wconf 81' lang='grc'><strong>17.</strong></span> 
     </span>
    </p>
   </div>
   <div class='ocr_carea' id='block_1_85' title="bbox 2244 4521 3509 4589">
    <p class='ocr_par' dir='ltr' id='par_1_85' title="bbox 2244 4521 3509 4589">
     <span class='ocr_line' id='line_1_85' title="bbox 2244 4521 3509 4589; baseline 0.004 -13"><span class='ocrx_word' id='word_1_751' title='bbox 2244 4525 2288 4555; x_wconf 76' lang='grc'><strong>⁵⁸</strong></span> <span class='ocrx_word' id='word_1_752' title='bbox 2326 4522 2484 4577; x_wconf 91' lang='lat' dir='ltr'><strong>Deut.</strong></span> <span class='ocrx_word' id='word_1_753' title='bbox 2540 4540 2614 4585; x_wconf 79' lang='lat' dir='ltr'><strong>vi,</strong></span> <span class='ocrx_word' id='word_1_754' title='bbox 2652 4521 2751 4586; x_wconf 71' lang='lat' dir='ltr'><strong>l5;</strong></span> <span class='ocrx_word' id='word_1_755' title='bbox 2787 4539 2840 4584; x_wconf 67' lang='grc' dir='ltr'><strong>Χ,</strong></span> <span class='ocrx_word' id='word_1_756' title='bbox 2868 4522 2960 4579; x_wconf 70' lang='lat'><strong>20.</strong></span> <span class='ocrx_word' id='word_1_757' title='bbox 3054 4523 3099 4555; x_wconf 85' lang='lat'><strong>&quot;</strong></span> <span class='ocrx_word' id='word_1_758' title='bbox 3134 4521 3289 4581; x_wconf 84' lang='lat' dir='ltr'><strong>Deut.</strong></span> <span class='ocrx_word' id='word_1_759' title='bbox 3347 4542 3418 4589; x_wconf 78' lang='lat' dir='ltr'><strong>vi,</strong></span> <span class='ocrx_word' id='word_1_760' title='bbox 3451 4526 3509 4581; x_wconf 70' lang='grc'><strong>4.</strong></span> 
     </span>
    </p>
   </div>
   <div class='ocr_carea' id='block_1_86' title="bbox 274 4591 3504 4663">
    <p class='ocr_par' dir='ltr' id='par_1_86' title="bbox 274 4591 3504 4663">
     <span class='ocr_line' id='line_1_86' title="bbox 274 4591 3504 4663; baseline -0.002 -7"><span class='ocrx_word' id='word_1_761' title='bbox 274 4605 322 4636; x_wconf 81' lang='grc'><strong>⁸⁸</strong></span> <span class='ocrx_word' id='word_1_762' title='bbox 362 4601 507 4657; x_wconf 88' lang='lat' dir='ltr'><strong>Psal.</strong></span> <span class='ocrx_word' id='word_1_763' title='bbox 567 4614 761 4663; x_wconf 75' lang='lat' dir='ltr'><strong>Lxxxv,</strong></span> <span class='ocrx_word' id='word_1_764' title='bbox 794 4591 857 4656; x_wconf 60' lang='lat'><strong>8&#39;;</strong></span> <span class='ocrx_word' id='word_1_765' title='bbox 901 4613 1024 4660; x_wconf 61' lang='grc' dir='ltr'><strong>ιη,</strong></span> <span class='ocrx_word' id='word_1_766' title='bbox 1066 4596 1154 4650; x_wconf 72' lang='grc'><strong>19.</strong></span> <span class='ocrx_word' id='word_1_767' title='bbox 1223 4594 1268 4625; x_wconf 82' lang='grc'><strong>⁸’</strong></span> <span class='ocrx_word' id='word_1_768' title='bbox 1306 4594 1451 4649; x_wconf 85' lang='lat' dir='ltr'><strong>Psal.</strong></span> <span class='ocrx_word' id='word_1_769' title='bbox 1494 4610 1625 4659; x_wconf 80' lang='lat' dir='ltr'><strong>xvu,</strong></span> <span class='ocrx_word' id='word_1_770' title='bbox 1658 4592 1748 4649; x_wconf 72' lang='lat'><strong>32.</strong></span> <span class='ocrx_word' id='word_1_771' title='bbox 1823 4592 1867 4623; x_wconf 83' lang='grc'>⁸⁰</span> <span class='ocrx_word' id='word_1_772' title='bbox 1906 4592 2022 4648; x_wconf 85' lang='lat' dir='ltr'><strong>Jos.</strong></span> <span class='ocrx_word' id='word_1_773' title='bbox 2054 4610 2206 4661; x_wconf 79' lang='lat' dir='ltr'><strong>xxm,</strong></span> <span class='ocrx_word' id='word_1_774' title='bbox 2233 4595 2263 4647; x_wconf 85' lang='lat'><strong>7</strong></span> <span class='ocrx_word' id='word_1_775' title='bbox 2295 4595 2348 4647; x_wconf 90' lang='lat' dir='ltr'><strong>in</strong></span> <span class='ocrx_word' id='word_1_776' title='bbox 2371 4592 2543 4649; x_wconf 78' lang='lat' dir='ltr'><strong>LXX.</strong></span> <span class='ocrx_word' id='word_1_777' title='bbox 2623 4591 2818 4647; x_wconf 74' lang='lat' dir='ltr'><strong>“Gen.</strong></span> <span class='ocrx_word' id='word_1_778' title='bbox 2855 4610 2931 4648; x_wconf 84' lang='lat' dir='ltr'><strong>Ill.</strong></span> <span class='ocrx_word' id='word_1_779' title='bbox 3011 4594 3055 4623; x_wconf 80' lang='lat'>“</span> <span class='ocrx_word' id='word_1_780' title='bbox 3083 4592 3241 4650; x_wconf 90' lang='lat' dir='ltr'><strong>Deut.</strong></span> <span class='ocrx_word' id='word_1_781' title='bbox 3275 4612 3390 4663; x_wconf 84' lang='lat' dir='ltr'><strong>vin,</strong></span> <span class='ocrx_word' id='word_1_782' title='bbox 3418 4598 3504 4651; x_wconf 78' lang='lat' dir='ltr'><strong>il.</strong></span> 
     </span>
    </p>
   </div>
   <div class='ocr_carea' id='block_1_87' title="bbox 1547 4724 2176 4783">
    <p class='ocr_par' dir='ltr' id='par_1_87' title="bbox 1547 4724 2176 4783">
     <span class='ocr_line' id='line_1_87' title="bbox 1547 4724 2176 4783; baseline -0.002 -1"><span class='ocrx_word' id='word_1_783' title='bbox 1547 4724 1909 4782; x_wconf 80' lang='lat' dir='ltr'><strong>COTELERII</strong></span> <span class='ocrx_word' id='word_1_784' title='bbox 1948 4725 2176 4783; x_wconf 70' lang='lat' dir='ltr'><strong>NOTAE.</strong></span> 
     </span>
    </p>
   </div>
   <div class='ocr_carea' id='block_1_88' title="bbox 272 4858 1843 4938">
    <p class='ocr_par' dir='ltr' id='par_1_88' title="bbox 272 4858 1843 4938">
     <span class='ocr_line' id='line_1_88' title="bbox 272 4858 1843 4938; baseline 0.018 -2"><span class='ocrx_word' id='word_1_785' title='bbox 272 4864 488 4938; x_wconf 65' lang='grc' dir='ltr'><strong>θρᾷκές</strong></span> <span class='ocrx_word' id='word_1_786' title='bbox 529 4880 586 4917; x_wconf 79' lang='grc' dir='ltr'>τε</span> <span class='ocrx_word' id='word_1_787' title='bbox 621 4863 720 4938; x_wconf 58' lang='lat' dir='ltr'><strong>re}</strong></span> <span class='ocrx_word' id='word_1_788' title='bbox 767 4859 1068 4938; x_wconf 62' lang='grc' dir='ltr'><strong>Βγςάντιοέν</strong></span> <span class='ocrx_word' id='word_1_789' title='bbox 1222 4859 1271 4909; x_wconf 71' lang='grc' dir='ltr'><strong>οε</strong></span> <span class='ocrx_word' id='word_1_790' title='bbox 1300 4859 1451 4938; x_wconf 63' lang='grc' dir='ltr'><strong>ἐῑρδς</strong></span> <span class='ocrx_word' id='word_1_791' title='bbox 1584 4860 1843 4938; x_wconf 47' lang='lat' dir='ltr'><strong>imi&quot;?</strong></span> 
     </span>
    </p>
   </div>
   <div class='ocr_carea' id='block_1_89' title="bbox 272 4912 1844 5006">
    <p class='ocr_par' dir='ltr' id='par_1_89' title="bbox 272 4912 1844 5006">
     <span class='ocr_line' id='line_1_89' title="bbox 272 4912 1844 5006; baseline -0.006 -16"><span class='ocrx_word' id='word_1_792' title='bbox 854 4912 911 5006; x_wconf 47' lang='lat' dir='ltr'><strong>is</strong></span> <span class='ocrx_word' id='word_1_793' title='bbox 939 4912 1066 5006; x_wconf 37' lang='lat' dir='ltr'><strong>stat,</strong></span> <span class='ocrx_word' id='word_1_794' title='bbox 1086 4912 1467 5006; x_wconf 54' lang='grc' dir='ltr'><strong>Κατςπίξδόίςαξ,</strong></span> <span class='ocrx_word' id='word_1_795' title='bbox 1503 4912 1710 5006; x_wconf 45' lang='lat' dir='ltr'><strong>diod-reg</strong></span> <span class='ocrx_word' id='word_1_796' title='bbox 1752 4912 1844 5006; x_wconf 50' lang='lat' dir='ltr'><strong>id}</strong></span> 
     </span>
    </p>
   </div>
   <div class='ocr_carea' id='block_1_90' title="bbox 275 4998 1843 5078">
    <p class='ocr_par' dir='ltr' id='par_1_90' title="bbox 275 4998 1843 5078">
     <span class='ocr_line' id='line_1_90' title="bbox 275 4998 1843 5078; baseline -0.005 -18"><span class='ocrx_word' id='word_1_797' title='bbox 275 4998 592 5078; x_wconf 48' lang='grc' dir='ltr'><strong>Κᾶρξξκαζ</strong></span> <span class='ocrx_word' id='word_1_798' title='bbox 623 5002 839 5078; x_wconf 42' lang='grc' dir='ltr'><strong>Διξκιοιι</strong></span> <span class='ocrx_word' id='word_1_799' title='bbox 863 4999 1098 5078; x_wconf 44' lang='lat' dir='ltr'><strong>Pauca}</strong></span> <span class='ocrx_word' id='word_1_800' title='bbox 1132 4999 1227 5078; x_wconf 66' lang='grc' dir='ltr'><strong>κριὶ</strong></span> <span class='ocrx_word' id='word_1_801' title='bbox 1259 4998 1530 5078; x_wconf 38' lang='grc' dir='ltr'><strong>νισαυρροι.ζ</strong></span> <span class='ocrx_word' id='word_1_802' title='bbox 1552 4998 1843 5078; x_wconf 28' lang='grc' dir='ltr'><strong>ίΛυδοξ-κᾳὶ</strong></span> 
     </span>
    </p>
   </div>
   <div class='ocr_carea' id='block_1_91' title="bbox 274 5068 1842 5141">
    <p class='ocr_par' dir='ltr' id='par_1_91' title="bbox 274 5068 1842 5141">
     <span class='ocr_line' id='line_1_91' title="bbox 274 5068 1842 5141; baseline -0.008 -10"><span class='ocrx_word' id='word_1_803' title='bbox 274 5068 486 5131; x_wconf 69' lang='grc' dir='ltr'><strong>Πιόίδαι</strong></span> <span class='ocrx_word' id='word_1_804' title='bbox 510 5073 605 5127; x_wconf 81' lang='grc' dir='ltr'><strong>καὶ</strong></span> <span class='ocrx_word' id='word_1_805' title='bbox 623 5069 923 5141; x_wconf 58' lang='grc' dir='ltr'><strong>Πάμφυλοι,</strong></span> <span class='ocrx_word' id='word_1_806' title='bbox 938 5068 1224 5141; x_wconf 60' lang='grc' dir='ltr'><strong>Λνδκάονὲς⁸</strong></span> <span class='ocrx_word' id='word_1_807' title='bbox 1245 5083 1304 5141; x_wconf 60' lang='grc' dir='ltr'>ξε</span> <span class='ocrx_word' id='word_1_808' title='bbox 1334 5068 1428 5121; x_wconf 70' lang='grc' dir='ltr'><strong>καὶ</strong></span> <span class='ocrx_word' id='word_1_809' title='bbox 1443 5068 1842 5141; x_wconf 37' lang='grc' dir='ltr'><strong>ΚίλικεςηΣκύ-</strong></span> 
     </span>
    </p>
   </div>
   <div class='ocr_carea' id='block_1_92' title="bbox 273 5135 1840 5213">
    <p class='ocr_par' dir='ltr' id='par_1_92' title="bbox 273 5135 1840 5213">
     <span class='ocr_line' id='line_1_92' title="bbox 273 5135 1840 5213; baseline -0.006 -13"><span class='ocrx_word' id='word_1_810' title='bbox 273 5148 364 5200; x_wconf 87' lang='grc' dir='ltr'><strong>θαι</strong></span> <span class='ocrx_word' id='word_1_811' title='bbox 392 5146 485 5199; x_wconf 72' lang='grc' dir='ltr'>καὶ</span> <span class='ocrx_word' id='word_1_812' title='bbox 517 5135 723 5213; x_wconf 19' lang='grc' dir='ltr'><strong>Πέρσαᾼί</strong></span> <span class='ocrx_word' id='word_1_813' title='bbox 753 5135 1149 5213; x_wconf 21' lang='grc' dir='ltr'><strong>δὶαὶλβρτκτρεοι,</strong></span> <span class='ocrx_word' id='word_1_814' title='bbox 1182 5135 1377 5213; x_wconf 61' lang='grc' dir='ltr'><strong>Ιςρλχοι</strong></span> <span class='ocrx_word' id='word_1_815' title='bbox 1410 5138 1503 5213; x_wconf 69' lang='lat' dir='ltr'><strong>atat</strong></span> <span class='ocrx_word' id='word_1_816' title='bbox 1548 5139 1840 5213; x_wconf 55' lang='grc' dir='ltr'><strong>Ἀᾳσρρξομ</strong></span> 
     </span>
    </p>
   </div>
   <div class='ocr_carea' id='block_1_93' title="bbox 271 5156 1839 5287">
    <p class='ocr_par' dir='ltr' id='par_1_93' title="bbox 271 5156 1839 5287">
     <span class='ocr_line' id='line_1_93' title="bbox 273 5156 1839 5213; baseline -0.006 -13"><span class='ocrx_word' id='word_1_817' title='bbox 273 5156 364 5200; x_wconf 87' lang='grc' dir='ltr'><strong>θαι</strong></span> <span class='ocrx_word' id='word_1_818' title='bbox 392 5156 485 5199; x_wconf 77' lang='grc' dir='ltr'><strong>καὶ</strong></span> <span class='ocrx_word' id='word_1_819' title='bbox 517 5156 720 5213; x_wconf 77' lang='grc' dir='ltr'><strong>ιιερσαι</strong></span> <span class='ocrx_word' id='word_1_820' title='bbox 753 5156 845 5194; x_wconf 84' lang='grc' dir='ltr'><strong>και</strong></span> <span class='ocrx_word' id='word_1_821' title='bbox 880 5156 1149 5211; x_wconf 73' lang='grc' dir='ltr'><strong>υακτριοι,</strong></span> <span class='ocrx_word' id='word_1_822' title='bbox 1182 5156 1377 5206; x_wconf 68' lang='grc' dir='ltr'><strong>λοΑχοι</strong></span> <span class='ocrx_word' id='word_1_823' title='bbox 1410 5156 1503 5190; x_wconf 82' lang='grc' dir='ltr'><strong>και</strong></span> <span class='ocrx_word' id='word_1_824' title='bbox 1562 5156 1706 5191; x_wconf 70' lang='grc' dir='ltr'><strong>Ασσυ</strong></span> <span class='ocrx_word' id='word_1_825' title='bbox 1752 5156 1839 5200; x_wconf 87' lang='grc' dir='ltr'><strong>ιοι,</strong></span> 
     </span>
     <span class='ocr_line' id='line_1_94' title="bbox 271 5156 1839 5287; baseline -0.009 -16"><span class='ocrx_word' id='word_1_826' title='bbox 271 5216 484 5287; x_wconf 44' lang='grc' dir='ltr'><strong>Πάρθοι.</strong></span> <span class='ocrx_word' id='word_1_827' title='bbox 496 5212 589 5287; x_wconf 56' lang='lat' dir='ltr'><strong>ita].</strong></span> <span class='ocrx_word' id='word_1_828' title='bbox 601 5211 769 5287; x_wconf 54' lang='lat' dir='ltr'><strong>M7150}</strong></span> <span class='ocrx_word' id='word_1_829' title='bbox 780 5210 1184 5287; x_wconf 45' lang='lat' dir='ltr'><strong>xaijiikauitat,</strong></span> <span class='ocrx_word' id='word_1_830' title='bbox 1202 5208 1475 5287; x_wconf 63' lang='lat' dir='ltr'><strong>&#39;Oceo&#39;qvoi</strong></span> <span class='ocrx_word' id='word_1_831' title='bbox 1489 5225 1546 5260; x_wconf 86' lang='grc' dir='ltr'><strong>τε</strong></span> <span class='ocrx_word' id='word_1_832' title='bbox 1562 5210 1655 5287; x_wconf 52' lang='lat' dir='ltr'><strong>uel.</strong></span> <span class='ocrx_word' id='word_1_833' title='bbox 1774 5227 1839 5279; x_wconf 86' lang='grc' dir='ltr'><strong>μ-</strong></span> 
     </span>
    </p>
   </div>
   <div class='ocr_carea' id='block_1_94' title="bbox 276 5276 1834 5363">
    <p class='ocr_par' dir='ltr' id='par_1_94' title="bbox 276 5276 1834 5363">
     <span class='ocr_line' id='line_1_95' title="bbox 276 5276 1834 5363; baseline -0.013 -24"><span class='ocrx_word' id='word_1_834' title='bbox 276 5276 627 5363; x_wconf 50' lang='grc' dir='ltr'><strong>μυέςν-’,Ινδοὶ</strong></span> <span class='ocrx_word' id='word_1_835' title='bbox 670 5276 1077 5363; x_wconf 47' lang='grc' dir='ltr'><strong>ᾐαξ-λξὶθὶοπέςῖ</strong></span> <span class='ocrx_word' id='word_1_836' title='bbox 1120 5276 1834 5363; x_wconf 36' lang='grc' dir='ltr'><strong>Ἰνσμαηλῖέαιρεςι-Αεγύάτ.</strong></span> 
     </span>
    </p>
   </div>
   <div class='ocr_carea' id='block_1_95' title="bbox 1944 4858 3512 4936">
    <p class='ocr_par' dir='ltr' id='par_1_95' title="bbox 1944 4858 3512 4936">
     <span class='ocr_line' id='line_1_96' title="bbox 1944 4858 3512 4936; baseline 0.006 -24"><span class='ocrx_word' id='word_1_837' title='bbox 1944 4863 2099 4936; x_wconf 41' lang='lat' dir='ltr'><strong>caios</strong></span> <span class='ocrx_word' id='word_1_838' title='bbox 2117 4861 2210 4914; x_wconf 82' lang='grc' dir='ltr'><strong>καὶ</strong></span> <span class='ocrx_word' id='word_1_839' title='bbox 2250 4862 2562 4936; x_wconf 53' lang='grc' dir='ltr'><strong>ᾎιέορραἰοι</strong></span> <span class='ocrx_word' id='word_1_840' title='bbox 2593 4861 2685 4914; x_wconf 79' lang='grc' dir='ltr'><strong>καὶ</strong></span> <span class='ocrx_word' id='word_1_841' title='bbox 2713 4858 3011 4936; x_wconf 54' lang='grc' dir='ltr'><strong>Φερεζαῖοι,</strong></span> <span class='ocrx_word' id='word_1_842' title='bbox 3037 4862 3220 4936; x_wconf 44' lang='grc' dir='ltr'><strong>Εὕα-ἴοι</strong></span> <span class='ocrx_word' id='word_1_843' title='bbox 3250 4867 3343 4919; x_wconf 76' lang='grc' dir='ltr'><strong>καὶ</strong></span> <span class='ocrx_word' id='word_1_844' title='bbox 3382 4868 3512 4936; x_wconf 79' lang='grc' dir='ltr'><strong>Γερ-</strong></span> 
     </span>
    </p>
   </div>
   <div class='ocr_carea' id='block_1_96' title="bbox 1943 4929 3509 5004">
    <p class='ocr_par' dir='ltr' id='par_1_96' title="bbox 1943 4929 3509 5004">
     <span class='ocr_line' id='line_1_97' title="bbox 1943 4929 3509 5004; baseline 0.006 -22"><span class='ocrx_word' id='word_1_845' title='bbox 1943 4929 2147 5004; x_wconf 65' lang='grc' dir='ltr'><strong>Ῑεζαῖοι</strong></span> <span class='ocrx_word' id='word_1_846' title='bbox 2190 4931 2285 5004; x_wconf 60' lang='lat' dir='ltr'><strong>ita).</strong></span> <span class='ocrx_word' id='word_1_847' title='bbox 2318 4929 2657 5004; x_wconf 57' lang='grc' dir='ltr'><strong>’ῐέᾷὸυᾳειιῖωἱ</strong></span> <span class='ocrx_word' id='word_1_848' title='bbox 2684 4929 2797 4985; x_wconf 55' lang='grc' dir='ltr'><strong>καῖ</strong></span> <span class='ocrx_word' id='word_1_849' title='bbox 2818 4930 3291 5004; x_wconf 38' lang='grc' dir='ltr'><strong>σιμ-κατοικοῦντες</strong></span> <span class='ocrx_word' id='word_1_850' title='bbox 3317 4929 3509 5004; x_wconf 66' lang='grc' dir='ltr'><strong>νήσοὺς</strong></span> 
     </span>
    </p>
   </div>
   <div class='ocr_carea' id='block_1_97' title="bbox 1945 5000 3510 5075">
    <p class='ocr_par' dir='ltr' id='par_1_97' title="bbox 1945 5000 3510 5075">
     <span class='ocr_line' id='line_1_98' title="bbox 1945 5000 3510 5075; baseline 0.006 -22"><span class='ocrx_word' id='word_1_851' title='bbox 1945 5000 2309 5075; x_wconf 53' lang='grc' dir='ltr'><strong>ξρεττῳμκὰς</strong></span> <span class='ocrx_word' id='word_1_852' title='bbox 2336 5002 2430 5075; x_wconf 70' lang='lat' dir='ltr'><strong>atat</strong></span> <span class='ocrx_word' id='word_1_853' title='bbox 2461 5001 2527 5054; x_wconf 79' lang='grc' dir='ltr'><strong>τὰ</strong></span> <span class='ocrx_word' id='word_1_854' title='bbox 2562 5002 2808 5074; x_wconf 78' lang='grc' dir='ltr'><strong>Γάδειρα.</strong></span> <span class='ocrx_word' id='word_1_855' title='bbox 2829 5000 3032 5075; x_wconf 48' lang='lat' dir='ltr'><strong>“mea;</strong></span> <span class='ocrx_word' id='word_1_856' title='bbox 3078 5004 3315 5075; x_wconf 81' lang='grc' dir='ltr'>Μωῦσῆς</span> <span class='ocrx_word' id='word_1_857' title='bbox 3367 5000 3510 5074; x_wconf 66' lang='grc' dir='ltr'><strong>ἕξειξ</strong></span> 
     </span>
    </p>
   </div>
   <div class='ocr_carea' id='block_1_98' title="bbox 1944 5069 3508 5195">
    <p class='ocr_par' dir='ltr' id='par_1_98' title="bbox 1944 5069 3508 5195">
     <span class='ocr_line' id='line_1_99' title="bbox 1944 5069 3508 5195; baseline 0.008 -73"><span class='ocrx_word' id='word_1_858' title='bbox 1944 5069 2109 5193; x_wconf 57' lang='grc' dir='ltr'><strong>(ΐῡι-ῐιθ</strong></span> <span class='ocrx_word' id='word_1_859' title='bbox 2129 5070 2336 5195; x_wconf 60' lang='grc' dir='ltr'><strong>ἔξὲισι).</strong></span> <span class='ocrx_word' id='word_1_860' title='bbox 2370 5070 2499 5143; x_wconf 81' lang='lat' dir='ltr'><strong>Leg.</strong></span> <span class='ocrx_word' id='word_1_861' title='bbox 2530 5087 2686 5128; x_wconf 90' lang='lat' dir='ltr'><strong>conc.</strong></span> <span class='ocrx_word' id='word_1_862' title='bbox 2716 5069 2788 5126; x_wconf 77' lang='lat' dir='ltr'><strong>vn</strong></span> <span class='ocrx_word' id='word_1_863' title='bbox 2828 5069 3106 5128; x_wconf 77' lang='lat' dir='ltr'><strong>Nicamum</strong></span> <span class='ocrx_word' id='word_1_864' title='bbox 3130 5112 3148 5138; x_wconf 95' lang='lat'><strong>,</strong></span> <span class='ocrx_word' id='word_1_865' title='bbox 3191 5069 3281 5138; x_wconf 61' lang='lat' dir='ltr'><strong>n,&#39;</strong></span> <span class='ocrx_word' id='word_1_866' title='bbox 3306 5069 3422 5133; x_wconf 55' lang='lat' dir='ltr'><strong>act:</strong></span> <span class='ocrx_word' id='word_1_867' title='bbox 3452 5069 3508 5144; x_wconf 65' lang='lat'><strong>5,</strong></span> 
     </span>
     <span class='ocr_line' id='line_1_100' title="bbox 1944 5155 2237 5195; baseline 0 0"><span class='ocrx_word' id='word_1_868' title='bbox 1944 5155 2040 5195; x_wconf 83' lang='lat' dir='ltr'><strong>nos</strong></span> <span class='ocrx_word' id='word_1_869' title='bbox 2095 5156 2178 5194; x_wconf 89' lang='lat' dir='ltr'><strong>me</strong></span> <span class='ocrx_word' id='word_1_870' title='bbox 2224 5180 2237 5195; x_wconf 95' lang='lat'><strong>.</strong></span> 
     </span>
    </p>
   </div>
   <div class='ocr_carea' id='block_1_99' title="bbox 2015 5149 2237 5196">
    <p class='ocr_par' dir='ltr' id='par_1_99' title="bbox 2015 5149 2237 5196">
     <span class='ocr_line' id='line_1_101' title="bbox 2015 5149 2237 5196; baseline 0.014 -3"><span class='ocrx_word' id='word_1_871' title='bbox 2015 5149 2065 5194; x_wconf 91' lang='lat' dir='ltr'><strong>st</strong></span> <span class='ocrx_word' id='word_1_872' title='bbox 2095 5149 2237 5196; x_wconf 88' lang='lat' dir='ltr'><strong>med.</strong></span> 
     </span>
    </p>
   </div>
   <div class='ocr_carea' id='block_1_100' title="bbox 1942 5155 3505 5279">
    <p class='ocr_par' dir='ltr' id='par_1_100' title="bbox 1942 5155 3505 5279">
     <span class='ocr_line' id='line_1_102' title="bbox 1942 5155 3505 5279; baseline 0.008 -18"><span class='ocrx_word' id='word_1_873' title='bbox 1942 5155 2408 5279; x_wconf 52' lang='lat' dir='ltr'><strong>p0(s7t5!)ml;ldminus</strong></span> <span class='ocrx_word' id='word_1_874' title='bbox 2456 5209 2594 5264; x_wconf 85' lang='lat' dir='ltr'><strong>Deus</strong></span> <span class='ocrx_word' id='word_1_875' title='bbox 2640 5220 2790 5272; x_wconf 82' lang='lat' dir='ltr'><strong>tuus.</strong></span> <span class='ocrx_word' id='word_1_876' title='bbox 2841 5211 2979 5267; x_wconf 82' lang='lat' dir='ltr'><strong>Deus</strong></span> <span class='ocrx_word' id='word_1_877' title='bbox 3004 5229 3140 5268; x_wconf 83' lang='lat' dir='ltr'><strong>unus</strong></span> <span class='ocrx_word' id='word_1_878' title='bbox 3180 5223 3277 5270; x_wconf 88' lang='lat' dir='ltr'><strong>est.</strong></span> <span class='ocrx_word' id='word_1_879' title='bbox 3331 5214 3422 5271; x_wconf 86' lang='lat' dir='ltr'><strong>Sic</strong></span> <span class='ocrx_word' id='word_1_880' title='bbox 3452 5218 3505 5273; x_wconf 92' lang='lat' dir='ltr'><strong>in</strong></span> 
     </span>
    </p>
   </div>
   <div class='ocr_carea' id='block_1_101' title="bbox 1943 5279 3506 5355">
    <p class='ocr_par' dir='ltr' id='par_1_101' title="bbox 1943 5279 3506 5355">
     <span class='ocr_line' id='line_1_103' title="bbox 1943 5279 3506 5355; baseline 0.006 -22"><span class='ocrx_word' id='word_1_881' title='bbox 1943 5279 2168 5355; x_wconf 75' lang='lat' dir='ltr'><strong>Vulgata</strong></span> <span class='ocrx_word' id='word_1_882' title='bbox 2202 5282 2364 5336; x_wconf 82' lang='lat' dir='ltr'><strong>Marc.</strong></span> <span class='ocrx_word' id='word_1_883' title='bbox 2391 5298 2486 5355; x_wconf 71' lang='lat' dir='ltr'><strong>xu,</strong></span> <span class='ocrx_word' id='word_1_884' title='bbox 2512 5282 2606 5355; x_wconf 59' lang='lat'><strong>29,</strong></span> <span class='ocrx_word' id='word_1_885' title='bbox 2641 5284 3100 5355; x_wconf 77' lang='lat' dir='ltr'><strong>concordantibus</strong></span> <span class='ocrx_word' id='word_1_886' title='bbox 3152 5282 3506 5355; x_wconf 82' lang='lat' dir='ltr'><strong>Hieronymo,</strong></span> 
     </span>
    </p>
   </div>
   <div class='ocr_carea' id='block_1_102' title="bbox 270 5348 1843 5433">
    <p class='ocr_par' dir='ltr' id='par_1_102' title="bbox 270 5348 1836 5433">
     <span class='ocr_line' id='line_1_104' title="bbox 270 5348 1836 5433; baseline 0 0"><span class='ocrx_word' id='word_1_887' title='bbox 270 5348 401 5433; x_wconf 54' lang='grc' dir='ltr'>ξξρε</span> <span class='ocrx_word' id='word_1_888' title='bbox 434 5352 711 5433; x_wconf 55' lang='lat' dir='ltr'><strong>meam}</strong></span> <span class='ocrx_word' id='word_1_889' title='bbox 747 5348 1363 5433; x_wconf 56' lang='grc' dir='ltr'><strong>Πιξὲειιστινοωίὲπριοξ</strong></span> <span class='ocrx_word' id='word_1_890' title='bbox 1511 5349 1723 5433; x_wconf 57' lang='lat' dir='ltr'><strong>mss:</strong></span> <span class='ocrx_word' id='word_1_891' title='bbox 1744 5350 1836 5433; x_wconf 59' lang='grc' dir='ltr'><strong>κα)</strong></span> 
     </span>
    </p>
   </div>
   <div class='ocr_carea' id='block_1_103' title="bbox 1950 5348 3505 5433">
    <p class='ocr_par' dir='ltr' id='par_1_103' title="bbox 1950 5348 3505 5433">
     <span class='ocr_line' id='line_1_105' title="bbox 1950 5348 3505 5433; baseline 0.007 -30"><span class='ocrx_word' id='word_1_892' title='bbox 1950 5348 2273 5433; x_wconf 41' lang='lat' dir='ltr'><strong>augustino:</strong></span> <span class='ocrx_word' id='word_1_893' title='bbox 2315 5360 2422 5433; x_wconf 83' lang='lat' dir='ltr'><strong>etc.</strong></span> <span class='ocrx_word' id='word_1_894' title='bbox 2456 5351 2631 5433; x_wconf 43' lang='lat' dir='ltr'><strong>&#39;éliter</strong></span> <span class='ocrx_word' id='word_1_895' title='bbox 2667 5352 2737 5407; x_wconf 84' lang='lat' dir='ltr'><strong>ab</strong></span> <span class='ocrx_word' id='word_1_896' title='bbox 2768 5352 3011 5433; x_wconf 49' lang='lat' dir='ltr'><strong>‘lreuag;</strong></span> <span class='ocrx_word' id='word_1_897' title='bbox 3053 5354 3213 5433; x_wconf 53' lang='lat' dir='ltr'><strong>aliter</strong></span> <span class='ocrx_word' id='word_1_898' title='bbox 3250 5358 3318 5410; x_wconf 83' lang='lat' dir='ltr'><strong>ab</strong></span> <span class='ocrx_word' id='word_1_899' title='bbox 3360 5348 3505 5414; x_wconf 54' lang='lat' dir='ltr'><strong>aliis;</strong></span> 
     </span>
    </p>
   </div>
   <div class='ocr_carea' id='block_1_104' title="bbox 284 5416 1834 5487">
    <p class='ocr_par' dir='ltr' id='par_1_104' title="bbox 284 5416 1834 5487">
     <span class='ocr_line' id='line_1_106' title="bbox 284 5416 1834 5487; baseline -0.005 -9"><span class='ocrx_word' id='word_1_900' title='bbox 284 5426 495 5487; x_wconf 82' lang='grc' dir='ltr'><strong>Ῥόδιοι,</strong></span> <span class='ocrx_word' id='word_1_901' title='bbox 511 5416 716 5485; x_wconf 58' lang='lat' dir='ltr'><strong>Nelei;</strong></span> <span class='ocrx_word' id='word_1_902' title='bbox 731 5422 823 5473; x_wconf 73' lang='grc' dir='ltr'><strong>καὶ</strong></span> <span class='ocrx_word' id='word_1_903' title='bbox 844 5422 1045 5481; x_wconf 81' lang='grc' dir='ltr'><strong>Ἴωνες,</strong></span> <span class='ocrx_word' id='word_1_904' title='bbox 1068 5416 1361 5472; x_wconf 26' lang='grc' dir='ltr'><strong>Γότθοιίκαὶ</strong></span> <span class='ocrx_word' id='word_1_905' title='bbox 1382 5416 1643 5485; x_wconf 12' lang='grc' dir='ltr'><strong>Ἀὄασγοήί</strong></span> <span class='ocrx_word' id='word_1_906' title='bbox 1664 5435 1721 5470; x_wconf 82' lang='grc' dir='ltr'><strong>τε</strong></span> <span class='ocrx_word' id='word_1_907' title='bbox 1742 5419 1834 5471; x_wconf 75' lang='grc' dir='ltr'><strong>καὶ</strong></span> 
     </span>
    </p>
   </div>
   <div class='ocr_carea' id='block_1_105' title="bbox 272 5487 1835 5560">
    <p class='ocr_par' dir='ltr' id='par_1_105' title="bbox 272 5487 1835 5560">
     <span class='ocr_line' id='line_1_107' title="bbox 272 5487 1835 5560; baseline -0.008 -10"><span class='ocrx_word' id='word_1_908' title='bbox 272 5494 539 5558; x_wconf 75' lang='grc' dir='ltr'><strong>Χάλυϐες,</strong></span> <span class='ocrx_word' id='word_1_909' title='bbox 565 5490 805 5553; x_wconf 76' lang='grc' dir='ltr'><strong>Φοίνικές</strong></span> <span class='ocrx_word' id='word_1_910' title='bbox 832 5507 889 5542; x_wconf 80' lang='grc' dir='ltr'><strong>τε</strong></span> <span class='ocrx_word' id='word_1_911' title='bbox 918 5490 1009 5542; x_wconf 74' lang='grc' dir='ltr'><strong>καὶ</strong></span> <span class='ocrx_word' id='word_1_912' title='bbox 1021 5487 1278 5560; x_wconf 66' lang='grc' dir='ltr'>Ἄραϐες,</span> <span class='ocrx_word' id='word_1_913' title='bbox 1305 5487 1677 5560; x_wconf 51' lang='grc' dir='ltr'><strong>Ῥωμαῖοι]ςώ</strong></span> <span class='ocrx_word' id='word_1_914' title='bbox 1709 5488 1835 5539; x_wconf 76' lang='grc' dir='ltr'><strong>Ἰου-</strong></span> 
     </span>
    </p>
   </div>
   <div class='ocr_carea' id='block_1_106' title="bbox 271 5556 1835 5634">
    <p class='ocr_par' dir='ltr' id='par_1_106' title="bbox 271 5556 1835 5634">
     <span class='ocr_line' id='line_1_108' title="bbox 271 5556 1835 5634; baseline -0.005 -17"><span class='ocrx_word' id='word_1_915' title='bbox 271 5564 429 5627; x_wconf 58' lang='lat' dir='ltr'><strong>balet,</strong></span> <span class='ocrx_word' id='word_1_916' title='bbox 460 5556 764 5634; x_wconf 60' lang='grc' dir='ltr'><strong>ΚύρηνςιῖοξΔ</strong></span> <span class='ocrx_word' id='word_1_917' title='bbox 780 5577 840 5612; x_wconf 85' lang='grc' dir='ltr'><strong>τε</strong></span> <span class='ocrx_word' id='word_1_918' title='bbox 870 5562 961 5613; x_wconf 76' lang='grc' dir='ltr'><strong>καὶ</strong></span> <span class='ocrx_word' id='word_1_919' title='bbox 993 5556 1539 5634; x_wconf 27' lang='grc' dir='ltr'><strong>Λςίϐξεςηᾲάκεξζιξαὶ</strong></span> <span class='ocrx_word' id='word_1_920' title='bbox 1564 5558 1719 5634; x_wconf 46' lang='lat' dir='ltr'><strong>Ferat</strong></span> <span class='ocrx_word' id='word_1_921' title='bbox 1743 5560 1835 5634; x_wconf 65' lang='grc' dir='ltr'><strong>κᾳὶ</strong></span> 
     </span>
    </p>
   </div>
   <div class='ocr_carea' id='block_1_107' title="bbox 276 5626 1831 5705">
    <p class='ocr_par' dir='ltr' id='par_1_107' title="bbox 276 5626 1831 5705">
     <span class='ocr_line' id='line_1_109' title="bbox 276 5626 1831 5705; baseline -0.006 -18"><span class='ocrx_word' id='word_1_922' title='bbox 276 5626 655 5705; x_wconf 41' lang='grc' dir='ltr'><strong>Σαυρομάὼὶὶ</strong></span> <span class='ocrx_word' id='word_1_923' title='bbox 672 5630 867 5705; x_wconf 55' lang='grc' dir='ltr'><strong>Κέλτᾳ</strong></span> <span class='ocrx_word' id='word_1_924' title='bbox 890 5646 951 5705; x_wconf 60' lang='grc' dir='ltr'><strong>ῖς</strong></span> <span class='ocrx_word' id='word_1_925' title='bbox 976 5632 1068 5683; x_wconf 70' lang='grc' dir='ltr'><strong>καὶ</strong></span> <span class='ocrx_word' id='word_1_926' title='bbox 1099 5628 1375 5705; x_wconf 57' lang='grc' dir='ltr'><strong>Βᾴνδηξκρι,</strong></span> <span class='ocrx_word' id='word_1_927' title='bbox 1392 5626 1629 5705; x_wconf 51' lang='grc' dir='ltr'><strong>Ἴϐηρες,</strong></span> <span class='ocrx_word' id='word_1_928' title='bbox 1648 5628 1831 5705; x_wconf 51' lang='grc' dir='ltr'><strong>θοά-</strong></span> 
     </span>
    </p>
   </div>
   <div class='ocr_carea' id='block_1_108' title="bbox 273 5676 1832 5771">
    <p class='ocr_par' dir='ltr' id='par_1_108' title="bbox 273 5676 1832 5771">
     <span class='ocr_line' id='line_1_110' title="bbox 273 5676 1832 5771; baseline -0.006 -13"><span class='ocrx_word' id='word_1_929' title='bbox 273 5721 356 5758; x_wconf 72' lang='grc' dir='ltr'><strong>τθι</strong></span> <span class='ocrx_word' id='word_1_930' title='bbox 378 5676 770 5759; x_wconf 52' lang='grc' dir='ltr'><strong>ἕαὶᾝωαὲῖται</strong></span> <span class='ocrx_word' id='word_1_931' title='bbox 788 5700 879 5754; x_wconf 72' lang='grc' dir='ltr'>καὶ</span> <span class='ocrx_word' id='word_1_932' title='bbox 912 5676 1565 5771; x_wconf 50' lang='grc' dir='ltr'><strong>ἈμμωνῖταιίΧαναναῗὸι</strong></span> <span class='ocrx_word' id='word_1_933' title='bbox 1585 5676 1673 5750; x_wconf 52' lang='lat' dir='ltr'><strong>in</strong></span> <span class='ocrx_word' id='word_1_934' title='bbox 1697 5676 1832 5749; x_wconf 67' lang='grc' dir='ltr'><strong>Χετ-</strong></span> 
     </span>
    </p>
   </div>
   <div class='ocr_carea' id='block_1_109' title="bbox 1940 5420 3508 5496">
    <p class='ocr_par' dir='ltr' id='par_1_109' title="bbox 1940 5420 3508 5496">
     <span class='ocr_line' id='line_1_111' title="bbox 1940 5420 3508 5496; baseline 0.006 -23"><span class='ocrx_word' id='word_1_935' title='bbox 1940 5420 2200 5496; x_wconf 77' lang='lat' dir='ltr'><strong>Vide_a_tur</strong></span> <span class='ocrx_word' id='word_1_936' title='bbox 2226 5421 2430 5475; x_wconf 89' lang='lat' dir='ltr'><strong>Fronto</strong></span> <span class='ocrx_word' id='word_1_937' title='bbox 2456 5420 2683 5476; x_wconf 80' lang='lat' dir='ltr'><strong>Ducaeus</strong></span> <span class='ocrx_word' id='word_1_938' title='bbox 2718 5420 2784 5475; x_wconf 92' lang='lat' dir='ltr'><strong>ad</strong></span> <span class='ocrx_word' id='word_1_939' title='bbox 2812 5423 3088 5477; x_wconf 89' lang='lat' dir='ltr'><strong>homiliam</strong></span> <span class='ocrx_word' id='word_1_940' title='bbox 3132 5423 3508 5496; x_wconf 80' lang='lat' dir='ltr'><strong>Cbrysostonii</strong></span> 
     </span>
    </p>
   </div>
   <div class='ocr_carea' id='block_1_110' title="bbox 1942 5491 2512 5562">
    <p class='ocr_par' dir='ltr' id='par_1_110' title="bbox 1942 5491 2512 5562">
     <span class='ocr_line' id='line_1_112' title="bbox 1942 5491 2512 5562; baseline 0 -17"><span class='ocrx_word' id='word_1_941' title='bbox 1942 5491 2017 5545; x_wconf 89' lang='lat' dir='ltr'><strong>De</strong></span> <span class='ocrx_word' id='word_1_942' title='bbox 2046 5491 2221 5546; x_wconf 78' lang='lat' dir='ltr'><strong>Phoco</strong></span> <span class='ocrx_word' id='word_1_943' title='bbox 2259 5503 2512 5562; x_wconf 78' lang='lat' dir='ltr'><strong>martyre.</strong></span> 
     </span>
    </p>
   </div>
   <div class='ocr_carea' id='block_1_111' title="bbox 2011 5562 3507 5629">
    <p class='ocr_par' dir='ltr' id='par_1_111' title="bbox 2011 5562 3507 5629">
     <span class='ocr_line' id='line_1_113' title="bbox 2011 5562 3507 5629; baseline 0.006 -15"><span class='ocrx_word' id='word_1_944' title='bbox 2011 5562 2121 5629; x_wconf 81' lang='lat'><strong>(76)</strong></span> <span class='ocrx_word' id='word_1_945' title='bbox 2159 5562 2510 5617; x_wconf 70' lang='lat' dir='ltr'><strong>Observatibi</strong></span> <span class='ocrx_word' id='word_1_946' title='bbox 2540 5562 2660 5629; x_wconf 85' lang='lat' dir='ltr'><strong>ipsi,</strong></span> <span class='ocrx_word' id='word_1_947' title='bbox 2689 5579 2752 5615; x_wconf 90' lang='lat' dir='ltr'><strong>ne</strong></span> <span class='ocrx_word' id='word_1_948' title='bbox 2782 5563 3051 5616; x_wconf 85' lang='lat' dir='ltr'><strong>seducaris</strong></span> <span class='ocrx_word' id='word_1_949' title='bbox 3094 5582 3126 5619; x_wconf 87' lang='lat' dir='ltr'><strong>a</strong></span> <span class='ocrx_word' id='word_1_950' title='bbox 3154 5564 3381 5622; x_wconf 78' lang='lat' dir='ltr'><strong>Domino</strong></span> <span class='ocrx_word' id='word_1_951' title='bbox 3401 5566 3507 5624; x_wconf 70' lang='lat' dir='ltr'><strong>Deo</strong></span> 
     </span>
    </p>
   </div>
   <div class='ocr_carea' id='block_1_112' title="bbox 1939 5632 3467 5707">
    <p class='ocr_par' dir='ltr' id='par_1_112' title="bbox 1939 5632 3467 5707">
     <span class='ocr_line' id='line_1_114' title="bbox 1939 5632 3467 5707; baseline 0.007 -23"><span class='ocrx_word' id='word_1_952' title='bbox 1939 5642 2045 5687; x_wconf 86' lang='lat' dir='ltr'><strong>tuo.</strong></span> <span class='ocrx_word' id='word_1_953' title='bbox 2075 5632 2214 5705; x_wconf 68' lang='lat' dir='ltr'><strong>Lege</strong></span> <span class='ocrx_word' id='word_1_954' title='bbox 2240 5632 2395 5690; x_wconf 79' lang='lat' dir='ltr'><strong>Deut.</strong></span> <span class='ocrx_word' id='word_1_955' title='bbox 2424 5648 2494 5698; x_wconf 70' lang='grc' dir='ltr'><strong>γι,</strong></span> <span class='ocrx_word' id='word_1_956' title='bbox 2524 5634 2589 5685; x_wconf 71' lang='lat'><strong>12</strong></span> <span class='ocrx_word' id='word_1_957' title='bbox 2613 5651 2626 5698; x_wconf 85' lang='lat'><strong>;</strong></span> <span class='ocrx_word' id='word_1_958' title='bbox 2653 5648 2769 5700; x_wconf 78' lang='lat' dir='ltr'><strong>vin,</strong></span> <span class='ocrx_word' id='word_1_959' title='bbox 2795 5632 2888 5700; x_wconf 78' lang='lat' dir='ltr'><strong>il;</strong></span> <span class='ocrx_word' id='word_1_960' title='bbox 2927 5650 3002 5703; x_wconf 70' lang='grc' dir='ltr'><strong>χι,</strong></span> <span class='ocrx_word' id='word_1_961' title='bbox 3038 5634 3103 5689; x_wconf 80' lang='lat' dir='ltr'><strong>i6</strong></span> <span class='ocrx_word' id='word_1_962' title='bbox 3132 5645 3185 5689; x_wconf 90' lang='lat' dir='ltr'><strong>ct</strong></span> <span class='ocrx_word' id='word_1_963' title='bbox 3224 5652 3378 5707; x_wconf 74' lang='lat' dir='ltr'><strong>mu,</strong></span> <span class='ocrx_word' id='word_1_964' title='bbox 3408 5638 3467 5696; x_wconf 85' lang='lat'><strong>5.</strong></span> 
     </span>
    </p>
   </div>
  </div>
