3976 6340
471 298 602 354 ιεῖι

1328 287 1383 342 S.
1421 281 1815 341 CLEMENTIS
1842 280 1862 335 1
1886 234 2061 336 ΙΒΟΜ.
2095 277 2297 334 PONT.
2332 276 2561 333 OPERA
2596 274 2825 330 DUBIA.

3587 269 3728 323 127?.

465 416 664 468 utienos
701 425 829 482 quos
871 405 1104 468 nescitis,
1149 419 1252 457 non
1278 401 1524 456 audietis
1572 400 1727 455 verba
1773 398 2037 467 propheta:
2068 401 2114 456 A
2140 396 2326 450 dixisti
2372 396 2573 450 habere
2617 392 2808 455 Deum,
2848 388 2994 482 quod
3029 396 3123 482 cst
3159 386 3733 482 injuria;quomodo

463 507 632 565 illius,
659 516 818 567 neque
840 511 1102 573 somnium
1130 495 1470 550 somniatoris
1493 493 1664 557 illius,
1689 492 1812 562 quia
1833 501 2041 543 tentans

467 599 683 654 tentavit
715 612 826 658 vos,
882 602 937 647 ut
992 591 1168 648 videat
1198 592 1246 646 si
1293 590 1517 662 diligitis
1557 589 1842 644 Dominum
1874 586 2042 641 Deum

463 700 695 744 vestrum
720 688 786 741 ⁸³.

530 777 708 833 XLVI.
742 776 1035 849 Propterea
1062 790 1191 846 ergo
1219 782 1272 831 et
1293 772 1557 830 Dominus
1587 781 1775 828 noster
1805 771 1959 842 signa
1990 776 2047 824 et

458 868 707 939 prodigia
756 866 986 929 faciens,
1032 865 1200 920 Deum
1249 865 1583 934 prtedicabat
1629 863 1961 928 Iudaeorum,
1991 868 2045 917 et
2118 918 2122 923 λ

425 960 582 1031 ,ἱάεο
636 966 785 1013 recte
830 957 1202 1029 praedicationi
1252 957 1372 1024 ejus
1420 956 1683 1011 creditur.
1732 954 1815 1008 Tu
1863 961 2044 1007 autem

458 1050 621 1103 etiam
667 1048 712 1103 si
760 1062 888 1101 vere
932 1046 1195 1115 propheta
1227 1062 1400 1110 esses,
1444 1054 1497 1100 et
1540 1046 1693 1117 signa
1727 1044 1936 1100 faceres
1981 1058 2045 1097 ac

458 1141 724 1212 prodigia,
755 1140 895 1195 sicut
940 1140 1231 1208 promittis,
1262 1147 1313 1193 et
1343 1140 1480 1193 alios
1520 1141 1875 1195 annuntiares
1913 1141 2045 1196 deos

458 1243 654 1305 prteter
682 1249 805 1288 eum
828 1234 921 1303 qui
952 1248 1115 1289 verus
1156 1241 1261 1300 est,
1293 1233 1643 1288 manifestum
1687 1243 1833 1288 esset
1878 1242 1933 1290 te
1975 1236 2041 1290 ad

457 1326 812 1380 tentationem
858 1326 1059 1395 pepqu
1101 1323 1198 1379 Dei
1249 1324 1593 1389 suscitatum,
1625 1333 1679 1380 et
1722 1326 1845 1383 ideo
1893 1328 2044 1382 credi

457 1417 558 1475 tibi
589 1418 809 1473 omnino
859 1434 969 1472 non
1016 1425 1210 1488 potest.
1244 1417 1397 1472 Unus
1427 1426 1510 1473 est
1545 1419 1690 1473 enim
1730 1435 1918 1486 verus,
1950 1423 2043 1492 qui

456 1492 540 1564 εεῖ
562 1508 870 1565 Iudaeorum
897 1509 1061 1575 Deus,
1088 1517 1140 1563 et
1167 1509 1235 1563 ob
1258 1510 1362 1563 hoc
1387 1509 1651 1565 Dominus
1669 1519 1855 1566 noster
1883 1510 2044 1569 Jesus

456 1601 708 1655 Christus
737 1600 964 1655 docebat
998 1598 1351 1671 quaerendum
1379 1616 1500 1655 esse
1532 1615 1642 1653 non
1680 1599 1848 1655 Deum
1878 1618 2038 1671 quem

455 1692 596 1746 bene
644 1703 924 1755 noverant,
973 1692 1069 1748 sed
1126 1708 1355 1761 regnum
1405 1701 1458 1747 et
1498 1693 1769 1761 justitiam
1819 1695 1937 1763 ejus
1970 1697 2034 1761 ⁶⁸,

456 1798 617 1851 quam
651 1782 853 1839 Scribre
884 1794 935 1838 ct
975 1783 1254 1848 Pharismi,
1285 1793 1534 1852 suscepta
1583 1784 1824 1839 scientia:
1861 1786 2030 1849 clave,

458 1890 567 1929 non
596 1877 999 1937 concluserant,
1034 1876 1128 1931 sed
1158 1876 1507 1931 excluserunt
1536 1876 1600 1930 ⁸⁸.
1632 1876 1767 1930 Nam
1799 1878 1843 1932 si
1874 1879 2033 1948 igno-

457 1974 670 2020 rassent
715 1983 903 2022 verum
948 1967 1137 2033 Deum,
1182 1983 1457 2037 nunquam
1512 1969 1702 2039 utique
1751 1970 1914 2039 hujus
1954 1971 2032 2025 rei

457 2057 735 2111 scientiam
766 2058 1100 2127 relinquens,
1135 2073 1254 2128 qua:
1281 2067 1397 2112 erat
1420 2060 1663 2114 onmium
1697 2070 1881 2131 caput,
1917 2065 2034 2117 cul-

456 2156 609 2216 paret
631 2164 725 2204 eos
755 2150 821 2204 de
850 2151 1034 2219 parvis
1064 2157 1117 2205 et
1150 2150 1415 2217 minimis,
1455 2151 1504 2205 id
1548 2162 1631 2207 est
1652 2154 1798 2223 quod
1837 2154 2034 2208 dilata-

456 2248 574 2293 reut
603 2240 841 2296 Iitnbrias
872 2255 1023 2306 suas,
1050 2250 1101 2295 et
1119 2243 1326 2311 primos
1362 2244 1646 2300 accubitus
1682 2246 1735 2299 in
1765 2247 2033 2303 conviviis

452 2331 812 2390 vindicarent.
838 2339 891 2387 et
920 2334 1065 2402 quod
1101 2334 1157 2387 in
1185 2335 1489 2405 quadriviis
1537 2343 1747 2392 stantes
1791 2348 2030 2402 orarent,

453 2428 507 2475 et
537 2422 643 2475 alia
674 2422 759 2476 his
781 2421 1004 2487 similia,
1031 2438 1150 2491 qlia:
1176 2424 1363 2494 utique
1392 2440 1455 2479 ex
1487 2427 1892 2495 comparatione
1916 2443 2031 2481 ma-

453 2514 545 2581 gni
577 2513 738 2581 hujus
768 2515 985 2585 capitis,
1032 2517 1351 2588 ignorantia:
1401 2516 1515 2583 Dei,
1554 2520 1747 2590 exigua
1784 2519 2035 2575 videntur

453 2612 507 2657 et
536 2619 723 2672 parva.

525 2695 731 2750 XLVII.
763 2696 829 2750 Et
862 2698 1049 2752 Simon
1083 2698 1151 2753 ad
1176 2700 1288 2754 hac
1315 2701 1389 2754 ait
1422 2720 1434 2754 :
1467 2701 1541 2755 Ex
1574 2704 1759 2757 verbis
1790 2703 2032 2774 magistri

453 2790 530 2840 tui
558 2788 880 2841 convincam
911 2795 983 2852 te,
1017 2791 1145 2859 quia
1168 2790 1332 2844 etiam
1364 2792 1480 2860 ipse
1508 2792 1813 2862 ignoratum
1842 2809 2033 2863 quem-

452 2879 576 2930 dam
610 2877 865 2931 omnibus
892 2877 1190 2932 introducit
1220 2879 1411 2935 Deum.
1444 2880 1578 2936 Cum
1606 2883 1750 2936 enim
1774 2892 1825 2937 et
1861 2882 2031 2937 Adam

452 2978 750 3023 creatorem
793 2985 951 3024 suum
994 2972 1178 3026 scierit
1211 2970 1401 3039 Deum,
1443 2975 1740 3044 mundique
1784 2977 2033 3031 condito-

450 3073 586 3117 rem,
615 3066 667 3111 et
698 3056 905 3124 Enoch,
937 3058 1138 3128 quippe
1165 3060 1259 3128 qui
1294 3060 1362 3114 ab
1402 3075 1467 3115 eo
1506 3062 1806 3117 translatus
1839 3072 1943 3125 est,
1973 3071 2027 3120 et
2052 3094 2095 3153 ο

448 3146 584 3211 Νοε,
614 3155 800 3217 utpote
829 3149 896 3203 ab
934 3164 1002 3206 eo
1044 3150 1239 3220 jussus
1284 3167 1467 3205 arcam
1500 3162 1835 3220 construere,
1866 3168 2023 3209 cutu-

449 3254 556 3306 qac
589 3246 642 3291 et
668 3238 966 3304 Abraham,
1011 3246 1064 3295 et
1116 3242 1286 3305 Isaac,
1325 3250 1378 3297 et
1404 3241 1593 3309 Jacob,
1622 3251 1675 3300 et
1710 3244 1941 3317 Moyses,
1972 3258 2026 3304 ct

450 3346 661 3395 omnes,
697 3331 982 3401 omnisque
1005 3334 1240 3403 populus
1268 3343 1431 3405 atque
1478 3352 1669 3392 omnes
1702 3349 1894 3408 gentes
1924 3357 2025 3396 no-

451 3422 625 3474 verint
655 3422 991 3478 conditorem
1020 3425 1229 3489 mundi,
1261 3434 1314 3480 et
1344 3426 1615 3482 fateantur
1645 3429 1834 3496 Deum,
1864 3433 2026 3491 Jesus

448 3520 646 3576 vester,
672 3513 762 3583 qui
790 3513 946 3583 longe
974 3517 1246 3585 posterior
1267 3515 1521 3575 Patribus
1548 3524 1823 3590 apparuit,
1849 3525 1983 3579 dicit
2008 3545 2021 3583 :

451 3600 623 3656 Nemo
650 3604 793 3657 novit
822 3603 1048 3667 Filium,
1079 3607 1183 3660 nisi
1225 3607 1406 3669 Pater,
1438 3626 1597 3679 neque
1637 3610 1853 3665 Patrem
1883 3616 2019 3686 quis,

449 3695 553 3749 nisi
581 3692 775 3763 Filius,
803 3706 853 3752 et
878 3698 964 3751 cui
991 3698 1213 3752 voluerit
1243 3698 1418 3753 Filius
1439 3703 1671 3757 revelare
1694 3705 1758 3760 ⁸⁸.
1791 3706 1868 3759 Ita
1896 3723 2030 3779 ergo

448 3784 680 3842 etJesus
717 3795 897 3843 vester
940 3789 1105 3843 alium
1146 3806 1269 3845 esse
1299 3790 1466 3846 Deum
1504 3793 2024 3865 incomprehensibi—

448 3875 554 3930 lem
586 3877 842 3935 omnibus
867 3887 920 3933 et
948 3879 1283 3949 incognitum
1313 3880 1530 3938 fatetur.

517 3959 748 4018 XLVIII.
786 3968 924 4021 Tum
957 3967 1153 4024 Petrus
1187 3989 1200 4024 :
1232 3969 1536 4039 Contraria,
1584 3975 1782 4046 inquit,
1814 3976 2027 4033 tibimet

445 4058 550 4125 ipsi
581 4067 633 4111 te
658 4057 904 4127 proferre
938 4076 1046 4114 non
1073 4062 1263 4119 sentis.
1298 4062 1354 4117 Si
1382 4065 1526 4119 enim
1557 4075 1609 4121 et
1632 4064 1792 4123 Iesus
1836 4078 2026 4126 noster

444 4147 548 4200 scit
581 4148 764 4213 istum,
803 4165 961 4220 quem
994 4151 1132 4207 dicis
1164 4152 1499 4223 incognitum
1528 4155 1720 4225 Deum,
1752 4175 1880 4230 ergo
1911 4161 2022 4229 jam

444 4252 552 4290 non
583 4252 613 4291 a
644 4245 696 4293 te
723 4239 838 4293 solo
868 4248 950 4294 est
983 4243 1253 4311 cognitus.
1285 4244 1398 4298 lmo
1428 4246 1471 4299 si
1496 4244 1656 4302 Jesus
1687 4258 1873 4304 noster
1901 4267 2023 4305 eum

443 4331 616 4392 novit,
642 4330 854 4400 Moyses
882 4349 1119 4403 quoque,
1151 4336 1244 4406 qui
1274 4346 1329 4391 et
1366 4337 1552 4394 Jesum
1584 4350 1871 4397 venturum
1903 4360 2026 4400 esse

2147 488 2292 541 enim
2308 486 2508 541 habere
2531 486 2697 539 lilium
2718 488 2913 553 potest,
2935 481 3042 536 nisi
3067 480 3267 537 similia
3287 480 3615 534 hominibus
3642 486 3737 532 aut

2149 579 2482 633 animalibus
2498 576 2772 647 patiatur?
2800 574 2904 629 Sed
2926 572 2992 628 de
3005 572 3091 627 bis
3106 587 3215 625 non
3238 579 3321 626 est
3342 587 3493 625 nunc
3510 579 3736 639 tempus

2147 685 2374 741 arguere
2400 667 2724 739 profundam
2754 664 3040 720 stultitiam
3067 672 3237 727 tuam,
3264 661 3467 718 festino
3488 662 3645 715 enim
3670 662 3743 715 de

2148 761 2512 816 immensitate
2576 772 2804 814 summre
2842 756 2981 810 lucis
3013 770 3305 826 exponere,
3343 763 3397 809 et
3425 754 3544 821 jam
3586 768 3737 804 nunc

2147 850 2293 905 audi.
2312 848 2448 903 Puto
2467 864 2587 903 esse
2608 849 2842 917 aliquam
2872 847 3125 901 virtutem
3159 846 3436 899 immensae
3464 852 3518 897 et
3539 842 3741 896 inena-

2149 943 2275 998 bilis
2303 942 2462 1004 lucis,
2493 941 2651 1009 cujus
2674 940 2989 1011 magnitudo
3029 936 3613 1007 incomprehensibilis
3643 936 3743 988 ba-

2148 1033 2361 1097 beatur,
2375 1048 2534 1103 quam
2554 1033 2805 1085 virtutem
2822 1032 2983 1085 etiam
3001 1028 3188 1083 mundi
3215 1027 3470 1082 conditor
3492 1026 3740 1096 ignoret,

2146 1132 2200 1179 et
2239 1125 2513 1195 legislator
2537 1123 2769 1194 Moyses,
2800 1130 2853 1176 et
2884 1122 3139 1191 magister
3176 1127 3356 1175 vester
3389 1119 3583 1175 Jesus.

2218 1216 2278 1271 L.
2328 1216 2465 1270 Tum
2507 1215 2745 1271 Petrus:
2778 1213 2898 1268 Non
2951 1212 3046 1267 tibi
3076 1213 3291 1267 videtur
3339 1213 3603 1266 amentiae
3651 1227 3740 1266 res

2145 1325 2287 1377 esse,
2318 1321 2563 1361 asserere
2588 1305 2724 1360 velle
2752 1304 3081 1375 quempiam,
3106 1302 3251 1371 quod
3284 1301 3356 1354 sit
3398 1302 3546 1355 alius
3590 1300 3741 1354 Deus

2146 1416 2309 1470 quam
2337 1399 2483 1454 Deus
2512 1398 2777 1459 omnium,
2810 1402 2864 1451 et
2900 1395 3103 1459 dicere,
3132 1402 3264 1464 puto
3312 1408 3437 1448 esse
3462 1393 3737 1445 virtutem

2145 1493 2456 1562 quamdam,
2488 1498 2541 1547 et
2565 1491 2885 1561 priusquam
2928 1488 3032 1557 ipsi
3075 1495 3287 1541 certum
3342 1485 3411 1539 sit
3454 1484 3615 1554 quod
3660 1485 3739 1537 lo-

2144 1586 2349 1656 quitur,
2376 1585 2484 1639 boc
2509 1585 2646 1640 velle
2674 1583 2795 1641 aliis
2822 1581 3186 1637 confirmare?
3219 1580 3385 1634 Estne
3416 1580 3632 1648 aliquis
3662 1580 3739 1631 ita

2146 1690 2405 1744 praeceps,
2437 1673 2529 1744 qui
2558 1673 2736 1731 verbis
2781 1673 2892 1728 tuis
2915 1672 3122 1741 credat,
3145 1672 3202 1725 in
3231 1670 3433 1741 quibus
3465 1679 3521 1724 te
3552 1671 3737 1739 ipsum

2068 1749 2110 1803 Β
2139 1768 2317 1823 videat
2347 1767 2719 1833 dubitantem;
2758 1772 2816 1819 et
2845 1765 3095 1819 admittat
3118 1780 3241 1820 esse
3275 1764 3523 1833 aliquam
3556 1765 3738 1817 virtu-

2135 1869 2242 1914 tem
2279 1860 2604 1929 incognitam
2673 1858 2906 1913 creatori
2933 1857 3063 1924 Deo,
3097 1865 3151 1912 et
3183 1856 3376 1928 Moysi,
3403 1865 3460 1911 et
3494 1856 3735 1925 prophe-

2135 1952 2225 2014 tis,
2277 1961 2329 2005 et
2361 1952 2485 2021 legi.
2542 1958 2595 2005 et
2630 1950 2759 2005 .lesu
2802 1951 2964 2005 etiam
3008 1949 3270 2019 magistro
3317 1956 3565 2015 nostro,
3611 1963 3735 2017 quae

2136 2045 2308 2098 virtus
2358 2044 2428 2095 ita
2473 2044 2613 2097 bona
2660 2043 2753 2106 sit,
2782 2051 2842 2096 ut
2874 2042 3007 2096 nulli
3048 2042 3178 2096 velit
3217 2041 3595 2107 innotescere,
3630 2040 3732 2093 nisi

2137 2134 2227 2186 uni
2255 2141 2486 2199 tantum,
2518 2140 2573 2187 et
2601 2133 2702 2187 hoc
2732 2133 2827 2186 tibi
2858 2131 3135 2186 tali?Tum
3166 2131 3367 2187 deinde
3398 2134 3444 2186 si
3477 2146 3627 2185 nova
3652 2138 3733 2185 est

2136 2226 2240 2279 ista
2263 2225 2458 2288 virtus,
2493 2225 2763 2295 quomodo
2792 2224 2951 2279 nobis
2985 2239 3097 2278 non
3123 2224 3213 2278 dat
3249 2239 3454 2277 novum
3492 2224 3729 2292 aliquem

2136 2334 2356 2373 sensum
2411 2329 2604 2388 praeter
2650 2318 2749 2373 hos
2789 2332 2927 2386 quos
2965 2318 3205 2387 gerimus
3254 2317 3527 2386 quinque,
3564 2324 3625 2369 ut
3667 2330 3728 2370 ex

2137 2411 2255 2481 ipso
2296 2412 2364 2465 ab
2413 2427 2478 2465 ea
2518 2412 2675 2466 nobis
2714 2412 2911 2480 largito
2952 2425 3096 2465 novo
3148 2425 3333 2475 sensu,
3380 2409 3568 2478 ipsam
3614 2423 3727 2478 qua:

2135 2518 2275 2557 nova
2306 2505 2390 2558 est
2414 2518 2607 2574 capere
2648 2512 2700 2557 et
2738 2502 3036 2573 intelligere
3066 2500 3380 2573 possimus?
3408 2508 3511 2555 aut
3540 2500 3591 2554 si
3622 2516 3727 2553 non

2136 2602 2311 2665 potest
2358 2596 2564 2665 largiri,
2597 2597 2869 2666 quomodo
2900 2596 2994 2649 tibi
3026 2595 3216 2664 largita
3258 2601 3341 2649 est
3362 2595 3387 2647 ?
3413 2602 3513 2647 aut
3553 2595 3600 2648 si
3633 2594 3725 2646 tibi

2136 2687 2414 2751 revelavit,
2438 2703 2535 2742 cur
2586 2703 2693 2742 non
2716 2698 2769 2742 et
2796 2685 2988 2741 nobis?
3021 2684 3076 2739 Si
3100 2700 3227 2738 vero
3256 2700 3287 2738 a
3320 2686 3620 2754 temetipso
3644 2687 3726 2738 in-

2136 2782 2412 2845 tellexisti,
2445 2797 2566 2852 qua!
2603 2796 2671 2835 ne
2707 2780 2980 2852 prophetae
3009 2779 3224 2849 quidem
3268 2778 3477 2832 sentire
3521 2789 3614 2831 aut
3642 2779 3726 2832 in-

2138 2874 2379 2945 telligere
2408 2882 2720 2944 potuerunt,
2751 2873 2840 2926 dic
2877 2887 2975 2942 age
3015 2871 3172 2927 nobis
3207 2885 3355 2923 nunc
3386 2870 3519 2939 quid
3550 2885 3721 2923 unus—

2135 2965 2368 3034 quisque
2400 2972 2647 3019 nostrum
2684 2962 2887 3032 cogitat
2914 2980 2928 3015 :
2964 2959 3021 3014 Si
3051 2960 3195 3014 enim
3237 2966 3426 3013 tantus
3461 2969 3542 3013 est
3570 2958 3627 3012 in
3659 2968 3720 3015 te

2133 3057 2381 3126 spiritus,
2414 3063 2471 3110 ut
2492 3072 2554 3110 ea
2584 3072 2704 3125 quae
2733 3069 2897 3124 super
2919 3053 3086 3107 caelos
3118 3058 3265 3113 sunt,
3300 3051 3569 3120 incognita
3596 3066 3721 3104 om.

2129 3149 2292 3205 nibus
2330 3156 2385 3203 et
2436 3148 2693 3203 omnibus
2743 3143 3319 3216 incomprehensibilia
3368 3157 3717 3213 cognoscas,

2125 3240 2297 3293 multo
2350 3238 2563 3292 facilius
2604 3238 2962 3308 COgitationes
2996 3235 3263 3290 humanas
3305 3250 3430 3305 quae
3460 3235 3517 3288 in
3548 3234 3721 3288 terris

2126 3331 2395 3398 habentur
2423 3331 2696 3401 agnoscis.
2725 3329 2877 3395 Quod
2909 3328 2954 3383 si
2986 3329 3340 3400 COgitationes
3370 3338 3595 3382 nostras
3619 3328 3719 3397 qui

2126 3422 2215 3477 hic
2243 3429 2452 3477 stamus
2483 3439 2589 3477 non
2618 3430 2773 3492 potes
2811 3424 2973 3487 scire,
2997 3422 3268 3492 quomodo
3296 3436 3359 3477 ea
3400 3436 3526 3491 qua:
3546 3421 3719 3476 nullis

2125 3528 2247 3570 esse
2277 3515 2493 3585 cognita
2515 3514 2768 3578 allirmas,
2799 3516 2938 3570 scire
2968 3525 3018 3570 te
3048 3515 3226 3570 dicis?

2197 3604 2283 3659 LI.
2314 3605 2489 3661 Crede
2510 3614 2689 3661 autem
2724 3605 2876 3670 mihi,
2910 3606 3035 3676 quia
3074 3621 3348 3677 nunquam
3382 3608 3560 3662 scires
3582 3608 3715 3678 quid

2125 3706 2208 3753 est
2231 3700 2343 3763 lux,
2370 3700 2478 3754 nisi
2502 3699 2571 3753 ab
2602 3699 2716 3768 ipsa
2758 3700 2879 3755 luce
2908 3699 3213 3769 accepisses
3242 3705 3295 3753 et
3325 3698 3507 3754 visum
3539 3707 3595 3754 et
3621 3701 3713 3754 in-

2125 3797 2399 3851 tellectum
2437 3796 2690 3863 videndi;
2726 3797 2808 3851 sic
2836 3804 2891 3851 et
2926 3797 2981 3850 in
3023 3797 3253 3853 ueteris.
3301 3794 3441 3849 Hinc
3483 3805 3713 3865 accepta

2127 3888 2509 3958 intelligentia,
2542 3888 2718 3957 majus
2748 3886 2951 3958 aliquid
2981 3894 3035 3941 et
3068 3886 3357 3941 sublimius
3389 3888 3595 3941 somnii
3626 3903 3713 3941 tn-

2126 3987 2244 4036 star
2271 3980 2570 4050 excogitas,
2620 3980 2911 4034 occasione
2962 3987 3137 4033 tamen
3179 3994 3246 4033 ex
3287 3978 3413 4033 istis
3463 3978 3711 4049 quinque

2126 4072 2379 4128 sensibus
2409 4079 2645 4141 sumpta,
2677 4086 2908 4141 quorum
2932 4071 3174 4142 largitori
3198 4071 3448 4141 ingratus
3466 4087 3550 4126 es.
3576 4072 3709 4126 Cer-

2126 4170 2214 4217 tus
2242 4170 2421 4217 autem
2447 4170 2586 4225 esto,
2610 4161 2753 4231 quod
2783 4160 2956 4215 donec
2992 4175 3101 4213 non
3132 4159 3344 4214 invenis
3374 4174 3583 4213 novum
3609 4160 3709 4212 ali-

2127 4270 2285 4325 quem
2316 4271 2557 4319 sensum,
2583 4255 2674 4325 qui
2696 4261 2849 4309 extra
2873 4255 2973 4308 hos
3000 4252 3240 4324 quinque
3268 4254 3339 4307 sit
3361 4253 3570 4323 quibus
3598 4269 3708 4307 om-

2126 4365 2225 4405 nes
2251 4348 2478 4411 utimur,
2511 4362 2710 4402 novum
2741 4361 2987 4402 asserere
3034 4361 3143 4401 non
3175 4345 3381 4417 poteris
3406 4343 3611 4400 Deum.
3640 4346 3703 4400 Et

442 4422 782 4490 prophetavit
808 4424 928 4480 sine
955 4425 1122 4480 dubio
1152 4442 1250 4482 nec
1274 4429 1390 4498 ipse
1415 4430 1685 4500 ignoravit
1710 4449 1831 4488 eum
1854 4450 1869 4501 ;
1892 4450 2012 4503 pro-
2054 4449 2097 4503 Ι)
2130 4441 2318 4496 Simon
2342 4461 2356 4496 ε
2384 4441 2519 4497 Cum
2541 4439 2781 4511 quinque
2812 4439 3066 4495 sensibus
3092 4446 3343 4493 constent
3368 4437 3565 4492 omnia
3586 4453 3703 4507 qua

440 4513 604 4581 pheta
633 4515 779 4569 enim
821 4526 959 4581 erat,
988 4527 1042 4572 et
1074 4518 1165 4588 qui
1215 4519 1282 4574 de
1331 4519 1469 4576 Filio
1512 4524 1872 4593 prophetavit,
1907 4527 2024 4582 sine

441 4604 608 4659 dubio
639 4618 967 4676 cognoverat
995 4608 1231 4665 Patrem.
1267 4611 1322 4665 Si
1362 4615 1506 4667 enim
1538 4615 1593 4669 in
1633 4617 1911 4671 voluntate
1939 4626 2025 4674 est

443 4696 565 4752 Filii
598 4701 838 4756 revelare
886 4700 1101 4757 Patrem
1150 4706 1237 4759 cui
1286 4706 1539 4783 voluerit,
1590 4708 1781 4773 Filius,
1825 4726 1918 4780 qur
1953 4712 2024 4767 ab

440 4792 598 4847 initio
625 4802 678 4848 et
705 4810 919 4866 semper
948 4813 1069 4850 cum
1094 4798 1257 4855 Patre
1290 4800 1389 4853 fuit
1424 4816 1520 4871 per
1563 4802 1808 4871 singulas
1852 4819 2019 4873 quas-

439 4898 547 4952 que
575 4886 975 4954 generationes,
1003 4888 1145 4943 sicut
1175 4890 1434 4944 revelavit
1462 4889 1634 4963 Moysi
1674 4892 1908 4959 Patrem,
1942 4896 2020 4949 ita

439 4986 493 5029 et
523 4978 646 5032 aliis
673 4981 981 5049 pr0phetis;
1012 4983 1158 5053 quod
1190 4984 1237 5038 si
1277 4991 1381 5049 est,
1414 4986 1547 5039 nulli
1602 4985 1815 5043 Patrem
1847 4988 2019 5047 fuisse

440 5068 775 5139 incognitum
814 5081 1047 5128 constat.
1083 5073 1204 5129 Tibi
1230 5090 1360 5129 vero
1394 5077 1486 5146 qui
1534 5075 1727 5132 Filium
1755 5095 1863 5134 non
1898 5096 2019 5136 cre-

438 5158 545 5224 dis,
570 5163 843 5230 quomodo
865 5167 1041 5235 potuit
1073 5166 1299 5222 revelari
1341 5165 1522 5233 Pater,
1560 5171 1651 5239 qui
1682 5148 1815 5225 nulli
1855 5180 2018 5229 notus

437 5260 543 5314 est,
566 5252 671 5307 nisi
701 5254 790 5308 cui
822 5258 1052 5313 voluerit
1086 5258 1256 5315 Filius
1280 5261 1555 5315 revelare?
1586 5261 1805 5318 Revelat
1833 5274 2012 5319 autem

435 5339 607 5396 Filius
630 5342 843 5401 Patrem
873 5349 957 5402 his
978 5350 1072 5419 qui
1106 5350 1181 5403 ita
1212 5350 1577 5407 honoriﬁcam
1605 5352 1824 5421 Filium,
1864 5357 2007 5412 sicut

440 5436 800 5493 honorificam
827 5440 1040 5515 Patrem
1057 5444 1121 5498 ⁸⁷.

505 5528 691 5586 XLIX.
724 5532 862 5587 Tum
890 5534 1076 5591 Simon
1104 5556 1117 5592 :
1144 5537 1432 5604 Memento,
1453 5539 1648 5610 inquit,
1682 5540 1807 5611 quia
1837 5540 2004 5594 lilium

512 5749 554 5781 υ
576 5749 729 5806 Deut.
764 5768 878 5823 xui,
912 5752 1020 5808 L5.
1124 5754 1164 5788 ⁸⁵
1205 5753 1393 5811 Matth.
1423 5772 1492 5825 vt,
1518 5758 1604 5811 35.

1681 5758 1721 5789 ⁸⁵
1758 5756 1885 5811 Lu
1925 5772 1997 5821 XI,
2032 5758 2118 5813 5'2.

2126 4540 2274 4595 sunt,
2313 4531 2447 4585 nihil
2494 4546 2694 4584 novum
2727 4529 2925 4583 addere
2960 4528 3137 4581 virtus
3188 4526 3275 4579 illa
3310 4527 3534 4582 cunctis
3564 4526 3697 4581 emi-

2126 4626 2343 4680 nentior
2372 4630 2570 4694 potest.
2601 4621 2664 4675 Et
2690 4620 2886 4676 Petrus
2909 4621 2984 4673 ait
3010 4639 3022 4674 :
3058 4618 3276 4674 Falsum
3304 4627 3408 4673 est.
3436 4618 3536 4672 Est
3555 4621 3695 4673 enim

2123 4724 2177 4771 et
2227 4716 2366 4770 alius
2397 4723 2583 4770 sextus
2630 4729 2857 4775 sensus,
2913 4712 2966 4765 id
3022 4718 3106 4766 est
3150 4710 3570 4780 praanoscendi;
3610 4710 3691 4765 isti

2122 4808 2264 4861 enim
2295 4806 2535 4876 quinque
2562 4819 2762 4859 sensus
2789 4803 3031 4859 scientiae
3062 4816 3290 4871 capaces
3320 4808 3472 4868 sunt,
3506 4811 3690 4857 sextus

2124 4906 2301 4951 autem
2335 4896 2690 4967 praescientia:
2732 4902 2837 4956 est,
2900 4909 3059 4963 quem
3115 4893 3353 4947 habuere
3391 4893 3685 4963 prOphette.

2124 4990 2204 5044 Tu
2240 5002 2369 5059 ergo
2396 4986 2670 5056 quomodo
2696 4992 2851 5056 potes
2876 4984 3041 5039 Deum
3064 4984 3317 5039 omnibus
3349 4983 3687 5054 incognitum

2122 5096 2305 5142 nosse,
2340 5079 2434 5149 qui
2458 5093 2558 5133 nec
2589 5077 2962 5148 prOpheticum
3016 5090 3260 5141 sensum,
3297 5074 3393 5145 qui
3434 5086 3522 5130 est
3548 5093 3682 5147 pra:-

2122 5172 2381 5236 scientiae,
2442 5169 2784 5240 cognovisti?
2834 5168 2970 5223 Tum
3022 5167 3208 5223 Simon
3239 5169 3404 5238 ccepit
3453 5170 3678 5223 dicere:

2118 5262 2270 5316 lianc
2298 5276 2460 5332 quam
2511 5259 2635 5313 dico
2690 5257 2945 5311 virtutem
3002 5256 3606 5327 incomprehensibilem
3632 5265 3680 5309 et

2116 5354 2531 5409 eminentiorem
2582 5350 2817 5413 cunctis,
2871 5348 3035 5403 etiam
3093 5349 3217 5418 ipso
3270 5346 3363 5417 qui
3415 5347 3673 5402 mundum

2115 5446 2359 5501 condidit
2388 5445 2519 5507 Deo,
2570 5459 2747 5513 neque
2798 5443 3115 5513 angelorum
3164 5442 3453 5513 quisquam
3508 5453 3673 5508 neque

2111 5542 2414 5596 dazmonum
2455 5537 2606 5592 novit
2633 5550 2806 5606 neque
2850 5532 3187 5599 Iudaeorum,
3218 5550 3395 5604 neque
3424 5536 3533 5590 ulla
3561 5547 3669 5589 om-

2200 5756 2241 5784 “
2285 5755 2483 5810 Matth.
2523 5762 2597 5825 xi,
2628 5754 2716 5811 ‘27.
2798 5757 2839 5786 δ’
2879 5754 3032 5812 Joan.
3070 5772 3123 5823 v,
3153 5755 3246 5811 ‘25.
