3976 6340
212 296 349 352 1275

1386 286 1954 345 RECOGNITIONUM
1986 284 2115 341 LIB.
2153 284 2213 342 ll.

3295 290 3433 346 ηῖι

208 411 335 463 nino
361 422 481 477 qua:
511 422 542 460 a
586 404 868 461 conditore
901 402 1012 457 Deo
1039 401 1285 458 substitit
1323 411 1595 456 creatura.
1618 405 1768 468 Quo-
1800 412 1845 467 Α
1873 412 2094 453 causam
2134 398 2190 450 in
2247 397 2501 466 paradiso
2532 396 2749 467 posuit?
2798 396 2854 453 Si
2908 414 3036 455 vero
3083 399 3281 455 bonum
3315 415 3436 459 erat

206 501 365 555 modo
393 500 539 554 enim
570 504 804 569 poterat,
835 511 997 566 quam
1026 494 1257 550 Creator
1308 497 1424 565 ipse
1457 511 1568 549 non
1601 510 1766 548 nove-

203 599 308 652 rat,
354 589 435 643 lex
461 604 546 642 me
579 588 751 657 ipsius
781 586 1059 641 Creatoris
1091 586 1340 655 edocere,
1365 602 1489 639 cum
1516 601 1617 639 nec
1647 586 1763 655 ipsa

199 681 363 735 sciret
391 683 533 750 quod
564 681 813 735 doceret?

268 772 376 828 LII.
412 772 475 827 Et
534 773 767 828 Petrus:
822 773 1009 838 Miror,
1042 774 1236 844 inquit,
1296 773 1570 844 quomodo
1609 780 1670 827 tu
1699 789 1764 828 ex

198 864 313 933 lege
347 865 468 933 plus
523 866 767 934 potueris
824 866 1056 927 discere,
1094 881 1256 935 quam
1289 865 1486 921 docere
1513 866 1597 921 vel
1624 865 1766 920 scire

198 957 279 1011 lex
313 957 562 1025 poterat?
586 964 639 1010 et
692 958 965 1026 quomodo
1013 957 1206 1011 horum
1258 972 1379 1027 quae
1409 972 1654 1013 asserere
1685 958 1766 1013 vis

196 1048 548 1116 probationes
579 1048 730 1102 dicas
763 1056 813 1102 te
844 1066 909 1103 ex
955 1050 1071 1119 lege
1122 1050 1387 1119 proferre,
1421 1064 1543 1104 cum
1591 1064 1766 1118 neque

197 1138 370 1208 legem
402 1154 620 1192 asseras
667 1154 831 1192 nosse
858 1153 921 1193 ea
966 1155 1085 1210 qum
1116 1138 1284 1203 dicis,
1312 1155 1487 1209 neque
1517 1154 1640 1195 eum
1671 1139 1764 1209 qui

194 1231 363 1300 legem
396 1230 563 1291 dedit.
611 1232 663 1285 id
720 1239 803 1285 est
843 1233 1027 1286 mundi
1061 1232 1416 1287 Creatorem?
1445 1232 1550 1288 Sed
1580 1245 1633 1288 et
1663 1233 1765 1286 hoc

192 1321 385 1384 miror,
418 1322 691 1390 quomodo
723 1330 779 1376 tu
834 1325 925 1393 qui
959 1327 1110 1396 solus
1142 1326 1253 1379 htec
1286 1327 1452 1395 nosti,
1488 1326 1577 1380 hic
1605 1329 1766 1383 modo

190 1427 315 1465 cum
350 1413 607 1467 omnibus
640 1422 753 1468 stes
807 1416 991 1473 brevis
1042 1418 1163 1471 atrii
1200 1419 1364 1487 hujus
1421 1419 1629 1473 ambitu
1656 1420 1767 1474 cir-

189 1504 505 1559 cumdatus.
547 1505 613 1559 Et
646 1505 833 1561 Simon
864 1509 1056 1563 videns
1094 1526 1217 1564 cum
1270 1513 1419 1566 omni
1452 1514 1655 1583 populo
1686 1515 1764 1567 rio

188 1593 406 1647 dentem
466 1594 685 1649 Petrum
710 1616 722 1651 :
751 1595 939 1662 Rides,
970 1599 1167 1667 inquit,
1204 1598 1383 1661 Petre,
1425 1615 1549 1654 cum
1585 1617 1764 1654 sermo

187 1686 249 1739 de
282 1686 449 1740 tantis
477 1687 639 1742 rebus
690 1698 742 1742 et
771 1697 880 1741 tam
913 1691 1276 1747 eminentibus
1300 1693 1595 1747 habeatur?
1629 1692 1761 1745 Tum

1865 492 2012 561 quod
2041 492 2094 545 in
2134 490 2391 561 paradiso
2435 492 2639 562 posuit,
2672 508 2782 548 non
2803 502 2888 548 est
2914 494 3042 548 boni
3064 494 3355 564 prohibere
3404 514 3435 551 a

1866 584 2027 638 bono.

1937 673 2069 729 LIV.
2112 673 2201 729 Sic
2229 691 2359 747 ergo
2384 692 2507 746 cum
2541 677 2586 731 is
2617 677 2710 747 qui
2740 676 3015 733 hominem
3046 676 3176 733 fecit
3198 690 3253 734 et
3278 697 3437 736 mun-

1864 765 2015 829 dum,
2042 768 2342 822 secundum
2373 783 2437 823 ea
2477 784 2598 837 qua:
2626 769 2712 823 lex
2741 768 2909 823 refert
2937 769 3290 839 imperfectus
3340 773 3432 836 sit,

1866 859 2032 912 alium
2061 861 2181 915 sine
2212 860 2378 915 dubio
2407 860 2500 915 dat
2533 861 2762 932 intelligi
2786 862 2878 931 qui
2903 862 3179 931 perfectus
3210 865 3301 918 sit.
3329 863 3437 919 Neo

1867 966 2024 1005 cesse
2058 960 2143 1005 est
2170 954 2313 1005 enim
2367 968 2487 1007 esse
2518 954 2754 1023 aliquem
2794 952 3037 1007 omnium
3092 957 3439 1025 praestantio-

1868 1055 1999 1103 rem,
2023 1050 2244 1111 propter
2270 1058 2431 1113 quem
2460 1053 2512 1097 et
2534 1046 2713 1099 omnis
2739 1053 2986 1099 creatura
3010 1046 3257 1101 ordinem
3274 1064 3435 1104 suum

1866 1142 2065 1187 servat.
2095 1133 2249 1191 Unde
2271 1146 2324 1190 et
2358 1152 2458 1206 ego
2489 1138 2691 1200 sciens,
2717 1138 2844 1206 quia
2867 1138 3180 1193 omnimodo
3213 1155 3439 1199 necesse

1865 1231 2102 1280 estesse
2147 1227 2383 1296 aliquem
2439 1227 2811 1290 benigniorem
2858 1237 2911 1282 et
2959 1229 3318 1297 potentiorem
3347 1246 3434 1297 eo,

1865 1316 1957 1384 qui
1991 1316 2160 1387 legem
2211 1317 2378 1382 dedit,
2414 1318 2733 1388 imperfecto
2768 1318 2892 1382 deo,
2925 1336 2991 1377 ex
3027 1324 3438 1393 comparatione

1867 1408 2166 1476 imperfecti
2223 1408 2521 1478 perfectum
2567 1410 2698 1479 quid
2757 1411 2828 1465 sit
2864 1411 3194 1481 intelligens,
3226 1430 3291 1468 ex
3319 1415 3436 1484 ipsa

1868 1497 2151 1567 Scriptura
2197 1499 2366 1555 Deum
2428 1500 2583 1554 illum
2615 1500 2682 1556 de
2723 1517 2830 1571 quo
2863 1504 3124 1572 scriptum
3156 1521 3263 1558 non
3293 1514 3435 1570 erat,

1867 1586 2126 1642 intellexi.
2163 1587 2227 1641 Et
2252 1589 2353 1642 hoc
2379 1589 2538 1642 modo
2558 1590 2727 1658 potui,
2743 1604 2775 1643 o
2792 1588 2971 1654 Petre,
2991 1606 3056 1646 ex
3084 1592 3199 1662 lege
3223 1592 3438 1649 discere

1867 1678 2010 1745 quod
2045 1681 2323 1734 nesciebat
2383 1680 2488 1735 lex.
2521 1679 2677 1747 Quod
2710 1688 2765 1735 et
2815 1681 2862 1735 si
2914 1682 3000 1736 lex
3031 1698 3140 1736 non
3194 1684 3437 1739 dedisset

185 1774 383 1832 Petrus
416 1798 428 1831 :
460 1776 602 1842 Noli,
635 1780 831 1849 inquit,
880 1781 1151 1851 indignari
1208 1782 1416 1849 Simon,
1445 1785 1579 1838 nihil
1609 1785 1754 1838 enim
1793 1776 1829 1829 Ιὶ
1862 1772 2087 1834 ίηάῖοίθν
2120 1772 2321 1842 ﬁnibus
2368 1772 2718 1843 colligeretur
2756 1773 3109 1843 ίῐηΡετῘθοιυδ
3136 1791 3258 1830 €533
3292 1775 3435 1833 Deus

186 1878 382 1937 prmter
424 1870 840 1938 promissionem
893 1880 1136 1925 nostram
1169 1874 1429 1943 gerimus,
1459 1889 1635 1943 neque
1660 1889 1756 1927 au~-

186 1978 274 2017 res
310 1972 529 2018 nostras
557 1965 888 2023 claudimus.
916 1974 975 2018 ut
1006 1964 1251 2026 dicebas,
1284 1980 1460 2035 neque
1487 1966 1669 2020 statim
1700 1974 1757 2019 ut

186 2053 495 2111 audivimus
528 2072 556 2108 a
586 2063 638 2110 te
690 2056 981 2109 ineﬁ‘ahilia
1012 2054 1246 2125 proferri
1299 2057 1352 2109 in
1396 2056 1576 2127 fugam
1612 2056 1755 2111 versi

184 2164 397 2208 sumus,
430 2148 523 2204 sed
544 2166 609 2202 ne
636 2150 756 2202 loco
786 2148 1006 2218 quidem
1053 2149 1207 2203 moti.
1239 2147 1423 2217 Neque
1446 2148 1590 2202 enim
1618 2149 1758 2202 veri-

183 2237 383 2291 similia
423 2238 613 2292 saltem
672 2238 851 2307 aliqua
890 2237 1243 2306 proferuntur
1266 2238 1364 2291 abs
1395 2245 1465 2299 te,
1510 2252 1632 2307 quae
1657 2253 1757 2293 nos

185 2329 397 2398 possint
427 2330 773 2399 aliquatenus
805 2329 1098 2392 deterrere,
1127 2337 1220 2382 aut
1252 2341 1398 2383 certe
1426 2330 1572 2398 aperi
1599 2328 1757 2384 nobis

182 2421 598 2491 intelligentiam
630 2422 761 2476 dicti
808 2422 990 2491 hujus.
1021 2424 1295 2492 quomodo
1345 2432 1401 2476 tu
1434 2439 1499 2477 ex
1530 2424 1645 2493 lege
1675 2422 1755 2476 di-

182 2514 382 2569 diceris
412 2514 601 2579 Deum,
631 2531 790 2584 quem
837 2517 916 2568 lex
956 2516 1073 2585 ipsa
1120 2517 1315 2578 nescit,
1350 2523 1401 2568 et
1432 2529 1591 2583 quem
1642 2514 1757 2582 ipse

181 2605 275 2675 qui
311 2606 479 2675 legem
508 2606 688 2675 posuit
736 2606 966 2677 ignoret.
1001 2606 1065 2659 Et
1092 2604 1279 2660 Simon
1308 2623 1321 2659 :
1347 2604 1422 2668 Si,
1452 2605 1646 2674 inquit,
1674 2604 1755 2657 ri-

180 2698 360 2753 dendo
406 2700 659 2762 cessasti,
692 2700 1041 2755 evidentibus
1079 2698 1473 2753 assertionibus
1503 2712 1757 2766 compro-

179 2790 348 2844 babo.
381 2788 446 2842 Et
475 2789 664 2845 Petrus
694 2793 769 2843 ait
800 2810 812 2845 :
846 2791 989 2856 Quin
1041 2790 1309 2851 desinam,
1344 2796 1402 2841 ut
1428 2789 1634 2859 possim
1666 2787 1753 2843 di-

179 2898 386 2936 scerea
418 2892 486 2944 te,
520 2884 792 2951 quomodo
844 2892 901 2937 tu
949 2898 978 2936 a
1031 2885 1146 2954 lege
1196 2882 1472 2946 didiceris,
1500 2898 1621 2952 qua:
1670 2883 1752 2937 lex

180 2978 351 3028 nescit
375 2983 427 3053 et
449 2992 566 3044 quae
595 2977 707 3045 ipse
734 2975 875 3030 Deus
917 2977 1049 3045 legis
1080 2976 1308 3044 ignoret.

248 3066 384 3123 LIII.
416 3068 479 3121 Et
510 3068 698 3122 Simon
722 3068 903 3132 :Audi,
930 3069 1129 3139 inquit,
1149 3067 1496 3123 manifestum
1530 3077 1615 3123 est
1640 3083 1754 3123 om-

178 3163 342 3217 nibus
396 3171 449 3217 et
505 3162 763 3216 ineﬁ‘abili
819 3163 1053 3232 quadam
1114 3163 1322 3217 ratione
1378 3171 1753 3234 compertum,

178 3270 347 3307 unum
386 3270 509 3309 esse
541 3253 729 3317 Deum,
782 3255 874 3325 qui
931 3255 1002 3309 sit
1040 3256 1282 3309 omnium
1336 3256 1551 3320 melior,
1585 3272 1615 3309 a
1646 3272 1756 3327 quo

178 3360 342 3401 onine
375 3346 517 3414 quod
553 3354 657 3409 est,
684 3347 919 3416 sumpsit
947 3346 1254 3410 exordium,
1284 3348 1429 3401 unde
1458 3356 1512 3401 et
1558 3365 1753 3405 neces-

178 3441 329 3493 sario
352 3437 592 3506 subjecta
619 3448 747 3494 sunt
774 3441 821 3494 ei
853 3440 1033 3493 omnia
1064 3456 1185 3509 qua:
1225 3448 1346 3510 post
1376 3441 1553 3511 ipsum
1605 3452 1751 3507 sunt,

176 3532 328 3585 velut
383 3531 616 3600 principi
675 3532 919 3583 omnium
980 3539 1032 3585 et
1087 3532 1451 3585 eminentiori.
1485 3530 1596 3601 Ego
1624 3548 1754 3602 ergo

176 3638 302 3677 cum
336 3625 713 3693 cognovissent
768 3623 935 3677 Deum
988 3625 1131 3677 hunc
1162 3624 1252 3693 qui
1286 3632 1565 3678 creaverat
1594 3640 1753 3679 mun—

175 3713 333 3777 dum,
369 3715 670 3768 secundum
705 3714 851 3785 quod
894 3714 1190 3779 lexdocet,
1217 3715 1273 3768 in
1304 3716 1489 3770 multis
1519 3732 1641 3771 esse
1670 3717 1755 3771 in-

175 3804 421 3868 ﬁrmum,
452 3805 611 3876 longe
635 3815 816 3860 autem
852 3805 1109 3860 abhorret
1138 3805 1423 3861 inﬁrmitas
1455 3821 1485 3859 a
1512 3807 1753 3876 perfecto

174 3894 309 3961 Deo,
336 3904 389 3951 et
420 3896 564 3951 hunc
586 3898 823 3951 viderem
846 3914 955 3951 non
984 3913 1107 3953 esse
1142 3897 1463 3968 perfectum,
1492 3915 1751 3956 necessa—

174 3990 255 4044 rio
297 3990 463 4043 alium
511 4006 634 4044 esse
684 3990 924 4044 intellexi
976 3992 1069 4061 qui
1117 4000 1263 4046 esset
1318 3991 1615 4061 perfectus.
1653 3992 1752 4048 llic

174 4082 348 4146 enim,
379 4087 438 4135 ut
473 4082 606 4145 dixi,
657 4082 953 4135 secundum
991 4082 1134 4152 quod
1167 4082 1449 4154 Scriptura
1491 4084 1626 4154 legis
1653 4085 1755 4139 do-

175 4176 283 4231 cet,
315 4168 369 4222 in
394 4170 581 4224 multis
606 4170 853 4225 inﬁrmus
884 4187 1007 4226 esse
1036 4173 1477 4243 deprehenditur.
1499 4174 1544 4206 ⁶⁸
1568 4174 1756 4229 Primo

174 4260 327 4329 quod
360 4260 523 4313 homo
553 4277 712 4330 quem
746 4263 1054 4332 plasmavit,
1090 4280 1200 4318 non
1231 4268 1407 4337 potuit
1435 4282 1754 4337 permanere

172 4353 302 4407 talis
334 4353 548 4422 qualem
600 4354 716 4422 ipse
768 4354 1032 4421 voluerat,
1061 4364 1115 4411 et
1153 4358 1279 4427 quia
1309 4374 1410 4414 nec
1439 4360 1615 4415 bonus
1642 4367 1746 4427 est,

1858 1864 1950 1933 qui
1980 1862 2225 1916 condidit
2258 1864 2541 1925 mundum,
2577 1864 2709 1918 mihi
2740 1865 3001 1934 possibile
3022 1875 3159 1930 erat,
3182 1871 3344 1924 etiam
3368 1885 3434 1925 ex

1858 1955 1944 2008 his
1972 1970 2096 2023 qua:
2150 1954 2204 2007 in
2263 1954 2367 2008 hoc
2415 1955 2618 2008 mundo
2641 1964 2906 2026 geruntur
2936 1958 3096 2013 malis
3124 1975 3223 2014 nec
3249 1976 3435 2017 emen-

1858 2048 2077 2112 dantur,
2105 2049 2381 2119 colligere,
2440 2050 2523 2102 vel
2557 2050 2685 2119 quia
2724 2049 3088 2120 impossibilis
3115 2060 3201 2106 est
3222 2061 3434 2108 creator

1861 2140 2003 2209 ejus,
2036 2141 2128 2209 qui
2151 2140 2292 2193 male
2312 2147 2462 2210 gesta
2494 2156 2602 2193 non
2628 2141 2874 2210 corrigit,
2902 2144 2947 2196 si
2974 2157 3084 2196 non
3121 2152 3319 2212 potest,
3348 2145 3433 2199 vel

1859 2232 1903 2285 si
1937 2248 2044 2285 non
2073 2232 2187 2286 vult
2211 2231 2428 2286 auferre
2455 2234 2616 2298 mala,
2636 2234 2751 2304 ipse
2778 2234 2955 2291 malus
2983 2236 3074 2300 sit,
3098 2238 3147 2292 si
3177 2254 3307 2293 vero
3332 2256 3432 2296 ne-

1858 2339 1963 2393 que
1995 2330 2173 2392 potest
2200 2338 2376 2393 neque
2405 2324 2541 2387 vult,
2596 2340 2697 2379 nec
2744 2334 2938 2394 potens
2975 2342 3075 2382 nec
3130 2327 3306 2384 bonus
3337 2330 3430 2387 sit.

1859 2415 1923 2468 Et
1949 2432 2016 2470 ex
2043 2415 2129 2471 his
2158 2430 2383 2470 necesse
2439 2423 2523 2471 est
2574 2417 2775 2487 colligi,
2817 2419 2963 2488 quod
3014 2420 3154 2478 alius
3185 2422 3257 2476 sit
3288 2420 3431 2477 Deus

1857 2507 2099 2560 omnium
2135 2508 2479 2575 praestantior
2499 2517 2552 2563 et
2585 2511 2876 2579 potentior.
2920 2511 3005 2567 Ad
3034 2512 3150 2568 haec
3202 2515 3249 2569 si
3298 2515 3432 2586 quid

1858 2598 2029 2654 habes
2061 2598 2265 2664 dicere,
2299 2616 2406 2654 non
2440 2604 2695 2658 moreris.
3216 2662 3221 2665 _
3408 2658 3409 2661 η

1926 2689 2037 2745 LV.
2069 2690 2261 2747 Petrus
2291 2694 2573 2763 respondit
2603 2716 2615 2749 :
2644 2694 2832 2751 Solent
2864 2699 2987 2763 ista,
3018 2715 3051 2754 ο
3079 2698 3289 2765 Simon,
3325 2704 3429 2759 ab—

1857 2782 2022 2835 surda
2068 2784 2330 2839 adversus
2376 2785 2543 2839 Deum
2595 2789 2848 2843 meditari
2894 2790 2949 2844 hi
2980 2792 3072 2861 qui
3104 2792 3273 2863 legem
3319 2810 3442 2859 non,

1857 2879 2136 2948 magistris
2178 2878 2519 2933 tradentibus
2570 2880 2780 2949 legunt,
2832 2883 2926 2936 sed
2972 2884 3298 2953 semetipsos
3328 2886 3429 2941 do-

1856 2979 2038 3026 ctores
2069 2972 2271 3026 habent
2300 2979 2355 3026 ct
2378 2980 2570 3041 putant
2601 2988 2660 3029 se
2694 2974 2997 3044 intelligere
3021 2991 3181 3045 posse
3219 2977 3391 3047 legem
3410 3020 3430 3045 ,

1860 3080 2021 3132 quam
2047 3064 2150 3118 sibi
2179 3079 2289 3117 non
2314 3065 2569 3134 exposuit
2600 3064 2691 3119 ille
2717 3066 2857 3136 quia
2880 3067 3141 3137 magistro
3155 3067 3453 3139 didicerit,

1861 3154 2246 3211 Verumtamen
2262 3173 2428 3221 nunc,
2450 3165 2508 3210 ut
2525 3166 2576 3211 et
2592 3174 2693 3211 nos
2716 3158 3014 3214 secundum
3038 3168 3191 3215 tuum
3207 3177 3430 3217 sensum

1862 3247 2200 3318 Scripturam
2240 3250 2374 3319 legis
2398 3250 2549 3319 sequi
2589 3250 2897 3314 videamur,
2928 3252 3057 3320 quia
3088 3263 3143 3306 et
3166 3254 3429 3323 impossi—

1858 3342 2019 3395 bilem
2047 3348 2100 3396 et
2132 3356 2237 3394 non
2263 3342 2463 3394 bonum
2492 3341 2630 3396 dicis
2661 3342 2876 3397 ostendi
2905 3346 3253 3400 Conditorem
3272 3364 3431 3402 mun-

1858 3432 1935 3496 di,
1971 3434 2246 3502 quomodo
2276 3449 2385 3486 non
2418 3434 2599 3488 vidisti
2646 3434 2790 3503 quod
2837 3435 3031 3490 iisdem
3071 3438 3205 3506 ipsis
3242 3455 3430 3508 repre-

1859 3524 2219 3580 hensionibus
2242 3526 2549 3581 succumbit
2574 3536 2628 3580 et
2659 3527 2904 3595 subjacet
2934 3528 3097 3583 etiam
3124 3530 3230 3584 ista
3252 3532 3427 3587 virtus

1857 3625 1973 3679 tua,
2002 3632 2167 3686 quam
2208 3618 2347 3672 dicis
2387 3633 2510 3672 esse
2546 3619 2959 3673 eminentiorem
3004 3622 3287 3677 omnium?
3321 3624 3428 3679 Eo—

1856 3710 1977 3764 dem
2010 3726 2248 3779 namque
2277 3710 2440 3765 modo
2467 3712 2534 3765 de
2563 3714 2679 3780 ipsa
2707 3713 2816 3765 dici
2849 3720 3047 3782 potest,
3089 3716 3216 3785 quia
3242 3718 3425 3773 omnia

1855 3820 1976 3875 quae
2003 3804 2090 3857 hic
2114 3806 2254 3858 male
2279 3811 2563 3874 geruntur,
2591 3812 2687 3857 aut
2704 3805 3058 3873 impossibilis
3072 3815 3292 3878 estqua:
3316 3824 3425 3864 non

1856 3896 2104 3966 corrigit,
2125 3903 2218 3949 aut
2245 3896 2500 3965 sipotest
2524 3906 2576 3949 et
2604 3910 2714 3949 non
2742 3897 2880 3960 vult,
2900 3898 3044 3951 mala
3074 3908 3175 3953 est.
3202 3898 3268 3959 Si
3293 3916 3425 3955 vero

1856 4003 2033 4059 neque
2070 3995 2250 4057 potest
2284 4002 2459 4057 neque
2490 3988 2626 4053 vult,
2660 3996 2715 4043 et
2749 3989 3107 4058 impossibilis
3142 3998 3197 4045 et
3224 3991 3427 4061 imper-

1856 4080 1995 4136 fecta
2024 4088 2127 4135 est.
2160 4078 2314 4133 Unde
2344 4095 2453 4132 non
2495 4080 2672 4133 solum
2705 4080 2869 4133 simili
2902 4081 3075 4149 culpae
3098 4082 3276 4138 virtus
3310 4084 3421 4139 ista

1855 4180 1949 4226 tua
1979 4186 2137 4235 nova,
2172 4170 2265 4226 sed
2292 4178 2344 4225 et
2371 4170 2631 4225 deteriori
2656 4170 2932 4234 invenitur
2960 4174 3217 4238 obnoxia,
3251 4174 3297 4230 si
3328 4191 3425 4230 su-

1853 4280 1951 4335 per
1982 4265 2097 4318 haec
2125 4264 2313 4317 omnia
2347 4264 2510 4318 etiam
2540 4279 2664 4317 cum
2708 4279 2817 4318 non
2850 4266 2942 4328 sit,
2979 4280 3100 4320 esse
3142 4266 3419 4324 credatur.

1854 4356 1988 4412 Nam
2019 4359 2065 4412 is
2103 4356 2197 4427 qui
2229 4356 2490 4409 mundum
2524 4356 2749 4421 creavit,
2776 4357 2878 4411 hoc
2918 4358 3094 4427 ipsum
3119 4360 3264 4428 quod
3289 4360 3422 4415 sub—

173 4445 264 4515 qui
298 4447 475 4515 primo
502 4447 705 4499 homini
736 4447 917 4515 posuit
954 4449 1144 4520 legem,
1177 4459 1237 4505 ut
1268 4451 1335 4506 ab
1358 4453 1748 4524 omnibusqui-
1778 4456 1823 4515 ι)
1850 4449 2077 4505 sistitex
2096 4448 2393 4518 opereejus
2410 4462 2518 4517 quo
2534 4448 2797 4501 mundum
2815 4450 3081 4515 condidit,
3103 4451 3281 4520 palam
3306 4461 3415 4516 est,

173 4533 297 4586 dem
326 4532 486 4605 lignis
530 4540 765 4606 paradisi
791 4542 1008 4605 ederet,
1038 4543 1104 4597 de
1127 4544 1275 4614 ligno
1303 4551 1481 4599 autem
1508 4546 1749 4600 scientiae

175 4638 285 4676 non
321 4627 684 4698 contingeret,
718 4632 812 4687 sed
865 4632 911 4688 si
966 4643 1241 4703 gustasset
1277 4645 1604 4693 moreretur.
1638 4638 1751 4692 Cur

172 4716 321 4769 enim
355 4726 560 4773 vetaret
609 4738 732 4775 eum
759 4725 903 4779 vesci
932 4733 985 4778 et
1031 4728 1173 4782 scire
1195 4728 1324 4798 quid
1375 4738 1519 4783 esset
1546 4731 1746 4784 bonum

173 4808 259 4863 vel
284 4810 419 4878 quid
473 4818 697 4877 malum,
734 4826 791 4868 ut
841 4819 1021 4872 sciens
1081 4820 1221 4873 mala
1274 4820 1493 4890 quidem
1530 4822 1745 4887 vitaret,

174 4898 323 4955 bona
351 4918 480 4956 vero
514 4905 774 4975 eligeret?
820 4906 924 4962 Sed
979 4925 1152 4979 neque
1177 4910 1293 4980 ipse
1319 4912 1421 4968 hoc
1446 4915 1743 4980 concessit,

172 4999 227 5045 et
259 4995 388 5061 quia
423 4994 513 5049 ille
555 5004 750 5065 praeter
797 4999 1109 5054 mandatum
1152 5004 1392 5072 gustavit
1433 5012 1486 5059 et
1527 5007 1745 5077 agnovit

173 5086 307 5154 quid
337 5099 481 5143 esset
510 5090 731 5153 bonum,
758 5108 821 5145 ac
843 5092 1029 5147 didicit
1058 5094 1281 5150 honoris
1308 5099 1478 5166 gratia
1508 5099 1742 5153 verenda

172 5185 469 5261 contegere,
518 5182 857 5251 (indecorum
885 5187 1030 5241 enim
1055 5188 1226 5242 sensit
1253 5190 1505 5244 revelatis
1532 5191 1744 5259 puden-

172 5270 260 5325 dis
295 5281 441 5329 stare
492 5283 616 5331 ante
646 5277 958 5333 Creatorem
1010 5280 1218 5349 suum),
1253 5281 1340 5335 ille
1368 5297 1490 5335 eum
1520 5283 1612 5352 qui
1644 5284 1742 5338 ho-

172 5378 363 5418 norem
398 5364 507 5421 Deo
554 5368 766 5424 deferre
818 5370 1102 5435 didicerat,
1137 5380 1308 5426 morte
1334 5374 1663 5430 condemnat
1688 5383 1742 5429 et

172 5456 419 5525 serpenti
443 5459 535 5527 qui
566 5460 679 5513 hzec
719 5461 1054 5526 ostenderat,
1089 5462 1382 5517 maledicit.
1419 5462 1523 5517 Sed
1556 5466 1741 5534 utique

171 5553 217 5599 si
244 5547 524 5607 laedendus
546 5566 613 5607 ex
644 5553 745 5607 hoc
766 5562 883 5609 erat
911 5556 1072 5609 homo
1092 5595 1105 5620 ,
1134 5571 1234 5610 cur
1262 5556 1486 5609 omnino
1511 5556 1741 5611 laedendi

1852 4543 1997 4597 sicut
2036 4542 2198 4595 etiam
2252 4542 2369 4609 ipse
2401 4539 2703 4595 conﬁteris.
2750 4539 2860 4595 lsta
2891 4557 3019 4596 vero
3048 4542 3225 4597 virtus
3254 4559 3419 4612 quam

1849 4642 1903 4689 te
1934 4634 2110 4690 solum
2143 4633 2284 4688 scire
2315 4632 2475 4697 dicis,
2495 4634 2706 4687 nullum
2727 4632 2793 4687 de
2823 4649 2882 4687 se
2898 4633 3166 4689 indicium
3193 4636 3417 4706 praebet,

1852 4742 1948 4797 per
1981 4727 2126 4796 quod
2162 4726 2265 4779 hoc
2315 4726 2493 4796 ipsum
2525 4726 2716 4781 saltem
2749 4725 2895 4795 quod
2923 4733 3006 4781 est
3033 4734 3087 4781 et
3127 4728 3380 4784 subsistit
3400 4768 3414 4790 ,

1850 4818 2125 4889 possimus
2173 4818 2475 4872 advertere.

1920 4910 2053 4965 LVI.
2086 4910 2255 4976 Quale
2285 4918 2367 4965 est
2400 4926 2550 4981 ergo,
2587 4918 2646 4964 ut
2667 4910 3109 4981 derelinquamus
3140 4910 3334 4976 Deum,
3360 4912 3418 4968 in

1849 5004 2008 5072 cujus
2032 5003 2236 5057 mundo
2260 5004 2495 5057 vivimus
2517 5012 2571 5056 et
2599 5002 2856 5057 omnibus
2883 5003 2949 5058 ad
2974 5004 3140 5057 vitam
3163 5018 3418 5058 necessa-

1850 5097 1949 5151 riis
1982 5097 2233 5161 fruimur,
2268 5105 2321 5151 et
2355 5110 2649 5165 sequamur
2680 5097 2869 5149 nescio
2892 5112 3085 5165 quem,
3117 5095 3276 5164 cujus
3304 5112 3415 5150 non

1850 5192 2025 5246 solum
2062 5189 2200 5244 nihil
2248 5189 2637 5259 consequimur
2678 5188 2837 5251 boni,
2872 5189 2965 5242 sed
2998 5204 3065 5242 ne
3094 5189 3196 5241 hoc
3229 5189 3409 5258 ipsum

1849 5283 2106 5351 quidem,
2138 5281 2284 5351 quod
2324 5282 2416 5339 sit.
2460 5280 2605 5335 scire
2649 5295 2982 5349 possumus,
3027 5281 3239 5335 scilicet
3286 5280 3413 5351 quia

1851 5390 1949 5429 nec
1986 5383 2103 5438 est;
2140 5374 2253 5428 sive
2281 5374 2421 5427 enim
2449 5387 2572 5427 eum
2611 5372 2786 5426 lucem
2810 5373 3050 5442 appelles
3081 5382 3133 5427 et
3158 5374 3276 5427 luce
3309 5374 3411 5426 ista

1848 5481 2010 5534 quam
2048 5464 2323 5518 cernimus
2354 5463 2641 5516 clariorem
2663 5503 2677 5526 ,
2717 5478 2915 5518 nomen
2948 5464 3126 5534 ipsum
3162 5480 3191 5518 a
3221 5464 3410 5519 mundi

1848 5557 2136 5611 Conditorc
2159 5554 2424 5609 mutuaris
2444 5572 2457 5621 ;
2481 5555 2595 5610 sive
2623 5555 2984 5610 substantiam
3012 5556 3215 5613 dixe;is
3246 5572 3413 5627 super

244 5689 443 5758 “Qua:
471 5704 775 5765 sequuntur
805 5696 1069 5753 vocabula
1102 5713 1275 5770 usque
1306 5697 1373 5754 ad
1434 5696 1526 5753 illa
1576 5710 1697 5766 cap.
1754 5710 1867 5779 seq.
1904 5710 1967 5750 ex
2000 5694 2410 5762 comparatione,
2462 5700 2594 5755 tte,
2650 5691 2847 5746 desunt
2902 5692 2957 5747 in
2994 5704 3226 5764 utroque
3280 5690 3407 5747 cod.

178 5756 325 5827 Lips.
