3976 6340
610 211 752 268 1275

607 328 794 383 omnia
815 369 831 394 ,
864 325 1286 397 intelligentiam
1328 326 1458 381 hinc
1493 326 1707 397 profers
1743 343 1867 383 cum
1904 330 2174 386 sermonis

604 430 923 492 augmento;
954 419 1067 475 sive
1089 428 1345 484 mentem,
1381 421 1495 475 sive
1521 420 1970 485 bonitatem,sive
1985 420 2172 489 vitam,

606 515 722 569 sive
751 512 899 567 aliud
942 513 1074 582 quid
1117 513 1542 577 memoraveris,
1575 513 1703 567 hinc
1744 514 2013 568 vocabula
2056 530 2176 567 mu-

603 609 800 665 tuaris.
853 605 991 661 Cum
1016 620 1145 676 ergo
1192 604 1328 661 nihil
1366 608 1492 660 novi
1535 606 1604 660 de
1635 605 1727 659 illa
1763 606 1963 661 virtute
2011 622 2173 676 quam

601 701 766 765 dicis,
808 715 919 754 non
968 699 1147 755 solum
1181 697 1251 751 ad
1303 697 1740 768 intelligendum,
1777 714 1964 752 verum
1998 714 2067 753 ne
2106 699 2173 753 ad

604 793 999 850 nominandum
1027 792 1245 864 quidem
1279 790 1516 855 habeas,
1567 790 1840 861 quomodo
1871 790 2174 846 introducis

604 903 807 943 novum
835 885 1026 947 Deum,
1061 886 1218 954 cujus
1244 900 1349 939 nec
1376 884 1795 954 appellationem
1835 883 2056 954 quidem
2088 885 2174 939 in-

601 982 757 1038 venis
787 980 1019 1036 novam?
1049 977 1235 1033 Virtus
1266 977 1412 1032 enim
1444 992 1553 1030 non
1577 977 1754 1032 solum
1770 974 1998 1030 Creator
2013 991 2172 1030 mun-

600 1076 658 1131 di
685 1073 926 1135 dicitur,
969 1070 1064 1126 sed
1110 1080 1165 1125 et
1209 1069 1450 1124 ministri
1495 1069 1682 1140 gloria:
1723 1066 1845 1137 ejus
1883 1068 2172 1139 omnisque

601 1167 796 1222 militia
821 1163 1084 1220 cmlestis.
1118 1162 1235 1215 Non
1264 1162 1363 1216 tibi
1386 1176 1517 1230 ergo
1545 1160 1741 1217 melius
1768 1161 1984 1216 videtur
2010 1176 2132 1216 esse
2151 1200 2166 1226 ,

600 1269 661 1315 ut
679 1273 974 1330 sequamur
1002 1255 1263 1309 factorem
1296 1260 1544 1307 nostrum
1570 1250 1760 1315 Deum,
1788 1259 2047 1321 tanquam
2073 1266 2170 1322 pa-

597 1361 739 1407 trem
778 1348 1119 1405 erudientem
1169 1361 1271 1400 nos
1300 1352 1353 1400 et
1396 1345 1729 1399 imbuentem
1762 1344 1904 1398 sicut
1926 1344 2042 1413 ipse
2069 1356 2170 1397 no-

600 1444 713 1500 vit?
731 1441 887 1510 Quod
914 1450 967 1495 et
994 1439 1041 1495 si
1069 1438 1139 1495 sit
1163 1437 1385 1507 aliquis,
1411 1444 1471 1489 ut
1496 1446 1553 1489 tu
1576 1436 1715 1490 dicis
1740 1435 2029 1505 benignior
2050 1450 2169 1488 om-

602 1536 755 1592 nium
788 1534 952 1595 Deus,
981 1540 1192 1586 certum
1225 1537 1309 1583 est
1339 1530 1462 1597 quia
1490 1543 1599 1581 non
1629 1527 1888 1581 irascitur
1914 1527 2096 1590 nobis,
2119 1526 2166 1580 si

598 1643 728 1685 vero
793 1624 1048 1680 irascitur
1114 1624 1292 1677 malus
1341 1628 1448 1675 est.
1481 1619 1679 1681 Noster
1719 1626 1902 1673 autem
1945 1617 2087 1673 Deus
2118 1620 2165 1673 si

599 1718 857 1775 irascitur
883 1726 936 1771 et
957 1715 1215 1777 vindicet,
1243 1728 1351 1766 non
1385 1720 1470 1767 est
1494 1711 1670 1766 malus
1696 1710 1792 1765 sed
1809 1711 2015 1779 justus,
2039 1725 2165 1780 pro-

598 1812 749 1882 prios
769 1810 916 1866 enim
954 1808 1098 1862 filios
1134 1805 1361 1876 corripit
1397 1812 1450 1859 et
1475 1804 1750 1859 emendat.
1787 1802 1881 1858 Ille
1910 1818 2040 1859 vero
2066 1804 2162 1873 qui

597 1903 735 1958 nihil
776 1900 1063 1956 nobiscum
1088 1899 1250 1952 habet
1278 1897 1517 1967 negotii,
1546 1895 1592 1951 si
1623 1895 1906 1950 vindicare
1944 1894 2074 1949 velit
2109 1898 2161 1948 in

594 2012 718 2059 nos,
749 1992 1025 2065 Quomodo
1050 1993 1227 2047 bonus
1252 1989 1392 2046 erit?
1421 1987 1687 2058 supplicia
1723 2002 1945 2043 sumens
1973 1985 2040 2041 de
2064 2001 2165 2040 no-

594 2090 705 2151 bis,
736 2086 882 2157 quod
914 2100 1025 2139 non
1048 2083 1310 2140 derelicto
1348 2090 1501 2153 patre
1546 2089 1739 2135 nostro
1778 2080 1956 2158 ipsum
1985 2080 2161 2135 secuti

594 2194 786 2234 sumus
822 2176 1080 2232 inanibus
1108 2174 1524 2245 suspicionibus
1558 2174 1742 2239 tracti,
1777 2172 2051 2244 quomodo
2068 2188 2160 2229 er—

594 2287 663 2342 go
710 2272 813 2326 iste
842 2269 970 2322 talis
1005 2269 1181 2323 bonus
1226 2282 1256 2320 a
1287 2276 1338 2321 te
1367 2266 1669 2331 asseritur,
1701 2265 1798 2336 qui
1838 2280 1939 2321 nec
1974 2264 2160 2336 justus

594 2362 827 2431 intelligi
876 2368 1076 2429 potest.

661 2452 820 2507 LVll.
856 2452 993 2505 Tum
1032 2449 1260 2506 Simon:
1296 2448 1604 2505 Tantumne
1637 2464 1811 2515 erras,
1851 2449 2012 2507 Petre
2034 2494 2050 2521 ,
2095 2461 2156 2508 ut

591 2549 832 2612 nescias,
872 2547 1001 2617 quia
1049 2544 1247 2599 anima:
1275 2550 1480 2597 nostra:
1510 2559 1539 2595 a
1580 2542 1723 2596 bono
1762 2541 1872 2597 Deo
1904 2553 2033 2598 sunt
2064 2543 2157 2599 illo

588 2643 831 2699 omnium
853 2638 1252 2712 praastantiore,
1276 2635 1371 2691 sed
1402 2635 1629 2704 captiva:
1671 2634 1919 2689 deducta:
1946 2645 2077 2691 sunt
2099 2636 2156 2691 in

588 2736 737 2791 hunc
766 2732 1060 2789 mundum?
1087 2729 1152 2784 Et
1190 2728 1385 2784 Petrus
1416 2747 1428 2781 :
1463 2727 1608 2798 Ergo
1638 2742 1749 2781 non
1776 2736 1860 2782 est
1895 2728 2155 2784 omnibus

590 2828 923 2898 incognitus,
955 2825 1097 2879 sicut
1122 2820 1283 2891 paqu
1306 2826 1431 2874 ante
1459 2818 1714 2885 dicebas;
1737 2827 1791 2874 et
1816 2828 1997 2874 tamen
2020 2836 2156 2892 quo-

587 2919 752 2975 modo
781 2916 1006 2971 indulsit
1034 2916 1209 2970 bonus
1237 2911 1380 2967 Deus
1407 2910 1777 2980 captivitatem
1808 2911 1923 2966 fieri
1947 2912 2155 2966 anima-

588 3028 710 3066 rum
743 3023 987 3073 suarum,
1019 3006 1065 3064 si
1098 3015 1215 3062 erat
1243 3020 1406 3075 super
1436 3019 1626 3059 omnes
1656 3004 1929 3073 potentior
1944 3004 2154 3059 virtus?

586 3102 654 3158 Et
685 3101 902 3156 Simon:
931 3097 1050 3169 Ipse
1090 3097 1238 3152 misit
1263 3102 1566 3151 creatorem
1608 3093 1776 3149 Deum
1797 3135 1812 3160 ,
1847 3103 1904 3149 ut
1944 3095 2151 3151 conde»

586 3203 670 3250 ret
712 3192 972 3248 mundum
992 3230 1006 3254 ,
1040 3191 1134 3245 sed
1162 3190 1271 3256 ille,
1305 3188 1508 3242 mundo
1529 3188 1771 3251 condito,
1799 3189 2153 3259 semetipsum

585 3284 959 3358 pronuntiavit
990 3282 1179 3337 Deum.
1222 3280 1288 3334 Et
1317 3278 1515 3336 Petrus
1549 3300 1561 3334 :
1598 3279 1740 3350 Ergo
1775 3296 1885 3335 non
1928 3282 2151 3352 ignora-

584 3389 673 3435 tur
702 3377 771 3432 ab
790 3391 856 3432 eo
885 3375 978 3446 qui
1010 3373 1255 3429 condidit
1278 3372 1541 3427 mundum
1568 3412 1583 3436 ,
1625 3381 1683 3426 ut
1714 3371 1968 3442 superius
1998 3372 2154 3428 dixe-

582 3485 698 3535 ras,
729 3468 823 3523 sed
855 3482 1030 3537 neque
1074 3466 1269 3519 animae
1301 3465 1557 3535 ignorant
1584 3481 1708 3519 eum
1732 3509 1747 3530 ,
1783 3464 2049 3534 siquidem
2083 3463 2151 3518 ab

581 3565 701 3636 ipso
731 3563 979 3617 abducta:
1007 3566 1157 3614 sunt.
1190 3557 1289 3613 Cui
1318 3556 1577 3625 ergojam
1611 3556 1714 3611 erit
1745 3556 2078 3625 incognitus,
2102 3556 2148 3611 si

581 3665 639 3711 et
668 3653 856 3710 mundi
880 3652 1106 3707 Creator
1136 3649 1284 3703 novit
1313 3664 1457 3711 eum,
1480 3655 1538 3700 ut
1563 3648 1630 3702 ab
1662 3646 1776 3717 ipso
1804 3647 2029 3711 missus,
2062 3662 2150 3703 se-

578 3746 819 3801 cundum
850 3760 913 3800 ea
943 3760 1063 3815 quae
1094 3753 1151 3796 tu
1181 3741 1340 3805 dicis,
1367 3753 1421 3795 et
1455 3755 1644 3794 omnes
1674 3739 1867 3793 anima:
1886 3745 2146 3810 tanquam

578 3840 650 3895 ab
672 3838 928 3908 ipsohuc
959 3836 1223 3891 violenter
1243 3831 1572 3888 abstractae?
1596 3829 1736 3884 Tum
1764 3830 1959 3885 deinde
1990 3832 2144 3886 dicas

578 3933 763 3995 velim,
792 3932 886 4001 qui
918 3929 1168 3983 mittebat
1197 3926 1532 3981 conditorem
1559 3922 1770 3988 mundi,
1798 3938 1904 3977 non
1936 3923 2146 3979 sciebat

577 4040 702 4081 eum
726 4023 819 4094 qui
853 4021 1187 4083 mittebatur,
1222 4018 1380 4072 ﬁdem
1410 4032 1518 4070 non
1563 4015 1943 4070 servaturum?
1970 4015 2016 4070 si
2047 4031 2144 4071 ne-

575 4116 786 4173 sciebat
816 4112 1079 4185 praescius
1120 4126 1228 4165 non
1253 4118 1401 4175 erat,
1435 4108 1482 4163 si
1508 4122 1638 4163 vero
1666 4108 1904 4179 pmsciit
1932 4115 1984 4162 et
2016 4122 2143 4177 pas-

574 4224 673 4263 sus
700 4214 804 4269 est,
838 4205 964 4258 facti
1013 4203 1176 4273 hujus
1224 4202 1340 4273 ipse
1367 4217 1492 4256 reus
1527 4207 1632 4263 est,
1655 4200 1749 4270 qui
1790 4214 1899 4254 non
1932 4198 2137 4268 vetuit;

573 4300 721 4370 quod
771 4298 816 4353 si
875 4313 984 4351 non
1020 4294 1231 4365 potuit,
1257 4293 1602 4363 omnipOtens
1638 4307 1749 4346 non
1780 4302 1883 4347 est.
1911 4290 1969 4347 Si
2006 4307 2138 4348 vero

574 4394 731 4463 quasi
762 4393 963 4446 bonum
989 4389 1038 4443 id
1073 4389 1253 4443 sciens
1280 4403 1390 4440 non
1420 4386 1717 4455 prohibuit,
1752 4386 2028 4441 invenitur
2048 4385 2138 4443 ille

575 4503 700 4541 esse
732 4485 927 4539 melior
941 4483 1033 4554 qui
1059 4481 1408 4551 praesumpsit
1433 4480 1612 4535 facere
1642 4478 1721 4545 id,
1751 4479 1897 4550 quod
1931 4479 2023 4534 ille
2044 4480 2137 4550 qui

572 4578 822 4634 mittebat
855 4574 1126 4645 ignoravit
1159 4573 1385 4627 bonum.

643 4666 823 4724 LVIII.
858 4667 923 4721 Et
956 4665 1143 4720 Simon
1170 4684 1183 4719 :
1219 4660 1496 4727 Volentes,
1522 4662 1734 4733 inquit,
1764 4661 1832 4716 ad
1862 4677 1921 4717 se
1949 4661 2137 4717 venire

569 4762 800 4833 suscipit
836 4768 889 4816 et
917 4760 1051 4830 ipsis
1074 4756 1364 4814 beneiacit.
1389 4755 1454 4809 Et
1484 4756 1679 4811 Petrus
1707 4775 1720 4810 :
1756 4740 1864 4809 Nec
1906 4755 2011 4810 hoc
2044 4769 2142 4810 no-

566 4870 695 4910 vum
722 4861 826 4913 est,
850 4852 955 4906 hoc
983 4852 1128 4906 enim
1151 4849 1279 4904 facit
1306 4856 1360 4903 et
1391 4849 1481 4903 hic
1510 4864 1667 4919 quem
1698 4845 1889 4901 mundi
1912 4853 2130 4903 creato-

566 4963 679 5002 rem
709 4946 919 5001 fateris.
956 4944 1021 4997 Et
1048 4943 1236 4997 Simon
1270 4962 1282 4996 :
1312 4940 1417 4997 Sed
1453 4944 1629 4997 bonus
1665 4938 1809 4995 Deus
1839 4948 2050 4994 tantum
2070 4940 2129 4995 si

563 5045 895 5108 agnoscatur
925 5037 1155 5092 salutem
1186 5034 1556 5106 praestat(77),
1582 5032 1771 5087 mundi
1790 5039 1971 5087 autem
1993 5047 2130 5088 con-

634 5176 677 5206 ον
720 5174 1258 5246 Antei—relinquere
1288 5174 1457 5246 potuit
1479 5189 1585 5230 non
1611 5174 1865 5246 leguntur
1886 5176 1939 5231 in
1966 5175 2087 5231 cod.
2119 5175 2265 5245 Lips.

560 5245 789 5316 Reliqua
817 5244 1016 5300 desunt
1043 5244 1100 5298 in
1131 5245 1254 5299 cod.
1285 5244 1436 5315 Lips.

1456 214 1513 269 S.
1547 214 1937 270 CLEMENTIS
1969 215 1989 268 ι
2022 215 2189 271 ROM.

2227 217 2429 274 PONT.
2470 218 2695 275 OPZIRA
2734 221 2959 277 Dl‘BlA.
3602 232 3701 289 1216

2202 338 2250 394 Α
2278 332 2421 386 ditor
2446 332 2615 404 exigit
2655 335 2820 389 etiam
2849 336 3021 406 legem
3062 336 3279 408 impleri.
3302 338 3361 393 Et
3389 339 3577 397 Petrus:
3602 344 3705 419 Ergo

2275 431 2330 477 et
2353 423 2632 480 adulteros
2676 433 2732 481 et
2783 427 3085 485 homicidas
3132 431 3311 497 salvat,
3357 431 3399 486 si
3440 439 3704 503 cognoverint

2275 532 2421 581 eum,
2455 517 2630 574 bonos
2659 532 2838 575 autem
2871 528 2925 576 et
2954 521 3165 577 sobrios
3198 523 3275 578 vel
3315 523 3644 591 misericordes.
3671 532 3704 585 si

2275 609 2483 663 nullum
2519 609 2586 665 de
2613 625 2678 665 eo
2702 611 2960 666 indicium
2980 614 3246 683 capientes
3270 614 3577 685 ignoraverint
3597 635 3701 685 eum,

2275 715 2382 754 non
2425 701 2617 757 salvat.
2664 701 2918 774 Magnum
2950 712 3003 760 et
3044 706 3238 761 bonum
3275 706 3519 775 praedicas,
3542 709 3613 778 qui
3634 726 3706 764 non

2274 799 2383 845 tam
2413 792 2584 849 malos
2615 794 2806 859 salvet,
2850 812 3013 866 quam
3042 798 3136 868 qui
3170 797 3319 853 bonis
3359 797 3531 851 nullam
3560 802 3709 855 miseri-

2272 881 2516 937 cordiam
2554 894 2793 955 praestet.
2843 886 2909 941 Et
2954 887 3141 943 Simon
3183 906 3197 943 :
3232 888 3432 961 Magnus
3465 907 3572 947 sane
3607 893 3711 948 labor

2271 982 2356 1028 est
2385 990 2681 1046 agnoscere
2720 993 2843 1033 eum
2882 979 3087 1036 homini
3121 981 3175 1035 in
3206 997 3359 1038 carne
3390 983 3554 1052 posito.
3582 983 3710 1040 Ouini-

2271 1065 2375 1120 bus
2403 1067 2546 1121 enim
2574 1069 2813 1125 tenebris
2842 1071 3060 1137 telrius,
3091 1081 3144 1127 et
3178 1075 3315 1128 omni
3342 1074 3442 1127 luto
3465 1076 3635 1144 gravius
3657 1085 3710 1130 est

2270 1173 2473 1228 corpus
2518 1159 2642 1221 hoc.
2686 1177 2794 1232 quo
2841 1163 3214 1218 circumdatur
3240 1165 3423 1220 anima.
3462 1163 3516 1219 Et
3544 1164 3712 1223 Petrus:

2270 1249 2410 1323 Ergo
2434 1253 2612 1309 bonus
2644 1255 2748 1310 iste
2790 1254 2934 1312 Deus
2964 1272 3085 1327 quae
3124 1256 3350 1311 diﬂicilia
3384 1264 3522 1324 sunt,
3561 1259 3708 1326 quaerit.

2269 1344 2373 1409 Qui
2403 1352 2585 1400 autem
2617 1361 2745 1403 vere
2779 1346 2923 1403 Deus
2958 1355 3076 1412 est,
3108 1347 3346 1402 faciliora
3372 1349 3558 1418 expetit.
3577 1346 3711 1403 Dimit-

2267 1443 2346 1489 tat
2378 1437 2561 1508 itaque
2589 1453 2689 1495 nos
2712 1440 2877 1514 quasi
2905 1441 3082 1495 bonus
3107 1440 3244 1511 apud
3273 1438 3468 1494 Patrem
3488 1448 3532 1494 et
3556 1438 3711 1494 Creato-

2267 1543 2383 1582 rem
2411 1537 2684 1595 nostrum,
2713 1538 2768 1586 et
2794 1531 3012 1601 quando
3043 1530 3441 1587 discesserimus
3478 1546 3505 1585 e
3526 1545 3710 1601 corpore,

2267 1628 2320 1673 et
2348 1622 2483 1675 istas
2510 1637 2648 1692 quas
2683 1622 2823 1678 dicis
2844 1623 3105 1679 tenebras
3126 1622 3497 1695 reliquerimus,
3519 1631 3617 1677 tunc
3631 1640 3711 1678 eum

2268 1712 2485 1768 facilius
2509 1728 2893 1785 aguoscemus,
2922 1722 2977 1769 et
3007 1722 3141 1769 tunc
3174 1714 3338 1785 magis
3365 1714 3711 1769 animacondito.

2266 1821 2379 1860 rem
2410 1821 2568 1860 suum
2602 1806 3007 1877 esseintelliget
3027 1806 3221 1870 Deum,
3250 1814 3304 1861 et
3321 1806 3449 1876 apud
3476 1806 3611 1876 ipsum
3631 1823 3716 1876 per-

2266 1898 2539 1962 manebit,
2572 1914 2671 1954 nec
2707 1901 2849 1953 ultra
2887 1899 3124 1955 diversis
3164 1898 3549 1970 cogitationibus
3582 1897 3712 1967 fatiga.

2264 1989 2428 2052 bitur,
2455 2003 2630 2059 neque
2658 1991 2801 2045 volet
2826 1990 2894 2045 ad
2923 1992 3085 2046 aliam
3102 1989 3388 2061 confugere
3401 1991 3712 2057 virtutemque

2264 2081 2398 2135 nulli
2428 2083 2645 2152 cognita
2675 2089 2759 2138 est
2784 2084 2892 2138 nisi
2926 2081 3139 2137 Simoni
3168 2083 3300 2149 soli;
3324 2098 3433 2152 quze
3462 2089 3591 2135 tanta:
3610 2079 3712 2134 boui-

2262 2173 2392 2228 tatis
2422 2180 2526 2238 est,
2562 2181 2622 2227 ut
2651 2173 2757 2229 nisi
2788 2175 2911 2245 quis
2951 2175 3106 2245 prius
3134 2176 3329 2245 impius
3357 2175 3582 2229 exstiterit
3602 2174 3715 2243 inpa-

2262 2271 2472 2319 rentem
2503 2279 2664 2320 suum
2688 2304 2703 2330 ,
2762 2266 2829 2319 ad
2855 2268 3026 2337 ipsam
3054 2268 3244 2322 venire
3271 2282 3372 2321 non
3398 2262 3711 2336 possit.

2260 2354 2537 2425 quomodo
2562 2357 2677 2412 haec
2705 2357 2883 2414 virtus
2913 2359 2997 2413 vel
3038 2358 3188 2414 bona
3225 2358 3306 2413 vel
3328 2358 3464 2428 justa
3487 2356 3717 2427 appellanda.

2260 2448 2356 2512 sit,
2390 2448 2480 2503 cui
2508 2448 2724 2519 placere
2755 2464 2863 2504 non
2894 2457 3114 2520 potest,
3144 2448 3253 2506 nisi
3281 2450 3399 2520 quis
3419 2448 3554 2519 impie
3575 2462 3618 2501 se
3636 2458 3715 2517 gei-

2259 2539 2393 2595 serit
2424 2539 2480 2594 in
2510 2556 2633 2595 eum
2654 2555 2686 2595 a
2713 2556 2823 2613 quo
2854 2541 3033 2599 factus
3061 2550 3170 2599 est.

2329 2630 2467 2689 LIX.
2495 2632 2560 2688 Et
2592 2635 2782 2690 Simon
2817 2656 2829 2691 :
2869 2635 2987 2691 Non
3014 2644 3100 2693 est
3134 2637 3385 2708 impium,
3407 2632 3609 2689 utilitatis
3631 2644 3715 2701 gra-

2259 2730 2332 2783 tia
2366 2739 2422 2785 et
2452 2728 2589 2784 lucri
2620 2729 2845 2798 majoris
2869 2730 3168 2801 confugere
3196 2730 3265 2786 ad
3286 2745 3403 2785 eum
3421 2768 3436 2793 ,
3462 2728 3535 2798 qui
3556 2725 3713 2795 opulen-

2257 2822 2417 2876 tioris
2438 2829 2522 2877 est
2547 2822 2750 2891 gloriae.
2776 2820 2840 2874 Et
2877 2819 3076 2878 Petrus
3109 2840 3122 2876 :
3167 2820 3248 2886 Si,
3277 2828 3336 2876 ut
3364 2830 3414 2875 tu
3443 2820 3538 2881 ais,
3562 2831 3639 2869 non
3658 2822 3716 2868 est

2260 2913 2485 2984 impium
2524 2912 2820 2985 confugere
2860 2914 2927 2968 ad
2967 2915 3245 2978 alienum,
3280 2915 3439 2968 multo
3465 2911 3589 2980 magis
3609 2908 3715 2977 pium

2178 3015 2221 3071 ο
2252 3012 2334 3060 εει
2355 2990 2672 3075 permanere
2702 3007 2843 3076 apud
2869 3007 3153 3077 proprium
3174 3012 3398 3077 patrem,
3427 3000 3589 3058 etiamsi
3618 3012 3714 3068 pau-

2254 3113 2349 3168 per
2380 3098 2471 3153 sit.
2496 3096 2603 3151 Aut
2632 3097 2678 3152 si
2701 3098 2744 3129 °'
2776 3114 2884 3152 non
2915 3107 3076 3168 putas
3104 3114 3233 3153 esse
3255 3097 3485 3167 impium,
3514 3102 3558 3148 ut
3582 3091 3721 3143 relicto

2251 3200 2401 3260 patre
2424 3198 2613 3246 nostro
2634 3189 3015 3261 confugiamus
3044 3190 3114 3244 ad
3141 3190 3309 3245 alium
3339 3188 3478 3259 quasi
3501 3184 3716 3242 meliorem.

2252 3298 2427 3352 neque
2455 3282 2725 3353 indignari
2749 3282 2930 3337 credis
2961 3298 3060 3353 pro
3083 3282 3193 3337 hoc
3223 3289 3504 3338 creatorem
3525 3285 3722 3335 nostrum,

2250 3374 2421 3427 multo
2449 3375 2623 3444 magis
2673 3374 2852 3429 bonus
2904 3374 3048 3429 Deus
3087 3391 3203 3428 non
3235 3370 3594 3442 indignabitur,
3619 3361 3717 3436 quod

2248 3481 2372 3519 cum
2403 3481 2649 3522 essemus
2678 3467 2746 3521 ab
2773 3480 2840 3521 eo
2865 3466 3047 3529 alieni,
3070 3483 3183 3521 non
3208 3465 3531 3535 confugimus
3545 3460 3595 3514 ad
3613 3469 3715 3512 eum.

2248 3559 2343 3614 sed
2370 3559 2770 3629 permansimus
2795 3558 2938 3628 apud
2978 3557 3299 3613 Creatorem
3330 3564 3575 3617 nostrum;
3602 3558 3641 3604 et
3654 3562 3720 3617 pu-

2248 3659 2303 3707 to
2331 3652 2474 3722 quod
2501 3667 2567 3707 ex
2593 3652 2697 3706 hoc
2729 3652 2901 3723 magis
2931 3650 3274 3705 collaudabit
3299 3665 3394 3705 nos
3417 3688 3430 3709 ,
3469 3646 3575 3716 quia
3611 3640 3721 3695 ﬁdem

2247 3758 2534 3799 servamus
2558 3742 2803 3799 Creatori
2837 3750 3028 3797 nostro
3058 3743 3193 3805 Deo,
3222 3741 3550 3797 considerans
3570 3736 3663 3806 quia
3684 3730 3714 3783 si

2245 3835 2331 3890 sui
2374 3835 2545 3905 ipsius
2584 3834 2898 3899 fuissemus,
2930 3852 3217 3905 nunquam
3245 3836 3578 3904 relinquentes
3598 3829 3723 3897 ipsum

2246 3929 2434 3985 seduci
2474 3929 2748 3983 illecebris
2780 3928 3152 3999 potuissemus
3192 3927 3403 3981 alienis.
3434 3923 3547 3977 Nam
3569 3918 3605 3974 si
3632 3920 3717 3985 quis

2244 4021 2680 4090 opulentioribus
2696 4020 2911 4097 illectus
2943 4019 3449 4090 pollicitationibus,
3467 4015 3621 4072 relicto
3635 4024 3720 4079 pro-

2242 4113 2360 4182 prio
2390 4119 2618 4183 parente
2661 4111 2939 4183 confugiat
2966 4112 3033 4166 ad
3065 4113 3309 4166 alienum
3330 4150 3345 4174 ,
3374 4116 3531 4180 potest
3550 4100 3656 4163 ﬁeri,
3680 4106 3718 4150 ul

2249 4205 2446 4260 iterum
2472 4205 2665 4261 relicto
2687 4221 2753 4262 eo
2772 4248 2789 4273 ,
2824 4205 2892 4261 ad
2917 4204 3080 4259 alium
3116 4212 3307 4276 pergat
3330 4204 3418 4274 qui
3438 4199 3609 4269 majora
3632 4208 3719 4263 pm'

2242 4300 2473 4368 miserit,
2519 4314 2585 4355 eo
2637 4299 2809 4369 magis
2851 4297 3001 4368 quod
3037 4297 3216 4368 ipsius
3251 4295 3492 4366 proprius
3526 4303 3615 4343 non
3640 4289 3720 4337 erat

2241 4391 2405 4456 ﬁlius,
2438 4392 2635 4462 quippe
2677 4391 2771 4461 qui
2810 4391 2973 4446 etiam
3001 4404 3151 4455 eum,
3186 4389 3283 4459 qui
3322 4388 3372 4442 ei
3414 4394 3581 4440 natura
3617 4384 3721 4449 pater

2236 4491 2382 4547 erat,
2414 4484 2722 4554 relinquere
2772 4483 2968 4554 potuit.
3022 4481 3086 4534 Et
3154 4479 3343 4534 Simon
3377 4477 3478 4547 (78)
3511 4468 3657 4539 :Quid
3689 4465 3719 4518 si

2238 4576 2307 4630 ab
2337 4575 2427 4629 illo
2455 4583 2583 4629 sunt
2607 4574 2835 4640 animae,
2867 4582 2920 4628 et
2945 4574 3202 4644 ignorant
3218 4587 3365 4635 eum,
3394 4577 3444 4625 et
3462 4566 3720 4622 illaesum

2238 4679 2391 4739 pater
2423 4668 2705 4740 ipsarum?

2310 4759 2418 4815 LX.
2456 4760 2521 4814 Et
2558 4759 2753 4815 Petrus
2782 4778 2795 4815 :
2828 4756 2994 4821 Satis,
3031 4756 3246 4828 inquit,
3282 4751 3515 4809 ostendis
3541 4760 3640 4802 eum
3666 4741 3719 4792 il-

2238 4851 2498 4907 validum.
2528 4849 2664 4906 Nam
2698 4850 2745 4906 si
2774 4848 3082 4920 potentior,
3132 4855 3190 4900 nt
3235 4847 3351 4909 ais,
3393 4839 3616 4897 omnibus
3638 4838 3715 4887 est.

2238 4958 2517 5013 nunquam
2551 4942 2843 5013 potentiori
2891 4938 3177 4994 invalidior
3221 4938 3393 5007 spolia
3426 4935 3467 4966 '°
3492 4925 3719 4986 detraxisse

2238 5036 2542 5091 credendus
2570 5046 2651 5091 est
2674 5035 2743 5101 '“,
2779 5041 2873 5088 aut
2903 5032 2949 5087 si
2984 5031 3157 5101 potuit
3182 5030 3238 5084 vi
3270 5029 3339 5083 ab
3368 5042 3430 5082 eo
3457 5024 3635 5079 animas
3656 5015 3714 5069 de-

2199 1676 2238 1731 Il

2345 5176 2391 5207 "°
2406 5174 2541 5230 Luc.
2575 5189 2654 5237 ιι,
2678 5173 2769 5229 22.
2845 5173 2888 5203 ‘"
2910 5170 3261 5225 Detraxisset.
3292 5167 3483 5223 Videris
3505 5159 3713 5222 milite“.

1847 5360 2215 5417 COTELERII
2254 5360 2482 5417 NOTAE.

627 5505 740 5574 (77)
772 5503 949 5558 Bonus
987 5500 1125 5574 Deus
1172 5509 1379 5574 tantum
1427 5500 1475 5553 si
1515 5507 1852 5574 agnoscatur,
1891 5496 2118 5574 salutem

554 5567 794 5697 pn‘mgé.
816 5574 1016 5629 Eadem
1038 5572 1197 5627 docet
1236 5569 1444 5636 Simon,
1478 5567 1619 5639 apud
1660 5567 1920 5623 Irenaeum
1950 5568 2043 5623 lib.
2078 5584 2116 5634 I,

557 5662 677 5697 cun.
713 5682 742 5696 ..
785 5684 797 5696 .

557 5662 835 5775 “Titii-"iit
864 5713 1049 5771 Simon
1100 5710 1333 5767 Additur
1360 5711 1414 5766 in
1443 5710 1629 5766 codice
1650 5710 1925 5766 Carniclit.
1958 5707 2117 5764 scho-

2222 5496 2352 5551 lium
2381 5516 2393 5551 :
2419 5496 2637 5552 Greater
2660 5497 2843 5552 mundi
2862 5514 3082 5567 corpora
3098 5496 3357 5559 condidit.
3384 5497 3437 5549 in
3457 5491 3617 5564 quibus

2222 5584 2335 5639 mas
2370 5584 2487 5638 qua:
2518 5578 2649 5639 sunt
2676 5567 2771 5639 Dei
2805 5552 3004 5639 magni
3023 5569 3275 5639 violenter
3304 5552 3508 5619 inclusit
3531 5577 3548 5613 :
3572 5552 3714 5639 ειξότς

2221 5626 2414 5690 animi}:
2446 5655 2549 5691 non
2585 5638 2652 5691 ad
2689 5626 2948 5703 alienum,
2993 5639 3082 5694 sed
3128 5637 3195 5691 ad
3235 5648 3437 5705 patrem
3472 5647 3601 5688 suum
3621 5626 3711 5680 ιω

2227 5708 2491 5776 redierint,
2527 5708 2593 5761 ad
2627 5710 2782 5764 istum
2822 5709 2990 5764 redire
3020 5727 3118 5765 non
3148 5718 3391 5777 possunt.
