3976 6340
297 294 432 351 ηπ

1500 294 2060 356 RECOGNITIONUM
2097 297 2225 357 LIB.
2267 299 2330 355 II.

3366 299 3510 358 1378

289 412 487 466 ducere
518 410 577 465 in
620 408 767 464 hunc
815 409 1078 465 mundum
1112 417 1327 466 creator
1357 409 1536 477 Deus,
1571 412 1842 483 quomodo
1869 418 1915 474 Α
1946 412 2075 465 mihi
2111 411 2366 479 videbar,
2406 421 2458 468 et
2486 413 2793 485 cogitabam
2820 413 2889 468 de
2930 427 2995 469 ea
3025 429 3148 484 quae
3189 415 3506 471 conveniret

284 518 374 559 eas
408 516 635 572 corpore
665 502 893 558 emissas
915 511 969 558 et
1001 501 1333 573 captivitatis
1359 504 1594 559 vinculis
1632 505 1845 560 resolu-

286 603 386 657 tas,
410 594 587 649 bonus
616 593 760 650 Deus
788 594 999 649 vocabit
1030 595 1097 651 ad
1132 611 1368 666 pamam,
1397 612 1518 667 qua:
1544 612 1639 667 per
1670 598 1842 668 ipsius

280 685 363 740 vel
394 684 659 740 desidiam
703 687 788 742 vel
833 686 1232 754 inﬁrmitatem,
1287 688 1530 743 abstrahi
1574 688 1642 742 ad
1696 690 1841 745 hunc

282 777 457 833 locum
490 787 543 833 et
573 776 774 832 involvi
808 792 1035 849 corpore
1066 779 1224 848 quasi
1257 779 1499 836 tenebris
1524 780 1842 850 ignorantia:

280 870 611 939 potuerunt?
636 868 851 925 Videris
876 871 1007 925 mihi
1042 872 1293 943 ignorare
1325 871 1457 941 quid
1493 872 1565 927 sit
1587 871 1747 928 Pater
1787 884 1841 929 et

280 959 444 1027 Deus,
472 977 658 1017 verum
690 971 742 1017 et
775 962 968 1017 anima:
998 965 1139 1018 unde
1157 964 1267 1019 sint
1287 964 1370 1018 vel
1396 963 1613 1034 quando
1630 975 1684 1019 et
1704 982 1841 1036 quo-

278 1053 441 1108 modo
481 1053 671 1121 factae,
709 1068 925 1124 possem
999 1054 1210 1120 dicere,
1240 1055 1335 1111 sed
1384 1057 1500 1112 haec
1544 1072 1693 1112 nunc
1741 1060 1839 1114 tibi

277 1146 487 1215 aperire
507 1145 591 1201 fas
609 1161 718 1200 non
739 1153 846 1212 est,
880 1145 937 1201 in
966 1154 1118 1201 tanto
1137 1162 1324 1203 errore
1352 1148 1529 1218 posito
1561 1149 1629 1205 de
1659 1150 1840 1206 scien-

275 1237 347 1290 tia
377 1236 493 1293 Dei.
521 1236 661 1292 Tum
695 1237 885 1293 Simon
905 1258 917 1294 :
941 1237 1075 1304 Erit,
1109 1239 1307 1311 inquit,
1342 1248 1563 1311 tempus
1587 1258 1697 1313 quo
1720 1258 1837 1313 pa:-

275 1329 472 1385 nitebit
520 1340 572 1385 te
591 1370 606 1394 ,
642 1331 786 1401 quod
816 1331 1087 1387 dicentem
1118 1347 1203 1388 me
1246 1331 1314 1389 de
1344 1333 1603 1389 ineffabili
1632 1335 1837 1392 virtute

274 1422 767 1489 nonintellexeris.
797 1422 862 1477 Et
885 1421 1114 1480 Petrus:
1144 1422 1219 1478 Da
1241 1440 1373 1497 ergo
1401 1426 1581 1493 nobis,
1612 1436 1670 1482 ut
1692 1444 1837 1500 sape

268 1513 384 1583 jam
422 1512 555 1579 dixi,
607 1524 866 1586 tanquam
930 1531 1105 1572 novus
1165 1516 1307 1573 Deus
1363 1526 1456 1572 aut
1486 1520 1581 1590 qui
1633 1520 1702 1575 ab
1743 1522 1835 1577 illo

271 1603 625 1662 descenderis
676 1622 899 1662 sensum
954 1608 1187 1679 aliquem
1244 1624 1484 1677 novum,
1535 1627 1630 1683 per
1672 1627 1834 1684 quem

271 1712 477 1751 novum
507 1714 669 1768 quem
701 1698 838 1753 dicis
869 1697 1037 1754 Deum
1068 1700 1342 1771 possimus
1381 1716 1709 1773 agnoscere;
1744 1706 1832 1763 isti

270 1787 420 1841 enim
459 1790 697 1860 quinque
751 1805 967 1856 sensus,
1028 1807 1167 1863 quos
1214 1792 1371 1849 nobis
1418 1795 1568 1850 dedit
1615 1806 1833 1852 creator

270 1878 441 1949 Deus,
459 1881 704 1937 Creatori
736 1898 838 1939 suo
868 1882 1026 1939 ﬁdem
1055 1894 1294 1950 servant,
1331 1902 1431 1942 nec
1452 1888 1620 1942 alium
1642 1906 1834 1959 quem-

269 1990 438 2043 quam
467 1990 587 2030 esse
618 1977 862 2031 sentiunt
912 1976 1101 2042 Deum,
1138 1978 1241 2034 hoc
1292 1980 1372 2034 eis
1402 1980 1521 2051 ipsa
1575 1983 1658 2038 sui
1688 1999 1830 2053 prce-

272 2073 452 2121 stante
482 2073 700 2123 natura.

341 2179 481 2236 LXI.
531 2180 615 2236 Ad
665 2181 779 2237 hinc
828 2181 1051 2239 Simon:
1087 2184 1318 2250 Adhibe,
1354 2186 1550 2256 inquit,
1588 2187 1830 2245 animum

272 2273 341 2327 ad
377 2290 440 2328 ea
473 2290 595 2345 qua:
641 2275 889 2331 dicturus
918 2292 1061 2340 sum,
1098 2287 1150 2333 et
1190 2277 1355 2334 facito
1378 2294 1502 2334 eum
1541 2278 1830 2336 invisibili-

271 2366 375 2421 bus
408 2365 616 2422 semitis
660 2367 1033 2431 incedentem,
1064 2371 1345 2440 pervenire
1381 2370 1450 2425 ad
1482 2387 1545 2427 ea
1578 2388 1700 2442 quze
1732 2373 1828 2429 tibi

272 2457 741 2515 demonstravero.
784 2459 1047 2515 Ausculta
1077 2475 1205 2533 ergo
1243 2478 1388 2517 nunc
1422 2482 1435 2517 :
1480 2478 1832 2533 nunquamne

272 2548 329 2604 in
361 2551 691 2623 cogitatione
742 2553 955 2623 positus
983 2552 1277 2608 extendisti
1315 2562 1552 2609 mentem
1586 2563 1733 2610 tuam
1773 2556 1829 2610 in

273 2643 525 2713 regiones
551 2645 634 2699 vel
665 2645 874 2700 insulas
901 2660 1063 2716 porro
1089 2647 1317 2715 positas,
1338 2654 1391 2700 et
1414 2647 1488 2700 ita
1519 2648 1572 2701 in
1590 2650 1668 2703 eis
1692 2648 1831 2704 ﬁxus

274 2735 461 2789 animo
490 2736 775 2801 mansisti,
813 2745 872 2791 ut
919 2753 987 2791 ne
1033 2747 1326 2807 praisentes
1378 2737 1597 2808 quidem
1644 2739 1829 2796 videre

272 2832 369 2879 aut
403 2828 742 2896 temetipsum
776 2829 919 2884 scire
967 2828 1058 2884 ubi
1108 2828 1328 2885 sederes
1352 2868 1368 2893 ,
1416 2845 1527 2899 pra:
1561 2830 1830 2886 suavitate

267 2932 461 2973 eorum
510 2935 630 2989 qua:
661 2920 1001 2976 habebantur
1034 2921 1088 2975 in
1120 2922 1331 2988 oculis,
1366 2922 1596 2991 posses?
1631 2923 1694 2977 Et
1724 2920 1829 2977 Pe-

266 3021 386 3066 trus
418 3011 492 3064 ait
522 3032 534 3067 :
565 3010 761 3067 Verum
793 3020 897 3078 est,
932 3013 1117 3069 Simon
1139 3056 1154 3080 ,
1188 3015 1291 3069 hoc
1335 3014 1467 3068 mihi
1518 3016 1829 3084 frequenter

1942 502 2011 557 de
2034 502 2257 558 civitate
2283 519 2482 574 magna
2509 505 2759 575 cogitari,
2779 515 2993 574 portas,
3021 520 3230 569 muros,
3258 506 3502 574 lavacra,

1942 593 2148 663 plateas
2168 634 2184 659 ,
2218 594 2539 665 angiportus
2563 636 2579 660 .
2609 596 2725 650 fora
2759 605 2813 651 et
2842 598 3037 650 horum
3063 599 3461 667 consequentia
3486 641 3504 667 ,

1942 685 2243 739 secundum
2270 702 2332 742 ea
2365 687 2576 742 scilicet
2596 705 2719 758 qua:
2744 689 2797 742 in
2821 690 2942 745 aliis
2970 689 3199 743 urbibus
3222 690 3463 745 videram
3483 732 3501 754 ,

1941 783 1993 830 et
2026 778 2079 830 in
2128 785 2337 832 tantum
2380 780 2680 835 intentione
2723 781 3102 849 hujuscemodi
3146 781 3377 836 intuin
3409 783 3504 837 de-

1942 868 2199 933 lectabar,
2232 877 2289 924 ut
2317 886 2463 932 vere.
2500 874 2641 926 sicut
2661 872 2775 941 ipse
2803 873 3011 937 dixisti,
3046 888 3149 927 nec
3176 881 3504 943 praesentem

1941 970 2102 1032 atque
2146 971 2410 1019 astantem
2460 964 2703 1019 viderem
2726 1006 2742 1030 ,
2798 980 2901 1019 nec
2934 965 3051 1035 ipse
3094 964 3185 1019 ubi
3220 964 3504 1029 sederem,

1939 1069 2179 1109 nossem.
2216 1054 2282 1108 Et
2319 1053 2547 1109 Simon:
2579 1054 2759 1119 Modo,
2797 1056 2993 1125 inquit,
3022 1064 3171 1111 recte
3200 1056 3357 1113 dicis.

2008 1144 2192 1202 LXIII.
2227 1145 2293 1199 Et
2322 1144 2515 1202 Petrus
2544 1164 2559 1200 :
2584 1146 2826 1217 Denique
2840 1162 2964 1201 cum
2983 1147 3186 1218 piscem
3204 1148 3503 1204 maximum

1937 1238 2030 1308 qui
2064 1238 2223 1293 hamo
2263 1238 2577 1304 inhaeserat,
2602 1249 2783 1294 mente
2813 1249 3116 1309 occupatus
3159 1241 3361 1296 habere
3396 1241 3504 1295 mi-

1937 1331 2084 1385 nime
2112 1330 2392 1394 sentirem,
2423 1338 2477 1386 et
2526 1331 2581 1386 id
2614 1332 2836 1401 quidem
2866 1348 2991 1387 cum
3028 1333 3176 1387 hami
3204 1332 3404 1389 lineam
3433 1333 3503 1390 de

1937 1424 2192 1479 manibus
2243 1424 2381 1480 meis
2414 1424 2684 1479 violenter
2732 1426 3021 1495 arriperet,
3057 1433 3366 1495 stupentem
3412 1441 3502 1480 me

1935 1516 2127 1572 videns
2155 1515 2325 1570 frater
2354 1532 2508 1571 meus
2533 1515 2780 1572 Andreas
2799 1516 2893 1587 qui
2926 1532 3137 1571 mecum
3166 1516 3413 1582 sedebat,
3435 1533 3502 1572 ac

1934 1623 2072 1678 pene
2102 1624 2379 1673 casurum,
2410 1610 2553 1663 latus
2591 1610 2801 1664 fodiens
2836 1610 3024 1663 cubito
3052 1611 3199 1664 velut
3232 1610 3504 1665 dormien-

1937 1708 2043 1754 tem
2069 1702 2268 1756 excitat
2296 1700 2485 1755 dicens
2508 1720 2519 1755 :
2542 1700 2659 1754 Non
2680 1700 3500 1771 vides,Petre,quammagnum

1936 1792 2137 1861 piscem
2159 1792 2394 1862 ceperis?
2422 1794 2801 1862 nunquidnam
2834 1800 3016 1847 mente
3054 1792 3322 1855 excidisti,
3351 1792 3500 1862 quod

1934 1899 2014 1937 sne
2034 1884 2298 1940 attonitus
2327 1885 2548 1954 stupes?
2578 1885 2708 1955 quid
2741 1892 2826 1939 est
2854 1884 2996 1953 quod
3024 1884 3266 1953 pateris?
3292 1884 3381 1939 dic
3405 1886 3495 1938 [nio

1932 1972 2006 2028 hi.
2039 1974 2107 2029 At
2126 1991 2228 2046 ego
2258 1975 2572 2045 indignatus
2608 1976 2655 2030 ei
2693 1976 2998 2045 paululum,
3027 1976 3172 2045 quod
3196 1992 3280 2030 me
3311 1991 3343 2028 a
3375 1974 3501 2029 dul-

1930 2069 2123 2125 cedine
2150 2084 2340 2125 eorum
2382 2084 2503 2139 qua:
2536 2069 2788 2123 intuebar
2828 2068 3193 2129 abstraxerit,
3236 2065 3498 2137 respondi

1889 2158 1895 2165 ’
1930 2160 2066 2214 nihil
2106 2176 2193 2215 me
2233 2160 2360 2213 mali
2392 2162 2541 2231 pati,
2575 2160 2669 2215 sed
2704 2160 2886 2213 animo
2915 2158 3329 2214 desiderabilem
3357 2158 3496 2212 mihi

1932 2252 2131 2307 intueri
2178 2251 2503 2315 Jerusalem,
2534 2252 2804 2321 simulque
2829 2250 3152 2313 Ctesaream,
3187 2258 3242 2304 et
3270 2264 3499 2321 corpore

1930 2345 2147 2415 quidem
2188 2359 2312 2398 cum
2357 2344 2476 2413 ipso
2515 2359 2678 2413 esseo,
2731 2352 2913 2398 mente
2955 2359 3084 2399 vero
3116 2344 3245 2397 illuc
3276 2342 3495 2413 penitus

1931 2435 2157 2491 auferri.
2189 2435 2258 2489 At
2286 2435 2375 2490 ille
2402 2436 2591 2491 nescio
2625 2435 2768 2489 unde
2799 2435 3120 2504 inspiratus,
3153 2434 3498 2490 reconditum

1928 2537 1983 2584 et
2016 2535 2284 2584 secretum
2314 2528 2560 2582 veritatis
2591 2527 2815 2597 protulit
2853 2510 3099 2583 verbinn.

1998 2642 2179 2697 LXIV.
2223 2641 2438 2706 Desine,
2470 2642 2668 2712 inquit,
2691 2641 2879 2709 Petre;
2912 2643 3041 2712 quid
3067 2649 3150 2697 est
3168 2642 3313 2713 quod
3339 2642 3498 2713 agis?

1931 2735 1985 2789 bi
2017 2735 2162 2790 enim
2191 2735 2285 2804 qui
2329 2733 2572 2788 daemone
2618 2734 2885 2803 incipiunt
2926 2735 3121 2804 repleri
3156 2726 3241 2789 vel
3286 2734 3496 2790 moveri

1928 2837 2109 2883 mente
2130 2867 2146 2891 ,
2192 2825 2568 2896 hujuscemodi
2602 2826 2753 2879 initia
2782 2826 3003 2890 habent,
3054 2841 3150 2897 per
3174 2826 3495 2897 phantasia:

1928 2922 2106 2994 primo
2144 2920 2209 2975 ad
2239 2918 2479 2989 jucunda
2512 2934 2739 2989 qumque
2784 2926 2837 2973 et
2884 2917 3223 2973 delectabilia
3255 2917 3493 2975 transfe-

1930 3024 2143 3079 runtur;
2176 3012 2372 3067 deinde
2399 3011 2463 3064 ad
2490 3026 2554 3065 ea
2584 3026 2705 3080 quae
2724 3026 2835 3065 non
2863 3018 3012 3073 sunt,
3044 3010 3198 3066 vanis
3227 3019 3282 3065 et
3314 3010 3497 3065 inani-

265 3102 571 3158 aceidit.Et
602 3102 831 3161 Simon:
864 3105 941 3160 Ita
985 3113 1040 3161 et
1073 3122 1219 3162 nunc
1269 3123 1491 3163 sensum
1538 3118 1690 3161 tuum
1732 3124 1828 3165 ex-
1854 3101 1896 3158 C
1932 3108 2032 3162 bus
2076 3106 2314 3161 motibus
2363 3104 2736 3160 effunduntur.
2790 3103 2904 3158 Hoc
2950 3112 3131 3159 autem
3182 3104 3379 3159 accidit
3424 3120 3492 3160 ex

267 3192 431 3249 tende
461 3194 516 3249 in
566 3197 786 3265 coelum,
831 3205 885 3253 et
923 3199 1118 3253 iterum
1164 3214 1329 3269 super
1359 3201 1557 3255 caelum
1577 3241 1591 3264 ,
1620 3211 1674 3255 et
1704 3202 1828 3258 vide

262 3285 399 3356 quia
428 3287 589 3342 debet
632 3305 753 3345 esse
785 3290 982 3361 aliquis
1013 3291 1165 3346 locus
1187 3290 1279 3361 qui
1308 3291 1379 3346 sit
1408 3293 1547 3345 ultra
1566 3292 1826 3348 mundum

261 3382 353 3437 vel
365 3386 518 3432 extra
534 3380 817 3445 mundum,
836 3381 893 3435 in
910 3398 1018 3453 quo
1029 3399 1206 3454 neque
1219 3384 1416 3438 caelum
1429 3386 1519 3450 sit,
1534 3402 1707 3456 neque
1719 3393 1830 3442 ter-

262 3492 350 3541 ra,
368 3491 543 3547 neque
569 3474 757 3529 umbra
771 3473 962 3527 horum
980 3475 1142 3529 etiam
1179 3475 1253 3531 ibi
1281 3476 1533 3532 tenebras
1551 3486 1823 3547 operetur,

261 3579 320 3625 et
344 3569 415 3624 ob
426 3569 527 3623 hoc
539 3583 664 3623 cum
685 3584 859 3638 neque
878 3583 1106 3637 corpora
1135 3568 1315 3638 aliqua
1330 3568 1385 3623 in
1419 3585 1482 3624 eo
1501 3570 1631 3635 sint,
1652 3587 1828 3642 neque

261 3678 336 3717 ex
386 3660 707 3732 corporibus
764 3660 1021 3725 tenebrae,
1049 3661 1359 3716 necessario
1389 3662 1461 3717 sit
1508 3663 1688 3718 lumen
1723 3663 1827 3718 im-

261 3768 551 3819 mensum;
577 3760 632 3807 et
665 3752 845 3806 lumen
874 3751 1164 3807 considera
1195 3756 1505 3823 cujusmodi
1535 3773 1658 3813 esse
1693 3774 1824 3829 pos-

260 3849 362 3912 sit,
393 3846 483 3901 cui
517 3846 750 3900 tenebrm
783 3846 943 3901 nullze
994 3846 1311 3902 succedunt.
1350 3847 1487 3903 Nam
1526 3850 1572 3906 si
1606 3850 1825 3906 univer-

261 3955 391 3995 sum
412 3939 557 3993 hunc
585 3938 848 3993 mundum
872 3939 1003 3994 solis
1029 3939 1193 4009 hujus
1218 3943 1387 4010 replet
1416 3942 1527 4006 lux,
1563 3948 1825 4012 quantum

257 4032 504 4088 aestimas
525 4046 647 4086 esse
676 4030 809 4085 illud
838 4030 1220 4100 incorporeum
1245 4032 1428 4086 lumen
1452 4041 1504 4087 et
1521 4033 1826 4089 inﬁnitum?

259 4133 476 4180 tantum
525 4123 645 4180 sine
694 4123 880 4188 dubio,
924 4132 983 4177 ut
1015 4124 1160 4178 istud
1191 4123 1325 4179 solis
1373 4125 1556 4181 lumen
1589 4126 1656 4181 ad
1687 4124 1823 4181 illud

256 4218 502 4274 tenebra:
524 4225 578 4273 et
606 4232 715 4271 non
745 4217 839 4271 lux
868 4232 990 4272 esse
1022 4216 1291 4272 videatur.

338 4332 494 4389 LXII.
530 4332 654 4387 Ilaec
679 4347 804 4386 cum
822 4330 1248 4394 diceretSimon,
1274 4331 1467 4387 Petrus
1497 4331 1779 4402 respondit
1803 4350 1817 4387 :

1926 3199 2186 3270 languore
2215 3195 2452 3267 quodam
2490 3197 2708 3259 animae,
2741 3211 2849 3265 quo
2875 3211 2938 3250 ea
2965 3195 3184 3265 quidem
3212 3212 3333 3265 qute
3362 3205 3493 3252 sunt

1925 3309 2036 3348 non
2058 3290 2263 3355 vident,
2295 3289 2606 3345 desiderant
2636 3304 2759 3344 vero
2783 3288 3050 3344 adducere
3073 3288 3138 3341 ad
3163 3300 3491 3361 conspectus

1926 3399 2057 3439 suos
2087 3398 2149 3438 ea
2185 3398 2305 3452 quae
2338 3396 2446 3435 non
2477 3390 2624 3436 sunt.
2659 3379 2766 3435 Sed
2795 3388 2849 3435 et
2877 3380 2989 3435 illis
3018 3382 3090 3433 ita
3122 3381 3356 3445 accidit,
3392 3383 3490 3453 qui

1924 3475 2216 3546 phrenesin
2252 3473 2533 3545 patiuntur
2577 3480 2631 3527 et
2680 3470 2933 3527 videntur
2977 3472 3082 3527 sibi
3122 3472 3319 3526 multas
3350 3475 3488 3527 ima-

1924 3568 2077 3640 gines
2104 3566 2305 3628 videre,
2341 3582 2439 3636 pro
2463 3581 2528 3620 eo
2557 3565 2698 3635 quod
2727 3564 3003 3618 nimietate
3031 3563 3250 3634 frigoris
3280 3565 3363 3619 vel
3394 3580 3487 3620 ea-

1924 3660 2057 3714 loris
2088 3659 2269 3712 anima
2302 3658 2543 3729 ipsorum
2574 3658 2834 3711 convulsa
2874 3666 2927 3710 et
2965 3665 3141 3709 emota
3183 3656 3317 3711 locis
3344 3656 3482 3720 suis,

1923 3765 2162 3809 errorem
2193 3751 2396 3820 patitur
2424 3747 2711 3803 ministerii
2754 3747 3037 3802 naturalis.
3076 3745 3181 3802 Sed
3208 3755 3263 3801 et
3307 3747 3359 3800 hi
3389 3746 3484 3817 qui

1922 3844 2172 3897 laborant
2201 3842 2314 3904 siti,
2342 3857 2466 3896 eum
2494 3840 2548 3895 in
2581 3856 2828 3910 soporem
2855 3839 3101 3894 venerint
3127 3878 3142 3904 ,
3183 3837 3404 3893 ﬁumina
3427 3844 3486 3893 et

1924 3934 2101 3989 fontes
2140 3934 2325 3989 videre
2368 3933 2470 3988 sibi
2503 3932 2757 3988 videntur
2785 3947 2849 3985 ac
2879 3932 3092 3998 bibere;
3154 3931 3256 3985 hoc
3301 3939 3483 3984 autem

1923 4029 2198 4098 patiuntur
2221 4026 2474 4081 ariditate
2505 4024 2845 4094 intemperati
2872 4023 3121 4092 corporis
3150 4021 3481 4075 laborantes.

1921 4120 2145 4189 Propter
2176 4117 2323 4188 quod
2369 4123 2577 4172 certum
2625 4125 2731 4181 est,
2777 4116 2893 4171 haec
2940 4115 3070 4171 vitio
3117 4116 3353 4187 quodam
3399 4116 3486 4171 vel

1921 4215 2114 4269 anima:
2142 4212 2226 4265 vel
2257 4210 2502 4281 corporis
2533 4208 2669 4263 ﬁeri.

1991 4325 2152 4380 LXV.
2194 4325 2433 4395 Denique
2464 4334 2521 4379 ut
2549 4325 2784 4395 accipias
2812 4325 2891 4379 rei
2915 4323 3073 4379 ﬁdem
3099 4324 3166 4379 de
3184 4322 3482 4378 Jerusalem

257 4427 340 4483 De
391 4437 619 4496 utroque
660 4441 790 4496 ergo
836 4426 1101 4494 patienter
1146 4426 1393 4479 ausculta
1419 4464 1434 4489 ,
1468 4424 1521 4477 id
1549 4434 1631 4480 est
1670 4433 1725 4479 et
1753 4424 1820 4480 de
1850 4449 1895 4503 ο
1922 4434 2083 4489 quam
2114 4434 2256 4488 stripe
2282 4418 2544 4484 videram,
2575 4417 2819 4472 dicebam
2859 4416 3013 4470 fratri
3045 4432 3185 4480 meO,
3214 4432 3335 4486 quae
3364 4418 3482 4470 loca

253 4520 508 4590 exemplo
525 4518 850 4575 extendendi
882 4533 1075 4573 sensus
1095 4526 1150 4571 et
1177 4518 1245 4572 de
1266 4518 1629 4573 immensitate
1650 4518 1815 4577 lucis.

257 4614 393 4668 Scio
421 4615 719 4682 meipsum,
754 4627 787 4665 ο
818 4610 1037 4673 Simon,
1071 4610 1365 4680 aliquando
1400 4611 1454 4664 in
1485 4611 1817 4680 cogitatione

254 4709 497 4778 positum
536 4705 846 4759 extendisse
901 4719 1122 4758 sensum
1150 4718 1327 4757 meum
1356 4704 1413 4757 in
1444 4704 1728 4773 regiones,
1759 4711 1821 4757 ut

253 4800 364 4861 ais,
390 4808 444 4851 et
483 4797 690 4851 insulas
736 4796 923 4865 procul
969 4795 1176 4864 positas
1211 4834 1227 4858 ,
1261 4810 1462 4865 easque
1490 4801 1669 4848 mente
1709 4809 1818 4847 non

252 4892 441 4947 minus
470 4905 630 4960 quam
672 4890 845 4943 oculis
894 4888 1258 4957 perspexisse.
1290 4886 1429 4941 Cum
1458 4901 1634 4941 essem
1674 4885 1815 4954 apud

250 4985 640 5054 Capharnaum
688 4982 742 5035 in
789 4988 1016 5049 captura
1047 4979 1281 5048 piscium
1310 4978 1543 5047 positus,
1578 4985 1632 5033 et
1660 4979 1817 5033 sede-

248 5094 372 5131 rem
404 5091 569 5145 supra
614 5089 837 5137 saxum,
870 5072 1089 5125 hamum
1118 5079 1249 5125 seta:
1283 5070 1538 5125 innexum
1584 5076 1638 5124 et
1669 5069 1818 5124 deei-

246 5168 472 5241 piendis
505 5166 748 5237 piscibus
797 5170 1041 5234 aptatum
1099 5162 1306 5216 habens
1340 5160 1396 5214 in
1426 5176 1588 5214 manu
1610 5200 1624 5225 ,
1653 5160 1728 5214 ita
1757 5168 1817 5214 ut

248 5265 548 5318 haerentem
572 5259 623 5315 ei
647 5276 757 5314 non
782 5256 1049 5312 senserim
1082 5255 1310 5325 piscem,
1340 5251 1469 5306 dum
1501 5267 1656 5306 mens
1693 5266 1812 5305 mea

248 5371 353 5426 per
378 5352 789 5409 desiderabilem
820 5349 953 5404 mihi
1005 5346 1304 5401 Jerusalem
1330 5344 1569 5399 distenta
1595 5359 1815 5414 percur-

247 5455 421 5508 reret,
448 5445 707 5515 adquam
749 5458 879 5497 sane
924 5441 1260 5496 oblationum
1309 5437 1483 5507 gratia
1523 5444 1577 5490 et
1613 5436 1814 5489 oratio—

246 5556 385 5596 num
416 5540 644 5610 vigilans
674 5537 982 5606 frequeuter
1010 5533 1385 5588 ascenderam.
1401 5527 1603 5584 Verum
1630 5534 1683 5582 et
1704 5526 1814 5582 Cae-

248 5648 471 5689 saream
502 5633 639 5685 hanc
669 5629 856 5683 mirari
887 5628 957 5681 ab
980 5626 1103 5680 aliis
1133 5624 1360 5679 audiens
1382 5662 1397 5687 ,
1429 5628 1480 5677 et
1499 5620 1813 5677 desiderare

246 5726 494 5781 solebam
523 5764 537 5787 .
569 5732 623 5780 et
669 5737 787 5779 eam
824 5724 878 5778 in
908 5736 1013 5793 qua
1048 5718 1291 5775 nondum
1331 5716 1540 5773 fueram
1568 5753 1585 5781 ,
1624 5711 1808 5774 videre

1922 4528 2125 4584 quosve
2154 4519 2452 4567 conventus
2485 4511 2637 4567 visus
2660 4509 2789 4563 mihi
2817 4507 3039 4563 fuissem
3062 4509 3265 4563 videre.
3300 4508 3402 4563 Sed
3429 4520 3484 4564 et

1919 4606 1986 4660 de
2010 4605 2257 4660 Caesarea
2298 4619 2459 4673 quam
2491 4618 2765 4673 nunquam
2803 4601 3039 4655 videram
3065 4641 3082 4667 ,
3128 4602 3482 4657 nihilominus

1919 4698 2350 4761 contendebam,
2384 4694 2528 4765 quod
2558 4703 2701 4750 esset
2748 4693 2891 4755 talis,
2946 4692 3158 4761 qualem
3209 4703 3387 4747 mente
3430 4703 3483 4748 et

1918 4792 2243 4863 cogitatione
2272 4803 2647 4859 conceperam.
2679 4786 2814 4841 Cum
2847 4795 3025 4839 autem
3051 4786 3319 4840 venissem
3350 4786 3479 4853 huc,

1918 4884 2052 4939 nihil
2115 4882 2335 4936 omnino
2390 4880 2566 4934 simile
2620 4877 2917 4948 respiciens
2963 4892 3153 4932 eorum
3212 4892 3331 4946 qum
3384 4893 3482 4947 per

1918 4975 2233 5046 phantasias
2287 4971 2568 5035 videram,
2627 4968 2945 5040 reprehendi
2997 4968 3375 5038 metuetipsum
3426 4978 3481 5023 et

1916 5066 2097 5121 notavi
2130 5064 2319 5126 valde,
2350 5064 2477 5133 quia
2506 5078 2572 5116 ex
2607 5062 2727 5116 aliis
2758 5075 2876 5129 quze
2903 5059 3179 5122 videram,
3215 5068 3399 5128 portas
3426 5060 3477 5113 ei

1914 5167 1967 5211 et
1998 5172 2182 5210 muros
2213 5155 2457 5224 aliasque
2498 5155 2672 5219 mdes,
2721 5168 2907 5206 revera
2956 5151 3364 5207 similitudinem
3410 5166 3477 5205 ex

1914 5252 2035 5305 aliis
2083 5250 2303 5319 capiens
2354 5246 2627 5302 dederam.
2701 5242 2883 5313 Neque
2936 5244 3079 5297 enim
3135 5242 3258 5312 quis
3300 5250 3477 5312 potest

1915 5357 2110 5397 novum
2143 5340 2365 5411 aliquid,
2398 5348 2450 5393 et
2478 5338 2635 5407 cujus
2664 5336 2837 5390 forma
2862 5335 3011 5389 nulla
3042 5350 3280 5402 unquam
3306 5333 3476 5388 exsti-

1914 5434 2060 5496 terit,
2096 5434 2351 5503 cogitare.
2400 5428 2531 5482 Nam
2570 5437 2624 5482 et
2660 5427 2705 5483 si
2752 5426 2881 5480 velit
2909 5425 3105 5494 aliquis
3133 5432 3320 5477 tauros
3350 5436 3475 5475 cum

1912 5528 2096 5598 quinis
2118 5525 2389 5595 capitibus
2409 5539 2475 5578 ex
2504 5538 2601 5577 sua
2628 5519 2957 5591 cogitatione
2984 5515 3238 5581 formare,
3260 5530 3327 5569 ex
3354 5513 3478 5569 istis

1912 5634 2050 5690 quos
2080 5617 2211 5671 vidit
2238 5632 2361 5670 cum
2388 5613 2618 5684 singulis
2647 5610 2939 5682 capitibus,
2972 5608 3093 5663 illos
3119 5607 3301 5678 quinis
3323 5604 3473 5676 capi-

1911 5712 2057 5768 tibus
2091 5709 2262 5782 ﬁngit.
2302 5707 2367 5762 Et
2397 5717 2454 5763 tu
2495 5722 2624 5777 ergo
2669 5721 2836 5769 nunc,
2871 5704 2916 5760 si
2966 5719 3092 5759 vene
3140 5698 3345 5772 aliquid
3377 5698 3475 5755 ιὼι
