3976 6340
486 279 629 334 H79

1336 274 1394 328 S.
1433 270 1821 329 CLEMENTIS
1856 271 1878 325 l
1915 269 2082 327 ROM.
2122 268 2326 325 PONT.
2365 266 2610 323 OPERA.
2647 267 2874 324 DUBIA.

3580 266 3723 322 ηεξ)

480 399 681 455 videris
709 404 803 451 tua
833 396 1158 467 cogitatione
1194 394 1503 466 perspicere
1526 432 1542 458 ,
1572 403 1636 449 et
1670 408 1837 462 supra
1869 392 2040 446 caelos
2071 374 2119 451 Α
2144 391 2235 459 qui
2276 388 2346 444 ab
2377 403 2443 443 eo
2490 387 2621 442 facti
2652 396 2807 451 sunt,
2862 386 3004 441 sicut
3052 392 3106 443 et
3151 386 3238 441 lex
3284 384 3450 450 dicit,
3482 401 3724 455 quorum

480 492 702 555 intueri,
736 506 840 545 non
873 490 1096 544 dubium
1126 488 1258 558 quin
1286 502 1353 542 ex
1380 488 1466 542 his
1495 502 1556 541 ea
1590 485 1903 541 consideres
1925 499 2046 554 quae

482 588 535 641 in
566 584 730 641 terris
758 583 969 652 positus
1000 582 1170 636 vides.
1219 581 1328 634 Aut
1367 580 1412 633 si
1444 587 1603 649 putas
1634 578 1845 633 facilem
1876 577 2046 631 menti

479 689 586 734 tua
614 690 897 732 accessum
925 690 1049 729 esse
1088 689 1254 743 super
1300 673 1490 735 caelos,
1526 683 1577 726 et
1605 670 1954 725 considerare
1996 677 2046 723 te

476 790 637 846 posse
687 784 808 841 quae
850 768 961 821 illic
1010 773 1158 829 sunt,
1210 772 1373 835 atque
1411 764 1688 818 immensa:
1731 762 1876 816 illius
1906 761 2043 816 lucis

477 865 758 924 scientiam
798 876 993 931 capere
1019 898 1033 922 ,
1081 865 1213 929 puto
1241 858 1291 912 ei
1329 856 1422 927 qui
1458 856 1549 909 illa
1585 861 1762 925 potest
1797 867 2045 922 compre-

478 959 751 1019 hendere,
805 953 1020 1008 facilius
1061 966 1183 1006 esse
1229 957 1287 1003 ut
1332 963 1553 1003 sensum
1598 962 1755 1003 suum
1790 946 1881 1015 qui
1914 944 2044 998 illuc

472 1054 624 1109 novit
651 1046 963 1107 ascendere,
989 1044 1043 1097 in
1067 1042 1299 1110 alicujus
1322 1041 1568 1095 nostrum
1593 1039 1685 1109 qui
1712 1037 2039 1100 assistimus,

473 1164 570 1202 cor
592 1152 643 1199 et
661 1150 851 1214 pectus
875 1138 1084 1208 injiciat
1104 1143 1157 1190 et
1179 1134 1346 1196 dicat,
1368 1146 1506 1202 quas
1527 1132 1581 1184 in
1600 1146 1663 1185 eo
1686 1128 2043 1198 cogitationes

472 1247 644 1313 gerat.
680 1235 738 1291 Si
780 1249 910 1304 ergo
940 1239 1094 1301 potes
1123 1227 1357 1296 alicujus
1386 1232 1633 1280 nostrum
1660 1262 1674 1289 ,
1718 1222 1812 1292 qui
1862 1229 2041 1275 tamen

472 1350 581 1388 non
632 1332 702 1387 sit
745 1342 873 1397 erga
918 1324 1158 1378 favorem
1197 1328 1351 1374 tuum
1389 1323 1717 1386 occupatus,
1756 1314 2042 1371 enuntiare

473 1423 830 1496 cogitationes
862 1416 1064 1478 cordis,
1090 1414 1392 1484 poterimus
1414 1410 1511 1463 tibi
1543 1408 1776 1462 fortasse
1798 1407 2039 1471 credere,

471 1517 616 1589 quod
649 1523 700 1569 et
728 1528 788 1568 ea
823 1525 943 1581 qua:
976 1522 1142 1577 super
1169 1505 1337 1559 cmlos
1365 1508 1532 1565 sunt,
1570 1501 1711 1556 scire
1758 1499 2001 1569 potueris
2024 1539 2039 1563 ,

472 1612 597 1665 licet
628 1608 717 1660 illa
746 1604 918 1659 multo
948 1600 1058 1656 sint
1086 1598 1331 1652 celsiora.

540 1697 721 1755 LXVI.
764 1695 842 1749 Ad
878 1694 992 1747 hzec
1019 1690 1205 1745 Simon
1239 1708 1251 1742 :
1290 1687 1394 1753 Qui
1432 1700 1583 1751 vero,
1610 1685 1806 1756 inquit,
1840 1683 2038 1737 multas

470 1792 676 1848 nzenias
725 1787 976 1851 texuisti,
1023 1782 1149 1837 audi
1192 1782 1304 1851 jam
1355 1794 1519 1834 nunc.
1572 1777 1912 1848 Impossibile
1954 1782 2039 1831 est

470 1902 633 1939 omne
664 1881 807 1953 quod
840 1880 907 1933 ad
950 1876 1331 1947 cogitationem
1386 1870 1623 1925 hominis
1661 1871 1891 1932 venerit,
1930 1882 2039 1921 non

468 1978 629 2031 etiam
659 1989 717 2027 re
746 1972 861 2042 ipsa
885 1984 948 2023 ac
984 1967 1215 2022 veritate
1243 1962 1576 2027 subsistere;
1608 1976 1729 2031 quae
1763 1960 1906 2015 enim
1928 1973 2038 2011 non

470 2066 797 2123 subsistunt,
814 2076 914 2115 nec
935 2057 1169 2129 speciem
1202 2054 1423 2117 habent,
1450 2068 1573 2122 quae
1596 2058 1774 2106 autem
1801 2049 2037 2119 speciem

470 2171 579 2210 non
605 2154 828 2213 habent,
860 2165 961 2203 nec
987 2145 1305 2217 cogitationi
1355 2150 1587 2212 possunt
1626 2155 1935 2196 occurrere.
1972 2137 2039 2191 Et

467 2251 709 2305 Petrus:
746 2244 802 2299 Si
850 2257 1031 2304 omne,
1086 2239 1295 2309 inquit,
1349 2238 1493 2309 quod
1541 2236 1609 2292 ad
1656 2234 2036 2306 cogitationem

468 2336 653 2390 venire
703 2339 900 2403 potest,
948 2329 1219 2394 subsistit,
1274 2328 1437 2380 istum
1483 2341 1644 2396 quem
1693 2325 1830 2379 dicis
1883 2329 2038 2378 extra

468 2427 731 2482 mundum
766 2440 887 2479 esse
918 2418 1301 2475 immensitatis
1336 2420 1536 2481 locum,
1574 2418 1622 2472 si
1654 2431 1777 2471 eum
1812 2415 1935 2486 quis
1981 2413 2037 2467 in

468 2520 633 2575 corde
666 2534 765 2573 suo
797 2516 977 2569 lumen
1008 2528 1127 2568 esse
1159 2512 1381 2581 cogitet,
1428 2510 1568 2565 alius
1597 2524 1726 2564 vero
1760 2509 2033 2572 tenebras,

466 2608 740 2681 quomodo
769 2604 967 2675 poterit
1000 2618 1142 2657 unus
1171 2609 1333 2671 atque
1369 2599 1509 2654 idem
1545 2600 1700 2654 locus
1734 2597 2036 2653 secundum

465 2718 584 2764 eos,
618 2698 712 2770 qui
746 2698 964 2752 diversa
996 2694 1062 2748 de
1108 2708 1173 2748 eo
1215 2693 1560 2763 cogitarunt,
1595 2698 1647 2745 et
1691 2690 1872 2743 lumen
1915 2704 2037 2744 esse

467 2804 521 2850 et
572 2791 840 2857 tenebrae?
894 2788 958 2841 Et
1009 2786 1196 2839 Simon
1246 2804 1259 2839 :
1307 2783 1508 2838 Omitte
1566 2798 1711 2836 nunc
1767 2782 1871 2835 ista
1917 2796 2038 2851 quae

466 2901 568 2955 ego
600 2884 733 2946 dixi,
769 2889 827 2934 tu
866 2878 996 2949 quid
1027 2892 1149 2931 esse
1178 2882 1335 2945 putes
1367 2890 1531 2944 super
1560 2873 1730 2926 cmlos
1761 2872 1969 2926 dicito?

538 2970 746 3027 LXVII.
803 2970 871 3023 Et
916 2967 1111 3023 Petrus
1153 2964 1271 3020 :Si
1320 2966 1386 3020 de
1424 2980 1589 3029 vero,
1636 2962 1844 3033 inquit,
1890 2962 2036 3017 fonte

466 3062 688 3119 Ituninis
711 3058 987 3121 crederes,
1020 3070 1233 3126 possem
1268 3061 1322 3108 te
1368 3054 1583 3118 docere,
1619 3053 1747 3123 quid
1798 3061 1850 3107 et
1898 3069 2036 3122 quo-

466 3157 628 3211 modo
658 3161 803 3209 esset
853 3151 999 3223 quod
1034 3151 1358 3204 immensum
1405 3155 1509 3211 cst,
1541 3154 1595 3201 et
1640 3162 1749 3200 non
1803 3147 2035 3216 phanta-

467 3250 606 3303 siam
664 3260 881 3309 vanam,
933 3242 1030 3299 sed
1086 3247 1510 3309 consequentem
1561 3248 1609 3293 et
1666 3238 2033 3295 necessariam

468 3338 735 3395 rationem
770 3336 1054 3392 redderem
1083 3332 1349 3396 veritatis,
1382 3346 1481 3385 nec
1525 3330 1918 3387 assertionibus
1947 3346 2037 3386 so-

469 3431 741 3503 phisticis,
778 3429 871 3484 sed
904 3428 1038 3498 legis
1071 3432 1125 3481 et
1152 3434 1363 3479 naturae
1392 3423 1720 3478 testimoniis
1750 3430 1950 3488 uterer,
1976 3430 2036 3478 ut

468 3528 640 3582 scires
681 3523 807 3593 quia
849 3519 1232 3575 immensitatis
1278 3517 1439 3572 fidem
1478 3518 1751 3586 praecipue
1796 3518 2035 3571 continet

468 3620 575 3674 lex.
615 3613 771 3684 Quod
802 3612 848 3668 si
897 3610 1279 3666 immensitatis
1322 3608 1461 3662 ratio
1508 3623 1615 3662 non
1666 3609 1793 3661 latet
1840 3608 2030 3678 legem,

467 3708 603 3764 nihil
632 3704 875 3777 profecto
906 3702 1051 3756 aliud
1089 3716 1207 3755 eam
1242 3701 1411 3755 latere
1443 3708 1644 3770 potest,
1688 3706 1740 3754 ct
1775 3699 1895 3753 ideo
1933 3698 2027 3753 fal—

468 3814 590 3853 sum
625 3806 729 3861 est,
776 3794 923 3866 quod
972 3792 1175 3863 putasti
1209 3808 1331 3846 esse
1376 3790 1581 3861 aliquid
1629 3792 1774 3861 quod
1826 3792 2033 3861 ignoret

467 3891 571 3944 lex.
608 3887 775 3941 Multo
804 3894 983 3939 autem
1016 3884 1249 3953 amplius
1272 3883 1405 3936 nihil
1440 3884 1623 3937 latebit
1657 3900 1801 3946 eum,
1833 3884 1923 3954 qui
1956 3885 2033 3938 Ie-

467 3997 586 4053 gem
617 3979 786 4034 dedit.
821 3975 929 4031 Nec
962 3984 1143 4029 tamen
1175 3989 1398 4045 possum
1444 3974 1542 4028 tibi
1578 3974 1778 4044 aliquid
1824 3973 1892 4028 de
1931 3975 2032 4027 im-

466 4071 755 4126 mensitate
784 4076 837 4123 et
863 4068 948 4123 his
972 4081 1092 4137 qua:
1115 4065 1233 4121 sine
1265 4064 1370 4120 line
1400 4073 1527 4121 sunt
1552 4065 1718 4135 loqui,
1741 4065 1847 4119 nisi
1878 4065 2030 4135 prius

465 4164 531 4219 de
565 4164 672 4225 his,
698 4162 791 4232 qui
831 4166 980 4214 certo
1013 4161 1117 4213 line
1149 4158 1513 4213 terminantur
1551 4157 1725 4224 canis,
1765 4157 2029 4212 rationem

466 4257 551 4310 vel
606 4254 877 4323 receperis
925 4260 1191 4315 nostram,
1238 4250 1324 4305 vel
1374 4250 1488 4320 ipse
1534 4250 1825 4320 protuleris
1859 4260 2027 4305 tuam.

466 4348 622 4415 Quod
652 4348 695 4401 si
715 4346 878 4401 dehis
902 4360 1021 4415 quze
1050 4344 1213 4399 certis
1237 4342 1435 4397 finibus
1458 4342 2031 4397 concludunturintel—

2148 495 2313 534 unum
2342 479 2543 533 coelum
2570 479 2640 533 sit
2669 478 2944 549 superius,
2968 493 3077 549 quo
3105 478 3418 536 continetur
3443 479 3617 532 etiam
3646 479 3729 531 vi-

2146 571 2303 627 sibile
2329 570 2753 635 firmamentum,
2786 569 2919 625 illud
2947 585 3069 625 esse
3107 577 3429 641 perpetuum
3459 578 3516 625 et
3563 578 3730 623 atter-

2146 676 2277 714 num
2311 676 2434 713 cum
2459 661 2541 715 his
2571 662 2664 729 qui
2694 660 2940 715 habitant
2968 660 3042 714 ibi
3056 666 3077 725 ‘;
3108 660 3250 716 istud
3285 668 3469 714 autem
3506 658 3731 712 visibile

2145 752 2199 805 in
2221 752 2693 825 consummatione
2711 753 2894 807 saeculi
2916 751 3293 807 resolvendum
3313 767 3438 807 esse
3458 761 3515 806 et
3538 762 3732 805 trans-

2144 845 2243 909 ire,
2293 852 2353 898 ut
2399 844 2531 898 illud
2580 845 2779 898 malum
2826 844 2971 914 quod
3012 852 3097 899 est
3125 845 3402 913 antiquius
3450 852 3507 897 et
3540 844 3731 896 excel-

2144 939 2258 993 sius
2290 947 2414 1007 post
2455 937 2721 1007 judicium
2763 938 2966 992 sanctis
3011 945 3066 991 et
3111 937 3287 1007 dignis
3322 944 3614 1006 appareat.
3648 935 3731 989 Ad

2144 1032 2259 1083 haec
2291 1030 2479 1084 Simon
2523 1030 2847 1100 respondit:
2888 1028 3013 1084 Ilaec
3061 1030 3137 1083 ita
3168 1044 3308 1093 esse,
3351 1038 3409 1082 ut
3460 1035 3525 1080 tu
3558 1027 3728 1088 dicis.

2144 1122 2502 1177 credentibus
2554 1125 2769 1193 possint
2820 1122 3014 1187 videri,
3061 1122 3111 1177 ei
3158 1130 3338 1175 autem
3387 1120 3483 1191 qui
3528 1120 3729 1173 borum

2143 1222 2421 1286 exspectat
2451 1215 2711 1278 rationes,
2742 1213 3079 1285 impossibile
3106 1223 3191 1270 est
3218 1228 3287 1269 ex
3334 1214 3453 1285 lege
3489 1212 3731 1285 proferri

2141 1316 2195 1362 et
2224 1310 2495 1376 praecipue
2522 1306 2587 1362 de
2618 1307 2985 1361 immensitate
3014 1306 3173 1363 lucis.

2213 1398 2397 1454 LXIX.
2438 1399 2502 1453 Et
2532 1398 2728 1455 Petrus
2761 1418 2775 1452 :
2805 1396 2949 1464 Noli,
2980 1398 3178 1468 inquit,
3208 1406 3403 1468 putare
3440 1413 3549 1453 nos
3576 1401 3724 1469 quod

2143 1491 2257 1546 lucc
2293 1491 2395 1546 fide
2429 1493 2542 1546 sola
2580 1491 2889 1561 recipienda
2918 1506 3038 1545 esse
3080 1491 3346 1554 dicamus,
3384 1491 3485 1545 sed
3532 1502 3589 1545 et
3638 1507 3725 1544 ra-

2143 1588 2288 1641 tione
2314 1586 2630 1642 asserenda.
2662 1584 2849 1655 Neque
2879 1586 3023 1640 euim
3054 1593 3230 1638 tutum
3274 1594 3360 1640 est
3394 1585 3565 1639 nudae
3609 1586 3722 1640 hate

2144 1679 2266 1734 fidei
2297 1680 2503 1749 absque
2536 1679 2753 1733 ratione
2785 1678 3144 1741 committere,
3177 1693 3300 1731 cum
3344 1681 3541 1748 utique
3580 1680 3723 1733 veri-

2143 1780 2226 1824 tas
2253 1770 2463 1824 ratione
2490 1784 2599 1822 non
2639 1776 2844 1825 careat.
2878 1767 2943 1821 Et
2979 1768 3098 1821 ideo
3125 1767 3172 1798 τ’
3208 1767 3300 1837 qui
3334 1766 3449 1821 haec
3509 1767 3721 1822 ratione

2140 1862 2347 1916 munita
2383 1861 2707 1931 susceperit,
2739 1860 2967 1930 perdere
3038 1872 3103 1913 ea
3185 1876 3469 1931 nunquam
3518 1868 3717 1931 potest,

2140 1955 2233 2025 qui
2266 1970 2395 2010 vero
2421 1955 2628 2027 absque
2659 1958 3059 2014 assertionibus
3094 1972 3157 2013 ea
3186 1958 3417 2027 suscipit
3450 1958 3719 2028 simplicis

2140 2050 2410 2106 sermonis
2440 2063 2690 2117 assensu,
2715 2066 2892 2121 neque
2920 2065 3139 2106 servare
3160 2065 3221 2104 ea
3248 2058 3366 2104 tuto
3390 2060 3605 2120 potest,
3630 2068 3725 2106 ne-

2096 2152 2103 2161 ‘
2139 2160 2244 2213 que
2272 2146 2318 2199 si
2345 2160 2473 2198 vera
2506 2144 2615 2199 sint
2639 2151 2821 2200 certus
2848 2152 2952 2208 est,
2985 2144 3110 2214 quia
3138 2144 3231 2214 qui
3262 2143 3425 2198 facile
3446 2145 3635 2199 credit
3655 2144 3722 2198 fa-

2140 2236 2244 2290 cile
2267 2245 2318 2291 ct
2342 2235 2546 2290 recedit
2575 2254 2588 2292 :
2620 2236 2711 2307 qui
2743 2244 2923 2289 autem
2952 2236 3215 2290 rationem
3246 2237 3502 2306 quzesivit
3533 2252 3719 2291 eorum

2139 2343 2259 2397 qua:
2285 2326 2538 2391 credidit,
2572 2335 2627 2382 et
2657 2327 2887 2398 accepit,
2919 2329 3075 2398 quasi
3106 2329 3337 2385 vinculis
3383 2329 3717 2399 quibusdam

2138 2419 2366 2473 rationis
2408 2420 2579 2489 ipsius
2629 2419 2947 2489 colligatus,
3004 2435 3284 2490 nunquam
3338 2420 3411 2475 ab
3463 2421 3558 2475 bis
3601 2436 3719 2490 qua:

2138 2512 2388 2575 credidit,
2416 2511 2598 2566 divelli
2629 2520 2721 2565 aut
2756 2512 2995 2581 separari
3025 2520 3224 2583 potest.
3256 2513 3321 2567 Et
3352 2513 3480 2568 ideo
3512 2523 3718 2584 quanto

2139 2605 2261 2674 quis
2290 2604 2617 2673 propensior
2650 2604 2813 2657 fuerit
2844 2605 2898 2658 in
2941 2607 3239 2673 expetenda
3282 2606 3521 2671 ratione,
3566 2615 3719 2660 tanto

2138 2698 2242 2751 erit
2268 2698 2472 2750 firmior
2504 2697 2557 2750 in
2585 2697 2959 2751 conservanda
2995 2698 3120 2754 fide.

2209 2788 2369 2844 LXX.
2413 2788 2492 2843 Ad
2524 2789 2638 2843 hch
2668 2786 2853 2842 Simon
2874 2770 2893 2843 ἐ
2922 2788 3169 2858 Magnum
3198 2797 3301 2853 est,
3334 2789 3537 2858 inquit,
3569 2791 3712 2859 quod

2139 2880 2475 2950 repromittis
2522 2889 2579 2932 ut
2629 2879 2908 2932 immensa:
2960 2878 3098 2932 lucis
3144 2877 3427 2932 :eternitas
3480 2893 3548 2931 ex
3592 2878 3710 2947 lege

2139 2972 2311 3043 possit
2359 2971 2592 3027 ostendi.
2627 2970 2873 3040 Cumque
2920 2969 3116 3025 Petrus
3164 2969 3397 3025 dixisset
3430 2989 3443 3023 :
3471 2968 3705 3035 Quando

2061 3088 2103 3146 ρ
2138 3067 2405 3131 volucris,
2441 3065 2625 3119 Simon
2657 3066 2731 3119 ait
2764 3084 2775 3119 :
2810 3063 3074 3130 Quoniam
3108 3064 3238 3117 hora
3265 3063 3377 3132 jam
3408 3064 3574 3116 multa
3596 3072 3709 3129 est,

2139 3160 2381 3213 crastino
2405 3158 2603 3212 astanti
2634 3156 2763 3209 mihi
2789 3166 2842 3210 et
2872 3156 3147 3217 renitenti,
3172 3154 3219 3209 si
3252 3155 3487 3224 probare
3511 3162 3711 3224 potue-

2138 3252 2214 3305 ris
2249 3250 2449 3304 factum
2482 3265 2603 3305 esse
2664 3249 2807 3302 hunc
2836 3247 3093 3301 mundum
3118 3256 3169 3301 et
3202 3246 3412 3302 animas
3454 3262 3580 3301 esse
3608 3250 3713 3299 irn-

2138 3342 2416 3406 mortales,
2440 3340 2665 3395 habebis
2691 3357 2774 3395 me
2808 3340 3117 3409 adjutorem
3146 3337 3550 3407 praedicationis
3580 3345 3707 3392 tuae.

2137 3429 2202 3483 Et
2232 3448 2353 3485 cum
2384 3432 2495 3486 bzec
2528 3432 2775 3497 dixisset,
2804 3447 3057 3503 egressus
3082 3437 3387 3493 est,secuta
3412 3438 3597 3484 autem
3626 3440 3710 3485 est

2135 3538 2256 3576 eum
2294 3541 2360 3579 ex
2406 3526 2553 3579 omni
2603 3525 2801 3594 populo
2841 3524 2934 3594 qui
2982 3540 3104 3576 cum
3142 3524 3260 3593 ipso
3304 3531 3534 3578 venerat
3583 3538 3709 3593 pars

2133 3616 2320 3678 tertia,
2350 3612 2442 3683 qui
2474 3620 2630 3667 erant
2656 3613 2812 3682 quasi
2846 3612 2992 3665 mille
3018 3612 3153 3679 viti;
3186 3612 3364 3666 caeteri
3398 3628 3530 3666 vero
3554 3612 3708 3668 ﬂexis

2134 3707 2363 3779 genibus
2396 3704 2743 3773 prostrabant
2774 3718 2832 3758 se
2861 3701 3042 3767 Petro,
3074 3717 3237 3771 super
3262 3717 3401 3771 quos
3432 3703 3524 3757 ille
3555 3704 3709 3756 invo-

2132 3807 2255 3851 cato
2287 3796 2379 3850 Dei
2415 3796 2656 3857 nomine,
2692 3795 2827 3849 alios
2870 3795 3135 3848 daemonia
3177 3793 3444 3849 habentes
3469 3798 3703 3857 curavit,

2132 3887 2266 3942 alios
2301 3886 2461 3940 etiam
2495 3885 2813 3953 languentes
2843 3882 3076 3945 sanavit,
3110 3891 3163 3936 et
3197 3882 3272 3935 ita
3309 3882 3585 3938 laetantem
3610 3901 3708 3955 pc-

2132 3979 2317 4049 pulum
2348 3976 2572 4035 dimisit.
2602 3975 2869 4027 mandans
2897 3974 2998 4035 eis,
3034 3981 3093 4026 ut
3136 3973 3190 4026 in
3221 3972 3528 4029 crastinum
3560 3975 3703 4030 diem

2131 4070 2401 4126 maturius
2429 4068 2807 4123 convenirent.
2852 4064 3048 4122 Petrus
3097 4081 3223 4121 vero
3265 4081 3390 4120 cum
3436 4068 3703 4121 recessis~

2131 4174 2251 4219 sent
2284 4163 2474 4227 turba},
2508 4163 2677 4216 sterni
2700 4159 2866 4230 jussit
2901 4158 3050 4211 humi
3086 4157 3188 4212 sub
3222 4173 3348 4213 aere
3393 4160 3519 4212 atrii
3555 4157 3706 4212 nudo

2132 4255 2223 4308 ubi
2267 4253 2439 4307 fuerat
2482 4252 2841 4322 disputatum,
2872 4256 2926 4302 et
2975 4249 3226 4303 recubuit
3264 4264 3370 4302 una
3419 4263 3550 4302 cum
3596 4250 3705 4303 illis

2136 4344 2422 4410 undecim,
2466 4358 2565 4414 ego
2600 4358 2727 4397 vero
2767 4357 2893 4397 cum
2942 4342 3066 4397 aliis
3113 4340 3464 4411 quibusdam,
3508 4345 3607 4411 qui
3652 4351 3703 4397 et

466 4442 631 4510 ligere
672 4453 781 4492 non
811 4446 985 4508 potes,
1020 4436 1191 4490 multo
1224 4436 1396 4506 magis
1426 4435 1494 4490 de.
1532 4435 1617 4489 his
1644 4451 1763 4505 qua:
1778 4435 1895 4489 sine
1925 4435 2028 4490 [ine
2061 4433 2103 4489 ο
2136 4439 2238 4509 ipsi
2269 4438 2423 4492 initia
2454 4436 2707 4492 audiendi
2754 4434 2907 4489 verbi
2939 4433 3029 4487 Dei
3078 4442 3399 4505 acceperant
3444 4442 3502 4488 et
3545 4444 3702 4488 erant

468 4539 619 4592 sunt.
651 4546 827 4600 neque
866 4530 1006 4585 scire
1036 4526 1241 4598 aliquid
1267 4528 1472 4597 poteris
1496 4543 1671 4596 neque
1696 4528 1927 4583 discere.

537 4621 858 4678 LX\'llI.Ad
884 4624 995 4676 haec
1022 4620 1208 4676 Simon
1242 4640 1255 4675 :
1287 4619 1498 4681 Melius.
1528 4620 1625 4684 ait,
1656 4621 1787 4673 mihi
1813 4620 2030 4675 videtur

468 4717 784 4787 simpliciter
818 4714 1058 4778 credere,
1088 4714 1214 4783 quia
1262 4712 1404 4767 Deus
1439 4722 1543 4775 est,
1585 4721 1638 4766 et
1680 4714 1805 4783 quia
1852 4714 2028 4768 solum

468 4807 611 4861 istud
645 4809 787 4879 quod
810 4808 1074 4871 videmus,
1107 4808 1177 4861 sit
1209 4807 1405 4861 coelum
1436 4808 1491 4859 in
1522 4807 1775 4861 universo
1806 4807 2028 4863 mundo.

469 4892 531 4953 Et
552 4900 745 4954 Petrus
762 4898 904 4955 :Non
922 4901 1017 4961 ita,
1034 4900 1231 4969 inquit,
1252 4898 1349 4953 sed
1364 4915 1529 4952 unum
1543 4899 1760 4968 quidem
1778 4898 2027 4954 confiteri

467 4993 716 5047 Convenit
748 4992 914 5048 Deum
938 4992 1029 5063 qui
1058 5007 1183 5046 vere
1214 5000 1329 5056 est;
1361 4992 1529 5045 caelos
1561 5000 1745 5047 autem
1772 5008 1893 5047 esse
1914 4992 2027 5063 (79)

2134 4530 2464 4591 charissimi,
2496 4527 2818 4582 recumbens
2851 4526 3133 4580 sumebam
3153 4525 3357 4580 cibum.

2204 4622 2388 4677 LXXI.
2430 4621 2534 4675 Sed
2561 4620 2984 4690 benignissimus
3004 4616 3199 4673 Petrus
3227 4617 3612 4680 considerans,
3635 4633 3700 4671 ne

2133 4716 2274 4770 forte
2302 4714 2575 4769 tristitiam
2622 4713 2755 4765 mihi
2803 4710 3028 4765 inferret
3058 4710 3161 4764 ista
3204 4712 3595 4779 sequestratio,
3629 4710 3695 4762 ait

2133 4808 2201 4861 ad
2243 4824 2328 4861 me
2356 4827 2368 4861 :
2400 4804 2517 4860 Non
2561 4821 2658 4875 pro
2705 4804 2981 4873 superbia,
3011 4819 3044 4857 o
3075 4802 3345 4863 Clemens,
3383 4801 3694 4856 convivium

2130 4915 2241 4955 non
2272 4914 2371 4969 ago
2397 4913 2522 4951 cum
2554 4897 2640 4951 his
2677 4895 2771 4965 qui
2812 4894 3053 4949 nondum
3098 4892 3368 4963 puriﬁcati
3408 4900 3563 4956 sunt,
3606 4890 3690 4945 sed

2134 5007 2322 5048 vereor
2367 5006 2435 5045 ne
2480 4990 2619 5043 forte
2652 4989 2781 5042 mihi
2814 4987 3032 5058 quidem
3074 5000 3321 5050 noceam,
3346 4985 3485 5054 ipsis
3514 4993 3689 5038 autem

540 5221 585 5250 υ
627 5217 692 5270 Et
728 5216 843 5270 ideo
872 5247 935 5255 -—
967 5214 1207 5283 “parari
1247 5226 1415 5284 potest
1455 5214 1838 5269 desiderantur
1884 5216 1938 5268 in
1976 5221 2205 5283 utroque
2234 5214 2355 5269 cod.
2396 5212 2542 5284 Lips.

1765 5387 2128 5443 COTELERII
2168 5386 2395 5441 NOTAE.

536 5560 646 5619 ('79)
688 5556 856 5611 Cretas
893 5566 1065 5610 autem
1100 5571 1229 5609 esse.
1273 5553 1346 5609 De
1392 5552 1532 5607 cmlo
1570 5558 1623 5607 et
1659 5550 1814 5603 cmlis
1857 5550 2024 5602 multa

470 5630 642 5682 sam-ti
675 5626 885 5691 Patres,
910 5636 1071 5695 atque
1103 5626 1376 5679 contraria
1412 5644 1423 5677 :
1459 5622 1666 5695 sedea,
1689 5630 1748 5674 ut
1775 5630 1827 5674 et
1850 5620 2023 5695 majo-

470 5718 581 5754 rem
608 5689 1024 5769 Iit-cognitionum
1052 5706 1277 5767 partem,
1300 5695 1443 5765 quod
1468 5694 1534 5749 ad
1566 5694 1829 5747 Immanas
1856 5689 2022 5745 disci-

2133 5552 2310 5621 plinas
2341 5552 2519 5620 potius
2558 5558 2827 5623 spectent,
2852 5565 3015 5621 quam
3044 5550 3113 5605 ad
3153 5548 3501 5623 theologiam,
3540 5544 3676 5601 notis

2131 5623 2461 5677 illustratum
2490 5637 2597 5677 non
2625 5621 2787 5676 imus.
