3976 6340
202 267 331 323 1281

1387 266 1949 327 RECOGNITIONUM
1985 270 2114 326 LIB.
2156 268 2240 325 Ill.

3288 276 3425 329 128i

198 380 331 437 nihil
357 378 585 449 prosim.
612 378 727 436 Hoc
754 381 897 437 enim
922 397 1022 453 pro
1041 390 1188 438 certo
1217 378 1361 437 scire
1382 391 1435 437 te
1460 384 1603 448 volo,
1627 384 1756 454 quia
1787 392 1833 448 Α
1862 394 1946 439 tra
2003 386 2338 441 voluntatem
2387 386 2508 455 ejus
2561 386 2769 441 habitat
2823 386 2879 440 in
2942 399 3008 441 eo
3058 385 3271 441 daamon
3290 426 3306 449 ,
3371 394 3426 440 et

197 472 374 528 omnis
400 472 494 543 qui
542 473 685 528 idola
724 474 891 528 coluit
920 475 1232 546 aliquando,
1266 484 1321 532 et
1357 493 1453 533 eos
1495 494 1633 548 quos
1667 494 1762 549 pa—

198 564 320 637 gani
348 566 631 619 nominant
648 565 798 632 deos,
813 567 1055 622 adoravit
1076 569 1159 623 vel
1183 568 1248 624 de
1263 569 1555 625 immolatis
1573 586 1760 625 eorum

1862 480 1985 535 ideo
2009 481 2055 511 ⁷⁸
2093 480 2139 534 si
2195 496 2320 535 eum
2370 480 2493 550 quis
2534 479 2719 551 fugare
2761 480 2889 534 velit
2934 486 2987 535 et
3034 479 3302 550 expellere
3356 478 3424 531 ab

1862 585 1947 634 eo,
1978 586 2103 625 cum
2130 572 2201 627 sit
2237 572 2632 641 inseparabilis,
2679 579 2753 636 et,
2785 579 2844 625 ut
2897 570 2969 624 ita
3009 570 3211 634 dicam,
3245 570 3421 623 anima

198 656 523 726 degustavit,
575 657 769 729 spiritu
817 658 1097 715 immundo
1153 676 1261 715 non
1306 672 1486 729 caret;
1534 663 1761 717 conviva
1857 658 1970 729 jam
2009 662 2127 729 ejus
2156 660 2400 724 effectus,
2431 662 2701 717 videbitur
2749 661 2921 731 magis
2971 676 3166 715 necare
3201 676 3325 714 eum
3368 666 3424 713 et

197 747 341 803 enim
368 746 549 805 factus
578 757 662 805 est
691 749 1019 814 daemonum,
1047 758 1102 807 et
1143 753 1487 823 participium
1530 754 1764 825 sumpsit

198 836 317 907 ejus
346 838 608 895 daemonis
650 839 808 910 cujus
838 839 893 895 in
925 849 1106 897 mente
1150 857 1248 897 sua
1290 843 1545 912 speciem,
1575 844 1659 899 vel
1694 845 1763 897 ti-

198 943 349 985 more
393 932 476 985 vel
524 946 707 987 amore
748 931 1000 989 formavit
1029 933 1096 989 ".
1142 933 1337 1005 Etper
1366 935 1481 990 bazc
1527 937 1762 991 mundus

194 1036 309 1079 non
334 1030 419 1079 est
471 1037 501 1075 a
548 1024 742 1093 spiritu
786 1026 1086 1093 immundo,
1135 1033 1189 1081 et
1236 1026 1356 1081 ideo
1389 1026 1763 1097 purificatione

198 1110 405 1182 indiget
433 1113 712 1183 baptismi,
736 1124 798 1171 ut
818 1126 974 1173 exeat
998 1119 1067 1173 ab
1087 1133 1153 1173 eo
1175 1118 1403 1188 spiritus
1427 1119 1759 1183 immundus,

198 1204 293 1274 qui
332 1204 621 1261 interiores
654 1208 847 1264 animae
887 1210 1059 1281 ipsius
1103 1210 1301 1265 insedit
1350 1209 1573 1265 aﬂectus
1598 1210 1664 1275 ⁷⁸,
1706 1218 1762 1264 et

199 1292 343 1363 quod
371 1303 455 1349 est
487 1294 750 1361 deterius,
781 1314 881 1354 nec
904 1300 1047 1369 quod
1078 1299 1410 1356 intrinsecus
1436 1300 1601 1355 lateat
1628 1300 1765 1355 indi-

197 1395 377 1450 catur,
406 1388 485 1441 uti
507 1404 575 1444 ne
604 1390 913 1459 publicatus
942 1392 1177 1461 fugetur.

262 1476 475 1533 LXXII.
514 1479 712 1534 Amant
764 1483 911 1537 enim
952 1483 1042 1539 isti
1095 1485 1321 1555 spiritus
1366 1484 1628 1540 immundi
1680 1486 1765 1540 in-

197 1566 405 1623 haerere
433 1571 757 1640 corporibus
785 1572 1084 1642 hominum,
1121 1584 1177 1630 ut
1202 1576 1444 1645 ipsorum
1464 1577 1763 1631 ministerio

197 1660 523 1729 cupiditates
545 1678 673 1719 suas
708 1665 980 1734 expleant,
1004 1676 1057 1722 et
1088 1666 1155 1720 ad
1184 1683 1248 1722 ea
1270 1684 1389 1739 quae
1421 1669 1522 1738 ipsi
1549 1667 1763 1723 deside-

1864 754 2142 808 homicidii
2190 755 2397 809 crimen
2445 754 2743 809 incurrere.
2792 752 2959 808 Nemo
3005 768 3135 823 ergo
3178 759 3419 805 vestrum

1863 845 2219 899 contristetur
2248 860 2278 897 a
2314 843 2566 898 convivio
2611 850 2801 896 nostro
2837 850 3140 911 separatus,
3180 848 3421 908 tempore

1861 937 2007 991 enim
2069 936 2254 1006 aliquo
2303 936 2595 990 observare
2653 934 2814 989 debet
2861 931 3235 1002 unusquisque
3291 946 3423 984 sane

1861 1038 2069 1098 quanto
2096 1029 2212 1098 ipse
2248 1028 2502 1082 voluerit.
2538 1026 2714 1081 Parvo
2763 1024 2908 1081 enim
2948 1032 3188 1094 tempore
3231 1038 3423 1092 seque-

1864 1128 2073 1177 stratur
2101 1120 2192 1189 qui
2224 1122 2332 1173 cito
2360 1118 2591 1173 voluerit
2616 1117 2901 1188 baptizari,
2927 1116 3097 1169 multo
3126 1124 3305 1169 autem
3328 1113 3420 1183 qui

1861 1211 2091 1268 tardius.
2123 1210 2510 1281 Unusquisque
2538 1226 2668 1280 ergo
2698 1211 2753 1263 in
2799 1224 2896 1264 sua
2939 1208 3103 1261 habet
3134 1216 3420 1277 potestate,

1860 1306 2028 1361 breve
2088 1312 2181 1360 aut
2224 1304 2444 1375 longum
2500 1302 2831 1373 poenitentia:
2889 1314 3002 1354 sua:
3051 1306 3265 1367 tempus
3304 1296 3419 1351 exi-

1862 1414 2010 1469 gere,
2039 1406 2094 1453 et
2119 1396 2239 1451 ideo
2264 1396 2319 1450 in
2350 1394 2503 1450 vobis
2530 1394 2867 1463 est,quando
2888 1392 3060 1447 velitis
3086 1390 3152 1444 ad
3176 1397 3423 1443 nostram

1864 1491 2159 1546 convenire
2192 1503 2457 1550 mensam,
2490 1493 2543 1541 et
2592 1502 2702 1541 non
2738 1487 2792 1539 in
2843 1485 3021 1546 nobis,
3054 1482 3253 1553 quibus
3301 1496 3423 1550 pcr-

1862 1581 2092 1637 missum
2147 1594 2255 1633 non
2305 1585 2389 1632 est
2444 1592 2659 1632 sumere
2707 1590 2829 1630 cum
2872 1575 3051 1642 aliquo
3082 1571 3285 1632 cibum,
3320 1568 3422 1621 nisi

1866 1670 2030 1726 fuerit
2066 1671 2395 1740 baptizatus.
2431 1666 2541 1721 Vos
2575 1682 2704 1733 ergo
2754 1667 2926 1735 magis
2970 1680 3071 1719 nos
3124 1660 3423 1732 prohibetis

196 1757 322 1803 rant
354 1750 681 1809 inclinantes
725 1759 918 1811 anima:
958 1766 1163 1823 motus,
1194 1760 1310 1815 suis
1344 1775 1439 1815 eos
1475 1774 1666 1830 parere
1698 1760 1761 1813 li-
1791 1738 1833 1793 Β
1861 1778 1891 1816 a
1919 1772 2103 1818 vestro
2149 1762 2419 1827 convivio,
2451 1760 2497 1814 si
2548 1758 2615 1813 ad
2665 1757 3056 1830 puriﬁcandum
3108 1769 3288 1809 moras
3329 1749 3425 1805 ha-

195 1843 475 1902 bidinibus
504 1858 721 1919 cogant,
752 1858 813 1904 ut
839 1849 1140 1907 emciantur
1169 1868 1235 1908 ex
1267 1854 1478 1925 integro
1502 1870 1631 1909 vasa
1658 1854 1763 1910 da}-

196 1950 441 1991 monum.
475 1935 555 1992 Ex
603 1939 803 2009 quibus
845 1957 988 1999 unus
1038 1952 1121 2000 est
1166 1944 1354 2001 Simon
1385 1946 1495 2011 hic,
1528 1948 1621 2018 qui
1667 1949 1762 2003 tali

196 2025 432 2094 quodam
460 2028 649 2083 morbo
686 2031 1111 2100 comprehensus
1145 2048 1245 2088 nec
1288 2035 1473 2089 sanari
1513 2034 1626 2103 jam
1663 2050 1761 2104 po-

196 2124 327 2181 test,
354 2119 483 2190 quia
515 2121 794 2179 voluntate
819 2133 873 2179 et
910 2124 1189 2197 proposito
1210 2134 1455 2198 aegrotat.
1493 2125 1603 2182 Nec
1627 2141 1760 2181 con-

1862 1856 2035 1912 beatis
2070 1862 2122 1910 et
2150 1854 2359 1909 tardius
2390 1851 2757 1923 baptizemini.
2803 1849 2895 1904 llis
2918 1848 3077 1903 dictis
3104 1862 3226 1901 cum
3260 1846 3410 1899 benc-

1861 1947 2109 2011 dixisset,
2147 1946 2330 2000 cibum
2362 1943 2613 2013 sumpsit.
2652 1942 2717 1996 Et
2746 1950 2869 2013 post
2910 1942 3023 1994 haec
3065 1954 3187 1992 cum
3223 1938 3425 2008 gratias

1862 2041 2065 2111 egisset
2099 2037 2227 2105 Deo,
2253 2038 2534 2108 ingressus
2583 2034 2811 2105 quievit,
2864 2032 3112 2087 similiter
3144 2037 3323 2082 autem
3370 2035 3423 2081 et

1862 2144 1964 2184 nos
1991 2142 2202 2191 omnes,
2226 2134 2345 2181 erat
2373 2127 2516 2181 enim
2535 2125 2648 2195 jam
2678 2140 2806 2178 nox.

198 2254 511 2354 η’ἒηῐξῐίξίο
545 2258 764 2354 πέρι--
792 2260 2091 2354 IiQeefsqun}}‘312€=?}w}=zmleamem
2141 2264 2305 2335 huius
2355 2278 2479 2335 ων·
2508 2261 2706 2318 desum
2764 2260 2820 2315 ίη
2850 2256 3186 2329 εοδδοιίνεο
3220 2258 3417 2312 ουἠίίιο

281 2323 351 2379 Et
380 2321 766 2385 ideo—crimen
794 2321 1059 2389 incurrere
1088 2321 1194 2390 non
1218 2335 1570 2389 inveniuntur
1598 2335 1654 2389 in
1682 2321 1841 2391 codd.
1870 2330 2023 2404 LipS.

206 2479 3370 2512 .~____________________________________________

1313 2606 1670 2695 LIBER
1741 2604 2300 2693 TERTIUS.

270 2914 313 2970 ῐ.
357 2913 560 2969 interea
604 2914 798 2970 Petrus
832 2916 1092 2986 gallorum
1132 2916 1383 2988 cantibus
1428 2933 1658 2988 surgens
1703 2922 1757 2970 et
1782 2920 1826 2979 (Ξ
1857 2919 2115 2983 rumpant
2143 2919 2196 2966 et
2226 2912 2449 2983 fatigent
2479 2912 2861 2983 praedicatores
2883 2911 3029 2966 verbi
3059 2911 3175 2968 Dei.
3199 2911 3425 2983 Propter

196 3007 434 3063 excitare
481 3024 579 3063 nos
611 3008 796 3062 volens
848 3008 1052 3062 invenit
1096 3008 1404 3078 vigilantes,
1450 3007 1761 3075 vespertino

196 3100 375 3154 adhuc
403 3100 605 3155 lumine
634 3101 980 3171 perdurante,
1011 3116 1242 3169 cumque
1270 3116 1334 3153 ex
1383 3114 1533 3153 more
1558 3100 1762 3153 saluta-

197 3193 367 3248 visset
391 3201 445 3247 et
482 3193 880 3248 resedissemus
909 3206 1119 3255 omnes,
1160 3194 1233 3245 ita
1259 3208 1489 3247 exorsus
1511 3199 1593 3247 est
1626 3210 1639 3245 :
1667 3189 1761 3244 Nl-

195 3284 270 3338 hil
318 3291 402 3338 est
438 3284 743 3350 difﬁcilius,
790 3284 987 3341 fratres
1036 3286 1164 3348 mei,
1206 3300 1367 3355 quam
1420 3285 1486 3340 de
1532 3284 1761 3339 veritate

196 3376 341 3446 apud
373 3376 617 3447 permisti
648 3375 830 3447 populi
855 3374 1257 3430 multitudinem
1283 3375 1584 3445 disputare.
1606 3374 1760 3441 Quod

194 3468 343 3524 enim
382 3474 485 3533 est,
518 3466 772 3522 omnibus
819 3474 879 3520 ut
927 3472 1013 3521 est
1057 3465 1162 3521 dici
1210 3481 1318 3520 non
1364 3465 1511 3532 licet,
1544 3477 1763 3537 propter

193 3574 289 3615 eos
319 3559 409 3629 qui
440 3558 675 3628 maligne
721 3566 773 3613 et
806 3558 1068 3614 insidiose
1112 3558 1367 3625 audiunt;
1405 3558 1591 3615 fallere
1632 3573 1762 3615 vero

194 3666 305 3704 non
322 3650 535 3719 expedit
558 3656 781 3720 prepter
792 3664 886 3704 eos
901 3649 995 3719 qui
1018 3649 1227 3703 sincere
1251 3647 1761 3717 audirefdesiderant

192 3742 498 3796 veritatem.
530 3740 670 3806 Quid
733 3755 863 3812 ergo
907 3739 1068 3795 faciet
1126 3740 1213 3794 cui
1279 3738 1345 3793 ad
1406 3739 1760 3796 indiscretum

193 3834 455 3903 populum
484 3847 665 3887 sermo
691 3838 808 3900 est;
841 3832 1070 3887 occultet
1119 3831 1263 3901 quod
1304 3846 1495 3887 verum
1543 3833 1659 3887 est?
1696 3831 1761 3887 Et

194 3922 469 3992 quomodo
496 3922 727 3978 instruet
746 3938 841 3978 eos
866 3921 957 3992 qui
983 3921 1130 3992 digni
1157 3923 1321 3976 sunt?
1349 3920 1453 3977 Sed
1486 3924 1530 3977 si
1555 3937 1759 3978 meram

191 4012 441 4084 proferat
480 4015 763 4070 veritatem
810 4014 897 4070 bis
926 4014 1019 4084 qui
1062 4011 1309 4070 salutem‘
1340 4018 1599 4085 consequi
1650 4032 1758 4070 non

193 4103 532 4170 desiderant,
563 4105 639 4158 illi
668 4120 698 4159 a
728 4121 836 4177 quo
881 4108 1083 4161 missus
1114 4114 1199 4161 est
1246 4107 1499 4176 injuriam
1545 4107 1695 4169 facit,
1729 4122 1759 4161 a

194 4213 306 4267 quo
362 4205 416 4251 et
459 4197 771 4253 mandatum
828 4200 1067 4270 accepit,
1122 4216 1192 4256 ne
1237 4202 1419 4254 mittat
1468 4200 1755 4255 verborum

1861 3004 2007 3075 quod
2033 3014 2086 3060 et
2109 3019 2208 3075 ego
2236 3007 2289 3057 in
2314 3003 2561 3074 plurimis
2584 3004 2812 3058 circuitu
2838 3004 3068 3074 quodam
3094 3005 3240 3059 verbi
3270 3016 3422 3060 utens

1858 3105 2070 3154 tentare
2098 3098 2335 3161 nitebar,
2367 3112 2433 3151 ne
2464 3096 2825 3167 principalem
2859 3095 2924 3150 de
2967 3110 3177 3150 summa
3222 3095 3425 3150 Divini-

1856 3198 1967 3245 tate
2005 3190 2413 3260 intelligentiam
2460 3189 2641 3242 minus
2691 3188 2870 3255 dignis
2911 3188 3134 3241 auribus
3181 3188 3425 3257 publica-

1858 3299 1998 3343 rem.
2032 3280 2095 3336 Et
2123 3290 2245 3353 post
2274 3283 2388 3336 haec
2420 3281 2685 3352 incipiens
2714 3280 2824 3352 (80)
2854 3281 2919 3334 de
2944 3280 3102 3335 Patre
3130 3287 3183 3335 et
3213 3279 3349 3334 Filio
3371 3288 3424 3334 et

1860 3373 2067 3445 Spiritu
2101 3382 2312 3436 sancto,
2334 3374 2569 3429 breviter
2590 3374 2749 3428 nobis
2777 3381 2829 3426 et
2858 3372 3135 3427 evidenter
3152 3374 3419 3442 exposuit,

1858 3474 1919 3521 ut
1957 3482 2147 3522 omnes
2188 3467 2471 3521 audientes
2517 3466 2842 3519 miraremur
2859 3464 3129 3534 quomodo
3152 3465 3419 3531 homines,

1859 3556 2117 3614 derelicta
2145 3558 2391 3621 veritate,
2411 3557 2660 3612 conversi
2681 3563 2807 3611 sunt
2838 3556 2902 3610 ad
2931 3557 3244 3610 vanitatem.

1928 3647 1993 3704 Il.
2038 3647 2186 3721 [Haec
2220 3648 2376 3704 Petro
2423 3648 2635 3703 dicente
2662 3648 2706 3679 "
2735 3648 2847 3718 (81)
2878 3645 3069 3717 Aquila
3113 3647 3227 3701 ait:
3258 3646 3423 3701 Recte

1858 3738 2066 3805 dixisti,
2098 3749 2382 3813 propterea
2432 3741 2588 3795 nobis
2639 3740 2807 3794 dicito
2848 3756 2968 3810 quae
2999 3740 3245 3795 veritatis
3294 3745 3422 3794 sunt

1860 3835 2099 3906 propria.
2143 3834 2209 3887 Et
2257 3833 2451 3888 Petrus
2486 3853 2497 3887 :
2537 3833 2609 3889 De
2654 3834 2854 3902 quibus
2884 3834 3050 3887 vultis
3095 3833 3422 3902 interrogate

1859 3944 1965 3984 me.
1997 3927 2062 3981 Et
2100 3928 2293 3998 Aquila
2330 3928 2440 3982 ait:
2478 3927 2549 3981 De
2581 3928 2848 3997 principio
2884 3936 2935 3981 et
2980 3927 3259 3996 principiis
3302 3942 3425 3981 ver-

1860 4020 1988 4074 bum
2031 4019 2275 4090 diSputa,
2321 4027 2373 4074 et
2420 4020 2487 4073 de
2534 4033 2600 4073 eo
2647 4020 2789 4088 quod
2843 4019 3186 4087 reprehendit
3236 4016 3423 4071 Simon

1860 4112 2017 4181 quasi
2050 4111 2433 4166 inconveniens
2455 4150 2469 4172 ,
2504 4108 2699 4163 Filium
2734 4109 2825 4164 Dei
2864 4109 2971 4163 dici
3007 4110 3282 4164 Christum
3307 4151 3320 4171 ,
3356 4125 3428 4163 ne

1865 4205 2062 4259 similia
2110 4204 2533 4275 plantationibus
2577 4210 2630 4256 et
2689 4204 2901 4257 ueteris
2950 4202 3259 4255 inanimatis
3311 4203 3420 4271 pati

191 4289 316 4359 ejus
343 4290 669 4359 margaritas
699 4300 821 4347 ante
850 4307 1046 4362 porcos
1080 4300 1133 4348 et
1156 4307 1321 4379 canes
1346 4293 1412 4355 ",
1438 4292 1531 4362 qui
1569 4294 1758 4347 adver-
1790 4279 1833 4334 Ῐ)
1861 4295 2111 4350 videatur
2161 4294 2321 4350 Deus.
2363 4292 2557 4347 Petrus
2615 4300 2794 4347 autem
2848 4293 3033 4347 videns
3078 4307 3267 4347 omnes
3318 4292 3421 4346 hoc

192 4397 320 4436 sum
349 4395 442 4435 eas
471 4384 806 4454 argumentis
836 4399 898 4438 ac
918 4385 1347 4454 sophismatibus
1396 4386 1752 4449 reluctantes,

191 4474 346 4545 ipsas
374 4474 591 4544 quidem
620 4489 778 4529 emno
803 4476 1168 4549 intelligentia:
1191 4477 1427 4531 carnalis
1454 4475 1749 4541 involvunt,

193 4566 483 4622 latratibus
528 4574 707 4622 autem
752 4568 868 4623 suis
913 4576 968 4624 et
1023 4569 1467 4639 responsionibus
1515 4569 1751 4625 sordidis

1860 4388 2039 4457 ipsum
2071 4388 2312 4443 volentes
2342 4386 2552 4452 audire,
2588 4400 2802 4440 omnem
2848 4384 3110 4440 rationem
3156 4384 3227 4439 ita
3256 4400 3423 4455 expo-

1858 4480 1966 4533 suit
1992 4498 2005 4533 :

1931 4571 2016 4625 lll.
2059 4570 2319 4641 Principii
2368 4583 2564 4623 nomen
2610 4566 2722 4637 (εἰ)
2764 4566 2817 4620 ἰη
2864 4565 3051 4620 multis
3089 4574 3141 4619 et
3191 4565 3421 4619 diversis

262 4681 311 4714 "
352 4680 541 4755 Matth.
584 4698 676 4744 vn,
713 4681 767 4736 6.
843 4682 887 4713 ⁷⁷
918 4680 1025 4755 Ista
1054 4698 1172 4751 qua:
1201 4691 1503 4755 sequuntur
1526 4701 1699 4754 usque
1727 4684 1792 4738 ad
1821 4682 1979 4739 finem
2011 4701 2128 4755 cap.
2160 4685 2247 4747 12,
2279 4700 2330 4737 tn
2368 4683 2505 4755 cod.
2537 4696 2671 4736 mss.
2696 4676 2968 4755 plerisque
2992 4680 3179 4755 iisdem
3205 4681 3421 4755 optima:

193 4758 341 4804 nota?
376 4750 590 4812 desunt,
640 4759 693 4806 et
738 4759 949 4805 tantum
996 4750 1194 4823 habent
1228 4750 1324 4823 vel
1358 4750 1703 4811 obscuritatis
1736 4756 1816 4811 vel
1860 4750 2093 4812 erroris'
2120 4762 2179 4809 ut
2230 4754 2413 4823 spuria
2443 4767 2506 4807 ea
2534 4767 2657 4806 esse
2687 4750 2740 4805 et
2778 4751 2846 4805 ab
2877 4752 3131 4805 haeretica
3183 4751 3418 4820 quodam

190 4823 515 4876 recentioris
532 4824 706 4877 anatis
738 4824 947 4877 intrusa
973 4838 1081 4877 non
1111 4822 1440 4880 dubitemus.

1486 4937 1846 4994 COTELERH
1881 4935 2110 4993 NOTAS.

263 5049 383 5121 (80)
416 5046 481 5102 Et
522 5059 638 5119 post
681 5050 791 5104 Iure
820 5052 1138 5121 incipiens...
1186 5052 1256 5104 ad
1295 5052 1594 5121 vanitatem.
1638 5051 1763 5107 Haec

265 5119 660 5192 riodusexstat
680 5122 733 5174 in
763 5119 1102 5192 libris'editis
1128 5133 1179 5177 et
1208 5122 1263 5175 in
1296 5138 1399 5176 ms.
1428 5120 1556 5192 Reg.
1576 5131 1673 5186 ;.at
1703 5125 1757 5178 in

214 5189 363 5314 Soirb.
390 5198 445 5244 et
472 5188 578 5247 'l‘h.
604 5192 937 5247 transfertur
963 5191 1032 5246 ad
1061 5192 1218 5247 finem
1242 5206 1361 5262 cap.
1391 5193 1481 5259 tt,
1507 5188 1602 5248 ubi
1631 5209 1753 5248 eam

214 5276 248 5314 ῖι
289 5275 341 5314 e.

184 5275 341 5316 .vme.

270 5328 385 5399 (8i)
421 5328 547 5383 Hazc
580 5328 737 5383 Petro
766 5331 985 5386 dicente.
1009 5331 1189 5386 Codex
1211 5331 1635 5401 GandeIerianus
1656 5334 1760 5387 hoc

194 5406 364 5476 caput
390 5408 445 5476 et
474 5402 756 5476 sequentia
788 5402 1752 5476 novem_conti_ne_t,'quemadmodum

195 5467 538 5523 sorbonicus
553 5467 613 5525 et
635 5470 894 5526 Tbuanus
920 5489 933 5523 :
966 5467 1341 5528 Carmeliticus
1377 5481 1555 5527 autem
1584 5482 1638 5527 et
1667 5474 1757 5528 ille

195 5537 541 5612 Petri‘Petiti
563 5536 730 5611 Regio
750 5543 956 5597 similes
978 5550 1125 5605 sunt,
1157 5542 1415 5612 librisque
1446 5544 1745 5612 impressis.

194 5607 311 5682 Nec
341 5609 587 5682 dubium,
624 5607 754 5681 quin
801 5611 871 5666 ad
905 5613 994 5665 illa
1034 5607 1345 5682 pertineant
1368 5627 1489 5681 quae
1522 5607 1751 5668 Rufinus

182 5679 452 5753 abstulit.
487 5680 559 5753 de
578 5679 818 5751 ingenito
834 5682 946 5737 Des
977 5679 1266 5753 ge'nitoque
1291 5679 1545 5745 disserta,
1575 5683 1642 5738 de
1664 5682 1756 5736 Fi-

200 5749 277 5804 lio
295 5759 502 5817 creato,
528 5750 596 5807 de
624 5749 744 5809 aliis
784 5749 1059 5809 nonnullis
1077 5794 1091 5819 ,
1128 5749 1431 5823 periculosa
1457 5794 1472 5820 ,
1501 5754 1755 5818 obscura,

1870 5054 2081 5106 intrusa
2113 5093 2127 5116 ,
2176 5050 2547 5117 Eunomiana;
2597 5066 2824 5120 qumque
2860 5060 3072 5120 veteres
3116 5049 3417 5106 Ebionitica

1864 5131 2220 5187 censuerunt,
2252 5120 2470 5183 Ariana,
2506 5130 2559 5174 et
2586 5119 2849 5175 addititia.
2885 5119 3079 5175 Nescio
3109 5121 3232 5188 quis
3257 5122 3419 5190 igitur

1862 5192 2007 5263 quod
2041 5207 2070 5245 a
2116 5191 2311 5245 Rutino
2353 5193 2778 5263 praetermissum
2820 5191 3015 5263 fuerat,
3050 5192 3153 5246 sibi
3184 5195 3419 5263 sumpsit

1864 5258 1924 5317 tit
1957 5258 2425 5331 interpretaretur.
2467 5259 2601 5315 Vide
2624 5258 3140 5331 Clementinamom.
3179 5260 3264 5325 16,
3294 5258 3395 5330 cap

1867 5334 1950 5388 16.
1984 5329 2236 5387 Ista‘vero
2260 5346 2430 5399 usque
2460 5332 2525 5384 ad
2553 5346 2674 5400 cap.
2708 5329 3001 5400 l2_desunt
3026 5331 3078 5400 in
3103 5329 3414 5400 impressis:

1859 5404 2141 5472 desumpta
2166 5409 2344 5472 autem
2367 5409 2492 5455 sunt
2519 5417 2583 5455 ex
2614 5398 2735 5454 cod.
2770 5398 2928 5454 Sorb.
2959 5409 3011 5454 et
3034 5399 3135 5455 Th.

1934 5468 2333 5543 (82)'Prirrcipii
2363 5487 2568 5543 nomen,
2602 5479 2709 5525 etc.
2740 5472 2797 5543 In
2824 5485 3016 5543 marga
3038 5486 3142 5526 ms.
3172 5468 3273 5524 Th.
3301 5469 3416 5525 hzcc

1860 5540 2153 5615 leguntur:
2182 5540 2353 5615 (ἔφης
2378 5540 2473 5611 legi
2523 5550 2722 5615 oportet
2750 5540 2883 5594 hanc
2914 5541 3261 5615 scripturam,
3292 5543 3414 5615 quin

1855 5610 2197 5668 neicientibus
2227 5610 2381 5680 facile
2426 5610 2581 5665 error
2606 5612 2879 5680 subrepere
2914 5618 3100 5679 potest.
3149 5612 3318 5680 Usque
3346 5611 3415 5666 ad

1862 5684 2033 5738 simile
2054 5679 2261 5750 signum
2298 5682 2462 5752 legere
2486 5682 2615 5737 noli.
2642 5680 2763 5736 Vid.
2795 5679 2933 5735 infra
2958 5688 3141 5735 notam
3170 5681 3415 5751 ejusdem

1864 5754 1982 5808 cod.
2012 5752 2079 5808 ad
2108 5767 2227 5808 can.
2260 5752 2343 5806 12.

1864 5767 1982 5809 coa.
2012 5767 2079 5808 ad
2108 5767 2227 5823 cap.
2260 5767 2343 5806 η.
