3976 6340
536 306 680 363 ηδε

1405 302 1464 361 S.
1503 299 1898 358 tILEMENTlS
1930 300 1952 355 i
1987 300 2152 359 ROM.
2193 301 2396 358 PONT.
2433 300 2660 357 OPERA
2690 299 2922 358 DUBIA.

3632 298 3759 356 1288

534 426 883 491 nuncupatur
912 418 1097 486 rebus,
1125 416 1477 473 sensibilibus
1510 420 1719 473 scilicet
1746 426 1800 472 et
1842 418 2101 490 intelligt-
2130 421 2176 479 Α
2204 414 2400 486 gnum?
2446 414 2629 471 Audes
2682 424 2859 470 autem
2911 412 3114 468 factum
3163 411 3343 468 dicere
3390 427 3422 466 a
3476 414 3761 484 semetipso

534 512 758 569 bilibus.
794 510 897 564 Sed
929 525 998 565 ne
1033 518 1158 564 ante
1188 510 1618 579 experimentum
1653 510 1993 566 sensibilium
2036 511 2105 566 ad

537 601 897 672 intelligibilia
927 600 1203 656 declinare
1232 601 1530 664 videamur,
1562 601 1715 656 decet
1750 601 1923 671 primo
1964 614 1995 655 a
2017 601 2102 655 vi-

535 692 791 748 sibilibus
822 692 1080 762 incipere,
1114 699 1175 745 ut
1204 692 1271 747 de
1316 692 1565 762 proximo
1608 700 1884 748 sumentes
1923 708 2105 748 exem-

533 781 682 852 plum
716 781 911 835 iterum
959 781 1027 835 ad
1069 782 1484 851 intelligibilium
1529 782 1810 837 veniamus
1859 798 2106 852 compre-

534 872 877 930 hensionem.
910 872 1029 938 Quo
1056 873 1218 928 modo
1265 873 1347 928 sol
1379 873 1527 928 verbi
1572 876 1746 945 gratia
1793 875 1849 929 in
1896 875 2103 945 princi-

532 965 684 1034 pium
728 964 811 1018 vel
856 964 1219 1035 principatum
1270 964 1377 1018 diei
1424 966 1756 1020 constitutus
1801 972 1924 1030 est,
1975 967 2103 1021 luna

532 1072 662 1112 vero
693 1073 722 1113 e
751 1058 1028 1111 contrario
1063 1057 1239 1111 noctis
1267 1058 1349 1124 ἐς
1379 1058 1491 1113 hzec
1536 1066 1716 1113 autem
1742 1069 1800 1115 ut
1830 1058 2106 1131 principa-

530 1157 647 1203 tum
693 1157 883 1220 gerant
911 1149 1209 1204 constituta
1239 1159 1386 1211 sunt,
1426 1166 1454 1204 a
1478 1166 1587 1221 quo
1631 1153 1792 1207 etiam
1832 1160 1893 1207 ut
1919 1160 2103 1209 essent

533 1239 591 1294 in
621 1240 890 1310 principio
911 1248 1257 1310 acceperunt.
1293 1239 1393 1307 Qui
1421 1250 1600 1296 autem
1630 1242 1745 1298 haec
1774 1245 2099 1315 composuit,

526 1330 730 1386 caelum
762 1338 815 1385 et
847 1339 1046 1385 terram
1076 1332 1228 1402 prius
1257 1332 1520 1399 condidit,
1548 1342 1741 1404 praeter
1780 1335 1894 1389 haec.
1920 1343 2100 1391 autem

530 1422 813 1477 terrestria
843 1430 895 1476 et
931 1423 1194 1492 inaquosa
1228 1430 1283 1479 et
1311 1425 1552 1479 volatilia
1582 1427 1837 1480 animalia
1880 1442 2102 1498 compo-

527 1513 665 1578 suit,
695 1514 920 1569 arbores
947 1530 1163 1585 quoque
1203 1522 1257 1571 et
1288 1514 1484 1571 herbas
1523 1524 1577 1572 et
1619 1525 1742 1588 post
1782 1517 1896 1572 haec
1926 1518 2103 1573 homi-

530 1621 678 1671 nem,
702 1623 812 1663 non
834 1616 893 1663 ut
921 1618 1106 1666 essent
1127 1612 1241 1666 haec
1263 1619 1471 1665 tantum
1497 1611 1822 1681 principium
1854 1624 2098 1673 sumens.

527 1701 627 1755 sed
656 1702 821 1756 etiam
870 1711 931 1755 ut
977 1704 1219 1759 viverent
1271 1704 1571 1760 secundum
1618 1704 1930 1757 mandatum
1979 1702 2095 1759 Dei.

530 1786 609 1841 Ita
640 1803 772 1858 ergo
816 1791 982 1846 multa
1031 1792 1247 1861 quidem
1292 1798 1522 1862 possunt
1560 1805 1683 1846 esse
1731 1791 2017 1862 principia,
2048 1791 2099 1847 ei
2130 1768 2170 1823 Β

528 1890 714 1936 autem
746 1882 837 1951 qui
869 1891 975 1947 est,
1006 1884 1275 1954 principia
1322 1900 1431 1939 non
1454 1891 1601 1939 sunt.
1634 1883 1815 1939 Unum
1845 1893 1930 1941 est
1958 1886 2104 1940 enim

530 1970 858 2041 principium
889 1980 942 2027 et
973 1988 1139 2027 unum
1172 1973 1291 2029 sine
1313 1974 1576 2043 principio
1607 1975 1956 2045 principium,
1983 1989 2105 2043 qua:

532 2071 715 2119 autem
743 2072 866 2135 post
896 2064 1011 2120 haec
1052 2072 1201 2131 sunt,
1232 2067 1456 2123 abusive
1498 2067 1755 2122 dicuntur
1784 2067 1854 2135 (si
1884 2066 2104 2139 quidem

532 2154 829 2228 dicuntur)
876 2156 1163 2228 principia.
1220 2156 1564 2215 Przeveniens
1620 2167 1799 2215 autem
1852 2158 2081 2229 exposui

530 2261 751 2303 causam
778 2246 940 2316 hujus
972 2247 1274 2319 exempli.a
1309 2250 1665 2307 sensibilibus
1699 2251 1908 2306 scilicet
1929 2251 1997 2304 ad
2022 2250 2106 2303 in-

530 2335 855 2404 telligibilia,
871 2337 1048 2391 uthac
1067 2337 1153 2391 via
1184 2338 1267 2393 usi
1292 2337 1500 2394 firmam
1523 2348 1577 2395 et
1597 2348 1800 2396 certam
1823 2340 1889 2395 de
1906 2341 2107 2397 intelli-

529 2428 776 2500 glbilium
791 2428 1080 2485 traditione
1092 2430 1468 2499 possideamus
1485 2432 1789 2490 tuitionem.
1809 2432 1936 2490 Sine
1951 2436 2105 2505 prin-

531 2520 675 2591 cipio
707 2536 837 2592 ergo
865 2521 1098 2578 dicimus
1125 2522 1294 2579 Deum
1331 2525 1589 2581 ineffabili
1632 2527 1972 2597 providentia
2008 2529 2104 2585 de-

531 2618 891 2675 monstrante,
916 2612 1009 2681 qui
1031 2626 1141 2665 non
1173 2628 1203 2666 a
1220 2628 1280 2668 se
1298 2613 1418 2684 ipso
1435 2613 1614 2670 factus
1627 2623 1711 2670 est
1733 2630 1834 2671 nec
1851 2630 1880 2669 a
1908 2630 1966 2671 se
1985 2615 2105 2686 ipso

529 2702 748 2776 genitus
762 2720 779 2772 ;
794 2712 879 2759 est
893 2703 1038 2759 enim
1056 2702 1174 2759 sine
1202 2704 1470 2775 principio
1487 2712 1541 2759 et
1560 2706 1855 2775 ingenitus.
1877 2704 2104 2778 lngeniti

529 2806 711 2852 autem
744 2796 1034 2866 appellatio
1061 2811 1169 2851 non
1209 2796 1340 2868 quid
1364 2798 1455 2863 sit,
1481 2798 1639 2853 nobis
1660 2798 1961 2868 intelligere
1988 2800 2100 2864 dat,

528 2884 628 2943 sed
649 2887 793 2958 quod
812 2902 921 2941 non
937 2895 1025 2943 est
1045 2886 1251 2953 factus;
1284 2889 1634 2962 αὑτοπάτφα
1650 2905 1777 2945 vero
1797 2901 1851 2947 et
1877 2892 2103 2961 αὐτογέ-

528 2995 709 3050 νητον,
730 2979 834 3032 hoc
862 2986 946 3034 est
968 2979 1144 3049 ipsum
1177 2979 1281 3034 sibi
1311 2979 1522 3036 Patrem
1555 2981 1843 3053 ipsumque
1879 2984 1984 3040 sibi
2012 2984 2104 3040 Fi-

530 3070 666 3125 lium
696 3070 1151 3174 qui-vocaverunt
1197 3072 1332 3127 illud
1374 3073 1518 3143 quod
1557 3073 1875 3144 ingenitum,
1906 3086 2101 3133 contu—
2125 3108 2173 3174 Ω

530 3164 747 3220 meliam
791 3162 971 3220 facere
1001 3164 1182 3221 conati
1223 3171 1353 3221 sunt
1393 3165 1576 3223 dubiis
1610 3167 1978 3226 deservientes
2006 3186 2100 3227 ra-

528 3255 795 3312 tionibus.
839 3254 1086 3327 lndigere
1120 3256 1266 3311 enim
1310 3257 1595 3313 nativitate
1640 3258 1770 3313 illud
1802 3261 1948 3330 quod
1988 3271 2107 3318 erat

529 3350 851 3422 priusquam
927 3356 1266 3416 nasceretur,
1310 3351 1658 3419 parvulorum
1708 3367 1861 3408 more
1905 3353 2106 3410 intelli-

528 3447 721 3511 gentes
750 3448 1033 3511 putarunt,
1065 3448 1119 3494 et
1155 3440 1284 3495 illud
1315 3442 1461 3511 quod
1506 3441 1704 3507 fuerat,
1738 3458 1837 3513 pro
1864 3459 1931 3501 eo
1958 3447 2102 3516 quod

530 3532 698 3589 fuerit
726 3541 1010 3605 ponentes,
1039 3534 1197 3604 quasi
1241 3549 1336 3604 per
1362 3551 1422 3590 se
1461 3535 1638 3606 ipsum
1676 3536 1876 3591 factum
1920 3530 2105 3595 dicere

530 3626 743 3683 insania
794 3626 1159 3689 insanierunt,
1202 3633 1259 3681 et
1307 3627 1733 3697 plantationibus
1785 3644 2105 3701 comparare

529 3716 667 3774 illud
699 3718 847 3789 quod
884 3726 970 3774 est
1008 3718 1328 3788 ingenitum,
1352 3729 1412 3773 ut
1449 3720 1766 3777 daemoniosi
1789 3723 1907 3777 ausi
1952 3730 2101 3779 sunt.

530 3808 658 3867 Hac
699 3819 878 3867 autem
924 3811 1108 3866 omnia
1150 3811 1207 3865 in
1256 3810 1530 3882 impietate
1574 3814 1871 3869 constituta
1911 3830 2105 3871 conse-

528 3910 787 3974 quentem
817 3902 1023 3957 habent
1055 3902 1435 3972 ignorantiam.
1481 3901 1598 3959 Non
1629 3906 1774 3960 enim
1820 3905 2104 3963 intellexe-

530 4001 661 4050 runt
683 3993 787 4048 hoc
813 3993 991 4064 ipsum
1015 3993 1258 4049 dicentes
1286 4001 1340 4049 et
1364 3994 1529 4051 fuisse
1546 4004 1599 4051 ct
1615 4012 1723 4065 non
1743 3997 1935 4053 fuisse.
1956 3998 2103 4066 Qua-

531 4095 693 4145 tenus
726 4089 871 4143 enim
913 4088 1120 4159 genuit,
1154 4087 1277 4150 fuit,
1310 4096 1581 4160 quatenus
1607 4105 1738 4146 vero
1780 4100 1964 4148 natum
1993 4099 2100 4157 est,

531 4182 799 4239 nonfuit.
841 4180 959 4237 Non
1007 4181 1176 4237 fuisse
1214 4197 1345 4253 ergo
1391 4199 1517 4239 eum
1563 4192 1779 4241 constat
1830 4194 2102 4256 quatenus

532 4282 724 4331 natum
755 4285 860 4340 est,
903 4274 1073 4330 fuisse
1095 4281 1275 4329 autem
1306 4292 1429 4331 eum
1460 4285 1678 4333 constat
1714 4288 1983 4349 quatenus
2010 4297 2104 4350 ge-

533 4367 676 4423 nuit.
720 4365 847 4421 lizec
889 4373 1350 4436 autemntraque
1402 4368 1584 4425 dicere
1631 4369 1792 4425 simul
1848 4370 2099 4427 eumdem

533 4458 886 4523 sustinuisse,
914 4473 1021 4512 non
1052 4459 1315 4528 permittit
1344 4461 1562 4530 pietatis
1588 4461 1875 4531 professio.

605 4545 696 4602 IV.
739 4546 944 4602 Deinde
967 4548 1130 4603 etiam
1154 4565 1470 4606 communes
1491 4552 1850 4623 cogitationes
1873 4553 2105 4610 sollicite

532 4653 567 4691 a
599 4653 658 4693 se
687 4639 955 4707 repellunt
984 4647 1194 4695 tantam
1226 4641 1646 4711 blasphemiam,
1679 4644 1900 4715 dignum
1933 4646 2105 4700 hono-

534 4745 652 4785 rem
679 4728 920 4800 ingenito
946 4730 1275 4788 deferentes.
1306 4732 1576 4799 Quidnam
1610 4734 1774 4806 igitur
1788 4736 1911 4805 quis
1935 4737 2105 4791 inter-

535 4828 760 4890 rogatus
786 4820 932 4874 dicat
952 4837 1142 4877 eornm
1173 4825 1265 4894 qui
1312 4826 1474 4896 impie
1516 4827 1957 4896 appellaverunt?
1997 4830 2103 4886 nisi

532 4912 663 4979 quia
694 4910 794 4965 fuit
826 4913 1138 4983 priusquam
1167 4923 1332 4983 esset,
1362 4917 1476 4987 ipse
1497 4919 1597 4972 sibi
1620 4916 1799 4982 Pater,
1828 4920 1921 4990 qui
1976 4936 2100 4977 esse

534 5001 727 5056 habuit
782 5010 1073 5074 antequam
1110 5006 1213 5061 sibi
1261 5015 1318 5061 ut
1356 5016 1501 5064 esset
1541 5010 1901 5079 praestitisset.
1931 5013 2099 5066 Αὐτο-

533 5093 726 5164 πὰτωρ
759 5100 813 5147 et
838 5094 1150 5167 αὑτογενής,
1178 5096 1283 5152 hoc
1311 5106 1396 5154 est
1428 5099 1544 5169 ipse
1574 5101 1679 5155 sibi
1706 5099 1865 5157 Pater
1902 5111 1958 5157 et
1986 5102 2102 5173 ipse

531 5184 640 5237 sibi
663 5182 855 5251 Filius,
874 5200 981 5254 qua
1007 5186 1217 5242 ratione
1244 5188 1474 5255 dicatur,
1504 5195 1559 5244 et
1597 5204 1719 5243 cum
1749 5189 1966 5260 quidem
1995 5205 2103 5243 non

534 5276 732 5333 fuisset
777 5278 923 5349 quod
964 5287 1135 5344 esset,
1159 5286 1287 5334 ante
1335 5288 1557 5336 exstans
1613 5281 1984 5352 intelligentize
2024 5281 2102 5335 si.

599 5435 649 5467 "
684 5435 818 5492 Gen.
850 5452 890 5504 ι,
924 5435 1011 5494 16.

1121 5438 1169 5470 ⁷⁸
1206 5434 1398 5491 Matth.
1432 5452 1489 5501 ι,
1527 5434 1621 5491 28.
1697 5434 1745 5467 ⁸ο
1782 5433 1977 5489 Matth.
2007 5449 2063 5499 v,
2090 5433 2183 5489 27.

2206 506 2338 561 illud
2365 506 2511 577 quod
2540 506 2849 561 ineﬂ‘ectum
2874 505 2991 561 est?
3014 503 3345 560 Putaverunt
3372 512 3557 558 autem
3586 504 3763 573 hujus-

2205 597 2350 652 modi
2377 613 2500 651 cum
2531 597 2819 668 disciplina
2844 612 2901 651 se
2936 597 3039 651 hoc
3060 596 3263 661 dicere,
3296 598 3441 652 sicut
3484 597 3650 659 ebrii,
3679 598 3762 667 qui

2205 689 2425 744 umbras
2471 704 2569 758 pro
2602 687 2773 743 foveis
2808 687 3142 743 existimant.
3174 686 3401 757 PrOpter
3449 684 3601 756 quod
3650 695 3765 740 ante

2204 783 2385 837 omnia
2421 789 2632 850 oportet
2676 794 2776 835 nos
2822 779 3204 834 immortalium
3254 778 3655 833 scrutationem
3696 776 3764 829 fa»

2205 873 2711 942 cientesinciperea
2742 869 3038 926 Dominicis
3068 868 3475 931 traditionibus,
3504 867 3601 921 ubi
3634 880 3765 919 mor-

2204 963 2393 1016 talium
2424 961 2788 1016 conditionem
2821 961 2889 1015 ab
2917 959 3314 1015 immortalibus
3357 973 3650 1029 separans,
3679 956 3766 1009 do.

2204 1055 2426 1109 cuitnos
2449 1054 2687 1125 pericula
2709 1062 2764 1108 et
2786 1051 3114 1107 tentaliones
3137 1068 3308 1122 usque
3332 1051 3400 1105 ad
3428 1053 3611 1122 ipsam
3634 1065 3767 1105 mor-

2204 1152 2308 1199 tem
2335 1145 2607 1199 sustinere
2630 1149 2850 1213 propter
2870 1158 3019 1211 spem
3048 1142 3313 1198 bonorum
3336 1142 3519 1213 regni,
3550 1143 3763 1198 dicens:

2206 1234 2386 1290 Nolite
2412 1237 2590 1289 timere
2618 1253 2705 1289 eos
2731 1235 2821 1306 qui
2843 1234 3082 1288 occidunt
3112 1250 3319 1304 corpus,
3360 1235 3576 1288 animos
3602 1245 3765 1288 nam

2202 1346 2305 1383 non
2326 1340 2541 1399 possunt
2581 1329 2832 1390 occidere.
2866 1330 3039 1383 timete
3060 1339 3232 1383 autem
3261 1346 3379 1382 eum
3407 1330 3505 1399 qui
3528 1338 3701 1398 potest
3724 1337 3767 1381 et

2201 1437 2388 1491 corpus
2408 1431 2455 1476 et
2473 1423 2702 1475 animam
2722 1420 2933 1491 perdere
2974 1422 3027 1475 in
3058 1421 3343 1492 gehennam
3372 1421 3442 1477 τ’.
3472 1419 3542 1473 Et
3568 1436 3696 1475 vere
3726 1422 3767 1475 si

2201 1528 2310 1567 non
2340 1514 2695 1569 commoritur
2720 1516 2934 1584 corpori
2960 1514 3159 1578 anima,
3179 1528 3286 1568 non
3309 1515 3502 1583 utique
3520 1512 3769 1567 dividitur

2200 1620 2301 1660 nec
2342 1604 2487 1660 aliud
2510 1605 2711 1675 aliquid
2741 1605 2948 1676 patitur
2972 1606 3039 1661 de
3059 1605 3146 1661 his
3172 1621 3293 1676 quae
3313 1606 3530 1676 patitur
3556 1619 3766 1674 corpus,

2202 1699 2349 1755 verbi
2380 1698 2545 1769 gratia
2563 1697 2914 1754 influxionem
2936 1699 3021 1754 vel
3042 1697 3430 1762 defluxionem,
3454 1699 3769 1752 tenuitatem

2206 1798 2300 1846 aut
2323 1790 2763 1855 crassitudinem,
2780 1791 3068 1846 sanitatem
3088 1790 3172 1845 vel
3188 1789 3592 1853 infirmitatem,
3611 1789 3774 1844 absci-

2204 1884 2413 1938 sioncm
2444 1892 2538 1937 aut
2566 1879 3028 1951 coniunctionem.
3060 1877 3175 1937 Sed
3214 1887 3272 1936 et
3317 1882 3379 1935 in
3424 1880 3559 1951 ipsa
3601 1880 3770 1936 homi-

2204 1990 2334 2029 num
2368 1972 2747 2043 procreatione
2777 1972 2916 2028 nihil
2945 1972 3234 2027 committit
3260 1974 3441 2027 anima
3478 1974 3773 2029 secundum

2203 2065 2586 2131 deﬂuxionem,
2603 2064 2698 2120 sed
2719 2065 2774 2120 in
2795 2064 2943 2120 omni
2962 2064 3181 2136 quidem
3206 2072 3354 2119 motu
3388 2074 3504 2121 stat
3533 2067 3772 2122 videlicet

2204 2156 2509 2214 substantia
2533 2156 2906 2221 immutabilis,
2922 2156 3138 2212 diverso
3164 2168 3342 2211 autem
3368 2167 3531 2212 motu
3552 2159 3621 2213 ad
3639 2158 3771 2214 aliud

2202 2257 2257 2305 et
2277 2248 2421 2304 aliud
2444 2265 2644 2319 corpus
2666 2250 2853 2305 incitat
2881 2250 3011 2321 pati.
3030 2247 3173 2304 Fluit
3193 2264 3322 2319 ergo
3340 2257 3397 2305 et
3421 2252 3642 2320 patitur
3655 2250 3772 2308 sub-

2204 2341 2528 2397 stantialiter
2556 2357 2776 2413 corpus,
2806 2342 2965 2398 sicuti
2996 2342 3369 2412 experimento
3395 2344 3766 2413 cognoscitur,

2194 2444 2326 2506 post
2349 2434 2494 2488 illam
2519 2440 2765 2488 natorum
2788 2435 3217 2505 coagulationem
3238 2434 3626 2495 exinanitione
3644 2436 3768 2490 uteri

2204 2526 2345 2580 facta
2372 2566 2387 2589 ,
2438 2534 2659 2597 propter
2695 2536 3029 2581 crementum
3084 2525 3308 2581 infantis
3351 2527 3692 2597 impellentis
3721 2538 3770 2581 et

2204 2616 2421 2687 impulsi
2447 2617 2595 2671 velut
2617 2617 2671 2671 in
2701 2616 3008 2681 luetamine,
3036 2618 3203 2672 verbo
3229 2617 3555 2673 Conditoris
3580 2638 3597 2673 :
3622 2618 3767 2685 Quod

2204 2707 2348 2764 enim
2382 2708 2723 2780 coagulatum
2743 2713 2828 2765 est
2882 2708 3102 2765 festinat
3144 2708 3369 2780 egredi;
3399 2709 3551 2779 quod
3594 2718 3769 2764 autem

2205 2799 2514 2870 coagulavit
2553 2799 2702 2870 cupit
2723 2814 3012 2870 exponere.
3033 2800 3212 2856 Causa
3228 2816 3359 2855 vero
3378 2802 3494 2854 haec
3514 2799 3773 2855 transfert

2205 2891 2353 2962 ipsas
2378 2890 2665 2961 passiones
2712 2891 2779 2945 ad
2803 2892 3207 2947 successionem
3226 2891 3470 2961 ejusdem
3497 2893 3601 2960 rei,
3624 2892 3772 2945 facta

2206 2990 2385 3037 autem
2416 2983 2670 3053 passione
2697 2998 2983 3039 commune
3024 2984 3325 3054 periculum
3371 2984 3564 3055 saepius
3597 2999 3773 3054 quam

2205 3074 2439 3145 speciale
2461 3074 2746 3146 contingit.

2276 3164 2343 3223 V.
2378 3165 2483 3222 Sed
2512 3174 2566 3223 et
2589 3182 2749 3222 omne
2775 3166 2921 3237 quod
2950 3167 3117 3223 servit
3144 3168 3510 3225 muliebribus
3548 3169 3773 3226 deside-

2203 3258 2334 3327 riis,
2365 3266 2721 3331 promovetur
2760 3268 2816 3315 et
2858 3259 3262 3330 praemeditatur
3307 3264 3638 3320 naturaliter
3681 3282 3767 3321 se-

2201 3351 2443 3406 cundum
2487 3349 2924 3420 uniuscujusque
2962 3358 3209 3415 aetatem,
3234 3352 3387 3407 verbi
3417 3368 3591 3409 causa
3618 3355 3773 3409 aliter

2201 3459 2361 3514 puer,
2386 3444 2545 3499 aliter
2564 3458 2694 3499 vero
2723 3442 3072 3507 adolescens,
3106 3445 3265 3500 aliter
3291 3452 3477 3499 autem
3507 3448 3615 3502 vir.
3637 3446 3771 3501 Nam

2202 3536 2385 3592 infans
2413 3536 2633 3607 quidem
2663 3534 2720 3591 in
2745 3536 2949 3592 virtute
2970 3536 3134 3593 habet
3154 3536 3347 3591 borum
3369 3538 3771 3608 operationem.

2202 3627 2446 3683 nondum
2481 3634 2664 3682 autem
2705 3625 2764 3681 in
2792 3627 2997 3682 virtute
3025 3626 3191 3682 habet
3218 3627 3386 3682 etiam
3427 3630 3629 3683 anima:
3658 3645 3774 3683 mo-

2202 3729 2330 3787 tus;
2374 3719 2692 3775 adolescens
2733 3733 2866 3773 vero
2891 3726 3114 3790 paratus
3147 3718 3368 3789 quidem
3421 3719 3493 3773 ad
3531 3718 3775 3775 destina.

2201 3818 2353 3876 tum,
2402 3809 2645 3865 nondum
2687 3825 2820 3866 vero
2859 3809 3183 3881 digestionis
3230 3810 3398 3865 habet
3443 3827 3645 3877 usum;
3692 3814 3775 3866 vir

2202 3911 2385 3959 autem
2414 3903 2741 3974 conspirans
2762 3902 3003 3973 possidet
3029 3901 3380 3974 perfectionis
3402 3904 3771 3973 propositum.

2202 3995 2270 4049 Et
2299 4010 2410 4050 non
2450 4011 2518 4052 ex
2568 3996 2681 4051 illis
2730 3996 2865 4054 solis
2911 3995 3205 4051 dicendum
3246 4006 3362 4060 est,
3394 3998 3641 4053 animam
3672 3998 3775 4051 ini-

2203 4088 2488 4143 mortalem
2511 4126 2527 4152 ,
2559 4101 2761 4159 corpus
2802 4103 2935 4143 vero
2981 4087 3154 4143 ﬂuens
3176 4126 3192 4153 ,
3239 4089 3334 4144 sed
3364 4089 3538 4144 etiam
3560 4104 3628 4145 ex
3651 4089 3774 4149 bis.

2202 4194 2325 4248 quae
2346 4178 2414 4234 ad
2436 4193 2556 4235 eam
2577 4186 2830 4235 constant
2849 4180 2905 4234 in
2932 4194 3274 4236 communem
3299 4195 3597 4250 personam
3624 4195 3776 4234 man-

2203 4270 2369 4335 datis,
2401 4284 2524 4340 qua:
2552 4271 2630 4325 ait
2657 4268 2922 4325 Dominus
2947 4288 2962 4326 :
2992 4270 3204 4325 Dictum
3227 4278 3303 4324 est
3326 4271 3565 4339 antiquis
3597 4286 3619 4325 :
3651 4269 3774 4324 Non

2205 4359 2570 4425 maechaberis;
2596 4377 2689 4428 ego
2717 4369 2891 4414 autem
2910 4360 3028 4416 dico
3053 4376 3072 4415 :
3098 4359 3211 4414 Nec
3229 4361 3285 4415 in
3307 4370 3589 4428 aspectum
3629 4362 3767 4415 desi-

2131 4463 2176 4519 ι)
2203 4449 2349 4505 deria
2376 4452 2566 4507 servies
2590 4452 2658 4516 ³⁸,
2689 4452 2855 4508 nimis
2884 4459 3044 4507 caute
3084 4451 3332 4522 loquens.
3376 4450 3436 4507 Si
3464 4453 3624 4508 enim
3648 4468 3771 4507 cor-

2202 4556 2307 4612 pus
2331 4542 2653 4597 naturaliter
2681 4542 2979 4613 obligatum
3018 4549 3103 4597 est
3140 4541 3391 4598 femineis
3428 4544 3771 4598 commistio-

2202 4634 2387 4695 nibus.
2420 4635 2593 4704 magis
2614 4643 2794 4688 autem
2827 4635 3035 4689 servire
3051 4642 3300 4689 coactum
3332 4634 3420 4688 his
3451 4650 3583 4705 qua
3616 4650 3769 4689 accc-

2203 4730 2314 4800 pit.
2345 4736 2406 4784 ut
2435 4736 2580 4784 esset
2605 4736 2661 4783 et
2690 4730 2746 4784 in
2775 4729 3055 4785 schemate
3072 4728 3184 4799 (83)
3215 4727 3442 4782 haberet
3461 4768 3477 4790 ,
3522 4729 3678 4799 quod
3719 4736 3769 4782 et

2203 4822 2501 4894 principale
2544 4830 2631 4877 est
2676 4822 2914 4877 carnalis
2958 4820 3351 4892 procreationis
3375 4859 3393 4882 ,
3447 4835 3565 4891 quo
3612 4819 3766 4875 modo

2199 4913 2325 4985 quis
2355 4914 2670 4984 suspicetur
2690 4913 2909 4983 corpori
2936 4928 3061 4970 esse
3088 4912 3293 4967 dictum
3326 4932 3340 4967 :
3375 4911 3504 4966 Non
3539 4912 3765 4967 metu-

2201 5008 2360 5069 beris,
2397 5023 2491 5077 ego
2538 5016 2713 5060 autem
2745 5006 2864 5060 dico
2895 5023 2987 5060 nec
3018 5005 3277 5061 desiderio
3306 5006 3524 5069 servies,
3559 5015 3621 5060 et
3662 5020 3762 5059 non

2200 5099 2384 5168 potius
2414 5097 2485 5161 ei,
2520 5112 2640 5167 qua:
2665 5098 2834 5152 libera
2862 5106 2947 5154 est
2971 5097 3297 5159 substantia,
3324 5097 3520 5150 talium
3557 5099 3763 5167 passio-

2203 5205 2335 5245 num
2365 5196 2685 5259 potestatem
2713 5189 2922 5245 habens
2947 5190 3133 5244 laxare
3166 5188 3250 5243 vel
3270 5186 3554 5243 refrenare
3577 5200 3761 5242 secun-

2205 5281 2335 5336 dum
2362 5282 2733 5352 operationem
2768 5296 2990 5353 corpus,
3018 5280 3110 5335 hic
3139 5278 3385 5335 melioris
3418 5278 3501 5334 rei
3532 5275 3755 5331 manda-

1832 5588 2196 5649 COTELEBII
2228 5589 2455 5648 NOTAE.

607 5734 725 5808 (83)
760 5736 823 5795 lu
854 5736 1129 5791 schemate.
1172 5736 1229 5792 id
1264 5746 1347 5792 cst
1405 5736 1460 5791 in
1497 5749 1648 5792 sexu.
1688 5732 1825 5790 Vide
1855 5733 2089 5790 Constit.
2122 5747 2197 5799 v1,
2222 5732 2308 5785 Η.
2332 5729 2477 5784 infra
2503 5744 2625 5807 cap.
2645 5727 2701 5785 8.
