3976 6340
229 328 364 384 1285

1396 325 1955 382 RECOGNITIONUM
1996 325 2121 381 LIB.
2150 325 2237 381 111.

3307 317 3446 373 1288

221 451 337 497 tum
366 441 715 497 insinuatur?
747 439 840 495 Sic
869 441 1014 495 enim
1057 451 1112 495 et
1154 439 1338 495 futura
1362 448 1649 510 sperantes
1678 455 1786 494 non
1816 444 1862 499 Α
1888 455 1948 495 se
1981 439 2230 494 dividens
2251 477 2266 500 ,
2299 453 2409 492 non
2439 435 2681 492 defluens
2701 475 2716 501 ,
2750 449 2859 489 non
2891 433 3192 489 extendens
3221 431 3446 501 aliquid.

223 535 533 598 irascimur,
559 543 612 590 et
643 533 880 588 furorem
911 533 1232 587 cohibemus
1251 540 1304 588 et
1327 533 1583 589 mulieres
1613 531 1790 601 despi-

220 626 400 680 cimus
432 642 527 695 spe
560 625 862 679 futurorum
892 641 1111 680 sensum
1143 625 1509 690 sublevantes,
1548 630 1608 678 ut
1648 622 1785 686 dixi,

221 732 332 771 non
371 731 534 771 omne
573 718 716 786 quod
761 733 951 773 sumus
995 718 1192 772 servile
1236 717 1499 772 habentes
1540 716 1788 771 femineis

219 809 662 878 Operationibus,
705 810 800 865 sed
847 810 990 863 aliud
1026 810 1243 878 quidem
1290 810 1532 864 serviens
1582 815 1789 861 natura:

219 900 367 967 quod
421 909 504 954 est
561 916 796 970 corpus,
849 901 991 955 sicut
1032 901 1406 963 ostendimus,
1459 899 1602 952 aliud
1658 911 1788 951 vero

219 990 453 1043 liberum
475 1030 488 1055 ,
520 999 793 1056 mentem,
828 990 972 1061 quod
1004 999 1086 1045 est
1118 999 1297 1044 motus
1343 990 1538 1044 animae
1567 991 1788 1042 innuer-

219 1080 371 1134 talis.

295 1167 380 1222 Vl.
420 1167 516 1223 His
545 1167 710 1238 igitur
741 1169 814 1222 ita
847 1183 904 1223 se
928 1168 1276 1234 habentibus,
1302 1169 1596 1239 vestigium
1635 1167 1785 1238 Opti-

221 1277 370 1315 mum
395 1260 462 1314 ad
487 1260 904 1330 intelligibilium
923 1260 1458 1328 comprehensionem
1482 1261 1787 1315 invenimus

217 1367 346 1406 cum
395 1351 505 1405 Deo
544 1350 781 1408 dicente.
827 1350 1145 1405 lncedamus
1177 1366 1306 1420 ergo
1357 1366 1452 1419 per
1504 1367 1628 1405 eum
1673 1354 1790 1405 sine

218 1445 498 1513 periculo,
551 1451 765 1498 utentes
813 1443 1010 1497 anima:
1057 1443 1350 1496 immortali
1392 1443 1786 1513 gubernaculo,

219 1538 366 1590 ultra
398 1550 508 1590 non
541 1536 785 1589 sinentes
821 1534 1032 1588 irruere
1066 1534 1380 1604 passionem
1412 1536 1686 1590 carnalem
1712 1537 1787 1589 illi

223 1627 521 1682 immortali
549 1634 602 1681 et
632 1626 963 1694 intelligibili
993 1627 1343 1690 substantiae,
1375 1627 1636 1683 honorem
1669 1635 1790 1682 tan-

217 1725 340 1770 tum
371 1716 664 1786 unicuique
702 1715 1124 1785 intelligibilium
1154 1724 1582 1786 sequestrantes,
1617 1735 1790 1789 quan-

1889 531 2212 588 Mementote
2251 533 2394 588 enim
2432 534 2557 602 quia
2595 533 2710 585 haec
2753 544 3042 599 corporum
3085 535 3210 582 sunt
3241 526 3448 597 passio-

1888 640 2027 690 nes,
2073 641 2209 695 quas
2256 626 2417 678 etiam
2454 627 2646 678 animae
2692 623 2929 676 tribuere
2978 618 3404 688 subterfugimus
3431 657 3447 681 ,

1888 715 2081 770 timore
2111 731 2177 769 ne
2219 714 2356 768 forte
2383 714 2763 767 immortalitas
2790 712 2837 765 ei
2878 712 2960 764 his
2991 710 3267 762 attributis
3300 707 3448 762 aufe-

1888 814 2062 860 ratur.
2097 805 2295 860 Genuit
2323 820 2452 874 ergo
2485 803 2664 865 Deus,
2695 801 2838 871 quod
2863 809 2915 854 et
2948 800 3214 853 facturam
3254 812 3452 851 vocare

1888 894 2181 951 didicimus
2226 895 2368 965 (84),
2403 896 2503 948 hoc
2551 893 2728 962 ipsum
2775 907 2904 961 ergo
2933 905 3129 944 vocare
3159 896 3212 943 et
3241 887 3450 955 genitu-

1887 999 2005 1036 ram
2042 991 2097 1038 et
2128 984 2392 1038 facturam
2443 991 2497 1038 et
2536 983 2747 1053 reliqua
2782 982 2976 1035 horum
3017 980 3409 1034 vocabulorum
3433 1019 3448 1043 ,

1889 1076 2023 1129 illud
2059 1077 2204 1146 quod
2249 1078 2367 1132 sine
2413 1076 2689 1130 schemate
2726 1080 2943 1128 constat
2973 1073 3238 1143 genitoris
3276 1073 3454 1141 speci-

1891 1183 2036 1230 men,
2072 1183 2274 1238 ponere
2306 1169 2592 1238 permittit.
2627 1166 2838 1232 Quibus
2870 1165 3013 1220 enim
3043 1174 3126 1220 est
3149 1163 3452 1218 differentia

1889 1259 2264 1323 schematum,
2299 1261 2352 1313 in
2387 1260 2522 1330 ipsis
2552 1274 2774 1313 necesse
2813 1266 2897 1313 est
2938 1257 3275 1312 observanda
3305 1259 3456 1328 geni-

1888 1358 2008 1404 tura
2055 1360 2110 1404 et
2159 1349 2390 1405 factura.
2437 1348 2703 1404 Manendo
2750 1363 2879 1419 ergo
2927 1349 3111 1418 genuit
3144 1347 3306 1411 Deus,
3345 1364 3453 1400 non

1889 1457 2084 1511 passus
2109 1442 2431 1496 divisionem
2455 1440 2717 1510 aliquam.
2756 1439 2872 1492 Non
2905 1439 3050 1492 enim
3077 1438 3455 1491 honorabilius

1887 1541 1970 1588 est
1994 1532 2100 1588 Deo
2122 1541 2176 1588 ct
2208 1535 2310 1588 hoc
2337 1532 2581 1604 lugenito
2609 1533 2740 1586 illud
2771 1532 2916 1601 quod
2941 1539 3047 1595 est,
3081 1546 3146 1584 eo
3176 1529 3320 1600 quod
3347 1545 3454 1582 non

1887 1633 1971 1680 est
1999 1627 2146 1680 velut
2178 1628 2439 1697 genitum.
2479 1624 2682 1680 Volens
2713 1625 2858 1679 cnim
2890 1640 2997 1678 non
3025 1623 3237 1676 tardam
3269 1622 3458 1676 habuit

1888 1717 2148 1772 virtutem
2183 1717 2247 1771 ad
2275 1718 2421 1789 quod
2442 1719 2637 1782 voluit,
2670 1733 2770 1772 nec
2798 1717 3034 1772 excessit
3061 1717 3236 1770 virtus
3267 1716 3460 1770 volun-

217 1815 339 1859 tum
369 1807 417 1860 ei
445 1808 491 1861 is
522 1822 683 1876 quem
715 1822 837 1860 esse
863 1807 947 1860 vel
982 1822 1214 1876 praeesse
1259 1817 1475 1864 constat
1517 1808 1626 1863 Deo
1667 1827 1791 1881 per-
1823 1802 1863 1858 Β
1892 1813 2095 1875 tatem;
2141 1808 2235 1863 sed
2288 1809 2593 1864 secundum
2638 1823 2972 1870 mensuram,
3017 1807 3233 1877 qualem
3268 1806 3455 1870 voluit,

217 1899 410 1952 mittit.
445 1898 540 1954 Est
583 1900 727 1953 enim
768 1901 1023 1968 primum,
1055 1899 1198 1969 quod
1228 1909 1314 1954 est
1344 1901 1667 1971 ingenitum,
1699 1903 1788 1955 cui

216 1999 274 2044 et
337 1992 611 2061 prophetae
661 1990 1033 2046 testimonium
1085 1991 1371 2061 perhibent
1415 2011 1428 2048 :
1478 1991 1589 2062 Ego
1648 1992 1788 2047 Deus

217 2083 449 2150 primus,
492 2094 541 2137 et
590 2099 681 2154 ego
727 2092 842 2152 post
885 2081 1012 2142 haec,
1039 2092 1087 2134 et
1131 2092 1322 2150 prwter
1370 2099 1451 2136 me
1498 2083 1638 2137 Deus
1687 2101 1790 2137 non

216 2175 390 2240 est“;
424 2173 528 2228 hoc
576 2191 706 2228 vero
741 2175 1069 2230 subauditur
1108 2192 1229 2231 esse
1275 2178 1397 2234 sine
1439 2178 1595 2233 initio
1622 2188 1677 2234 et
1700 2179 1787 2233 in-

219 2264 489 2333 genitum.

291 2355 404 2412 VII.
432 2355 682 2410 Clemens
709 2372 837 2411 vero
861 2365 914 2411 et
936 2359 1115 2412 caeleri
1141 2360 1634 2430 interrogaverunt,
1659 2359 1787 2430 quid

220 2457 308 2506 est
356 2452 457 2506 hoc
505 2449 850 2522 lngenitum.
909 2453 1102 2508 audire
1149 2455 1414 2512 volentes.
1473 2455 1539 2510 Et
1596 2455 1788 2512 Petrus

218 2545 659 2600 anitnadvertens
708 2544 782 2597 ait
816 2559 831 2596 :
864 2543 981 2598 Non
1032 2545 1306 2600 modicum
1353 2549 1656 2617 periculum
1705 2555 1788 2603 est

217 2635 287 2690 de
310 2651 397 2699 eo,
430 2635 574 2706 quod
601 2636 720 2689 sine
749 2635 1018 2706 principio
1047 2644 1130 2690 est
1165 2636 1311 2706 loqui
1338 2638 1423 2692 vel
1458 2639 1665 2703 audire,
1692 2653 1788 2693 vos

218 2743 352 2784 vero
377 2743 476 2797 pro
505 2727 776 2783 desiderio
804 2743 994 2783 eorum
1024 2743 1146 2798 quae
1188 2728 1334 2784 dicta
1368 2739 1528 2798 sunt,
1559 2733 1788 2786 immen—

217 2821 443 2874 sitatem
492 2819 696 2873 irruere
745 2818 1161 2889 periclitamini;
1205 2829 1258 2875 et
1295 2837 1382 2877 me
1427 2822 1529 2877 hoc
1577 2824 1686 2893 pati
1729 2833 1788 2879 ut

218 2912 383 2966 video
409 2911 646 2980 captatis
666 2951 680 2976 ,
713 2911 805 2981 qui
832 2912 1038 2981 putatis
1069 2929 1231 2983 posse
1260 2914 1392 2968 mihi
1427 2915 1494 2968 de
1519 2915 1612 2968 illo
1640 2919 1784 2986 quod

218 3001 494 3058 ineffabile
521 3011 605 3058 est
635 3004 939 3074 subripere.
988 3005 1181 3061 Moneo
1221 3017 1402 3062 autem
1440 3024 1538 3063 vos
1588 3009 1785 3064 fratres

216 3103 271 3148 ct
304 3095 590 3159 conservi,
623 3108 731 3149 non
782 3093 911 3164 quid
959 3096 1030 3150 sit
1066 3113 1342 3167 quaerere,
1379 3099 1475 3154 sed
1529 3101 1656 3169 quia
1700 3111 1785 3156 cst

217 3186 606 3241 tantummodo
635 3186 824 3242 audire
853 3186 1190 3244 desiderare.
1217 3186 1284 3244 Et
1306 3190 1373 3246 de
1405 3191 1509 3246 hoc
1538 3167 1659 3262 plus
1689 3195 1785 3248 ali-
1810 3167 1856 3228 ο

213 3277 352 3346 quid
400 3278 583 3332 dicere
623 3293 732 3331 non
769 3285 1004 3348 oportet.
1038 3278 1135 3334 Est
1175 3280 1479 3350 lngenitum
1520 3300 1630 3344 non
1670 3288 1786 3341 sola

217 3368 587 3438 appellatione
624 3370 1027 3433 honorandum,
1059 3379 1144 3427 est
1169 3372 1315 3426 enim
1362 3381 1415 3428 et
1453 3374 1571 3430 sine
1600 3376 1783 3442 initio;

218 3461 327 3515 hoc
353 3469 537 3514 autem
570 3460 689 3516 sine
717 3462 878 3517 initio
910 3470 965 3517 et
991 3461 1294 3533 Ingenitum
1325 3475 1409 3520 est
1443 3465 1608 3533 Deus,
1642 3470 1786 3539 quod

211 3567 248 3605 a
278 3551 398 3606 sola
422 3552 678 3622 opinione
704 3567 892 3608 eorum
922 3570 1044 3625 quas
1075 3555 1215 3610 facta
1253 3567 1380 3612 sunt
1405 3561 1784 3626 annuntiatur,

217 3657 246 3695 a
298 3658 360 3698 se
403 3643 521 3712 ipso
560 3650 742 3698 autem
790 3646 1282 3716 comprehenditur.
1318 3648 1435 3704 Non
1467 3652 1609 3706 enim
1638 3654 1788 3710 inve-

213 3735 336 3790 niet
381 3736 585 3806 aliquid
635 3736 720 3791 sui
766 3737 941 3808 primo
993 3738 1197 3807 fuisse,
1240 3749 1294 3796 et
1341 3743 1544 3813 aliquid
1598 3757 1788 3816 postea

213 3826 428 3881 factum
459 3828 776 3895 conspicere
806 3829 914 3891 sui,
948 3846 1014 3886 eo
1040 3831 1186 3901 quod
1213 3833 1334 3890 sine
1355 3837 1630 3907 principio
1663 3855 1788 3894 eum

209 3932 348 3973 esse
377 3925 624 3982 constet;
661 3916 776 3971 haec
804 3928 984 3974 autem
1016 3937 1204 3976 eorum
1237 3940 1358 3994 quae
1385 3926 1530 3982 facta
1554 3937 1683 3984 sunt
1707 3930 1790 3986 vi-

219 4009 436 4072 sitatio,
468 4016 690 4079 propter
720 4010 864 4080 quod
903 4012 1035 4066 illud
1066 4015 1210 4084 quod
1261 4023 1345 4071 est
1393 4018 1690 4085 ineffabile,
1719 4022 1788 4077 ad

215 4098 630 4168 inquisitionem
655 4099 760 4164 sui,
789 4101 934 4170 quod
961 4100 1123 4158 fuerit
1151 4116 1275 4160 ante
1298 4109 1593 4176 praevidere
1622 4127 1787 4182 quam

212 4190 422 4252 fuerit.
461 4191 698 4261 spatium
733 4208 842 4248 non
887 4194 1079 4263 habet;
1117 4213 1225 4252 non
1269 4200 1414 4255 enim
1457 4205 1790 4262 secundatur

218 4281 294 4336 ab
321 4295 386 4335 eo
411 4281 504 4351 qui
528 4290 612 4336 est
636 4282 809 4352 ipsius
835 4287 1084 4342 essentia:
1105 4291 1414 4348 curiositas.
1441 4292 1600 4349 Novit
1625 4295 1791 4368 igitur

210 4390 282 4429 se
315 4374 526 4444 ipsum,
557 4377 651 4446 qui
681 4392 791 4432 non
827 4379 1126 4452 interrogat
1173 4397 1232 4438 se
1268 4384 1336 4440 de
1383 4403 1440 4442 se
1493 4389 1631 4460 ipso.
1683 4391 1789 4448 Sed

215 4466 344 4521 hac
363 4466 585 4536 quidem
611 4469 774 4523 etiam
796 4470 918 4540 plus
943 4487 1104 4542 quam
1128 4483 1342 4545 oportet
1361 4478 1616 4547 diximus,
1646 4495 1790 4540 amat

216 4558 373 4612 enim
420 4559 553 4613 illud
595 4561 744 4632 quod
787 4573 872 4618 est
918 4562 1257 4635 lngenitum,
1285 4569 1502 4626 silentio
1535 4574 1789 4632 honorari

213 4646 624 4708 tantummodo.
678 4651 810 4707 Sine
856 4656 1125 4726 principio
1171 4674 1300 4730 ergo
1349 4661 1489 4718 hanc
1535 4666 1790 4723 substan-

220 4739 380 4804 tiam,
410 4740 706 4796 secundum
738 4743 882 4814 quod
911 4745 1114 4800 sentire
1133 4749 1433 4816 potuimus,
1466 4751 1672 4822 absque
1696 4770 1791 4824 pe-

217 4833 404 4888 riculo
435 4836 778 4905 suscepistis.
795 4882 812 4892 .

298 4924 436 4981 Vlll.
466 4926 570 4993 Qui
588 4944 723 4998 ergo
743 4945 864 4986 esse
883 4946 992 4986 non
1015 4931 1292 4990 inchoavit
1307 4938 1598 5007 pmdictus
1621 4941 1782 5008 Deus,

220 5018 413 5090 genuit
443 5020 865 5090 primogenitum
894 5023 1070 5077 omnis
1101 5033 1385 5092 creaturae,
1423 5029 1584 5085 sicuti
1614 5031 1781 5089 Deum

220 5110 441 5178 decuit;
472 5127 580 5167 non
617 5129 678 5169 se
719 5115 1034 5181 immutans,
1064 5131 1175 5171 non
1206 5135 1264 5174 se
1294 5130 1644 5190 convertens,
1674 5142 1783 5180 non

295 5269 342 5300 "
380 5267 484 5324 lsa.
519 5285 664 5337 xuv,
693 5269 742 5326 6.

1893 1903 2054 1957 talem
2091 1911 2143 1956 et
2174 1904 2380 1974 genuit.
2430 1902 2488 1957 Si
2533 1904 2678 1958 enim
2709 1901 2978 1956 manendo
2999 1943 3012 1967 ,
3043 1916 3149 1954 non
3183 1901 3456 1969 patiendo,

1893 1994 2206 2048 necessitati
2231 1993 2622 2048 crassitudinis
2659 2007 2888 2062 corpora
2919 1991 3209 2046 servientia
3239 1990 3461 2044 umbras

1890 2095 2108 2140 exstare
2136 2086 2361 2149 faciunt,
2394 2094 2599 2156 quanto
2630 2087 2806 2156 magis
2832 2086 3083 2156 ingenita:
3113 2085 3299 2138 virtuti
3331 2084 3460 2139 sub—

1893 2188 2207 2252 sequentem
2238 2179 2429 2235 demus
2463 2179 2812 2251 Unigenitum
2853 2180 3130 2232 voluntate
3160 2177 3461 2248 proceden-

1894 2279 2025 2326 tem.
2059 2269 2232 2326 Sicuti
2267 2279 2447 2326 autem
2486 2288 2682 2326 rursus
2716 2272 3214 2342 praaintelliguntur
3251 2269 3463 2324 umbris

1890 2379 2141 2433 corpora,
2166 2364 2237 2418 ita
2267 2373 2320 2417 et
2354 2365 2478 2434 plus
2508 2365 2949 2435 praeintelligitur
2978 2371 3032 2416 et
3061 2363 3299 2433 ingenita
3329 2363 3460 2416 sub—

1891 2458 2090 2513 stantia
2124 2457 2352 2527 genitaa,
2381 2459 2546 2512 etiam
2573 2459 2619 2512 si
2652 2474 2719 2511 ex
2762 2473 2827 2512 eo
2875 2457 3020 2526 quod
3047 2464 3192 2519 erat,
3227 2463 3285 2508 ut
3317 2467 3462 2510 esset

1891 2548 2119 2617 accepit.
2163 2547 2367 2601 Idcirco
2397 2547 2564 2617 igitur
2607 2563 2733 2602 vere
2781 2554 2834 2603 et
2881 2548 3127 2617 genitura
3156 2554 3210 2601 et
3251 2547 3459 2602 factura

1889 2645 1943 2693 et
1983 2645 2232 2692 creatura
2280 2645 2653 2708 competenter
2682 2639 3008 2707 appellatur,
3048 2639 3172 2707 quia
3202 2638 3460 2691 substan-

1889 2731 1963 2782 tia
1997 2745 2106 2784 non
2138 2739 2220 2784 est
2250 2727 2578 2800 lngenitum.
2613 2728 2818 2783 Memor
2849 2745 2970 2783 sum
3005 2745 3134 2784 sane
3183 2729 3457 2782 Simonem

1890 2838 2182 2880 accusasse
2222 2837 2327 2877 nos
2367 2822 2744 2893 blasphemiae,
2769 2837 2835 2877 eo
2867 2821 3010 2892 quod
3039 2821 3345 2876 diceremus
3372 2819 3461 2874 Fi—

1890 2917 2022 2970 lium
2053 2915 2146 2972 Dei
2187 2914 2494 2980 Christum,
2523 2922 2785 2985 tanquam
2816 2913 3132 2969 hominibus
3161 2921 3214 2968 et
3247 2914 3461 2983 planta-

1891 3009 2130 3064 tionibus
2180 3007 2348 3063 Deum
2396 3017 2709 3077 aequantes;
2749 3021 2848 3061 vos
2892 3021 3024 3060 vero
3074 3021 3141 3060 ex
3189 3005 3462 3060 desiderio

1889 3101 2100 3156 discere
2125 3099 2397 3155 festinate.

1958 3189 2048 3248 IX.
2081 3189 2345 3245 Omnibus
2379 3197 2563 3245 autem
2592 3189 2824 3244 libenter
2855 3188 3223 3243 annuentihus
3256 3187 3332 3241 ait
3359 3187 3462 3241 Pen

1889 3290 2007 3337 trus
2041 3302 2054 3337 :
2089 3282 2374 3336 Manifesta
2424 3291 2510 3337 est
2566 3281 2731 3351 hujus
2790 3279 3192 3334 incredulitatis
3243 3281 3372 3342 via,
3427 3295 3461 3331 ο

1887 3374 2084 3444 Aquila
2133 3382 2188 3430 et
2236 3374 2440 3428 caeteri.
2496 3371 2603 3438 Qui
2645 3373 2790 3427 enim
2840 3386 2940 3441 pro
2981 3379 3133 3425 certo
3177 3371 3458 3434 nescierit,

1888 3466 2201 3536 opinionem
2256 3471 2437 3519 autem
2492 3479 2668 3533 usque
2710 3463 2777 3516 ad
2827 3464 3074 3517 auditum
3122 3462 3458 3533 susceperit,

1888 3559 2111 3614 credere
2139 3561 2313 3621 timet,
2333 3572 2457 3612 cum
2479 3556 2641 3611 facile
2667 3555 2836 3624 possit
2857 3555 3265 3610 excusationem
3288 3555 3460 3624 ipsius

1890 3649 2292 3705 incredulitatis
2325 3664 2356 3702 a
2386 3663 2445 3703 se
2482 3648 2721 3716 abjicere
2761 3662 2872 3717 prae
2904 3647 3105 3717 gaudio
3150 3646 3271 3715 ejus
3313 3646 3460 3717 quod

1890 3744 2247 3814 promittitur,
2279 3748 2599 3810 assumptus
2634 3740 2916 3809 publicare
2959 3739 3107 3793 illam
3152 3755 3314 3811 quam
3358 3740 3459 3793 ha-

1887 3838 2006 3892 buit
2033 3837 2100 3892 de
2128 3852 2194 3892 eo
2213 3835 2358 3907 quod
2389 3835 2654 3906 quaaritur
2677 3832 3137 3898 incredulitatem,
3162 3833 3461 3903 cupiditate

1887 3927 2130 3985 discendi
2167 3944 2278 3983 non
2321 3927 2554 3982 dubitat.
2610 3924 2717 3981 Sed
2763 3925 2820 3979 in
2870 3925 3114 3980 secundo
3141 3925 3208 3980 de
3254 3925 3355 3979 hac
3400 3941 3461 3980 re

1889 4036 2090 4088 sermo,
2120 4035 2188 4075 ne
2211 4019 2430 4090 quando
2460 4018 2788 4073 abstrahens
2817 4032 2917 4072 vos
2946 4017 3152 4071 incerta
3184 4015 3306 4070 fidei
3336 4032 3461 4086 Spes

1887 4113 2193 4184 excipiatur
2223 4126 2322 4182 pro
2353 4110 2456 4166 fide
2487 4112 2542 4164 in
2576 4109 3009 4180 inquisitionem.
3044 4108 3255 4179 Ubique
3278 4118 3458 4165 autem

1889 4205 2212 4276 praeferatur
2253 4203 2414 4257 nobis
2451 4200 2597 4256 Deus
2628 4207 2682 4254 et
2711 4201 2778 4254 de
2822 4199 2940 4268 ipso
2980 4199 3267 4269 cogitatus.
3306 4197 3461 4254 Ultro

1891 4295 2221 4352 inviolabilis
2259 4301 2482 4350 exstans
2525 4291 2672 4347 Deus
2717 4291 3026 4360 ingenitus,
3060 4290 3461 4360 operationem-

1891 4406 1998 4461 que
2045 4390 2327 4444 voluntate
2372 4386 2714 4457 virginaliter
2741 4383 3056 4438 custodivit.
3092 4380 3248 4448 Quod
3277 4391 3459 4437 autem

1891 4500 2003 4538 non
2054 4491 2138 4537 est
2186 4479 2512 4552 lngenitum,
2547 4479 2698 4533 ultro
2737 4478 2891 4546 virgo
2936 4490 3058 4530 esse
3103 4491 3212 4530 non
3256 4482 3454 4546 potest.

1891 4575 2115 4629 Factum
2150 4580 2234 4628 est
2261 4573 2430 4636 enim,
2462 4579 2722 4640 tanquam
2753 4569 2856 4624 sub
2886 4576 3089 4621 tactum
3115 4569 3376 4638 genitoris
3405 4573 3460 4622 ct

1891 4666 2115 4722 factoris
2133 4665 2449 4719 adductum.
2472 4663 2814 4732 lntelligatur
2834 4666 3013 4713 autem
3036 4659 3268 4728 qualiter
3290 4658 3457 4713 Deum

1889 4758 2074 4813 decuit
2093 4756 2441 4827 Unigenitum
2463 4767 2728 4824 generare
2750 4757 2803 4805 et
2829 4749 3249 4818 primogenitum
3279 4747 3458 4802 omnis

1889 4849 2285 4910 creaturaz,sed
2323 4862 2433 4901 non
2462 4844 2622 4916 quasi
2663 4859 2729 4896 ex
2762 4841 2976 4910 aliquo;
3017 4841 3129 4894 hazc
3160 4841 3304 4895 enim
3340 4841 3459 4893 ani-

1888 4940 2153 4995 mantium
2185 4948 2238 4994 et
2268 4935 2689 4991 inanimantium
2719 4939 2804 4987 est
2836 4931 3096 4986 servitus.
3133 4928 3237 4983 Sed
3269 4943 3371 4982 nec
3401 4928 3456 4981 in

1889 5033 2266 5103 operationem
2295 5029 2522 5085 veniens
2566 5026 2686 5097 ipse
2718 5023 2802 5079 sui
2845 5018 3049 5090 aliquid
3095 5019 3309 5090 genuit;
3345 5033 3457 5071 non

1889 5127 2035 5182 enim
2068 5130 2312 5179 maneret
2341 5117 2676 5176 inviolabilis
2704 5125 2758 5172 et
2789 5112 3167 5184 impassibilis,
3199 5117 3458 5180 operatus

1523 5425 1888 5482 COTELERII
1925 5426 2153 5484 NOTIE.

299 5561 410 5634 (84)
445 5561 630 5616 Genuit
652 5578 774 5634 ergo
791 5561 962 5634 Deus,
979 5563 1115 5634 quod
1136 5574 1186 5620 et
1209 5566 1473 5634 facturam
1500 5584 1683 5622 vocare
1699 5567 1782 5622 di-

217 5633 470 5709 dicimus,
493 5643 602 5709 etc.
648 5632 739 5687 Sic
773 5631 960 5689 Ariani
987 5631 1257 5709 γέννημᾴ,
1291 5637 1537 5709 going},
1579 5639 1781 5709 κτίσμα

218 5702 652 5777 confundebant,
682 5717 852 5777 eaque
871 5702 1091 5760 nomina
1110 5702 1596 5775 ti‘ibuobantTilio,
1619 5702 1780 5777 quem

218 5782 282 5828 et
325 5772 680 5831 substantiam
719 5772 956 5846 genitam
985 5777 1237 5834 solebant
1273 5772 1782 5850 appollarefA'tque

1888 5568 2232 5624 observatum
2267 5565 2369 5620 fuit
2394 5579 2422 5618 a
2453 5566 2590 5621 viris
2614 5565 2812 5631 doctis,
2837 5580 2944 5620 non
2975 5564 3306 5620 abstinuisse
3327 5574 3453 5620 ante

1874 5638 2076 5692 Arium
2107 5637 2374 5708 quosdam
2415 5638 2676 5708 antiquos
2713 5635 2908 5692 Patres
2946 5636 3123 5708 tribus
3163 5637 3452 5708 postremis

1889 5705 2279 5774 location—ibus,
2302 5715 2356 5760 et
2373 5705 2753 5764 consimilibus
2773 5708 2915 5764 aliis.
2945 5705 3022 5763 De
3035 5707 3340 5764 substantia
3361 5725 3425 5774 ge

1887 5779 2003 5835 nita
2021 5778 2261 5836 diximus
2290 5777 2358 5832 ad
2391 5777 2679 5849 lgnatium.
