3976 6340
524 307 665 364 1287

1410 308 1465 361 S.
1507 304 1898 360 CLEMENTIS
1936 306 1954 359 ι
1990 304 2155 360 ROM.
2190 300 2393 358 PONT.
2434 297 2661 355 OPERA
2702 295 2926 351 DUBIA.

3631 289 3763 342 ηδε

524 423 581 477 in
614 421 827 491 seipse;
859 420 1150 490 impietatis
1191 426 1371 473 autem
1415 418 1573 488 plena
1604 425 1733 471 sunt
1761 417 1875 471 haec
1905 417 1972 473 de
2003 418 2088 471 in-
2116 422 2161 478 Α
2186 411 2589 471 dissensionem
2629 406 2867 465 surrexit
2905 414 2959 461 et
2998 404 3103 459 hoc
3134 418 3363 458 numero
3394 400 3640 463 distans,
3672 416 3766 453 um:

494 586 499 591 ν
527 514 710 585 genito
741 511 1039 581 suspicari,
1078 511 1459 582 periclitamur
1488 509 1631 563 enim
1664 508 1758 561 filii
1794 507 2087 576 impiorum

526 607 614 677 pie
646 620 704 659 se
733 610 986 673 putantes
1035 602 1371 671 intelligere,
1402 614 1652 670 magnam
1696 596 2089 667 blasphemiam

526 695 771 766 Ingenito
820 693 1143 763 ingerendo,
1196 692 1698 747 tuasculofeminam
1749 704 1874 744 eum
1902 686 2091 743 existi—

524 794 761 842 mantes.
789 785 993 841 Memor
1023 800 1144 840 sum
1176 799 1307 839 sane
1331 785 1451 854 ejus
1476 783 1570 854 qui
1599 780 1936 836 commonuit
1962 794 2088 845 nos,

526 880 747 934 fratres.

596 971 665 1027 Χ.
710 970 977 1025 Manendo
1020 985 1150 1040 ergo
1188 967 1374 1038 genuit
1403 966 1545 1022 Deus
1574 965 1851 1019 voluntate
1888 977 2091 1033 praece‘

526 1064 689 1121 dente
715 1064 847 1133 (85),
891 1063 1033 1117 sicut
1078 1060 1396 1130 praedictum
1429 1064 1534 1113 est.
1565 1057 1855 1126 Propterea
1886 1055 2089 1126 linige-

527 1157 677 1211 nitus
707 1171 833 1209 vere
864 1153 1197 1224 appellatur;
1231 1168 1298 1207 ex
1328 1150 1567 1221 ingenito
1588 1149 1733 1204 enim
1759 1147 1921 1201 habet
1945 1146 2089 1217 quod

526 1258 611 1304 est
633 1255 686 1302 et
717 1246 889 1300 Filius
921 1261 1046 1299 vere
1076 1245 1396 1313 appellatur,
1434 1242 1501 1295 ab
1539 1241 1724 1294 innato
1752 1240 1897 1293 enim
1930 1246 2090 1294 natus

527 1346 630 1394 est.
681 1336 787 1391 Sed
838 1344 1017 1389 tamen
1062 1335 1343 1389 voluntate
1393 1331 1825 1386 controversiam
1870 1333 2090 1384 noxiam

525 1436 811 1484 mansuete
840 1428 1099 1497 paulatim
1146 1425 1459 1480 relaxantcs
1501 1438 1722 1485 eorum,
1755 1420 1849 1491 qui
1891 1421 2092 1475 audent

523 1521 709 1576 dicere
732 1521 994 1575 infectum
1020 1534 1049 1572 a
1082 1519 1228 1572 facto
1259 1517 1617 1587 appellatione
1645 1517 1759 1570 sola
1784 1515 2006 1578 distare,
2038 1524 2101 1568 etv

527 1612 659 1668 illud
690 1612 832 1683 quod
857 1614 1036 1683 genite
1065 1612 1387 1666 distinctum
1418 1617 1523 1671 est,
1551 1608 1813 1663 adversus
1841 1608 2090 1661 innatum

523 1721 650 1761 esse
681 1707 1043 1761 substantiam
1090 1704 1393 1773 ingenitum
1439 1702 1726 1756 afﬁrmare.
1754 1699 1908 1766 Quod
1938 1699 1982 1754 si
2018 1701 2091 1753 ita

527 1799 748 1860 dicitur,
767 1797 910 1866 quod
937 1796 1154 1867 quidem
1174 1795 1373 1849 dicitur
1395 1809 1501 1847 non
1521 1802 1624 1855 est,
1643 1793 1786 1862 quod
1804 1800 1982 1846 autem
2008 1798 2093 1846 est

524 1906 634 1944 non
662 1888 880 1942 dicitur.
912 1888 1005 1944 Est
1025 1889 1168 1942 enim
1200 1888 1456 1942 infectum
1490 1884 1814 1948 substantia,
1839 1885 1883 1939 si
1911 1892 2089 1937 autem

521 1980 730 2034 dicitur
754 1980 978 2041 factum,
998 1970 1299 2033 detestatur
1319 1977 1463 2047 quod
1482 1991 1591 2031 non
1626 1984 1711 2031 est
1743 1976 2088 2044 appellatum,

525 2072 762 2125 maxime
811 2077 991 2123 autem
1043 2069 1187 2123 ultro
1232 2067 1548 2122 rationabili
1598 2073 1849 2121 exstante
1893 2065 2004 2118 Deo
2039 2072 2092 2120 et

525 2160 673 2214 ultro
706 2159 826 2213 sine
862 2159 1164 2228 principio,
1197 2158 1342 2227 quod
1389 2157 1552 2211 modo
1599 2170 1708 2209 non
1739 2155 1810 2209 sit
1839 2155 2091 2224 impossi-

524 2253 661 2319 bile;
693 2253 867 2322 magis
896 2262 1074 2307 autem
1108 2252 1332 2321 impium
1358 2258 1462 2313 est,
1494 2256 1548 2304 et
1576 2247 1630 2301 id
1658 2246 1803 2317 quod
1831 2248 1974 2301 ultro
2006 2254 2090 2301 est

520 2347 846 2402 rationabile
894 2346 1148 2414 ultroque
1184 2343 1519 2413 ingenitum,
1550 2357 1663 2396 non
1700 2342 1806 2397 sibi
1837 2340 1938 2411 ipsi
1976 2354 2091 2392 rna-

522 2440 607 2510 gis
633 2439 944 2493 velletuesse
972 2438 1327 2504 conjunctum
1348 2476 1363 2501 ,
1399 2451 1563 2507 quam
1595 2434 1875 2490 dualitatis
1905 2432 2091 2488 subire

520 2530 767 2585 ordinem
796 2569 814 2595 ,
864 2528 1326 2583 honorabiliorem
1380 2528 1703 2582 existimans
1752 2525 2087 2579 nativitatem

528 2621 734 2674 innatae
766 2618 1202 2689 perseverantiae.
1236 2617 1417 2672 Unum
1447 2617 1592 2673 enim
1628 2631 1737 2674 non
1767 2623 1872 2680 est,
1913 2629 2089 2684 neque

522 2712 703 2782 ipsum
742 2712 848 2767 sibi
891 2710 1138 2781 praecipit
1173 2709 1364 2765 dicens
1394 2728 1409 2764 :
1436 2706 1569 2762 Sede
1615 2724 1647 2759 a
1685 2705 1883 2760 dextris
1930 2705 2086 2769 meis,

523 2805 684 2859 donec
712 2819 902 2873 ponam
949 2803 1190 2855 inimicas
1242 2811 1359 2855 tuos
1405 2798 1692 2854 scabellum
1739 2796 1927 2869 pedum
1974 2807 2090 2851 tuo-

525 2915 644 2952 rum
664 2898 731 2952 ⁸¹.
765 2896 872 2951 Sed
901 2911 1079 2965 neque
1106 2893 1389 2950 contendit
1418 2894 1681 2947 adversus
1711 2906 1770 2947 se
1802 2892 2001 2961 ipsum,
2033 2898 2090 2943 ut

525 2989 728 3059 aliquid
759 2987 1010 3043 videlicet
1032 2988 1152 3057 ejus
1172 2992 1512 3057 permaneret
1541 2984 1860 3056 ingenitum,
1887 2980 2089 3054 aliquid

524 3097 655 3136 vero
699 3079 965 3135 nativitati
1013 3079 1380 3149 subjiceretur
1419 3095 1433 3133 :
1476 3077 1618 3132 scire
1668 3090 1885 3146 quoque
1927 3086 2088 3145 atque
2114 3103 2158 3163 α

527 3173 785 3245 praescire
816 3171 1058 3242 ingenite
1101 3169 1308 3240 aliquid
1350 3170 1435 3225 sui
1482 3168 1854 3232 nasciturum,
1884 3166 2084 3237 aliquid

524 3279 655 3320 vero
703 3270 1122 3334 generaturum;
1163 3262 1385 3316 omnino
1420 3260 1671 3315 videlicet
1718 3258 2087 3313 honorabilio-

526 3372 643 3411 rem
670 3372 728 3410 se
757 3354 1081 3423 sibimetipsi
1116 3367 1224 3406 non
1255 3353 1512 3420 ignorans
1533 3336 1654 3407 esse
1686 3350 1955 3412 futurum,
1988 3350 2088 3403 ali-

524 3451 653 3520 quid
675 3449 895 3520 quidem
918 3446 1344 3517 prazcipientetn.
1372 3443 1577 3513 aliquid
1610 3458 1737 3497 vero
1761 3450 2084 3512 praeceptum

524 3541 883 3611 accipientem
905 3578 919 3601 ,
954 3538 1089 3592 illud
1121 3538 1274 3592 verbi
1318 3535 1495 3607 gratia
1526 3536 1670 3605 quod
1710 3536 1916 3589 dictum
1961 3542 2083 3588 est:

524 3635 659 3691 Sede
680 3651 711 3687 α
734 3632 934 3686 dextris
958 3631 1107 3692 meis,
1136 3630 1221 3684 vel
1251 3630 1415 3683 etiam
1448 3627 1581 3681 illud
1607 3627 1749 3696 quod
1778 3626 1845 3680 ad
1877 3624 2091 3680 missio-

523 3743 649 3782 nem
693 3724 926 3796 pertinet
958 3732 1049 3776 aut
1094 3721 1239 3791 quod
1272 3722 1387 3791 ipse
1414 3720 1764 3789 semetipsum
1794 3716 2086 3788 praeferens

525 3815 1129 3880 collaudaverit,dicens
1150 3830 1161 3865 :
1181 3812 1247 3866 Et
1264 3813 1390 3867 vidit
1408 3812 1704 3882 Deus,quia
1720 3808 1928 3872 bona”,
1946 3818 2089 3879 post-

523 3926 686 3982 quam
714 3909 784 3963 ab
808 3907 1095 3976 Unigenito
1123 3920 1214 3959 sex
1240 3904 1432 3957 diebus
1449 3902 1637 3957 effecta
1656 3908 1783 3957 sunt
1799 3916 1919 3970 qua:
1944 3900 2085 3954 facta

524 4018 647 4057 esse
675 4006 914 4059 constat.
945 3995 1335 4051 immutabilem
1355 3994 1545 4048 videns
1568 4008 1721 4049 suam
1758 3992 2085 4046 voluntatem

523 4096 580 4150 in
611 4089 1179 4148 consummationibus
1209 4086 1482 4157 Unigeniti
1513 4086 1709 4140 divinae
1730 4083 2083 4154 operationis.

592 4183 685 4239 XI.
737 4183 794 4237 Si
828 4189 1009 4236 autem
1040 4180 1312 4249 ingenitus
1344 4193 1451 4232 non
1481 4185 1568 4233 est
1602 4177 1778 4231 factus
1808 4176 1967 4230 Pater
1993 4182 2086 4229 aut

524 4278 611 4334 sui
644 4277 819 4347 ipsius
857 4275 1051 4336 factor,
1090 4276 1233 4328 sicut
1259 4272 1634 4336 ostendimus;
1675 4270 1948 4340 quomodo
1978 4270 2085 4322 uti-

523 4386 632 4443 que
663 4369 870 4424 faceret
897 4376 991 4421 aut
1024 4375 1309 4438 generaret
1340 4380 1403 4420 ex
1436 4379 1497 4420 se
1530 4364 1651 4434 ipso
1680 4362 1904 4432 aliquid.
1938 4361 2083 4431 quod

2188 508 2333 562 enim
2380 512 2466 561 est
2508 504 2831 573 Autopator,
2864 501 2968 555 hoc
2992 506 3078 554 est
3106 498 3211 553 sibi
3251 498 3356 567 ipsi
3386 505 3580 566 pater.
3632 510 3766 564 quo—

2190 599 2352 654 modo
2398 611 2509 651 non
2564 594 2735 664 magis
2776 590 3089 646 innascibili
3136 604 3408 643 consensu
3442 601 3767 658 permanere

2190 689 2475 760 diligeret,
2509 685 2654 756 quod
2697 683 2994 754 ingenitum
3023 681 3240 751 quidem
3278 689 3395 734 erat
3426 678 3764 739 substantia,

2190 783 2438 853 genitura
2464 794 2590 833 vero
2617 778 2671 831 in
2693 776 3006 831 dualitatem
3024 773 3385 826 dinumerata.
3406 767 3596 839 Hujus
3620 784 3767 823 nam-

2191 889 2297 943 que
2326 870 2775 930 inconvenientize
2799 875 2970 921 mater
2988 866 3207 937 quidem
3238 871 3321 919 est
3351 862 3685 933 ignorantia
3709 862 3769 914 de

2192 964 2332 1030 Deo,
2363 963 2707 1034 cooperatrix
2731 974 2862 1014 vero
2887 968 2940 1012 et
2973 971 3132 1012 soror
3160 955 3495 1025 negligentia
3529 954 3607 1007 de
3656 951 3772 1022 δρία

2192 1059 2301 1114 ritu
2330 1065 2542 1113 sancto.
2576 1055 2814 1125 Spiritus
2856 1059 3033 1107 autem
3064 1058 3287 1107 sanctus
3310 1050 3513 1119 pignus
3542 1049 3617 1102 ad
3646 1064 3771 1103 con-

2192 1149 2559 1206 servationem
2585 1161 2773 1201 eorum
2802 1160 2923 1215 quae
2959 1159 2989 1197 a
3017 1143 3246 1197 Domino
3274 1142 3399 1196 data
3438 1151 3580 1196 sunt
3616 1142 3771 1195 nobis
3814 1178 3817 1185 ς

2193 1240 2375 1313 (quem
2403 1256 2512 1295 non
2542 1248 2667 1309 post
2694 1239 2894 1292 multos
2937 1237 3054 1291 dies
3095 1234 3495 1304 assumptionis
3525 1232 3657 1302 ejus
3686 1248 3773 1285 ac-

2191 1330 2479 1401 cepimus),
2510 1330 2672 1384 habet
2707 1328 2852 1399 quod
2878 1335 2963 1382 est
2991 1327 3059 1381 ab
3102 1325 3414 1396 Unigenito,
3447 1324 3773 1394 plenissima

2192 1422 2486 1477 declaratio
2514 1420 2731 1474 virtutis
2752 1420 2899 1489 ejus;
2932 1421 3074 1475 sicut
3098 1419 3406 1488 unigenitus
3438 1430 3497 1471 et
3523 1418 3773 1471 omnium

2192 1515 2588 1587 primogenitus
2610 1515 2791 1585 imago
2819 1525 2904 1570 est
2932 1514 3288 1569 immutabilis
3309 1512 3579 1582 ingenitas
3609 1512 3777 1563 virtu-

2191 1611 2294 1674 tis,
2328 1610 2504 1679 imago
2532 1608 2744 1663 scilicet
2777 1608 2966 1670 unica,
2999 1606 3349 1659 immaculata
3395 1620 3662 1663 manens.
3696 1605 3774 1655 τίν

2194 1700 2405 1755 sionem
2440 1700 2664 1769 ingeniti
2697 1714 2819 1754 eum
2853 1698 2924 1753 sit
2956 1698 3209 1759 visibilis,
3250 1705 3480 1767 praestat
3514 1695 3778 1764 intelligi-

2193 1792 2396 1847 bilibus
2425 1798 2479 1845 et
2509 1791 2897 1855 sensibilibus;
2953 1804 3062 1859 quo
3114 1787 3273 1841 modo
3323 1788 3370 1842 si
3424 1786 3558 1856 quis
3602 1788 3776 1840 solem

2191 1882 2342 1937 verbi
2366 1882 2536 1953 gratia
2571 1882 2862 1936 ostendere
2879 1881 3070 1935 volens
3098 1888 3191 1933 aut
3212 1878 3361 1933 aliud
3394 1879 3613 1948 aliquid
3634 1920 3651 1940 ,
3689 1880 3776 1932 his

2192 1976 2283 2046 qui
2316 1992 2424 2029 non
2446 1981 2679 2044 possunt
2709 1989 2804 2043 per
2825 1988 2883 2028 se
2904 1973 3055 2043 ipsos
3083 1987 3205 2027 eum
3236 1972 3449 2034 videre,
3485 1973 3561 2026 sit
3590 1981 3775 2025 autem

2193 2073 2301 2126 illis
2332 2074 2635 2127 necessitas
2664 2070 2848 2125 videre
2886 2070 3089 2132 solem,
3118 2076 3436 2139 temperans
3485 2069 3775 2122 obtutibus

2192 2165 2364 2235 ipsam
2397 2163 2822 2225 necessitatem,
2865 2176 2963 2231 per
3004 2160 3283 2230 speculum
3330 2160 3565 2230 quidem
3607 2161 3773 2214 solem

2190 2255 2477 2312 ostendere
2526 2254 2779 2316 festinat,
2824 2260 2878 2307 et
2928 2269 3034 2306 non
3084 2251 3252 2306 solem
3295 2250 3543 2306 afferens
3598 2251 3772 2320 injicit

2191 2348 2450 2417 speculo;
2480 2347 2557 2401 ita
2602 2354 2655 2401 et
2689 2345 3012 2416 Unigenitus
3062 2346 3179 2415 ipse
3222 2344 3446 2415 quidem
3493 2346 3770 2415 ingenitus

2191 2453 2298 2491 non
2322 2443 2428 2501 est,
2453 2436 2754 2507 ingenitum
2780 2450 2905 2490 vero
2929 2442 3100 2489 totam
3129 2436 3184 2488 in
3211 2449 3272 2489 se
3293 2434 3649 2489 demonstrat
3673 2437 3773 2487 vir-

2191 2536 2361 2582 tutem
2400 2541 2525 2581 cum
2561 2527 2632 2582 sit
2661 2527 2787 2581 talis
2832 2539 2897 2579 ac
2927 2532 3115 2579 tantus
3141 2524 3377 2591 deitate;
3412 2526 3487 2580 ab
3527 2526 3616 2579 his
3646 2542 3771 2579 vero

2188 2619 2284 2690 qui
2320 2634 2429 2673 non
2472 2619 2757 2689 diligenter
2797 2617 3169 2687 inquisierunt
3200 2616 3486 2687 ingenitus
3518 2617 3763 2686 suspica-

2189 2712 2373 2775 batur,
2405 2712 2547 2781 apud
2578 2726 2717 2781 quos
2745 2725 2874 2766 vero
2904 2709 3162 2779 prmeedit
3207 2710 3325 2779 ipsa
3372 2710 3672 2779 inquisitio
3702 2711 3769 2762 ti-

2189 2811 2398 2857 morem
2430 2797 2520 2853 Dei
2541 2798 2687 2871 (86),
2724 2813 2834 2853 non
2865 2799 3043 2853 solum
3080 2798 3265 2852 dicere
3297 2798 3509 2868 aliquid
3542 2800 3652 2853 tale
3682 2815 3767 2853 reo

2190 2898 2405 2951 cnsant.
2442 2890 2539 2945 sed
2568 2889 2732 2944 etiam
2758 2889 2998 2961 cogitare
3020 2898 3235 2944 cavent.
3269 2889 3407 2946 Cum
3447 2907 3578 2961 ergo
3621 2907 3769 2945 unus

2190 2978 2262 3033 sit
2306 2978 2586 3051 ingenitus
2626 2986 2681 3036 et
2741 2997 2885 3037 unus
2936 2979 3193 3051 genitus,
3246 2979 3482 3050 Spiritus
3526 2988 3766 3035 sanctus

2190 3066 2361 3125 Filius
2411 3071 2519 3125 dici
2562 3086 2672 3126 non
2717 3080 2917 3143 potest,
2951 3088 3051 3128 nec
3091 3072 3524 3143 primogenitus;
3573 3071 3763 3124 factus

2187 3172 2274 3221 est
2304 3163 2447 3219 enim
2486 3180 2581 3233 per
2608 3163 2808 3219 factum
2831 3164 2968 3236 (87),
2997 3167 3540 3221 subconnumeratur
3572 3174 3760 3219 autem

2186 3255 2335 3312 Patri
2370 3263 2427 3311 et
2464 3254 2622 3321 Filio,
2657 3266 2916 3327 tanquam
2960 3257 3199 3326 primum
3249 3256 3479 3311 secundi
3531 3273 3629 3326 per
3674 3255 3760 3309 fa-

2186 3360 2336 3406 ctum
2368 3352 2592 3407 virtutis
2614 3352 2980 3416 signaculum.
3000 3351 3213 3407 Etenim
3237 3352 3353 3422 ipse
3377 3349 3562 3404 Patris
3580 3350 3762 3405 ferens

2186 3442 2571 3513 aequipondera
2607 3442 2911 3507 voluntate,
2969 3442 3171 3497 innatae
3222 3443 3653 3512 perseverantiae
3704 3444 3758 3496 in

2186 3535 2422 3605 imagine
2453 3534 2850 3605 operationem,
2874 3544 3000 3605 post
3021 3536 3319 3607 ingenitum
3348 3546 3759 3603 consequenter

2186 3627 2327 3683 bene
2375 3634 2803 3683 connumeratus
2843 3635 2946 3682 est.
3007 3628 3172 3681 Multa
3220 3636 3402 3681 autem
3461 3634 3520 3680 et
3554 3627 3661 3679 alia
3694 3625 3759 3681 de

2188 3718 2368 3784 Patre,
2408 3730 2462 3775 et
2508 3718 2667 3783 Filio,
2695 3726 2749 3774 et
2793 3719 2997 3789 Spiritu
3029 3726 3222 3773 sancto
3242 3718 3485 3771 breviter
3520 3718 3688 3770 nobis
3706 3725 3758 3769 et

2187 3807 2467 3863 evidenter
2509 3808 2782 3877 exposuit,
2830 3815 2891 3861 ut
2932 3821 3125 3861 omnes
3181 3806 3471 3860 audientes
3527 3806 3755 3859 mirare-

2189 3914 2332 3963 mur,
2365 3898 2639 3969 quomodo
2664 3898 2914 3953 homines
2942 3896 3205 3952 derelicta
3232 3897 3466 3951 veritate
3496 3895 3759 3950 conversi

2187 3991 2408 4045 sunt-ad
2440 3987 2775 4061 vanitatem.]

2259 4079 2371 4137 ΧΠ.
2413 4078 2518 4134 Sed
2563 4095 2689 4135 cum
2740 4080 3013 4133 illuxisset
3044 4077 3162 4132 dies
3187 4076 3324 4148 (88),
3351 4076 3641 4145 ingressus
3674 4086 3757 4131 est

2185 4174 2407 4243 quidam
2456 4173 2690 4228 dicens:
2721 4171 3010 4227 Multitudo
3065 4171 3301 4241 plurima
3358 4178 3652 4225 exspectat
3704 4171 3757 4222 in

2188 4266 2346 4329 atrio,
2378 4266 2433 4319 in
2455 4274 2684 4335 quorum
2729 4264 2908 4318 medio
2930 4272 3039 4319 stat
3064 4262 3273 4326 Simon,
3298 4262 3753 4332 persuasionibus

2189 4357 2441 4427 pessimis
2487 4356 2787 4426 praevenire
2817 4370 2979 4410 aures
3024 4355 3211 4424 populi
3249 4353 3508 4423 cupiens.
3548 4352 3619 4405 Et
3652 4352 3749 4406 Pe-

514 4442 860 4518 nativitatem
917 4471 969 4515 et
1022 4460 1286 4513 facturam
1332 4473 1506 4526 usque
1557 4454 1625 4511 ad
1668 4453 2081 4525 appellationem
2116 4469 2159 4523 ι)
2186 4457 2307 4504 trus
2332 4451 2514 4505 statim
2537 4464 2794 4518 egressus
2810 4448 2959 4502 stetit
2990 4447 3045 4501 in
3073 4446 3193 4500 loco
3216 4460 3325 4514 quo
3348 4442 3531 4513 pridie
3561 4443 3749 4513 dispa-

520 4570 633 4609 non
673 4553 916 4623 recepit?
943 4551 1060 4606 Non
1096 4552 1242 4606 enim
1287 4550 1434 4621 quod
1463 4556 1549 4604 est
1588 4562 1685 4617 per
1733 4547 1845 4601 lucc
1886 4545 2081 4611 habet;

520 4646 626 4700 ista
656 4654 836 4698 autem
880 4644 947 4699 de
986 4643 1096 4698 Deo
1144 4643 1327 4697 dicere
1373 4641 1597 4710 impium
1638 4647 1742 4696 est.
1788 4638 2077 4695 Manifesta

519 4737 663 4792 enim
692 4745 777 4792 est
801 4736 887 4791 his
907 4736 1001 4807 qui
1028 4736 1111 4791 vel
1142 4734 1413 4789 modicum
1444 4733 1722 4805 quidpiam
1755 4732 1939 4787 videre
1968 4746 2086 4801 pos-

521 4836 670 4894 sunt,
699 4829 789 4883 illa
828 4828 1075 4899 ingeniti,
1116 4826 1500 4898 impassibilis,
1532 4825 1716 4879 innata
1749 4824 2079 4881 substantia.

523 4918 581 4975 Si
608 4936 739 4976 vero
766 4928 821 4977 et
853 4922 975 4991 post
1001 4919 1341 4975 nativitatem
1369 4919 1671 4975 substantia
1700 4932 1978 4987 nunquam
2014 4915 2082 4969 ad

592 5077 637 5109 "'
674 5075 821 5133 Psal.
852 5093 960 5139 crx,
990 5077 1040 5130 1.
1119 5075 1164 5107 ⁸³
1200 5073 1334 5129 Gen.
1368 5091 1405 5137 ι,
1439 5074 1528 5128 51.

2182 4549 2414 4607 taverat,
2432 4543 2718 4610 omnisque
2748 4541 2814 4595 ad
2846 4540 3020 4610 ipsum
3051 4538 3280 4607 popuitis
3302 4550 3616 4591 conversus
3632 4551 3745 4588 cum

2181 4633 2381 4706 gaudio
2409 4630 2726 4686 intendebat
2757 4630 2813 4684 in
2839 4645 2985 4684 eum.
3020 4628 3208 4682 Simon
3250 4641 3380 4681 vero
3426 4626 3521 4679 ubi
3580 4626 3746 4680 sensit
3774 4632 3785 4642 ‘

2181 4730 2427 4800 gavisam
2466 4742 2589 4782 esse
2619 4727 2877 4797 populum
2908 4724 2973 4780 de
3005 4730 3299 4793 conspectu
3336 4720 3508 4785 Petri,
3543 4730 3604 4777 et
3626 4736 3743 4791 erga

2185 4821 2435 4877 atl‘ectum
2461 4821 2581 4889 ejus
2610 4820 2838 4882 moveri,
2865 4818 3273 4886 obstupefactus
3304 4816 3381 4869 ait
3408 4833 3422 4869 :
3445 4814 3625 4869 Miror
3652 4815 3741 4868 bo-

2184 4915 2391 4969 minum
2421 4913 2731 4978 stultitiam,
2755 4912 2848 4982 qui
2871 4927 2957 4967 me
2984 4924 3200 4980 magum
3220 4909 3411 4963 dicunt
3432 4915 3490 4963 et
3523 4908 3737 4964 Petrum

1807 5206 2170 5265 COTELElill
2201 5204 2429 5260 NOTAE.

588 5353 697 5426 (85)
731 5350 917 5426 Genuit
944 5350 1077 5405 Deus
1104 5352 1367 5426 voluntate
1391 5348 1727 5418 prmcedente.
1761 5346 1950 5426 Dicere
1978 5347 2073 5426 dej-

521 5419 986 5490 buit,'voluntate
1031 5424 1356 5485 comitante,
1406 5429 1501 5473 aut
1540 5419 1960 5479 concomitante,
2017 5424 2076 5468 ut

521 5496 817 5564 loquuntur
858 5490 1112 5564 theoiegi.
1154 5490 1279 5564 Pari
1316 5491 1472 5544 modo
1522 5492 1705 5564 pauloA
1730 5495 1890 5564 post_,_
1912 5495 2077 5564 _rectc

520 5558 834 5635 scripsisset
856 5579 869 5613 :
917 5558 1065 5615 Unus
1082 5563 1219 5635 enim
1241 5578 1344 5615 non
1368 5570 1466 5623 est,
1492 5558 1651 5635 neque
1689 5560 1797 5628 ipse
1824 5558 1923 5635 sibi
1950 5572 2082 5625 pra:-

514 5711 681 5838 c'féti)
696 5774 820 5844 Ipsa
839 5774 1125 5847 inquisitio.
1137 5772 1492 5843 Fortejpsam
1506 5772 1897 5843 inquisitionem
1918 5771 2075 5824 timor

2179 5479 2406 5566 bebatur
2434 5480 2633 5566 Δγᾷγονξ
2666 5480 2770 5566 ys?
2806 5479 3015 5566 δξςξξεοῦ
3036 5479 3273 5566 γενηεοῦ
3292 5517 3306 5539 ,
3354 5479 3499 5546 quod
3526 5548 3537 5558 .

2178 5556 2315 5609 verti
2358 5554 2661 5624 potuisset:
2711 5550 2935 5604 Exstitit
2983 5550 3122 5603 enim
3162 5562 3251 5616 per
3288 5563 3408 5601 eum
3447 5550 3537 5617 qui
3579 5557 3716 5599 orm

519 5628 667 5716 cipit]
693 5652 812 5705 pro,
840 5649 1003 5687 unum
1030 5634 1169 5687 enim
1190 5649 1291 5686 non
1312 5642 1410 5696 est,
1435 5628 1593 5701 neque
1621 5633 1789 5698 ipsum
1811 5628 1911 5682 sibi
1942 5642 2079 5695 prw-
2176 5634 2276 5716 est].

2182 5345 2294 5399 Dei.
2322 5342 2411 5396 Sic
2436 5357 2536 5395 ms.
2569 5339 2738 5395 Cand.

2250 5413 2358 5484 (87‘)
2396 5411 2589 5464 Factus
2612 5422 2687 5463 est
2708 5409 2844 5463 enim
2859 5423 2954 5531 ger
2967 5408 3183 5477 factum.
3205 5405 3409 5461 Forsan
3430 5403 3616 5461 Graec
3638 5406 3727 5459 luo

2250 5486 2406 5531 hann-
2446 5480 2633 5531 γέγονε
2666 5480 2770 5531 γὰρ
2806 5480 2855 5531 δι
2923 5478 3015 5531 τοῦ
3049 5475 3306 5531 γενητοῶ
3354 5475 3499 5531 quod
3541 5476 3722 5530 melius

2806 5475 2892 5533 διὰ
2923 5475 3015 5532 rei)
3049 5475 3306 5546 yquroﬁ,
3354 5475 3499 5546 quod
3541 5476 3722 5530 melius

2251 5694 2362 5764 (88)
2407 5691 2507 5747 Sed
2533 5708 2677 5764 eum,
2723 5700 2831 5744 etc.
2881 5690 2944 5745 In
2982 5703 3153 5761 marg.
3194 5704 3297 5745 ms.
3329 5686 3430 5743 Th.
3463 5703 3479 5739 :
3523 5690 3599 5748 Αδ
3629 5689 3722 5741 ista

2182 5761 2294 5821 loco
2324 5761 2499 5818 secure
2524 5762 2875 5832 legere'potes.
