3976 6340
230 347 362 401 1289

1442 342 2009 399 RECOGNITIONUM
2048 343 2171 397 LIB.
2213 343 2300 399 lll.

3333 345 3470 399 1290

226 463 480 533 diligunt,
513 476 637 515 cum
688 462 872 531 utique
906 461 1036 516 olim
1082 459 1349 517 habentes
1378 463 1627 514 notitiam
1662 462 1792 524 mei,
1824 474 1869 522 Α
1900 459 2093 515 Petrus
2121 480 2133 515 :
2180 462 2345 515 Video
2372 469 2422 515 te
2452 460 2655 515 sentire
2676 457 2819 527 quod
2845 456 3153 527 arguenilus
3182 456 3281 520 sis,
3311 466 3362 511 et
3386 460 3471 514 vis

225 572 310 611 me
350 556 527 625 magis
566 555 793 626 diligere
831 554 1115 611 deberent.
1150 556 1217 609 Et
1266 554 1388 609 ideo
1418 573 1484 610 ex
1516 557 1616 610 hoc
1648 555 1794 609 iudi-

224 647 331 707 cio.
394 648 486 716 qui
520 646 721 701 habent
757 662 979 702 sensum
1027 655 1261 717 possunt
1309 647 1633 717 intelligere,
1665 648 1795 718 quia

223 739 399 809 magis
445 738 640 794 Petrus
697 754 889 809 magus
914 739 1087 794 videri
1120 748 1320 810 potest.
1346 756 1471 795 cum
1511 740 1668 805 mihi,
1703 740 1793 794 cui

221 848 287 887 ex
329 834 730 890 consuetudine
757 835 976 890 debitus
1009 837 1399 905 propemodum
1430 845 1537 899 est,
1562 851 1672 890 non
1698 837 1795 891 de-

223 923 397 979 fertur
428 926 677 991 affectus,
726 927 803 980 illi
844 936 1047 995 autem,
1080 929 1169 983 cui
1201 929 1352 983 nullo
1393 946 1497 984 usu
1541 930 1791 997 debetur,

220 1016 567 1070 abundanter
591 1019 944 1088 expenditur.

292 1106 432 1162 XIII.
470 1107 536 1160 Et
565 1122 691 1161 cum
726 1109 897 1162 multa
922 1109 1302 1179 hujuscemodi
1337 1108 1527 1162 Simon
1556 1109 1785 1173 diceret,

218 1196 413 1252 Petrus
445 1198 678 1251 salutato
707 1214 772 1253 ex
805 1215 956 1254 more
979 1202 1180 1271 populo
1208 1202 1282 1254 ita
1306 1200 1589 1268 respondit
1621 1218 1634 1253 :
1662 1198 1792 1254 Suf-

219 1288 331 1344 ﬁcit
380 1290 695 1360 unicuique,
750 1310 783 1345 υ
835 1290 1045 1357 Simon,
1102 1293 1171 1347 ad
1225 1291 1619 1346 confutandum
1656 1306 1791 1346 con—

216 1380 449 1435 scientia
492 1398 625 1448 sua;
670 1383 817 1453 quod
858 1383 903 1438 si
940 1384 1040 1437 hoc
1072 1385 1312 1447 miraris,
1344 1384 1491 1454 quod
1528 1383 1643 1438 noti
1678 1399 1789 1437 non

216 1470 400 1524 solum
444 1479 497 1527 te
550 1488 659 1525 non
702 1472 932 1543 diligunt
964 1475 1059 1529 sed
1099 1483 1153 1528 et
1185 1475 1414 1529 oderunt
1434 1475 1535 1539 tui,
1564 1489 1788 1529 causam

214 1561 367 1617 disce
397 1579 428 1617 a
458 1580 565 1619 me.
600 1564 736 1619 Cum
769 1567 846 1620 sis
884 1566 1162 1631 seductor,
1196 1568 1477 1621 veritatem
1507 1575 1561 1622 te
1586 1567 1786 1637 prmdi-

213 1671 343 1710 care
373 1657 669 1727 profiteris,
703 1659 772 1711 ob
815 1659 917 1712 hoc
960 1660 1143 1728 plures
1176 1660 1507 1714 desiderium
1537 1671 1787 1730 gerentes

211 1747 490 1803 discenda:
511 1750 756 1804 veritatis
788 1750 994 1805 amicos
1023 1750 1286 1805 habuisti.
1315 1749 1420 1804 Sed
1440 1752 1494 1804 hi
1519 1752 1611 1803 ubi
1646 1767 1784 1805 con-

1900 552 2109 606 urbane
2144 553 2525 622 subterfugere
2571 559 2891 615 certamen;
2938 565 3064 602 nam
3110 550 3242 619 quid
3284 551 3471 604 vidisti

1900 659 1986 697 me
2015 644 2211 697 iratum
2258 644 2450 699 feciSSe
2480 643 2535 696 in
2568 649 2621 696 te
2653 642 2930 695 hominem
2967 648 3177 693 tantum
3209 642 3467 711 pepulum

1897 734 2148 804 decipere
2174 736 2508 804 cupientem,
2538 738 2593 787 et
2622 748 2747 786 cum
2786 732 2920 785 nihil
2967 732 3170 786 habeas
3210 731 3353 801 quod
3384 733 3468 785 di—

1896 838 2013 887 cas,
2047 824 2367 879 modestiam
2401 824 2790 879 simulantem?
2817 823 2909 893 qui
2941 831 2994 876 et
3024 831 3346 877 auctoritate
3376 831 3469 875 tua

1889 913 2074 983 jubes,
2108 923 2167 967 ut
2200 913 2477 983 quomodo
2512 914 2629 983 ipse
2663 916 2747 968 vis
2786 922 2838 968 et
2872 931 2981 967 non
3026 912 3300 983 quomodo
3331 915 3467 967 ordo

1895 1009 2154 1076 postulat,
2190 1007 2564 1062 controversia
2601 1015 2902 1061 moveatur.
2928 1006 2991 1059 Et
3031 1005 3219 1063 Simon
3247 1026 3259 1060 :
3292 1008 3470 1075 Impe-

1894 1098 2027 1153 rabo
2058 1099 2192 1152 mihi
2219 1100 2321 1169 ipsi
2345 1098 2611 1169 patientia
2646 1099 2722 1152 uti
2752 1099 2818 1151 ad
2847 1098 3174 1167 imperitiam
3209 1107 3379 1161 tuam,
3408 1104 3467 1151 ut

1892 1193 2179 1247 ostendam
2210 1204 2261 1250 te
2301 1196 2519 1266 quidem
2560 1196 2699 1250 velle
2744 1195 3005 1264 populum
3054 1195 3347 1259 seducere,
3380 1210 3467 1249 me

1892 1292 2073 1339 autem
2104 1286 2303 1341 docere
2329 1303 2450 1357 qua:
2481 1303 2608 1342 vera
2654 1295 2804 1341 sunt.
2852 1285 2955 1339 Sed
2999 1302 3146 1340 nunc
3170 1288 3365 1341 omitto
3398 1288 3466 1341 de

1890 1376 2161 1435 immensa
2204 1382 2326 1434 luce
2359 1381 2669 1445 discutere,
2702 1380 2848 1450 quod
2896 1380 3173 1450 interrogo
3222 1389 3274 1434 te
3298 1420 3314 1444 ,
3360 1381 3465 1434 hoc

1891 1473 2024 1526 mihi
2052 1474 2321 1543 responde
2351 1492 2365 1528 :
2410 1473 2545 1528 Cum
2578 1472 2722 1527 Deus
2768 1473 2957 1527 fecerit
2987 1474 3242 1529 universa
3264 1514 3279 1538 ,
3313 1483 3372 1527 ut
3403 1483 3462 1528 tu

1890 1564 2053 1628 dicis,
2088 1565 2229 1619 unde
2257 1572 2343 1619 cst
2374 1564 2621 1619 malum?
2663 1564 2727 1617 Et
2757 1564 2986 1619 Petrus:
3022 1564 3135 1619 lloc
3179 1568 3340 1619 modo
3377 1568 3463 1619 in-

1890 1666 2169 1728 terrogare
2196 1674 2303 1713 non
2325 1666 2410 1712 est
2430 1657 2794 1721 adversantis,
2821 1658 2915 1712 sed
2942 1658 3226 1713 discentis.
3254 1657 3312 1712 Si
3333 1674 3463 1729 ergo

1893 1751 1977 1805 vis
2021 1751 2254 1814 discere,
2286 1750 2566 1813 conﬁtere,
2586 1760 2638 1804 et
2668 1750 2820 1818 prius
2849 1757 2902 1804 tc
2941 1750 3166 1803 doceam
3191 1750 3464 1818 quomodo

210 1842 383 1895 traria
415 1842 470 1896 in
502 1850 554 1897 te
590 1859 752 1912 quam
786 1843 1129 1912 profitebaris
1156 1844 1431 1909 viderunt,
1462 1846 1590 1914 quia
1631 1862 1785 1899 ama-
1815 1818 1857 1871 Β
1890 1841 2093 1897 debeas
2117 1841 2349 1906 discere,
2375 1852 2428 1893 et
2453 1856 2575 1895 cum
2619 1841 2878 1896 didiceris
2913 1840 3131 1903 audire,
3176 1848 3309 1894 tunc
3347 1842 3462 1910 jam

211 1941 363 1987 tores
392 1941 567 1995 erant,
605 1942 661 1987 ut
690 1935 824 1996 dixi,
857 1935 1128 1998 veritatis,
1163 1951 1273 1989 non
1310 1939 1487 1991 solum
1526 1954 1633 1992 non
1656 1939 1783 1992 dili-

210 2042 340 2095 gere
370 2034 442 2093 te,
479 2027 573 2080 sed
603 2036 657 2081 et
691 2026 873 2083 odisse
894 2036 1201 2098 creperunt.
1234 2028 1353 2083 Non
1384 2038 1568 2083 autem
1600 2032 1784 2084 statim

211 2118 285 2172 ab
317 2119 397 2172 eis
449 2118 700 2175 desertus
738 2137 818 2181 es.
852 2122 979 2192 quia
1010 2122 1093 2175 vel
1126 2121 1477 2191 pollicebaris
1516 2122 1693 2176 adhuc
1733 2131 1785 2177 te

209 2210 292 2264 eis
328 2210 614 2265 ostendere
654 2227 836 2281 posse,
871 2212 1016 2283 quod
1048 2228 1234 2266 verum
1288 2220 1392 2267 est.
1442 2212 1625 2269 Donec
1654 2230 1785 2285 ergo

210 2303 452 2357 nondum
466 2304 648 2358 aderat
670 2305 759 2374 qui
781 2314 965 2374 posset
989 2306 1305 2372 ostendere,
1341 2308 1686 2377 patiebantur
1708 2317 1781 2374 te,

210 2394 304 2447 ubi
340 2411 465 2449 vero
499 2411 624 2465 spes
646 2397 726 2451 eis
751 2398 1012 2451 doctrinae
1036 2399 1277 2454 melioris
1313 2401 1521 2466 arrisit,
1548 2409 1599 2456 te
1647 2417 1784 2455 con-

209 2495 514 2542 temnentes
556 2490 701 2558 quod
749 2491 946 2545 melius
996 2492 1305 2563 intelligunt
1346 2508 1511 2547 nosse
1559 2493 1781 2549 deside—

210 2586 355 2632 rant.
377 2578 439 2632 Et
471 2587 527 2632 tu
557 2582 774 2651 quidem
808 2582 1033 2637 nefariis
1064 2585 1275 2637 artibus
1306 2599 1492 2653 agens,
1527 2584 1596 2638 ab
1621 2600 1784 2639 exor-

207 2672 303 2723 dio
332 2671 500 2726 latere
534 2681 582 2728 te
620 2690 782 2743 posse
813 2674 1120 2738 credidisti,
1149 2675 1245 2729 sed
1276 2691 1382 2729 non
1418 2676 1588 2742 lates;
1622 2692 1783 2747 urge-

208 2769 287 2822 ris
320 2770 465 2822 enim
494 2779 549 2825 et
576 2782 765 2825 contra
790 2789 938 2842 spem
968 2772 1288 2843 publicaris,
1320 2774 1448 2843 quia
1468 2789 1577 2827 non
1605 2775 1780 2828 solum

208 2858 478 2929 ignorasti
514 2861 819 2925 veritatem,
859 2863 954 2917 sed
995 2879 1095 2917 nec
1125 2863 1315 2918 audire
1345 2863 1567 2917 voluisti
1599 2862 1668 2917 ab
1698 2864 1783 2918 his

205 2952 301 3020 qui
351 2966 468 3005 eam
516 2952 781 3007 sciebant.
817 2952 871 3007 Si
905 2956 1049 3008 enim
1081 2956 1591 3029 audire‘voluisses,
1625 2955 1782 3009 inno-

206 3043 405 3098 tuisset
437 3046 623 3115 utique
664 3047 758 3099 tibi
791 3047 881 3101 ille
913 3063 1094 3101 sermo
1123 3047 1244 3118 ejus
1276 3049 1369 3119 qui
1404 3049 1501 3115 ait,
1534 3049 1667 3121 quia
1696 3048 1780 3101 ni-

1886 1944 1941 1990 te
1976 1936 2233 2005 incipiam
2274 1942 2673 2005 consequenter
2720 1934 2937 1989 docere.
2984 1933 3041 1988 Si
3072 1948 3201 1990 vero
3227 1949 3336 1988 non
3378 1934 3461 1989 vis

1890 2028 2103 2085 discere
2137 2037 2398 2099 tauquam
2446 2030 2629 2085 sciens
2668 2044 2874 2095 omnia,
2906 2043 3007 2100 ego
3052 2030 3207 2098 prius
3245 2044 3460 2098 expono

1888 2122 2046 2178 ﬁdem
2076 2139 2238 2194 quam
2270 2121 2529 2192 praedico,
2553 2137 2762 2191 expone
2791 2129 2845 2175 et
2873 2129 2931 2174 tu
2962 2121 3106 2190 quod
3140 2120 3241 2174 tibi
3271 2136 3460 2175 verum

1887 2216 2125 2282 videtur,
2156 2223 2210 2271 et
2238 2230 2362 2270 cum
2390 2213 2683 2269 manifesta
2731 2215 2895 2268 fuerit
2940 2213 3224 2282 utriusque
3250 2214 3461 2281 profes-

1887 2312 1992 2377 sio,
2030 2312 2307 2382 judiceiur
2332 2311 2400 2365 ab
2428 2310 2775 2365 auditoribus
2798 2308 2959 2373 cujus
3008 2317 3254 2363 nostrum
3280 2322 3460 2362 sermo

1888 2406 1960 2459 sit
1989 2404 2219 2459 veritate
2248 2403 2539 2459 subnixus.
2572 2401 2637 2455 Et
2670 2400 2859 2456 Simon
2890 2400 2957 2454 ad
2988 2400 3103 2454 ιιωο
3136 2400 3456 2471 respondit;

1887 2496 2056 2554 Risus
2080 2498 2213 2551 mihi
2233 2506 2337 2561 est,
2371 2512 2499 2552 ecce
2533 2495 2624 2566 qui
2658 2495 2927 2566 promittit
2958 2494 3102 2564 quod
3128 2510 3213 2549 me
3244 2493 3459 2549 doceat.

1886 2588 2273 2644 Verumtamen
2324 2589 2499 2659 patiar
2546 2595 2600 2643 te
2640 2596 2695 2641 et
2735 2587 3061 2655 imperitiam
3106 2597 3252 2641 tuam
3298 2595 3461 2655 atque

1884 2681 2254 2750 arrogantiam
2288 2680 2480 2733 feram.
2512 2678 2811 2741 Confiteor,
2849 2678 3061 2733 discere
3092 2678 3237 2743 volo,
3275 2678 3459 2732 videa-

1884 2788 2007 2826 mus
2033 2772 2309 2840 quomodo
2340 2788 2425 2826 me
2456 2770 2663 2840 poteris
2690 2772 2907 2825 docere.

1953 2883 2097 2941 XVI.
2122 2883 2189 2937 Et
2211 2883 2441 2940 Petrus:
2471 2882 2552 2949 Si,
2576 2884 2776 2953 inquit,
2800 2898 2928 2940 vere
2948 2882 3033 2937 vis
3055 2881 3285 2946 discere,
3307 2882 3458 2937 disce

1883 2978 1988 3033 hoc
2035 2978 2309 3050 primum,
2361 2992 2526 3048 quam
2575 2977 2830 3047 imperite
2882 2975 3339 3046 interrogaveris;
3373 2973 3456 3028 ais

1882 3071 2054 3137 enim,
2087 3085 2211 3124 cum
2245 3069 2388 3125 Deus
2421 3071 2677 3123 universa
2706 3071 3007 3131 creaverit,
3033 3068 3179 3122 unde
3214 3074 3299 3121 est
3340 3082 3457 3120 ma-

202 3135 280 3188 Itil
312 3146 388 3189 est
419 3136 677 3189 occultum
712 3138 849 3208 quod
871 3155 971 3191 non
996 3152 1326 3209 agnoscatur,
1355 3157 1518 3211 neque
1542 3151 1777 3211 opertum
1805 3167 1847 3223 ε
1882 3135 2047 3217 lum?
2092 3162 2231 3217 Αηιε
2277 3161 2424 3215 enim
2455 3177 2617 3231 quam
2660 3160 2765 3214 hoc
2811 3175 3057 3225 rogares,
3111 3167 3224 3214 ιιοεε
3280 3159 3455 3213 inter-

200 3227 345 3295 quod
370 3245 473 3281 non
505 3230 757 3281 reveletur
774 3230 840 3284 ⁸⁸.

273 3319 414 3374 XIV.
457 3318 584 3375 Haec
626 3330 680 3375 et
726 3322 811 3378 bis
860 3323 1063 3378 similia
1100 3323 1315 3379 dicente
1362 3322 1547 3388 Petro,
1583 3325 1770 3379 Simon

200 3413 529 3483 respondit:
559 3412 694 3467 Nolo
726 3430 810 3469 me
849 3416 1028 3469 verbis
1074 3431 1333 3486 occupes,
1371 3415 1552 3482 Petre,
1588 3427 1773 3487 repeto

198 3505 302 3560 abs
337 3514 387 3560 te
417 3522 538 3575 qua:
567 3506 823 3561 hesterno
855 3508 1228 3578 promiseras;
1254 3508 1479 3565 dicebas
1510 3510 1653 3563 enim
1680 3525 1767 3564 os-

200 3598 428 3652 tendere
460 3606 512 3652 te
552 3614 734 3668 posse,
768 3599 896 3669 quia
949 3600 1035 3655 lex
1084 3600 1276 3655 doceat
1309 3602 1376 3656 de
1408 3602 1773 3657 immensitate

197 3688 345 3742 lucis
368 3696 605 3756 merum,
632 3697 685 3743 et
720 3690 866 3761 quod
892 3691 1001 3745 duo
1031 3699 1244 3746 tantum
1274 3693 1384 3747 sint
1416 3695 1539 3748 cmli
1579 3705 1630 3749 et
1670 3695 1771 3764 ipsi

195 3784 395 3845 creati,
422 3784 513 3838 sed
548 3785 802 3854 superius
831 3801 954 3841 esse
986 3787 1124 3840 lucis
1150 3787 1298 3842 illius
1336 3788 1540 3853 sedem,
1569 3789 1625 3842 in
1665 3807 1771 3859 qua

195 3878 353 3929 solus
376 3875 432 3928 in
462 3883 727 3930 aeternum
759 3878 963 3932 residet
992 3878 1281 3934 ineﬂ‘abilis
1312 3878 1503 3947 Pater;
1531 3880 1597 3934 ad
1625 3883 1770 3939 illius

191 3980 331 4020 vero
389 3967 512 4021 εαξιί
556 3968 967 4023 similitudinem
1024 3969 1227 4023 factum
1256 3983 1389 4026 'csse
1428 3973 1589 4025 etiam
1625 3974 1769 4028 istud

192 4057 415 4113 visibile
459 4059 680 4125 malum,
706 4060 851 4129 quod
883 4068 937 4114 et
976 4062 1335 4116 transiturum
1385 4063 1769 4121 confirmabas.

193 4148 382 4205 Unum
413 4166 543 4221 ergo
573 4152 762 4207 dixisti
789 4167 910 4207 esse
955 4152 1170 4209 Patrem
1200 4157 1464 4222 omnium,
1497 4159 1624 4227 quia
1661 4175 1770 4215 non

193 4250 432 4313 possunt
460 4244 569 4297 duo
622 4244 1046 4310 esseimmensi,
1097 4247 1303 4316 alioqui
1344 4258 1535 4302 neuter
1580 4265 1771 4304 eorum

194 4338 501 4392 immensus
529 4337 654 4401 erit,
681 4338 808 4407 quia
842 4338 899 4392 in
927 4354 993 4394 eo
1013 4355 1123 4409 quo
1142 4342 1281 4396 alter
1304 4342 1581 4409 subsistit,
1609 4344 1770 4399 alteri

192 4432 360 4484 tinem
390 4429 725 4484 snbsistendi
773 4430 917 4485 facit.
959 4429 1017 4484 Si
1066 4447 1195 4503 ergo
1243 4434 1358 4488 haec
1401 4452 1511 4490 non
1556 4445 1767 4492 tantum

1878 3252 2105 3323 rogandi
2176 3250 2388 3322 species
2460 3250 2862 3321 praecedebant.
2938 3247 3124 3303 Primo
3157 3290 3172 3316 ,
3251 3249 3300 3305 si
3371 3256 3458 3303 est

1876 3343 2123 3408 malum;
2177 3339 2451 3406 secundo,
2503 3340 2634 3410 quid
2684 3341 2755 3394 sit
2808 3340 3053 3404 malum;
3109 3339 3307 3404 tertio,
3365 3340 3457 3393 cui

1877 3436 1969 3499 sit,
2018 3444 2073 3489 et
2125 3434 2291 3489 unde.
2341 3432 2420 3487 Ad
2480 3432 2592 3486 haec
2649 3431 2876 3486 Simon:
2928 3429 2973 3485 Ο
3008 3430 3452 3501 imperitissime,

1850 3527 2094 3598 .inquit,
2157 3534 2211 3581 et
2257 3524 2705 3589 ineruditissime,
2764 3532 2920 3579 estne
2971 3523 3254 3577 hominum
3305 3524 3457 3591 quis-

1875 3632 2035 3686 quam
2089 3615 2180 3685 qui
2231 3632 2336 3669 non
2374 3614 2733 3677 confiteatur,
2773 3613 2901 3683 quia
2968 3612 3041 3667 sit
3096 3613 3151 3665 in
3184 3612 3289 3666 hac
3345 3613 3455 3667 vita

1877 3708 2127 3762 malum?
2177 3706 2331 3762 Unde
2379 3717 2433 3762 et
2479 3722 2579 3777 ego
2622 3713 2823 3777 putans
2874 3714 2927 3760 te
2972 3704 3058 3760 vel
3106 3720 3453 3760 communem

1874 3801 2120 3854 omnium
2148 3798 2350 3853 habere
2380 3812 2603 3852 sensum
2625 3836 2641 3861 ,
2668 3796 3006 3866 interrogavi
3038 3796 3185 3851 unde
3221 3797 3293 3851 sit
3335 3812 3454 3849 rna-

1874 3893 2007 3955 lum,
2048 3907 2160 3945 non
2196 3898 2255 3945 ut
2281 3890 2497 3946 diacerc
2517 3889 2726 3949 volens,
2763 3889 2856 3959 qui
2903 3888 3089 3943 omnia
3126 3888 3319 3949 sciam,
3353 3887 3453 3943 abs

1873 3989 1928 4036 te
1958 3968 2230 4051 praecipue
2259 3979 2349 4050 qui
2391 3979 2527 4033 nihil
2558 3978 2807 4057 noveris,
2837 3978 2931 4034 sed
2967 3987 3024 4032 ut
3068 3985 3120 4032 te
3166 3978 3452 4033 ostendam

1874 4073 2124 4144 ignarum
2153 4088 2272 4127 esse
2289 4073 2553 4127 omnium.
2576 4072 2642 4126 Et
2676 4088 2743 4126 ne
2774 4080 2931 4142 putes
2959 4071 3087 4142 quia
3121 4071 3293 4125 iratus
3327 4086 3451 4124 sum

1873 4166 2020 4236 quod
2058 4166 2133 4220 ita
2181 4177 2359 4221 tecum
2408 4168 2681 4220 austerius
2744 4167 2971 4234 loquor,
3028 4163 3308 4219 miseratio
3362 4177 3450 4214 me

1873 4256 2039 4311 habet
2061 4257 2257 4311 horum
2279 4258 2373 4326 qui
2409 4256 2631 4320 adsunt,
2659 4271 2799 4325 quos
2820 4263 2880 4309 tu
2925 4255 3176 4324 decipere
3205 4254 3444 4307 conaris.

1874 4346 1941 4401 Et
1969 4346 2167 4403 Petrus
2197 4349 2271 4402 ait
2299 4367 2312 4402 :
2350 4346 2577 4402 Multum
2602 4348 2780 4401 malus
2817 4361 2898 4408 es,
2934 4346 2980 4401 si
3006 4354 3190 4400 tantas
3214 4344 3447 4414 injurias

1873 4456 1984 4495 non
2050 4440 2222 4495 iratus
2278 4439 2462 4505 facis;
2513 4439 2610 4493 sed
2690 4438 3025 4507 impossibile
3094 4444 3179 4492 est
3233 4437 3442 4490 fumum

192 4522 500 4592 polliceris,
544 4522 639 4578 sed
669 4532 723 4578 et
751 4524 1041 4580 ostendere
1062 4535 1218 4595 potes
1241 4544 1307 4582 ex
1341 4529 1477 4599 lege,
1509 4531 1767 4586 omittens
1800 4506 1844 4561 θ
1872 4548 1986 4586 non
2012 4547 2366 4602 consurgere,
2399 4532 2490 4585 ubi
2521 4530 2664 4602 ignis
2687 4538 2790 4586 est.
2823 4528 3214 4584 Verumtamen
3242 4527 3441 4587 dicam,

190 4619 354 4689 plura
402 4618 555 4687 loqui
596 4618 725 4671 hinc
754 4618 953 4687 incipe.
983 4618 1047 4671 Et
1071 4619 1268 4676 Petrus
1301 4640 1315 4676 :
1354 4619 1411 4676 Si
1442 4630 1662 4692 propter
1693 4631 1766 4688 te,

191 4708 395 4779 inquit,
428 4711 522 4779 qui
553 4709 619 4763 ad
652 4711 1138 4765 contradicendum
1171 4715 1552 4770 tantummodo
1587 4716 1764 4780 venis,

188 4815 418 4871 rogarer
446 4800 513 4855 de
540 4800 624 4856 his
646 4802 850 4865 dioere,
885 4818 1163 4871 nunquam
1197 4818 1228 4857 a
1260 4820 1345 4858 me
1373 4821 1540 4859 unum
1573 4807 1764 4860 saltem

189 4909 386 4964 posses
419 4893 609 4947 audire
634 4909 962 4959 sermonem,
992 4896 1087 4950 sed
1120 4898 1379 4965 quoniam
1409 4914 1637 4954 necesse
1681 4907 1766 4954 est

186 4984 507 5054 agricolam,
533 4984 627 5054 qui
658 4985 775 5039 vult
823 4985 1021 5040 bonam
1052 4995 1251 5041 terram
1284 4990 1573 5053 seminare,
1618 5007 1756 5045 non-

185 5073 341 5125 nulla
380 5074 588 5127 semina
631 5075 859 5145 perdere
888 5084 981 5130 aut
1027 5078 1083 5130 in
1114 5079 1371 5146 petrosis,
1415 5089 1509 5134 aut
1557 5081 1609 5135 in
1674 5084 1757 5138 his

184 5181 313 5236 qua:
342 5168 411 5220 ab
440 5166 752 5223 hominibus
783 5170 1156 5224 conculcanda
1188 5182 1334 5237 sunt,
1364 5173 1448 5227 vel
1486 5173 1538 5227 in
1565 5174 1759 5229 dumo-

184 5262 268 5317 sis
288 5276 355 5315 ac
378 5262 605 5331 repletis
629 5263 881 5319 sentibus
910 5263 1069 5327 locis,
1092 5263 1236 5318 sicut
1263 5272 1318 5320 et
1354 5265 1612 5338 Magister
1656 5285 1757 5323 no-

184 5365 303 5412 ster
331 5359 586 5426 exposuit
608 5357 979 5413 diversitatem
1002 5360 1267 5428 propositi
1324 5360 1757 5434 uniuscujusque

185 5448 386 5502 animae
409 5464 507 5519 per
536 5450 650 5503 haec
682 5448 935 5503 indicans
950 5451 1018 5515 ⁸⁵,
1050 5465 1159 5504 non
1194 5452 1468 5508 morabor.

256 5542 382 5599 XV.
422 5542 560 5596 Tum
586 5541 815 5597 Simon:
848 5542 1064 5600 Videris
1099 5547 1229 5601 mihi
1250 5589 1265 5613 ,
1310 5549 1522 5619 inquit,
1555 5538 1717 5607 irasci
1745 5572 1760 5618 ;

189 5634 335 5705 quod
376 5635 422 5690 si
464 5643 569 5698 est,
615 5650 727 5690 non
764 5651 985 5690 necesse
1024 5647 1109 5691 est
1155 5640 1291 5695 inire
1327 5643 1662 5698 conflictum.
1696 5644 1765 5698 Et

299 5818 343 5849 "
371 5817 559 5873 Matth.
589 5822 754 5877 x.26.
810 5820 855 5851 ⁸⁵
897 5818 1031 5875 Luc.
1071 5838 1183 5888 vui,
1218 5823 1266 5878 5.

508 5914 777 5976 Pyram}.
824 5914 942 5975 Gn.
990 5915 1039 5975 ι.

1873 4642 1943 4680 ne
1973 4632 2025 4679 te
2053 4624 2238 4679 verbis
2267 4622 2453 4678 videar
2484 4638 2776 4693 occupare,
2807 4621 3103 4690 quominus
3134 4619 3203 4674 ad
3231 4634 3296 4673 ea
3325 4634 3446 4687 qum

1872 4719 1970 4774 abs
1992 4725 2046 4773 te
2078 4717 2527 4772 inconvenienter
2559 4723 2689 4772 sunt
2732 4716 2899 4781 dicta,
2937 4712 3320 4784 respondeam.
3348 4712 3444 4767 Ais

1871 4826 2064 4866 omnes
2094 4810 2255 4865 fateri
2295 4811 2423 4881 quia
2454 4811 2526 4866 sit
2570 4811 2804 4872 malum,
2846 4808 2993 4879 quod
3025 4808 3210 4876 utique
3242 4805 3440 4859 falsum

1871 4911 1991 4970 est;
2033 4918 2161 4957 nam
2208 4904 2385 4973 primo
2433 4904 2678 4956 omnium
2727 4903 2855 4972 quia
2893 4902 3157 4955 subsistat
3196 4899 3398 4952 malum
3425 4938 3438 4959 ,

1868 4996 2123 5049 universa
2155 4991 2507 5049 Ilebrmorum
2539 5002 2698 5064 negat
2724 5010 2875 5063 gens.

1940 5083 2102 5140 XVII.
2120 5084 2185 5137 Et
2211 5084 2422 5149 Simon,
2449 5085 2756 5154 interrupto
2785 5084 2904 5152 ejus
2930 5096 3181 5137 sermone
3206 5098 3220 5133 :
3247 5076 3438 5139 Recte,

1868 5180 2068 5249 inquit,
2105 5178 2313 5232 faciunt
2343 5179 2435 5248 qui
2467 5177 2657 5231 dicunt
2688 5192 2796 5230 non
2829 5190 2953 5230 esse
2990 5174 3219 5228 malum.
3250 5170 3317 5224 Et
3338 5169 3441 5223 Pc-

1867 5283 1986 5328 trus
2012 5290 2027 5327 :
2059 5270 2177 5326 Non
2208 5271 2275 5326 de
2319 5274 2423 5325 hoc
2476 5287 2621 5326 nunc
2670 5271 3056 5341 proposuimus
3087 5258 3270 5322 dicere
3292 5305 3309 5330 ,
3343 5265 3438 5317 sed

1864 5368 1995 5436 quia
2026 5382 2136 5419 non
2180 5379 2375 5419 onmes
2404 5363 2597 5418 dicunt
2652 5378 2774 5419 esse
2834 5363 3060 5416 malum.
3123 5355 3439 5412 Secundum

1867 5466 2049 5512 autem
2080 5464 2197 5511 erat
2244 5456 2583 5525 interrogare
2616 5462 2691 5519 te,
2745 5454 2876 5523 quid
2908 5460 2993 5507 est
3035 5450 3274 5515 malmn,
3308 5447 3438 5502 sub-

1870 5553 2091 5612 stantia,
2122 5566 2192 5603 an
2225 5550 2517 5615 accidens,
2549 5564 2619 5601 an
2650 5547 2851 5601 actus?
2879 5544 2975 5600 sed
3021 5551 3075 5599 et
3116 5542 3222 5595 alia
3268 5538 3437 5592 multa

1873 5644 2207 5714 lmjusmodi.
2242 5641 2306 5697 Et
2342 5649 2463 5713 post
2511 5641 2659 5705 haec,
2702 5655 2829 5711 erga
2870 5637 3001 5708 quid
3029 5637 3113 5690 vel
3161 5630 3437 5704 quomodo

3081 5911 3152 5969 Μ.
