3976 6340
470 362 601 420 1291

1305 346 1363 401 S.
1404 336 1794 400 CLEMENTIS
1835 335 1850 388 I
1888 330 2050 385 “031.
2092 323 2291 382 PONT.
2333 321 2559 379 OPI‘IIIA
2600 316 2854 374 DUELL-

3570 294 3714 348 £9.39.

470 481 565 542 sit,
600 483 695 531 aut
739 473 827 528 cui
869 470 942 525 sit
976 465 1203 524 malum,
1232 470 1413 515 utrum
1444 456 1553 510 Deo
1585 469 1652 507 an
1689 449 1895 520 angelis
1919 487 1933 509 ,
1967 461 2036 499 an
2065 449 2109 503 Α
2139 442 2196 496 Si
2224 439 2441 512 quidem
2466 444 2525 491 ιιι
2553 432 2685 487 mihi
2706 428 2923 483 videtur
2951 423 3128 478 facere
3145 419 3252 480 vis,
3277 429 3382 486 ego
3404 408 3715 469 secundum

1901 541 1904 542 ν
2270 533 2278 542 ·
2320 538 2329 542 -
2371 529 2382 539 ·
2509 527 2519 537 ο
2612 538 2691 542 νς--
2715 529 2880 542 -_.-..-.
2916 515 3028 542 (ιη-ις
3058 512 3178 542 .mln
3244 510 3336 542 ηιιὶ
3370 506 3549 542 nrimn
3592 515 3715 542 mn-

471 568 817 628 hominibus,
853 563 959 634 piis
989 575 1058 613 an
1090 555 1303 627 impiis,
1334 549 1587 606 omnibus
1617 562 1683 599 an
1725 541 1997 611 aliquibus
2020 578 2035 602 ,

472 678 540 716 an
566 660 672 715 sibi
705 657 831 727 ipsi,
862 669 930 707 an
960 650 1113 706 nulli.
1138 647 1201 700 Et
1232 654 1362 699 tunc
1386 643 1752 706 interrogares
1784 632 1924 688 unde
1945 631 2037 697 sit,

476 760 788 806 utrumnam
823 760 852 797 a
887 743 1017 805 Deo,
1058 755 1126 794 an
1170 753 1236 793 ex
1274 733 1481 797 nihilo,
1524 740 1811 797 semperne
1854 722 2038 788 fuerit,

475 856 545 895 an
577 854 644 894 ex
676 844 921 905 tempore
951 829 1177 902 ceperit
1200 869 1214 893 ,
1247 826 1380 880 utile
1419 823 1489 878 sit
1520 836 1587 874 an
1614 818 1823 883 inutile,
1856 825 1908 869 et
1935 813 2043 866 alia

475 930 648 986 multa
672 904 801 997 quae
829 917 1209 992 hujuscemodi
1244 912 1547 987 propositio
1588 907 1773 978 exigit.
1806 904 1888 959 Ad
1928 904 2044 957 haec

478 1022 668 1087 Simon
717 1014 1039 1085 respondit:
1094 1010 1319 1080 Ignosce
1370 1004 1525 1069 mihi,
1553 1000 1733 1057 erravi
1767 1001 1834 1053 de
1873 996 2044 1066 prima

477 1110 923 1180 interrogatione,
960 1105 1052 1161 sed
1080 1112 1207 1174 puta
1241 1114 1328 1154 me
1358 1110 1505 1152 nunc
1534 1093 1769 1165 primum
1809 1090 2046 1144 interro-

478 1218 628 1273 gare,
653 1207 738 1256 est
770 1199 972 1259 malum
1004 1209 1073 1247 an
1108 1189 1261 1246 non?

550 1312 737 1369 XVIII.
780 1311 844 1364 Et
864 1308 1059 1365 Petrus
1088 1304 1163 1357 ait
1188 1321 1201 1357 :
1228 1297 1513 1367 Quomodo
1544 1296 1870 1363 interrogas,
1892 1286 2051 1359 quasi

482 1409 695 1464 discere
725 1406 914 1460 volens
946 1418 1014 1455 an
1057 1398 1272 1461 docere,
1313 1409 1381 1447 an
1412 1388 1730 1462 quastionis
1774 1382 2053 1439 movendae

482 1500 696 1573 gratia?
724 1497 782 1552 Si
814 1496 1031 1566 quidem
1058 1489 1214 1561 quasi
1240 1488 1452 1543 discere
1478 1482 1686 1546 volens,
1712 1478 1887 1533 habeo
1908 1475 2053 1545 quod

482 1604 536 1649 te
564 1594 717 1664 prius
746 1591 994 1651 doceam,
1030 1592 1087 1638 ut
1118 1599 1212 1653 per
1242 1574 1686 1647 consequentiam
1719 1578 1773 1626 et
1806 1568 2054 1623 ordinem

477 1660 748 1744 doctrinm
800 1683 1060 1742 veniens,
1102 1692 1166 1730 ex
1204 1683 1257 1729 te
1313 1672 1429 1740 ipso
1474 1667 1745 1736 intelligas
1802 1662 1934 1733 quid
1985 1660 2058 1715 sit

484 1780 711 1834 malum.
757 1774 814 1829 Si
850 1787 978 1827 vero
1028 1778 1087 1824 ut
1129 1768 1330 1822 docens
1362 1760 1643 1834 proponis,
1691 1772 1799 1810 non
1841 1754 2056 1824 indigeo

487 1873 584 1926 abs
615 1878 667 1924 te
704 1865 914 1929 doceri,
949 1862 1123 1916 habeo
1151 1857 1296 1913 enim
1329 1853 1645 1921 magistrum
1676 1863 1706 1901 ιι
1735 1862 1844 1917 quo
1871 1845 2056 1899 omnia

488 1958 680 2014 didici.
729 1954 886 2021 Quod
920 1955 965 2008 si
1009 1948 1327 2021 qumstionis
1359 1940 1638 1997 movenda:
1665 1944 1717 1992 et
1743 1931 2059 2006 disputandi

486 2050 683 2122 gratia,
722 2055 959 2115 uterque
1006 2051 1255 2096 nostrum
1308 2036 1460 2107 prius
1507 2032 1651 2104 quod
1683 2030 1787 2087 sibi
1822 2028 2058 2094 videtur,

489 2151 727 2215 exponat
750 2149 805 2197 et
843 2142 916 2194 ita
948 2145 1229 2193 certamen
1260 2132 1547 2185 habeatur.
1576 2124 1763 2195 Neque
1791 2123 1936 2178 enim
1968 2137 2062 2177 ve-

492 2252 610 2293 rum
638 2243 723 2290 est
752 2232 866 2305 (89)
901 2238 960 2285 ut
991 2231 1294 2296 interroges
1323 2220 1479 2293 quasi
1509 2218 1721 2273 discere
1750 2215 1972 2280 volens,
2008 2219 2063 2267 et

486 2325 840 2382 contradicas
866 2329 927 2376 ut
954 2322 1180 2383 docens,
1212 2326 1271 2370 ut
1300 2321 1422 2385 post
1440 2309 1855 2380 responsionem
1885 2316 2063 2360 m‘eam

493 2423 551 2476 in
583 2428 675 2474 tuo
707 2416 919 2488 judicio
949 2415 1021 2470 sit
1050 2413 1258 2473 dicere,
1291 2408 1336 2463 si
1368 2407 1505 2461 bene
1527 2419 1595 2457 an
1633 2402 1773 2455 male
1802 2397 2060 2454 dixerim.

494 2516 724 2585 Propter
769 2509 917 2582 quod
979 2523 1090 2563 non
1144 2515 1299 2574 potes
1355 2502 1411 2555 in
1454 2499 1575 2554 loco
1640 2490 2066 2550 contradicentis

495 2606 836 2676 stansjudex
880 2616 1002 2657 esse
1033 2613 1222 2655 eorum
1247 2609 1369 2666 qua:
1406 2591 1678 2656 dicimus;
1721 2594 1776 2642 et
1821 2584 1964 2648 ideo,
2009 2589 2069 2636 ut

496 2697 630 2764 dixi,
660 2698 707 2751 si
737 2700 1014 2749 certamen
1050 2687 1361 2742 habendum
1407 2692 1512 2749 est,
1553 2690 1781 2747 uterque
1818 2684 2069 2730 nostrum

489 2793 642 2864 quod
673 2790 839 2846 sentit
874 2790 1131 2856 exponat,
1183 2787 1237 2835 et
1272 2779 1433 2839 nobis
1466 2777 1521 2830 in
1565 2772 1823 2829 conﬂictu
1874 2766 2069 2839 positis

500 2882 743 2955 religiosi
772 2878 1053 2934 auditores
1091 2873 1147 2928 bi
1171 2870 1309 2941 justi
1330 2867 1549 2939 judices
1576 2870 1759 2920 erunt.

570 3019 714 3075 XIX.
758 3018 823 3071 Et
856 3015 1044 3070 Simon
1096 3031 1108 3067 :
1140 3009 1257 3064 Non
1288 3006 1386 3062 tibi
1424 3005 1636 3062 videtur
1672 2999 1971 3057 absurdum
2011 3004 2072 3050 ut

495 3114 790 3186 imperitus
837 3108 1072 3180 populus
1120 3104 1188 3159 de
1223 3100 1427 3157 nostris
1461 3098 1624 3154 dictis
1678 3095 1874 3150 habeat
1924 3090 2074 3162 judi-

2140 529 2387 601 magistri
2419 527 2523 581 mei
2558 529 2883 595 prazceptum
2916 515 3031 569 fieri
3058 512 3211 573 volo,
3244 510 3338 579 qui
3370 506 3549 576 primo
3592 515 3717 554 Olli-

2141 593 2291 680 niuin
2327 593 2569 675 Hebraea:
2607 614 2777 686 genti,
2828 624 2989 680 quam
3022 604 3230 661 sciebat
3276 600 3478 654 habere
3522 593 3721 662 cogni-

2142 713 2344 767 tionem
2381 707 2477 762 Dei
2506 716 2559 761 et
2587 685 2731 775 quod
2764 703 2880 771 ipse
2908 705 3054 753 esset
3076 695 3166 765 qui
3197 691 3387 747 fecerit
3419 685 3718 744 mundum,

2144 803 2422 875 praaccpit,
2455 817 2561 854 non
2596 806 2655 852 ut
2687 811 2810 851 eum
2834 798 3101 864 quazreret
3129 801 3287 858 quem
3336 781 3552 837 sciebat
3573 818 3590 839 ,
3629 775 3727 829 ενα

2144 898 2475 952 voluntatem
2508 892 2627 961 ejus
2654 885 3035 959 jusutiamque
3075 876 3417 950 perquireret
3444 869 3641 925 sciens
3656 867 3727 930 “,

2146 992 2272 1063 quia
2301 992 2355 1045 in
2385 989 2663 1043 hominum
2694 980 2921 1037 arbitrio
2944 976 3181 1047 positum
3208 977 3312 1036 est,
3343 976 3404 1021 ut
3437 967 3546 1020 hoc
3576 977 3733 1034 qua-

2146 1094 2331 1143 rentes
2361 1081 2639 1137 inveniant
2687 1085 2739 1131 et
2780 1073 2982 1127 faciant
3030 1076 3194 1137 atque
3223 1064 3520 1117 observent
3564 1072 3633 1110 ea
3664 1056 3733 1109 de

2149 1178 2349 1251 quibus
2375 1171 2658 1245 judicandi
2691 1174 2840 1223 sunt.
2872 1163 2936 1216 Et
2962 1162 3084 1216 ideo
3110 1156 3279 1228 jussit
3318 1168 3422 1207 nos
3452 1164 3732 1220 qumrere,

2149 1286 2258 1326 non
2289 1266 2432 1323 unde
2460 1266 2532 1321 sit
2572 1262 2797 1322 malum,
2827 1263 2885 1311 ut
2916 1262 2975 1308 tu
3005 1252 3172 1322 paulo
3215 1255 3342 1302 ante
3378 1241 3734 1314 requirebas,

2150 1362 2247 1420 sed
2274 1359 2543 1431 justitiam
2587 1354 2715 1408 boni
2755 1350 2853 1404 Dei
2887 1359 3198 1417 regnumque
3226 1340 3372 1408 ejus,
3409 1346 3460 1390 et
3510 1320 3736 1395 omnia,

2152 1423 2357 1524 inquit,
2405 1449 2514 1503 hwc
2554 1443 2870 1513 adﬁcientur
2904 1437 3047 1492 vobis
3066 1435 3132 1488 ⁸⁷.
3188 1430 3253 1483 Et
3295 1428 3533 1482 Simon:
3583 1423 3740 1488 Quo-

2154 1548 2323 1609 niam,
2356 1540 2554 1611 inquit,
2596 1533 2842 1590 IIebrzeis
2876 1531 2979 1585 ista
3024 1524 3357 1580 mandantur
3400 1519 3557 1573 velut
3592 1526 3742 1569 recte

2156 1634 2459 1696 scientibus
2490 1630 2658 1683 Deum
2689 1633 2743 1681 et
2771 1620 3145 1695 opinantibus,
3172 1614 3317 1686 quod
3349 1610 3744 1683 unusquisque

2159 1730 2214 1784 in
2251 1742 2352 1785 suo
2401 1723 2627 1777 arbitrio
2660 1718 2856 1773 habeat
2904 1726 3063 1781 agere
3108 1724 3192 1770 ea,
3229 1707 3295 1760 de
3350 1704 3563 1775 quibus
3592 1700 3745 1769 judi-

2086 1808 2130 1863 Β
2158 1819 2365 1876 candus
2390 1824 2494 1878 est,
2532 1811 2666 1866 mihi
2694 1817 2877 1862 autem
2901 1803 2968 1857 ab
2992 1801 3101 1855 illis
3129 1799 3409 1867 discrepat
3440 1790 3743 1850 sententia,

2157 1912 2304 1969 unde
2332 1909 2416 1964 vis
2449 1914 2508 1959 ut
2531 1902 2789 1972 incipiam
2811 1899 2836 1951 ’ἒ

2227 2000 2368 2058 XXI.
2411 1998 2548 2052 Tum
2583 1994 2821 2049 Petrus:
2857 1988 3003 2059 Ego,
3054 1982 3266 2055 inquit,
3314 1976 3534 2035 suadeo
3568 1972 3749 2043 primo

2159 2090 2514 2166 quaerendum
2547 2101 2703 2144 esse.
2735 2083 2782 2137 si
2833 2080 2888 2133 in
2944 2083 3210 2148 potestate
3241 2076 3437 2124 nostra
3483 2072 3576 2119 est
3608 2062 3752 2115 scire

2164 2154 2307 2241 dnde
2333 2176 2620 2253 judicandi
2661 2175 2856 2230 simus.
2891 2169 2956 2223 Et
2987 2166 3175 2221 Simon
3205 2181 3218 2216 :
3252 2159 3372 2213 Non
3405 2158 3509 2217 ita,
3549 2154 3749 2223 inquit,

2163 2279 2256 2336 sed
2295 2248 2363 2331 de
2386 2273 2517 2335 Deo,
2548 2268 2694 2324 unde
2724 2274 2777 2320 et
2808 2276 2999 2319 omnes
3033 2259 3127 2329 qui
3159 2261 3359 2327 prmsto
3389 2258 3533 2305 sunt
3564 2248 3751 2301 audire

2164 2371 2415 2441 cupiunt.
2451 2364 2514 2417 Et
2546 2360 2743 2416 Petrus
2769 2376 2782 2411 :
2815 2354 3043 2410 Constat
3073 2363 3201 2418 ergo
3232 2342 3375 2415 apud
3409 2349 3492 2404 te,
3520 2340 3654 2409 quia
3673 2343 3749 2390 est

2168 2428 2373 2533 aliquid
2409 2458 2464 2511 in
2503 2453 2715 2509 arbitrii
2750 2455 3058 2522 potestate;
3100 2441 3271 2495 fatere
3304 2439 3408 2490 hoc
3446 2442 3669 2486 tantum
3706 2428 3751 2482 si

2168 2523 2276 2622 est,
2296 2562 2349 2608 et
2374 2549 2717 2620 requiramus
2747 2552 2804 2596 ut
2835 2540 2995 2597 dicis.
3028 2534 3095 2590 de
3140 2531 3272 2585 Deo.
3304 2527 3509 2581 Simon
3541 2523 3612 2577 ad
3644 2524 3753 2579 haec

2170 2613 2493 2717 respondit:
2530 2638 2906 2708 Nequaquam.
2947 2629 3011 2683 Et
3049 2626 3291 2681 Petrus:
3331 2618 3392 2673 Si
3432 2632 3575 2687 ergo
3621 2613 3753 2668 nihil

2170 2716 2331 2794 estin
2355 2741 2544 2788 nostra
2571 2732 2865 2798 potestate,
2896 2716 3230 2789 superfluum
3255 2720 3340 2768 est
3368 2725 3473 2764 nos
3509 2720 3759 2778 querere

2172 2826 2380 2902 aliquid
2410 2825 2477 2880 de
2506 2822 2639 2884 Deo,
2672 2832 2799 2871 cum
2832 2816 2888 2869 in
2923 2817 3194 2884 potestate
3240 2820 3353 2859 non
3389 2802 3461 2857 sit
3504 2813 3761 2871 quaren-

2174 2923 2320 2977 tibus
2349 2916 2614 2973 invenire.
2651 2910 2804 2966 Unde
2826 2909 2963 2962 bene
2993 2903 3237 2957 dixeram
3270 2898 3377 2950 hoc
3402 2894 3584 2966 primo
3604 2904 3765 2960 quae-

2173 3012 2406 3068 rendum
2433 3022 2577 3070 esse,
2631 3004 2677 3059 si
2726 3008 2811 3056 est
2845 2994 3051 3067 aliquid
3086 2994 3142 3047 in
3190 2988 3404 3044 arbitrii
3450 2990 3760 3064 potestate.

2176 3103 2315 3158 Tum
2345 3099 2535 3155 Simon
2565 3117 2579 3153 :
2610 3094 2728 3149 Non
2754 3103 3072 3164 possumus,
3102 3083 3301 3154 inquit,
3340 3098 3408 3135 ne
3435 3080 3538 3131 hoc
3566 3060 3763 3146 ipsum

503 3206 699 3263 cium?
729 3204 791 3257 Et
816 3202 1049 3256 Petrus:
1086 3194 1205 3251 Non
1241 3196 1312 3249 ita
1347 3201 1451 3259 est,
1486 3188 1632 3261 quod
1664 3188 1810 3243 enim
1836 3186 1930 3240 uni
1967 3183 2076 3237 for-

2178 3196 2396 3267 quidem
2432 3190 2735 3259 intelligere
2765 3182 2910 3257 quod
2941 3182 3103 3241 dicis,
3140 3177 3185 3231 si
3221 3183 3309 3231 est
3336 3170 3547 3243 aliquid
3582 3169 3646 3223 in
3674 3184 3765 3221 at»

500 3310 654 3354 tasse
688 3295 870 3350 minus
927 3292 1115 3361 liquet,
1155 3283 1471 3355 investigari
1508 3298 1539 3337 a
1573 3278 1826 3352 plurimis
1858 3277 2075 3348 poterit,

508 3407 633 3446 nam
667 3404 809 3457 saepe
867 3386 1029 3440 etiam
1081 3381 1225 3436 fama
1284 3376 1429 3447 vulgi
1481 3372 1783 3447 prophetia:
1840 3370 2078 3440 speciem

500 3488 676 3537 tenet.
709 3478 885 3547 Super
916 3475 1032 3531 haec
1065 3479 1246 3526 autem
1279 3468 1485 3532 omnia,
1514 3478 1753 3538 praesens
1780 3462 1870 3516 hic
1902 3458 2081 3515 omnis

512 3574 743 3647 populus
790 3584 976 3624 amore
1020 3564 1114 3619 Dei
1151 3561 1485 3619 constrictus
1519 3558 1607 3612 hic
1643 3561 1824 3617 astat,
1861 3550 2083 3621 verique

502 3659 878 3737 cognoscendi
923 3657 1121 3730 gratia,
1151 3662 1204 3709 et
1238 3653 1362 3708 ideo
1396 3665 1590 3713 omnes
1624 3648 1716 3702 isti
1748 3643 1906 3716 quasi
1940 3656 2083 3701 unus

506 3756 797 3813 habendus
828 3758 933 3817 est,
966 3766 1066 3821 pro
1098 3763 1207 3802 uno
1240 3743 1541 3813 eodemque
1566 3755 1695 3811 erga
1721 3751 1963 3794 amorem
1992 3750 2084 3789 ve-

516 3848 698 3903 ritatis
732 3844 963 3908 affectu,
1025 3841 1166 3895 sicut
1205 3854 1235 3891 e
1284 3833 1564 3890 contrario
1594 3831 1704 3887 duo
1750 3830 1892 3883 inter
1923 3843 1983 3882 se
2038 3824 2085 3880 si

513 3936 883 4000 dissentiant,
931 3931 1089 3986 multi
1121 3935 1251 3985 sunt
1281 3935 1336 3982 et
1377 3922 1602 3981 diversi.
1670 3920 1727 3976 Si
1779 3927 1959 3975 autem
2003 3918 2086 3973 vis

516 4027 778 4083 indicium
811 4040 1041 4097 capere,
1072 4022 1348 4095 quomodo
1380 4018 1560 4076 omnis
1596 4016 1687 4071 hic
1727 4015 1960 4086 p0pulus
1992 4011 2087 4083 qui

515 4127 661 4199 astat
690 4119 850 4190 quasi
891 4132 1035 4173 unus
1064 4116 1137 4171 sit
1169 4115 1356 4182 homo,
1384 4130 1451 4169 ex
1485 4110 1704 4167 silentio
1735 4108 1856 4177 ejus
1890 4106 2010 4176 ipso
2034 4110 2089 4159 et

517 4211 702 4281 quiete
735 4209 1047 4274 considera,
1082 4207 1358 4279 quomodo
1392 4220 1519 4259 cum
1552 4200 1700 4257 omni
1735 4197 1995 4271 patientia
2031 4203 2091 4250 ut

519 4303 692 4367 vides,
721 4303 884 4358 etiam
918 4308 1210 4370 antequam
1245 4299 1481 4359 discant,
1515 4290 1733 4348 veritati
1780 4288 1875 4343 Dei
1918 4287 2091 4341 hono-

520 4410 637 4452 rem
688 4394 962 4450 deferunt.
1018 4392 1271 4447 Nondum
1320 4390 1469 4445 enim
1528 4385 1790 4457 majorem
1839 4381 2088 4443 cultum,

512 4505 682 4559 quem
710 4489 759 4545 ei
802 4488 1014 4546 deferre
1040 4487 1293 4555 debeant,
1323 4484 1652 4540 didicerunt.
1684 4479 1912 4551 Propter
1943 4476 2090 4549 quod

521 4597 685 4652 spero
727 4581 795 4637 de
839 4581 1125 4637 clementia
1158 4578 1272 4643 Dei,
1312 4576 1457 4648 quod
1502 4574 1815 4644 religiosum
1847 4569 2093 4641 proposi-

525 4685 641 4728 tum
674 4674 870 4730 mentis
896 4689 1085 4730 eorum
1108 4672 1459 4742 amplectetur
1477 4682 1605 4737 erga
1632 4681 1711 4731 se,
1733 4672 1785 4718 et
1814 4664 2095 4717 veritatem

524 4764 840 4833 praedicanti
878 4764 1118 4819 victoria:
1163 4762 1397 4833 palmam
1431 4756 1612 4822 dabit,
1644 4763 1703 4810 ut
1743 4750 2095 4809 manifestum

523 4857 605 4912 eis
638 4854 801 4910 faciat
832 4856 1072 4911 veritatis
1103 4865 1428 4924 przeconem.

597 4958 716 5014 XX.
757 4958 896 5013 Tum
938 4957 1169 5013 Simon:
1206 4954 1284 5010 De
1334 4969 1481 5025 quo.
1508 4952 1725 5023 inquit,
1774 4949 1858 5005 vis
1906 4946 2095 5002 haberi

520 5052 842 5107 certamen?
870 5051 980 5115 dic,
1010 5059 1069 5106 ut
1100 5059 1154 5106 et
1182 5063 1283 5120 ego
1314 5046 1568 5102 definiam
1601 5044 1747 5116 quod
1785 5041 1917 5096 mihi
1947 5040 2096 5095 vide-

530 5154 645 5210 tur,
679 5151 733 5199 et
764 5144 839 5198 ita
889 5144 1121 5215 qutestio
1170 5138 1418 5210 incipiat.
1455 5138 1519 5193 Et
1549 5137 1745 5193 Petrus
1780 5132 2093 5205 respondit:

2180 3264 2329 3345 bitrii
2360 3289 2652 3357 potestate.
2688 3278 2756 3332 At
2793 3276 2987 3331 Petrus
3012 3272 3203 3327 videns
3246 3265 3395 3338 quod
3443 3264 3515 3318 ad
3548 3270 3765 3332 partem

2181 3399 2240 3440 se
2270 3377 2751 3436 contentiosiorem
2787 3370 3047 3431 declinat,
3090 3361 3340 3435 superari
3376 3369 3671 3415 metuens,
3710 3359 3768 3407 ut

2181 3473 2339 3545 quasi
2380 3472 2645 3526 incertum
2681 3461 2984 3518 confundat
3022 3457 3228 3519 omnia,
3260 3450 3589 3521 respondit:
3616 3447 3769 3511 Quo-

2183 3566 2345 3622 modo
2374 3577 2504 3633 ergo
2542 3560 2673 3622 scis,
2705 3556 2832 3626 quia
2874 3568 2985 3607 non
3017 3550 3185 3606 estin
3220 3545 3459 3599 hominis
3496 3546 3768 3612 potestate

2185 3660 2324 3716 scire
2358 3653 2583 3725 aliquid,
2617 3665 2741 3704 cum
2775 3648 2879 3701 hoc
2912 3645 3089 3714 ipsum
3127 3637 3311 3696 scias?
3474 3703 3483 3710 _

2254 3746 2420 3804 XXII.
2450 3723 2530 3798 'Et
2582 3741 2815 3797 Simon:
2870 3735 3103 3797 Nescio,
3138 3730 3353 3799 inquit,
3418 3725 3465 3781 si
3525 3724 3613 3778 vel
3668 3723 3766 3776 hoc

2184 3844 2365 3917 ipsum
2396 3838 2607 3899 sciam;
2644 3829 3019 3900 unusquisque
3048 3824 3196 3880 enim
3246 3821 3391 3875 sicut
3427 3818 3480 3872 ei
3517 3815 3635 3869 fato
3678 3816 3769 3869 de

2187 3906 2466 3993 cernitur,
2498 3927 2582 3981 vel
2616 3924 2726 3992 agit
2757 3918 2965 3991 aliquid
2998 3916 3081 3970 vel
3115 3910 3369 3980 intelligit
3416 3907 3504 3961 vel
3542 3906 3764 3975 patitur.

2189 4026 2327 4080 Tum
2356 4022 2590 4077 Petrus:
2644 4014 2859 4077 Videte,
2897 4008 3076 4079 inquit
3099 4046 3114 4072 ,
3150 4004 3350 4057 fratres
3376 4042 3390 4063 ,
3428 3999 3482 4051 in
3511 4012 3639 4066 qua!
3674 3994 3761 4047 ab-

2190 4111 2355 4167 surda
2387 4104 2651 4162 deciderit
2694 4100 2905 4165 Simon,
2951 4096 3044 4167 qui
3080 4102 3205 4147 ante
3256 4104 3437 4143 meum
3468 4085 3771 4138 adventum

2190 4203 2453 4267 docebat,
2484 4196 2629 4269 quod
2684 4192 2937 4249 homines
2990 4188 3044 4242 iu
3082 4190 3354 4255 potestate
3411 4178 3687 4231 haberent
3722 4184 3771 4229 et

2192 4309 2383 4367 sapere
2426 4299 2481 4348 et
2520 4290 2698 4344 facere
2744 4299 2865 4355 quae
2908 4281 3140 4345 vellent,
3169 4290 3315 4329 nunc
3364 4271 3421 4325 in
3471 4276 3769 4339 angustum

2194 4391 2449 4448 redactus
2503 4380 2832 4438 necessitate
2864 4360 3182 4435 verborum,
3212 4373 3370 4437 negat
3405 4379 3535 4418 esse
3572 4366 3631 4416 in
3679 4361 3767 4413 ho-

2122 4508 2166 4564 ο
2196 4480 2358 4537 minis
2385 4483 2657 4549 potestate
2691 4476 2788 4525 aut
2815 4462 3086 4524 sentiendi
3118 4457 3324 4531 aliquid
3354 4464 3451 4511 aut
3475 4454 3700 4526 agendi,
3722 4463 3769 4508 et

2196 4547 2561 4629 taineniaudet
2598 4580 2656 4620 se
2688 4563 2967 4616 doctorem
3004 4552 3269 4626 proliteri.
3307 4548 3416 4604 Sed
3468 4547 3603 4613 dic,
3644 4560 3771 4616 quo-

2195 4666 2357 4721 modo
2378 4676 2506 4731 ergo
2527 4658 2669 4713 Deus
2689 4654 2900 4725 judicat
2927 4646 3230 4706 secundum
3254 4642 3553 4698 veritatem
3580 4653 3772 4693 unum-

2193 4772 2467 4831 quemque
2516 4767 2615 4823 pro
2649 4748 2865 4803 actibus
2899 4744 3037 4810 suis,
3072 4742 3118 4797 si
3150 4753 3312 4810 agere
3341 4733 3559 4805 aliquid
3600 4735 3656 4786 in
3684 4745 3768 4801 po-

2200 4826 2397 4907 testate
2432 4862 2542 4902 non
2578 4837 2945 4897 habuitHIoc
2967 4835 3021 4893 ,si
3056 4841 3328 4895 teneatur,
3354 4826 3628 4882 convulsa
3657 4831 3769 4879 sunt

2198 4942 2404 5003 omnia,
2428 4939 2640 5009 frustra
2683 4934 2787 4989 erit
2815 4928 3060 4985 studium
3092 4920 3339 4979 sectandi
3380 4917 3621 4973 meliora
3642 4958 3657 4982 ,
3684 4911 3766 4968 sed

2200 5046 2254 5093 et
2276 5032 2491 5106 judices
2514 5030 2697 5086 saeculi
2735 5026 2942 5080 frustra
2968 5019 3180 5091 legibus
3202 5018 3447 5087 praesunt
3467 5016 3523 5064 et
3547 5008 3767 5080 puniunt

2202 5145 2297 5184 eos
2341 5126 2435 5199 qui
2488 5124 2627 5177 male
2662 5129 2866 5190 agunt;
2916 5130 3025 5168 non
3068 5111 3214 5166 enim
3247 5107 3304 5161 in
3358 5118 3461 5159 sua
3508 5104 3765 5172 potestate

642 5300 688 5333 ⁸⁸
726 5297 1006 5374 vocabula
1036 5297 1302 5374 sciens_-—_-
1323 5292 1759 5374 judicaﬂdiauut
1792 5298 1845 5342 et
1884 5302 2005 5374 qna:
2065 5284 2225 5355 paulo
2257 5290 2379 5354 post
2433 5285 2739 5349 sequuntur
2781 5283 2830 5327 et
2867 5265 3292 5340 opinantibus—
3310 5257 3644 5329 iudicandus
3684 5262 3767 5307 est

535 5374 741 5429 desunt
772 5371 827 5423 in
859 5378 1093 5439 utroque
1123 5366 1247 5421 cod.
1281 5356 1430 5433 Lips.
1506 5363 1552 5395 ⁸⁷
1596 5360 1785 5415 Matth.
1819 5356 2017 5424 “,35.

1831 5508 1963 5568 COT
1972 5506 2195 5562 ELERII
2240 5503 2470 5562 NOTAE.

612 5670 720 5740 (89)
755 5668 933 5737 Neque
971 5659 1108 5740 enim
1136 5666 1434 5740 verum-est.
1490 5651 1710 5740 Ἀληθές
1752 5654 1864 5732 eos:
1900 5664 1998 5721 pro
2026 5648 2106 5701 δί-

541 5723 862 5799 καὶόείὲστιξ
885 5737 1061 5791 oratio
1083 5734 1283 5786 Attica.
1320 5729 1510 5799 Verum
1540 5723 1616 5779 est
1647 5740 1741 5792 pro
1768 5723 1975 5799 justum
2001 5727 2101 5781 est,

550 5791 752 5880 a'qumn
792 5791 899 5871 est,
939 5806 1111 5860 oratio
1160 5802 1425 5856 Romana.
1460 5791 1662 5853 Doccni
1687 5839 1699 5859 ,
1746 5791 2104 5856 adductisque

2213 5641 2477 5710 exemplis
2521 5638 2738 5710 ﬁrmant
2758 5625 3129 5710 “grammatici
3150 5628 3423 5710 ,mveteres
3468 5633 3533 5672 ac
3579 5628 3753 5669 recen-

2212 5696 2399 5765 tiores.
2438 5706 2711 5766 lloratius,
2747 5696 2918 5770 Epist.
2957 5702 2999 5763 ι,
3028 5713 3123 5761 vn,
3151 5696 3220 5750 98
3255 5711 3269 5745 :

2249 5757 2530 5832 Mcl—iris}
2550 5757 2916 5844 queritaue'suo
2945 5757 3152 5823 mertqu
3185 5782 3244 5819 uc
3274 5762 3401 5835 pede
3436 5772 3608 5815 rerum
3638 5757 3733 5807 eu.
