3976 6340
245 361 380 418 ίῖῐῖό
1055 452 1058 454 γ
1482 373 1740 430 liECOG‘.‘

1845 373 2045 434 .ONUM
2087 381 2211 438 LIB.
2259 384 2343 443 Ill.
3349 399 3479 455 1294

239 478 580 546 habuerunt,
617 487 677 535 ut
711 497 816 536 non
855 495 1164 553 peccat-ent.
1204 486 1352 541 Vana
1392 502 1554 543 erum
1588 497 1644 544 et
1681 489 1805 558 jura
1835 494 1881 551 Α
1910 496 2037 550 cmli
2085 506 2140 554 et
2191 501 2493 555 ministeria
2529 503 2858 558 necessariis
2913 505 3154 561 motibus
3201 519 3472 576 constant.

239 572 562 640 p0pulorum
586 613 601 637 ,
633 590 752 643 qua:
803 577 961 632 malis
1007 578 1220 634 actibus
1272 595 1461 649 punias
1519 589 1803 648 statuunt;
1909 585 2080 644 Homo
2103 607 2230 647 vero
2257 599 2474 648 actuum
2507 611 2728 651 suorum
2753 608 2930 652 motus
2959 601 3292 657 voluntarios
3313 606 3472 672 gerit.

236 662 423 718 miseri
459 673 620 719 erunt
673 673 726 720 et
758 667 812 721 hi
851 669 943 732 qui
981 679 1202 724 servant
1234 688 1357 726 cum
1410 673 1593 728 labore
1639 674 1805 742 justi-
1905 677 1970 731 Et
2019 679 2138 735 ideo
2187 683 2294 737 alia
2342 692 2494 750 sunt,
2519 703 2641 756 qua:
2687 689 2757 743 ob
2789 689 2890 742 hoc
2920 699 3102 744 creata
3143 701 3290 756 sunt,
3329 696 3471 749 utin

231 753 385 818 tiam,
444 754 586 810 beati
633 756 760 813 vero
805 759 879 813 illi
925 762 1018 830 qui
1066 762 1120 816 in
1170 763 1382 819 deliciis
1419 766 1618 835 positi,
1674 783 1801 821 cum
1902 771 2222 829 ministeriis
2269 777 2386 831 suis
2438 779 3120 848 necessitatedeserviant,
3161 801 3261 840 nec
3295 785 3470 843 facere

231 845 448 900 luxuria
480 859 532 902 et
566 851 773 906 scelere
801 853 1044 909 viventes
1076 856 1419 926 tyrannidem
1449 865 1658 913 tenent.
1701 857 1800 912 Se-
1899 863 2046 917 aliud
2080 852 2358 936 quidpiam
2411 871 2626 940 possint
2653 872 2758 926 nisi
2789 874 2932 942 quod
2960 875 3039 929 eis
3070 883 3330 933 statutum
3361 887 3466 945 est,

225 939 467 993 cundum
494 940 606 995 haec
629 957 762 1012 ergo
793 960 892 998 nec
916 945 1279 1014 justitia_erit,
1304 962 1402 1002 nec
1431 947 1667 1014 bonitas,
1696 963 1796 1003 nec
1895 967 2019 1007 cum
2078 966 2256 1012 autem
2293 959 2338 990 ⁸⁸
2380 964 2716 1030 expleverint
2773 965 3140 1021 ministerium
3170 1009 3184 1033 ,
3239 968 3466 1024 Creator

226 1027 334 1080 ulla
366 1029 562 1095 virtus,
585 1039 662 1098 et,
695 1040 752 1086 ut
788 1034 896 1097 vis,
919 1051 1020 1089 nec
1052 1034 1333 1091 Deus.Sed
1363 1036 1498 1102 haec,
1520 1053 1553 1090 ο
1584 1037 1791 1105 Simon,
1892 1044 2134 1099 omnium
2161 1049 2255 1118 qui
2281 1050 2353 1104 ita
2378 1055 2666 1108 constituit
2689 1071 2749 1110 ea
2781 1067 2940 1129 prout
2963 1060 3212 1125 voluerit,
3242 1075 3466 1118 conser-

220 1138 325 1175 cur
362 1123 570 1179 dixeris
623 1126 769 1191 scio;
824 1129 1012 1183 volens
1072 1129 1314 1198 profecto
1363 1129 1598 1200 ell‘ugere
1644 1149 1791 1202 quzu-
1891 1145 1980 1189 vat
2015 1152 2098 1190 ea.
2132 1140 2250 1195 Alia
2285 1159 2413 1196 vero
2443 1154 2591 1210 sunt,
2628 1148 2718 1201 ubi
2754 1158 2997 1218 potestas
3025 1159 3109 1207 est
3138 1153 3460 1214 voluntatis,

218 1214 462 1278 stiones,
513 1232 579 1269 ne
622 1218 798 1285 possis
854 1219 1198 1275 manifestius
1234 1220 1530 1286 confutari,
1573 1232 1626 1276 et
1666 1223 1788 1277 ideo
1889 1235 1941 1282 et
1997 1231 2050 1286 in
2096 1234 2297 1302 quibus
2352 1238 2547 1306 agendi
2603 1255 2723 1308 qum
2754 1214 2929 1296 velint
2970 1245 3200 1298 liberum
3232 1245 3463 1300 habetur

217 1302 299 1354 ais
332 1318 441 1356 non
483 1320 609 1358 esse
656 1307 708 1359 in
741 1317 1010 1381 potestate
1057 1310 1292 1366 hominis
1340 1311 1541 1365 sentire
1581 1313 1786 1384 aliquid

213 1401 310 1446 aut
336 1394 603 1452 invenire.
638 1396 694 1450 Si
725 1400 869 1453 enim
898 1416 1022 1456 vere
1053 1402 1155 1456 hoc
1198 1404 1273 1456 ita
1320 1403 1630 1468 sensisses,
1674 1421 1784 1460 non

213 1484 406 1553 utique
437 1487 599 1540 etiam
631 1497 757 1544 ante
799 1490 1089 1548 adventum
1122 1507 1300 1547 meum
1350 1495 1492 1564 apud
1524 1497 1780 1566 pepuluni

210 1581 261 1628 te
311 1575 652 1643 proﬁterer-is
697 1581 998 1637 doctorem.
1033 1582 1144 1653 Ego
1175 1585 1338 1656 igitur
1367 1587 1510 1643 dico.
1534 1587 1616 1642 sui
1659 1603 1780 1642 esse

203 1664 419 1719 arbitrii
449 1667 745 1728 hominem.
773 1670 837 1725 Et
869 1671 1057 1727 Simon
1083 1694 1095 1729 :
1129 1674 1268 1742 Quid
1291 1686 1375 1732 est
1405 1679 1488 1733 sui
1523 1680 1779 1735 arbitrii?

201 1752 295 1809 die
325 1758 505 1812 nobis.
534 1757 726 1815 Petrus
759 1763 823 1814 ad
856 1763 970 1819 lmc
997 1785 1008 1819 :
1041 1765 1096 1819 Si
1128 1768 1463 1838 nihilpotest
1485 1769 1647 1833 disci.
1675 1786 1775 1825 cur

197 1853 254 1898 et
289 1847 482 1903 audire
510 1850 632 1905 vis?
652 1851 718 1906 Et
750 1853 938 1910 Simon
971 1874 986 1912 :
1017 1856 1162 1912 Nihil
1193 1859 1363 1917 habes
1393 1861 1462 1915 ad
1491 1863 1594 1916 hoc
1623 1863 1768 1933 quod
1801 1850 1843 1906 Β
1873 1884 1928 1931 ει
1965 1880 2011 1932 si
2048 1895 2156 1934 non
2193 1847 2348 1935 νιιιιυ
2369 1847 2621 1950 ηοιίθεη

201 1941 538 2007 respondeas
562 1943 585 1996 ?

268 2047 454 2104 XXlll.
489 2049 626 2106 Tum
676 2053 875 2112 Petrus
911 2077 926 2114 :
978 2057 1185 2124 Dicam,
1225 2079 1335 2118 non
1372 2080 1402 2118 a
1439 2074 1492 2121 te
1520 2071 1767 2139 compul-

193 2156 315 2206 sus,
368 2143 462 2198 scd
496 2145 566 2199 ab
595 2148 937 2206 auditoribus
981 2161 1223 2222 rogatus.
1256 2155 1483 2212 Arbitrii
1523 2168 1764 2228 potestas

189 2243 276 2290 est
327 2254 520 2293 sensus
561 2241 774 2304 anima),
803 2243 1007 2300 habens
1053 2247 1331 2313 virtutem,
1354 2265 1461 2320 qua
1491 2253 1661 2321 possit
1687 2255 1755 2308 ad

185 2343 329 2396 quos
358 2331 485 2384 velit
521 2341 676 2387 actus
700 2335 949 2390 inclinari
982 2337 1116 2408 (90).
1150 2338 1286 2394 Tum
1337 2339 1524 2399 Simon
1555 2347 1761 2401 collau-

187 2420 328 2475 dans
351 2419 570 2477 Petrum
613 2440 778 2496 super
815 2427 901 2482 bis
927 2445 1046 2498 qua:
1075 2431 1287 2486 dixerat
1319 2451 1332 2489 :
1366 2431 1522 2499 Vere,
1558 2436 1755 2508 inquit,

185 2511 475 2579 magnifice
497 2520 550 2566 et
573 2515 1081 2587 incomparabiliter
1099 2524 1423 2592 exposuisti,
1445 2526 1581 2583 bene
1609 2533 1754 2584 enim

180 2597 388 2653 dicenti
437 2603 534 2655 tibi
583 2603 754 2659 debeo
805 2608 1179 2668 testimonium
1217 2614 1344 2670 dare
1379 2636 1392 2669 :
1424 2617 1525 2672 hoc
1571 2626 1753 2678 tamen

180 2689 331 2756 quod
364 2701 414 2746 te
449 2692 722 2766 interrogo
754 2713 899 2751 nunc
928 2700 974 2755 si
1003 2706 1325 2772 exposueris
1358 2709 1510 2774 mihi,
1543 2711 1598 2766 in
1647 2727 1752 2768 ca:-

179 2782 319 2835 teris
369 2785 622 2841 omnibus
677 2790 1065 2862 obtemperabo
1111 2797 1245 2864 tibi;
1274 2800 1418 2868 quod
1468 2818 1599 2874 ergo
1631 2809 1751 2861 volo

76 2860 84 2874 ’
177 2869 396 2928 discere
423 2871 525 2930 hoc
553 2884 636 2931 est
666 2896 679 2934 :
714 2878 772 2933 Si
803 2860 946 2952 quod
983 2883 1126 2941 Deus
1157 2860 1270 2942 vult
1291 2860 1438 2960 esse,
1470 2860 1584 2962 est;
1617 2903 1671 2952 et
1701 2898 1751 2953 si

171 2961 323 3028 quod
355 2978 463 3019 non
494 2968 604 3022 vult
633 2984 774 3034 esse,
799 2988 906 3026 non
930 2975 1048 3029 est?
1073 2975 1140 3031 de
1170 2977 1271 3032 hoc
1301 2961 1576 3052 responde
1591 2987 1747 3042 mihi.

175 3051 240 3106 Et
294 3053 485 3150 Pet-rus
519 3077 532 3113 :
571 3059 625 3114 Si
682 3063 898 3135 ignoras
929 3067 1073 3137 quod
1125 3053 1362 3129 absurde
1388 3051 1442 3128 et
1471 3076 1748 3150 incompe-

170 3145 354 3195 tenter
381 3143 707 3218 interroges,
747 3152 1037 3222 ignoscens
1069 3157 1165 3211 tibi
1195 3159 1313 3231 ipse
1358 3179 1624 3234 exponam
1644 3143 1670 3235 ξ
1695 3171 1739 3224 si

169 3238 354 3286 autem
412 3238 524 3294 scis
574 3243 717 3310 quod
763 3244 1218 3318 inconsequenter
1257 3252 1596 3327 interrogas,
1630 3277 1738 3316 non

168 3332 321 3387 recte
344 3325 502 3384 facis.
546 3329 683 3386 Tum
712 3334 901 3391 Simon
936 3359 948 3393 :
977 3339 1130 3406 Juro,
1164 3344 1362 3416 inquit,
1396 3325 1567 3419 ipsam
1592 3370 1740 3425 quae-

167 3428 388 3486 cunque
416 3420 508 3474 illa
529 3431 614 3478 est
643 3441 910 3484 summam
940 3430 1306 3502 Divinitatem,
1324 3456 1445 3509 quae
1473 3420 1632 3500 habet
1657 3449 1740 3518 in»

161 3505 370 3562 dicium
401 3519 454 3565 et
483 3513 778 3571 vindictam
799 3519 851 3573 in
875 3537 968 3577 eos
991 3524 1084 3594 qui
1116 3505 1361 3596 peccant,
1394 3534 1520 3603 quia
1548 3505 1738 3607 ignoro

161 3598 297 3689 quid
326 3602 754 3675 incompetenter
784 3612 1012 3668 dixerim
1041 3624 1096 3671 et
1123 3619 1254 3689 quid
1285 3621 1339 3675 in
1380 3598 1736 3688 verbis'meis

157 3686 435 3747 habeatur
487 3697 810 3768 absurdum,
865 3704 920 3760 in
960 3707 1048 3764 his
1088 3686 1355 3768 duntaxat
1383 3732 1504 3788 quae
1533 3686 1736 3794 propo;

158 3793 269 3836 θυι.

226 3870 421 3933 XXIV.
446 3877 527 3977 {kd
555 3879 671 3938 haec
694 3881 889 3944 Petrus
918 3888 1242 3961 :Quoniatn,
1272 3898 1468 3971 inquit,
1496 3912 1546 3960 te
1575 3907 1730 3977 igno-

154 3976 279 4017 rare
336 3968 624 4029 confessus
673 3990 754 4040 es,
787 3977 957 4035 disce.
992 3968 1472 4058 Interrogatioﬁtua
1516 3968 1729 4055 duobus

151 4054 256 4109 sibi
290 4055 522 4115 invicem
553 4067 842 4121 contrariis
870 4085 1034 4126 unam
1059 4054 1382 4134 sententiam
1409 4089 1724 4155 postulavit.

149 4142 368 4203 Etenim
414 4155 594 4210 omnis
645 4167 825 4215 motus
876 4161 930 4218 in
961 4163 1100 4222 duas
1143 4177 1326 4238 partes
1356 4142 1727 4244 dividuum—ut

147 4239 400 4306 quzedam
462 4247 811 4316 necessitate,
851 4257 1098 4323 quaadam
1151 4263 1428 4322 voluntate
1468 4285 1726 4327 movean-

147 4336 256 4395 tur,
292 4342 348 4388 et
379 4351 442 4391 ea
468 4340 686 4408 quidem
717 4361 837 4414 qua:
863 4354 1167 4409 necessitas
1197 4367 1376 4414 movet
1405 4376 1621 4434 semper
1669 4368 1722 4422 in

143 4434 299 4482 motu
350 4441 495 4497 sunt,
550 4451 671 4506 quas
728 4456 856 4495 vero
907 4445 1158 4503 voluntas
1205 4467 1314 4507 non
1385 4471 1617 4528 semper.
1653 4460 1722 4516 Ut

1887 1320 2193 1378 arbitrium.
2237 1323 2382 1388 llatc,
2417 1337 2475 1380 ut
2523 1327 2657 1393 dixi,
2692 1347 2800 1383 non
2845 1347 3060 1404 semper
3089 1334 3237 1388 ineo
3267 1336 3460 1391 ordine

1885 1426 1994 1480 quo
2052 1425 2238 1472 creata
2285 1427 2412 1473 sunt
2463 1432 2800 1489 permanent,
2851 1426 2945 1479 sed
2998 1435 3156 1497 prout
3204 1430 3457 1483 voluntas

1881 1506 2103 1560 duxerit
2145 1516 2199 1562 et
2241 1512 2406 1565 animi
2444 1513 2712 1581 judicium
2749 1516 3125 1584 declinaverit,
3157 1521 3270 1575 sive
3298 1522 3454 1576 bonis

1881 1599 1995 1654 sive
2033 1601 2190 1657 malis
2220 1604 2550 1674 studebunt;
2592 1615 2648 1662 et
2687 1608 2810 1663 ideo
2841 1610 2977 1664 bene
3007 1613 3292 1682 agentibus
3329 1631 3451 1668 mn-

1881 1707 2011 1747 nera
2041 1696 2243 1762 posuit,
2278 1697 2419 1751 male
2459 1699 2746 1768 agentibus
2776 1717 2986 1771 poenas.

1948 1784 2114 1840 XXV.
2138 1786 2232 1841 Ais
2258 1803 2387 1859 ergo
2411 1798 2490 1855 tu,
2516 1792 2563 1846 si
2591 1791 2734 1848 Deus
2756 1795 2870 1846 vult
2889 1795 3095 1864 aliquid
3120 1781 3242 1853 esse
3264 1807 3444 1858 etest.

2659 1886 2867 1941 scilicet
2899 1900 2956 1941 ut
2983 1888 3028 1942 si
3059 1891 3444 1958 responderem

1872 1966 1999 2035 quia
2029 1968 2174 2036 quod
2200 1971 2313 2024 vult
2334 1978 2388 2024 (ι
2417 1978 2521 2034 est,
2553 1975 2696 2042 quod
2723 1987 2900 2030 autem
2929 1993 3036 2032 non
3067 1980 3181 2032 vult
3206 1997 3312 2034 non
3337 1991 3441 2043 est,

1867 2060 2078 2118 diceres
2110 2081 2123 2116 :
2150 2061 2291 2134 Ergo
2309 2063 2425 2134 ipse
2444 2066 2559 2119 vult
2575 2081 2696 2123 esse
2726 2070 2864 2124 mala
2885 2085 3004 2139 quae
3037 2071 3088 2124 in
3111 2071 3213 2126 hoc
3240 2074 3443 2126 n‘mm‘lo

1865 2162 2153 2222 geruntur,
2186 2159 2314 2226 quia
2373 2174 2535 2214 omne
2577 2161 2721 2230 quod
2772 2163 2886 2216 vult
2917 2163 3020 2217 hoc
3069 2174 3251 2230 etest,
3295 2168 3438 2235 quod

1864 2253 2046 2300 autem
2077 2264 2182 2302 non
2216 2250 2332 2303 vult
2357 2266 2466 2304 non
2503 2259 2606 2308 est.
2645 2251 2703 2306 Si
2733 2269 2862 2308 vero
2888 2257 3295 2324 respondissem
3331 2275 3438 2312 non

1862 2355 1984 2395 esse
2015 2339 2139 2403 hoc,
2185 2350 2240 2395 ut
2283 2343 2428 2412 quod
2476 2344 2591 2398 vult
2627 2344 2770 2399 Deus
2806 2347 2896 2411 sit,
2929 2357 2983 2400 et
3017 2348 3293 2415 quodnon
3321 2350 3436 2402 vult

1860 2447 1969 2486 non
2001 2435 2092 2498 sit,
2121 2442 2235 2488 tum
2276 2443 2482 2489 retorto
2515 2451 2766 2492 sermone
2797 2438 3040 2494 diceres:
3062 2437 3203 2510 Ergo
3232 2441 3434 2510 impos-

1857 2523 2033 2578 sibilis
2056 2533 2140 2579 est
2171 2525 2336 2589 Deus,
2357 2527 2404 2582 si
2429 2527 2574 2596 quod
2604 2529 2718 2581 vult
2742 2544 2848 2582 non
2881 2537 3077 2599 potest,
3097 2539 3148 2585 et
3171 2533 3433 2587 existeres

1859 2617 2214 2687 petulantior,
2250 2627 2310 2672 ut
2352 2619 2445 2689 qui
2479 2619 2615 2673 nihil
2648 2630 2856 2677 rectum
2896 2621 3121 2686 dixeris,
3145 2624 3343 2678 vicisse
3380 2634 3432 2677 te.

1855 2707 2128 2764 crederes.
2156 2707 2222 2762 Et
2247 2709 2368 2764 ideo
2389 2712 2629 2780 ignoras,
2654 2727 2686 2765 ο
2712 2709 2922 2777 Simon,
2945 2720 2998 2766 et
3015 2713 3168 2768 valde
3185 2714 3425 2784 ignoras,

1851 2799 2122 2868 quomodo
2172 2800 2225 2853 in
2274 2800 2502 2871 singulis
2553 2803 2860 2874 quibusque
2905 2805 3159 2860 voluntas
3203 2807 3275 2861 sit
3308 2805 3423 2860 Dei.
3511 2801 3520 2820 ¹

1850 2891 2162 2957 Quasdam”
2184 2892 2330 2948 enim
2360 2893 2548 2960 voluit,
2573 2903 2632 2948 ut
2651 2895 3000 2961 diximus,ita
3029 2912 3171 2962 esse,
3197 2907 3253 2951 ut
3277 2900 3423 2952 aliud

1847 2997 1972 3038 esse
2004 3000 2113 3038 non
2163 2992 2388 3056 possent
2423 3001 2584 3056 quam
2627 2987 2681 3040 id
2705 2987 2850 3058 quod
2893 2987 2962 3042 ab
3023 2989 3141 3058 ipso
3172 2989 3421 3043 instituta

1848 3083 1998 3139 sunt,
2027 3083 2080 3130 et
2111 3076 2196 3131 his
2230 3092 2403 3148 neque
2436 3079 2655 3148 praemia
2685 3095 2861 3150 neque
2893 3081 3158 3151 supplicia
3191 3081 3417 3149 statuit;

1767 3200 1817 3266 ο
1846 3183 1910 3222 ea
1962 3184 2089 3224 vero
2136 3186 2258 3239 qua:
2302 3171 2376 3224 ita
2421 3186 2543 3226 esse
2600 3171 2790 3235 voluit,
2822 3181 2880 3226 ut
2921 3173 2976 3226 in
3019 3189 3119 3228 sua
3151 3181 3418 3242 potestate

1847 3261 2084 3316 habeant
2134 3277 2294 3332 agere
2340 3262 2484 3332 quod
2519 3263 2703 3327 velint,
2737 3263 2822 3319 his
2844 3279 2945 3334 pro
2976 3265 3195 3320 actibus
3228 3280 3290 3318 ac
3321 3281 3418 3319 vo-

1842 3352 2143 3408 luntatibus
2177 3353 2294 3408 suis
2327 3355 2540 3414 statuit.
2573 3363 2632 3408 ut
2665 3362 2758 3408 aut
2788 3355 3264 3409 remunerationes
3295 3370 3414 3408 me-

1840 3451 2064 3498 reantur
2105 3451 2201 3498 aut
2256 3459 2467 3514 pinnas.
2518 3444 2654 3500 Cum
2697 3461 2827 3516 ergo
2859 3447 2914 3500 in
2962 3446 3100 3500 duas
3131 3455 3189 3500 ut
3215 3445 3410 3499 edocui

1840 3546 2023 3608 partes
2050 3537 2368 3593 dividantur
2391 3547 2590 3594 cuncta
2616 3555 2738 3609 qum
2768 3547 3074 3603 moventur,
3108 3537 3406 3594 secundum

1836 3648 1954 3686 eam
1979 3647 2142 3702 quam
2175 3647 2342 3703 supra
2365 3631 2602 3688 diximus
2625 3632 3054 3695 distinctionem,
3078 3646 3239 3686 omne
3262 3630 3410 3700 quod

1838 3729 1950 3781 vult
1982 3726 2124 3781 Deus
2159 3733 2264 3790 est,
2288 3727 2435 3797 quod
2466 3734 2646 3781 autem
2681 3740 2789 3779 non
2825 3725 2940 3778 vult
2963 3738 3070 3777 non
3104 3730 3207 3778 est.

1906 3816 2096 3872 XXVI.
2130 3817 2197 3872 Et
2253 3816 2440 3872 Simon
2493 3817 2561 3870 ad
2614 3817 2727 3870 haec
2759 3835 2772 3870 :
2809 3814 3001 3870 Nonne
3043 3824 3256 3885 poterat
3304 3829 3406 3868 nos

1831 3925 2020 3965 omnes
2062 3910 2239 3964 facere
2269 3910 2406 3963 tales
2441 3915 2501 3961 ut
2533 3922 2781 3962 essemus
2806 3905 2957 3968 boni.
3001 3915 3055 3962 et
3084 3905 3232 3960 aliud
3281 3923 3404 3960 esse

1831 4018 1937 4058 non
1969 4001 2295 4072 possemus?
2324 3999 2519 4055 Petrus
2547 3999 2842 4070 respondet
2879 4019 2891 4053 :
2927 3998 2992 4052 Et
3028 3999 3131 4052 hoc
3165 3996 3404 4053 absurde

1828 4093 2156 4164 interrogas.
2192 4092 2249 4146 Si
2282 4091 2427 4146 enim
2458 4097 2560 4146 nos
2593 4090 3023 4151 inconvertibilis
3070 4097 3280 4145 natura
3317 4088 3401 4143 fe-

1827 4189 1995 4244 cisset
2032 4194 2088 4242 et
2114 4184 2418 4240 immobiles
2448 4199 2478 4238 a
2510 4183 2802 4247 bono,non
2827 4197 3074 4238 essemus
3101 4197 3222 4236 vere
3245 4180 3395 4245 boni,

1825 4281 1953 4351 quia
2000 4278 2148 4334 aliud
2196 4295 2316 4334 esse
2346 4294 2460 4332 non
2496 4291 2816 4347 possemus;
2849 4281 2903 4332 et
2939 4290 3048 4328 non
3075 4281 3194 4328 erat
3222 4272 3395 4330 nostri

1822 4372 2088 4444 propositi
2133 4369 2279 4440 quod
2341 4383 2563 4426 eramus
2627 4367 2774 4427 boni,
2807 4379 2911 4420 nec
2973 4372 3224 4418 nostrum
3276 4372 3394 4418 erat
3447 4415 3451 4417 .

1823 4464 1970 4536 quod
2013 4465 2308 4534 agebamus
2341 4461 2436 4518 sed
2467 4459 2813 4516 necessitatis
2845 4465 3074 4514 naturae.
3108 4456 3394 4524 Quomodo

141 4517 295 4572 verbi
321 4524 494 4590 gratia
523 4525 722 4595 dicam,
750 4534 883 4589 solis
912 4544 1092 4593 motus
1130 4544 1458 4603 necessitate
1491 4517 1712 4608 ducitur
1755 4542 1797 4596 D
1825 4517 1955 4628 ergo
2011 4517 2114 4611 hoc
2161 4559 2366 4613 bonum
2416 4554 2650 4616 dicetur,
2687 4551 2831 4622 quod
2871 4543 2938 4605 εἰς
2975 4550 3254 4620 proposito
3281 4563 3388 4602 non

142 4611 201 4660 ut
257 4619 527 4670 statutum
581 4624 852 4693 compleat
917 4643 1164 4697 cursum,
1199 4637 1488 4709 omnisque
1534 4652 1708 4702 status

1815 4650 2035 4722 agitur?
2065 4646 2148 4704 Ob
2180 4647 2283 4701 hoc
2307 4653 2486 4700 autem
2511 4643 2624 4715 (9|)
2655 4649 2708 4698 et
2736 4639 3125 4713 prolixioribus
3155 4637 3389 4708 indiguit

210 4817 259 4849 ⁸⁸
301 4817 577 4875 Vocabula
609 4823 739 4916 (1qu
769 4837 1282 4916 autept—cqizservat
1303 4857 1365 4894 ea
1390 4850 1443 4898 et
1484 4843 1597 4901 lucc
1636 4857 1693 4901 ut
1723 4849 2188 4908 dixia-estudebunt
2243 4862 2352 4904 non
2382 4844 2637 4916 leguntur
2669 4844 2725 4898 in
2754 4841 2912 4900 codd.
2928 4840 3076 4915 Lips.
3145 4841 3189 4872 '9
3229 4840 3388 4906 θυίν-

134 4883 431 4944 dam—uut
456 4908 633 4961 paruas
665 4896 863 4954 desunt
891 4901 944 4954 in
976 4883 1279 4975 cedifbip‘s.

1426 5063 1793 5126 COTELERII
1829 5068 2056 5125 norm.
3057 5163 3073 5178 δ
3145 5099 3188 5154 ,λ-

2953 5208 2960 5224 γ’
2998 5180 3032 5196 ρ
3106 5183 3169 5226 τρι

201 5249 1542 5338 (90)Arbitriipotestasest...instigaricregorius
1561 5263 1696 5334 Nys—
1804 5269 1962 5336 λόγου
2001 5267 2112 5323 τῶν
2158 5265 2541 5338 Περιόδων.ν...ι
2595 5264 2693 5338 Atii
2733 5265 3154 5338 reroApexpoﬁ
3197 5267 3382 5338 ἐδέησε

128 5335 332 5404 ξθημδε
369 5323 1153 5404 Λὺτεξου.σιὰτῃς“ὲστὶ⁴ψυχῇς
1195 5323 1414 5402 λογικῆς
1459 5325 1697 5404 θέληάις,

126 5391 363 5473 Enipei;
391 5395 680 5473 xtvoupév-q
701 5391 779 5473 si;
796 5396 932 5473 ᾇπερ
957 5391 1022 5473 a'y
1225 5391 1485 5473 atqué'ex
1510 5391 1700 5460 Grmc'o

126 5461 467 5535 Diailochus,
509 5461 583 5519 De
599 5461 913 5534 perfectione
935 5461 1224 5535 spirituali.

198 5531 314 5599 (9!)
351 5532 428 5587 0b
446 5533 540 5588 hoc
571 5531 767 5600 autem,
798 5544 904 5591 etc.
933 5531 1276 5595 Collectanea
1311 5556 1468 5596 sacra
1501 5541 1558 5598 S.
1599 5543 1706 5598 Da-

123 5603 398 5676 masceni.
431 5620 552 5673 quae
588 5606 642 5660 in
676 5607 864 5676 multis
891 5608 1107 5663 diversa
1135 5611 1204 5664 ab
1237 5613 1476 5676 excusis,
1507 5622 1563 5669 et
1603 5629 1702 5668 au-

66 5709 67 5712 η
123 5671 308 5752 giora
333 5671 626 5752 servantur
652 5677 794 5752 apud
819 5675 1008 5752 Patres
1031 5677 1322 5736 Societatis
1343 5671 1495 5746 Jesu,
1521 5685 1702 5752 capite

124 5739 262 5824 ρερὶ
284 5743 521 5824 ᾁμεοιϐῆε
531 5747 629 5824 aut
641 5739 1044 5824 ἀῦταπᾳδόσεῳς
1062 5751 1310 5824 ὲνὴμῗέρᾳ.
1330 5739 1728 5824 κρίσεώς-,ξηρά

120 5809 231 5865 Τοῦ
276 5809 432 5881 chi/loc
474 5809 793 5888 ’Κλήμεντος
826 5809 1123 5873 ὲπισκὸἆτου
1152 5809 1390 5894 ’Ῥῶξιηξ
1429 5824 1492 5876 ὲκ
1525 5809 1617 5876 ’ἑὸῦ
1655 5831 1702 5875 α’

1805 5335 1996 5420 χρόνῳ
2042 5341 2073 5420 ξ
2091 5335 2348 5420 ..κόσμοςέ
2392 5335 2733 5420 μέχρῆιςὶᾶνρ
2765 5335 2843 5420 at}?
2866 5335 3009 5420 ,Θεῷ
3042 5335 3382 5420 πρεξερισρξὶς

1805 5353 1996 5420 χρονου
2042 5353 2070 5392 ο
2091 5353 2348 5418 ..κοσμοςέ
2392 5353 2583 5406 μεχρις
2610 5353 2733 5419 ave
2765 5353 2843 5405 τῳ
2892 5353 3009 5407 acip
3042 5353 3377 5457 «poematia:

1805 5427 1912 5462 των
1939 5408 2155 5477 ἀγαοων
2198 5409 2384 5478 ψυχων
2419 5406 2646 5478 ἀριθμὸς
2676 5406 3073 5478 ςιναπῖλήρῳσινΔ
3116 5407 3240 5478 αϐῃ.
3273 5408 3377 5478 Καὶ

1803 5479 1924 5532 τότε
1959 5467 2014 5533 ἀι
2043 5478 2151 5532 τῶν
2183 5467 2399 5546 ἄγάὺῶν
2431 5467 2639 5546 «Sextil..-
2659 5477 2734 5540 ὠς
2759 5467 2973 5547 φῷξτᾲ
3013 5467 3239 5547 σώματῶ
3270 5476 3378 5547 ἅμ-

1766 5531 2098 5618 ’φιέσοθήαν
2154 5550 2209 5603 αἱ
2232 5531 2320 5601 Ῡόὲ
2361 5531 2474 5618 τῶίζ
2509 5531 2878 5618 ὶσέὁῶῦξδιᾶ
2909 5546 3016 5618 τῶν
3053 5531 3378 5618 ἁίςαθάρτῲν

1805 5615 2068 5690 ᾑρᾴξεωγ
2100 5618 2310 5690 mrem?)
2345 5615 2614 5690 ﬂveﬁua‘rf.
2660 5617 3095 5690 ἀνᾳκεκραμέναι
3121 5656 3146 5690 1
3175 5615 3255 5680 εὶξ
3283 5615 3376 5690 ςτδκο

1807 5638 2055 5690 πραςεων
2100 5638 2172 5671 πυ
2217 5638 2310 5688 ινῳ
2345 5638 2614 5687 πνευματῑ
2660 5638 3146 5702 ανακεκραμεναιῶ
3175 5638 3255 5680 εις
3283 5638 3375 5700 :CO‘I

1807 5689 1968 5774 suam
1991 5688 2082 5742 τοῦ
2107 5638 2370 5774 dogs???
2395 5688 2568 5760 πυρὸς
2591 5687 2913 5774 ῥνεχβξῖσαι,
2946 5687 3024 5749 εἰς
3053 5703 3225 5774 ξεωνα
3248 5705 3375 5747 xsu-

1805 5745 2238 5832 δωνισθήσοντςι.
2260 5758 2393 5814 Vide
2422 5745 2799 5830 eiipérius'lib.
2835 5773 2874 5826 ι,
2900 5745 3026 5829 'cap'.
3051 5756 3140 5812 si.
