3976 6340
505 370 646 429 i295

1346 365 1405 419 S.
1444 358 1836 420 CLEMENTIS
1873 358 1891 411 Ι
1931 354 2099 410 ROM.
2140 351 2343 408 ΡΟΝΤ.
2382 349 2607 407 OPERA
2646 347 2873 404 DUBIA.

3608 333 3753 391 1296

502 487 741 544 mundus
785 486 888 540 iste
945 480 1307 553 temporibus,
1369 478 1544 533 donec
1594 478 1901 531 animarum
1952 472 2149 544 quch
2180 484 2277 537 per
2345 463 2816 535 incorruptibilia,
2872 459 2967 515 sed
3023 462 3184 527 prout
3242 450 3476 553 voluerit

502 578 898 650 praedestinata:
941 583 1093 637 sunt,
1124 573 1189 627 ad
1239 571 1599 642 expletionem
1645 569 1765 637 ejus
1815 580 2075 621 numerus

505 670 842 740 impleretur,
870 676 923 721 et
974 674 1105 719 tunc
1158 664 1303 719 istud
1362 663 1580 732 quidem
1613 659 1824 715 visibile
1875 658 2076 712 cmlum

505 761 878 816 revolveretur
906 765 965 811 ut
998 758 1155 821 liber,
1188 754 1321 809 illud
1357 769 1486 808 vero
1519 751 1663 825 quod
1704 758 1787 806 est
1822 749 2077 820 superius

504 858 885 923 appareret,et
912 849 1107 903 animae
1135 848 1419 902 beatorum
1452 844 1776 913 corporibus
1809 843 1925 898 suis
1953 842 2079 896 red-

505 944 633 999 dita:
662 943 1053 998 inducerentur
1087 940 1144 994 in
1175 939 1372 1002 lucem,
1408 937 1698 1007 impiorum
1732 950 1861 990 vero
1885 936 2079 988 anima:

507 1052 608 1107 pro
648 1033 942 1090 immundis
971 1032 1183 1088 actibus
1216 1031 1331 1086 suis
1353 1030 1546 1099 spiritu
1569 1029 1817 1082 ﬂammeo
1846 1027 2083 1081 circum-

507 1130 668 1193 datae,
719 1126 773 1181 in
816 1125 1141 1197 profundum
1178 1122 1319 1193 ignis
1362 1119 1821 1192 inexstinguibilis
1873 1134 2083 1187 merge-

511 1228 723 1284 rentur,
778 1233 881 1288 per
933 1217 1190 1272 saeculum
1246 1228 1564 1283 expensura:
1609 1211 1897 1281 supplicia.
1958 1209 2083 1264 Ilwc

508 1317 691 1364 autem
751 1310 823 1363 ita
868 1324 990 1364 esse
1043 1323 1202 1361 verus
1234 1306 1391 1359 nobis
1422 1305 1683 1376 prepheta
1714 1312 1945 1359 testatus
1976 1311 2081 1367 est,

511 1400 577 1454 de
594 1416 703 1469 quo
723 1400 768 1454 si
795 1400 877 1454 vis
903 1412 1197 1468 agnoscere
1224 1397 1349 1466 quia
1377 1396 1640 1465 propheta
1670 1396 1761 1459 sit,
1783 1393 2085 1448 innumeris

511 1492 909 1547 assertionibus
963 1490 1221 1546 edocebo.
1274 1488 1353 1542 Ex
1411 1488 1495 1543 his
1549 1489 1694 1543 enim
1745 1502 1867 1558 quae
1904 1487 1972 1541 ab
2021 1502 2086 1541 eo

513 1584 658 1638 dicta
707 1591 856 1649 sunt,
885 1594 939 1639 et
986 1599 1135 1637 nunc
1171 1582 1383 1653 singula
1414 1597 1534 1650 quae
1564 1582 1702 1635 dixit
1756 1580 2084 1649 implentur;

514 1677 675 1731 etiam
728 1692 793 1731 ea
841 1690 960 1746 qua:
1006 1674 1191 1728 futura
1242 1675 1400 1739 dixit,
1436 1673 1736 1728 creduntur
1792 1670 2085 1742 implenda,

519 1767 652 1823 ﬁdes
677 1769 820 1822 enim
846 1767 1048 1821 futuris
1069 1782 1137 1822 ex
1166 1767 1253 1822 his
1285 1783 1405 1837 quae
1428 1768 1540 1837 jam
1572 1775 1722 1837 gesta
1747 1772 1875 1821 sunt
1904 1764 2085 1819 datur.

587 1857 803 1912 XXVII.
826 1856 891 1912 At
912 1856 1101 1914 Simon
1130 1858 1217 1911 cui
1249 1866 1585 1927 compertum
1607 1864 1744 1919 erat,
1777 1856 1999 1910 Petrum
2021 1855 2088 1910 de

519 1950 816 2019 prophetia:
868 1949 1031 2004 titulo
1088 1949 1328 2004 dilucide
1381 1950 1662 2019 assignare
1711 1950 2090 2009 rationem.ex

520 2054 629 2108 quo
686 2042 916 2108 quaestio
958 2041 1139 2094 omnis
1197 2040 1517 2099 absolvitur.
1545 2055 1853 2095 sermonem
1886 2040 1959 2095 de
1986 2040 2091 2106 hoc

522 2130 639 2185 ﬁeri
671 2129 988 2195 declinavit,
1015 2138 1068 2185 et
1094 2131 1434 2199 respondens
1472 2131 1586 2185 ait:
1615 2129 1695 2183 Ad
1725 2145 1787 2185 ea
1820 2144 1941 2200 quae
1968 2129 2091 2183 volo

522 2222 792 2291 responde
815 2223 946 2276 mihi
974 2222 1201 2288 etdic,si
1225 2222 1439 2277 visibile
1471 2224 1638 2289 istud,
1669 2233 1728 2279 ut
1756 2226 1860 2290 ais,
1892 2224 2090 2278 coelum

524 2312 850 2374 resolvetur,
888 2327 986 2365 cur
1044 2328 1111 2366 ex
1164 2312 1320 2366 initio
1371 2312 1573 2367 factum
1635 2314 1757 2367 est?
1793 2312 2095 2384 Respondit

525 2399 722 2459 Petrus
759 2423 772 2458 :
802 2403 1033 2474 Propter
1055 2404 1336 2459 hominum
1374 2412 1696 2475 praesentem
1728 2405 1869 2459 hanc
1893 2406 2094 2459 factum

525 2508 609 2552 est
654 2500 839 2560 vitam,
886 2504 945 2551 ut
989 2506 1135 2553 esset
1180 2498 1483 2566 interjectio
1515 2498 1762 2569 qua-dam
1791 2504 1846 2553 et
1870 2498 2092 2560 divisio,

526 2603 611 2642 ne.
631 2592 753 2657 quis
792 2588 929 2643 forte
978 2589 1236 2659 indignus
1269 2590 1659 2645 habitationem
1691 2590 1994 2645 cmlestium
2042 2596 2097 2643 et

525 2680 621 2735 Dei
647 2680 819 2750 ipsius
848 2681 1035 2736 sedem
1068 2682 1297 2745 videret,
1339 2697 1460 2751 quae
1492 2682 1576 2737 his
1607 2683 1739 2736 solis
1763 2683 1854 2752 qui
1894 2680 2097 2735 mundo

528 2772 696 2827 corde
722 2782 846 2826 sunt
866 2772 911 2803 ⁹⁰
937 2771 1167 2829 videnda
1189 2780 1585 2843 praeparantur.
1618 2771 1773 2827 Nunc
1802 2780 2003 2838 autem,
2042 2771 2098 2826 id

533 2872 620 2919 est
671 2864 862 2933 agonis
915 2872 1192 2933 tempore,
1249 2864 1540 2918 invisibilia
1592 2878 1713 2919 esse
1759 2864 1962 2935 placuit
2012 2879 2095 2929 ea,

529 2970 652 3023 qua:
701 2954 1048 3009 vincentibus
1084 2955 1148 3009 ad
1202 2955 1485 3024 prmmium
1546 2956 1815 3011 destinata
1866 2965 2012 3011 sunt.
2037 2955 2100 3009 Et

533 3048 725 3101 Simon
750 3047 857 3100 ait:
885 3044 941 3100 Si
973 3046 1226 3102 conditor
1254 3048 1429 3102 bonus
1451 3054 1609 3102 estet
1634 3048 1870 3103 mundus
1899 3048 2096 3115 bonus,

2182 559 2348 622 Deus,
2377 558 2450 611 ita
2480 564 2532 611 et
2562 564 2719 611 erunt
2746 553 2837 606 illa
2878 565 2997 621 qua:
3044 555 3215 602 creat.
3247 544 3436 614 Neque
3469 540 3623 595 enim
3655 538 3757 592 sub

2179 652 2296 718 lege
2326 655 2410 704 est
2444 649 2620 702 virtus
2658 644 2776 709 Dei,
2805 642 2900 698 sed
2922 643 3007 696 lex
3046 639 3317 694 creaturis
3348 636 3466 691 suis
3494 633 3758 687 voluntas

2178 742 2299 810 ejus
2337 748 2440 796 est.
2466 736 2785 810 .Respondit
2817 742 2869 790 et
2911 732 3138 787 Simon:
3173 729 3386 784 Revoco
3435 735 3513 793 te,
3550 724 3756 795 inquit,

2182 834 2249 888 ad
2270 833 2498 902 primam
2529 827 2905 900 quaestionem,
2939 824 3128 879 dixisti
3151 822 3317 877 Deum
3349 834 3500 874 nunc
3528 818 3760 888 quidem

2180 925 2315 980 nulli
2348 938 2471 978 esse
2492 920 2783 983 visibilem,
2806 932 2930 972 cum
2952 931 3084 971 vero
3111 914 3411 969 resolutum
3442 909 3623 964 fuerit
3651 921 3764 960 cm-

2182 1019 2296 1072 Ium
2347 1016 2493 1071 istud
2547 1023 2600 1068 et
2640 1027 2913 1083 supernus
2956 1009 3047 1064 ille
3081 1015 3259 1062 status
3306 1003 3461 1074 regni
3509 999 3765 1055 caelestis

2183 1106 2494 1168 oquIserit,
2526 1111 2657 1158 tunc
2685 1118 2781 1158 eos
2812 1101 2903 1173 qui
2932 1098 3122 1153 mundi
3144 1104 3270 1152 sunt
3302 1095 3469 1149 corde
3493 1092 3569 1155 ⁹¹,
3592 1091 3763 1145 etiarn

2184 1195 2351 1250 Deum
2389 1194 2639 1258 visuros;
2686 1205 2807 1262 quae
2862 1189 3133 1244 sententia
3177 1185 3454 1240 contraria
3500 1189 3591 1237 est
3638 1179 3763 1250 legi,

2184 1288 2261 1343 ibi
2302 1287 2447 1341 enim
2478 1286 2743 1355 scriptum
2765 1291 2848 1337 est
2880 1281 3047 1337 Deum
3077 1278 3285 1334 dixisse
3324 1297 3337 1331 :
3364 1275 3541 1330 Neirio
3566 1274 3765 1328 uidebit

2186 1378 2374 1448 faciem
2400 1392 2568 1430 meam
2593 1384 2641 1429 et
2670 1375 2802 1428 vivet
2822 1374 2890 1426 ⁸⁸.

2259 1467 2425 1521 XXX.
2470 1466 2536 1521 Et
2580 1464 2776 1519 Petrus
2825 1458 3265 1533 responditzllis
3292 1458 3383 1529 qui
3419 1458 3605 1526 legem
3655 1469 3768 1508 non

2189 1577 2253 1617 ex
2286 1559 2580 1613 traditione
2609 1556 2778 1627 Moysi
2810 1556 3017 1625 legunt,
3053 1552 3361 1606 contrarius
3390 1549 3620 1604 videtur
3652 1563 3771 1602 ser—

2190 1670 2281 1709 mo
2311 1668 2485 1713 meus.
2519 1652 2614 1707 sed
2658 1650 2786 1704 audi
2822 1647 3095 1719 quomodo
3134 1660 3247 1700 non
3299 1645 3371 1699 sit
3420 1640 3767 1697 contrarius.

2192 1743 2335 1798 Deus
2360 1742 2571 1797 videtur
2605 1748 2785 1795 mente
2811 1753 2917 1794 non
2950 1752 3201 1807 corpore,
3220 1735 3417 1805 spiritu
3441 1749 3557 1786 non
3575 1747 3766 1801 carne.

2120 1805 2162 1861 Β
2194 1832 2349 1888 Unde
2381 1842 2436 1887 et
2469 1831 2646 1903 angeli
2676 1829 2769 1901 qui
2801 1839 2930 1885 sunt
2978 1805 3225 1898 spiritus,
3257 1826 3444 1879 vident
3481 1822 3682 1885 Deum,
3716 1830 3772 1876 et

2190 1926 2442 1979 homines
2492 1939 2621 1994 ergo
2670 1911 2844 1976 donec
2893 1921 3141 1975 homines
3174 1927 3322 1982 sunt,
3371 1916 3551 1971 Deum
3582 1916 3773 1969 videre

2191 2034 2301 2073 non
2343 2024 2593 2088 possunt.
2628 2014 2704 2079 Ex
2743 2015 3139 2069 resurrectione
3182 2019 3359 2065 autem
3393 2019 3769 2070 mortuorum,

2193 2128 2317 2167 cum
2373 2110 2500 2163 facti
2553 2107 2755 2163 fuerint
2817 2105 2961 2161 sicut
3020 2105 3214 2175 angeli,
3250 2103 3438 2157 videre
3506 2110 3772 2174 poterunt

2194 2202 2361 2259 Deum
2387 2203 2453 2257 ⁸³.
2487 2200 2551 2254 Et
2597 2201 2699 2254 hoc
2752 2198 2913 2252 modo
2952 2212 3062 2251 non
3104 2204 3189 2253 est
3226 2211 3409 2251 sermo
3452 2177 3647 2251 meus.
3675 2196 3771 2264 legi

2195 2297 2525 2359 contrarius,
2559 2310 2735 2364 neque
2778 2292 2912 2347 illud
2949 2292 3094 2362 quod
3119 2290 3378 2362 magister
3400 2306 3569 2344 meus
3592 2290 3766 2345 dixit:

2196 2390 2349 2445 Beati
2380 2387 2572 2442 mundo
2615 2386 2788 2449 corde,
2816 2386 3064 2454 quoniam
3100 2384 3198 2451 ipsi
3222 2381 3389 2435 Deum
3420 2380 3680 2435 videbunt
3703 2382 3763 2435 ’⁸.

2196 2478 2460 2534 Futurum
2501 2478 2644 2531 enim
2682 2484 2897 2546 tempus
2938 2474 3192 2536 ostendit,
3215 2472 3271 2526 in
3295 2489 3407 2542 quo
3432 2488 3506 2526 ex
3536 2472 3770 2526 homini-

2198 2570 2301 2625 bus
2357 2568 2533 2639 angeli
2583 2569 2735 2629 tient,
2791 2565 2957 2636 qui“
2990 2565 3043 2617 in
3101 2564 3295 2633 spiritu
3361 2563 3572 2617 mentis
3606 2561 3771 2616 Deum

2198 2662 2478 2719 videbunt.
2500 2658 2629 2714 Post
2656 2659 2769 2712 hiec
2796 2666 2974 2711 autem
3006 2655 3166 2711 verba
3198 2655 3483 2724 multaque
3548 2654 3658 2708 alia
3691 2654 3772 2708 bis

2201 2753 2421 2815 similia,
2449 2767 2572 2806 cum
2598 2749 2928 2820 juramentis
2960 2746 3212 2817 pluribus
3255 2745 3538 2797 allirmare
3586 2744 3772 2796 Simon

2200 2848 2365 2916 coepit
2394 2844 2582 2898 dicens
2614 2860 2626 2893 :
2654 2841 2728 2895 De
2760 2840 2863 2894 hoc
2917 2839 3049 2892 mihi
3103 2839 3221 2894 solo
3273 2838 3546 2891 rationem
3580 2836 3772 2901 redde,
3860 2870 3869 2879 ο

2201 2941 2246 2996 si
2276 2935 2601 2993 immortalis
2632 2941 2717 2989 est
2744 2933 2947 2996 anima,
2992 2939 3046 2986 et
3089 2931 3366 3001 obsequar
3408 2931 3458 2982 in
3511 2928 3777 2981 omnibus

2202 3029 2465 3086 voluntati
2496 3037 2620 3093 tuae,
2656 3026 2748 3081 sed
2782 3025 3045 3087 crastino,
3070 3023 3269 3093 inquit,
3305 3038 3427 3076 nam
3457 3021 3621 3075 hodie
3653 3020 3776 3089 jam

531 3136 806 3208 quomodo
833 3136 1010 3190 bonus
1032 3136 1173 3190 bona
1202 3138 1461 3193 dissolvet
1488 3137 1818 3207 aliquando?
1844 3137 1899 3191 Si
1919 3100 2100 3194 autem
2126 3155 2170 3212 ρ
2204 3124 2417 3179 tardum
2450 3128 2553 3177 05L
2598 3121 2696 3175 Ubi
2738 3133 2867 3189 ergo
2898 3116 3065 3212 ςωρὶι
3103 3115 3287 3170 dicere
3323 3112 3543 3212 Pelii“.
3572 3100 3781 3212 £53316“

533 3229 795 3283 dissolvet
840 3227 985 3297 quod
1024 3229 1227 3283 bonum
1287 3236 1391 3295 est,
1437 3230 1719 3301 ‘quomodo
1766 3232 1882 3301 ipse
1924 3230 2102 3286 bonus

533 3317 837 3372 videbitur?
884 3314 942 3372 Si
992 3327 1173 3373 autem
1222 3320 1379 3389 quasi
1434 3320 1635 3374 malum
1663 3319 1898 3374 resolvet
1922 3330 1976 3374 et
2010 3320 2105 3375 de-

534 3414 730 3472 struet,
762 3407 1033 3477 quomodo
1082 3424 1190 3464 non
1235 3409 1505 3465 videbitur
1560 3410 1737 3464 malus
1775 3408 1868 3480 qui
1900 3410 2103 3464 malum

537 3500 709 3556 fecit?

607 3595 843 3654 XXVIII.
860 3595 1054 3653 Petrus
1071 3594 1133 3650 ad
1158 3596 1270 3650 ιιτιεα
1297 3614 1310 3650 :
1336 3592 1626 3660 Quoniam,
1643 3594 1840 3664 inquit,
1865 3610 2109 3668 spopon-

538 3683 721 3741 dimus
751 3688 871 3750 tibi,
914 3703 983 3741 ne
1029 3686 1494 3757 blasphemautem
1544 3693 1596 3739 te
1644 3684 1946 3755 fugiamus,
1992 3687 2109 3756 ipse

538 3777 684 3830 enim
734 3778 928 3834 reddes
973 3794 1073 3848 pro
1123 3778 1208 3832 his
1247 3792 1365 3847 quae
1403 3776 1642 3846 loqueris
1683 3778 1972 3845 rationem,
2014 3795 2110 3850 pa-

540 3870 739 3924 tienter
797 3871 1043 3926 ferimus.
1101 3870 1241 3924 Audi
1305 3883 1433 3939 ergo
1484 3885 1631 3923 nunc
1665 3888 1677 3923 :
1711 3868 1923 3923 C(elum
1961 3870 2109 3933 istud

502 4031 517 4044 .
542 3963 689 4031 quod
727 3963 939 4016 visibile
969 3970 1052 4018 est
1082 3970 1136 4016 et
1179 3961 1499 4031 pertransit,
1538 3960 1584 4016 si
1624 3962 1843 4031 quidem
1892 3969 2112 4033 propter

544 4054 895 4124 semetipsum
939 4053 1155 4126 factum
1202 4062 1369 4117 esset,
1401 4053 1624 4108 haberet
1684 4051 1917 4108 fortasse
1966 4056 2112 4124 quod

542 4146 683 4201 dicis
716 4146 921 4216 aliquid
954 4146 1204 4208 rationis.
1229 4146 1355 4216 quia
1386 4146 1583 4201 resolvi
1618 4145 1842 4219 minime
1871 4147 2109 4203 deberet.

548 4236 608 4292 Si
636 4253 762 4292 vero
779 4247 1000 4308 propter
1028 4238 1175 4292 aliud
1196 4239 1325 4308 quid
1357 4238 1556 4293 factum
1582 4247 1734 4294 estet
1756 4255 1864 4294 non
1893 4248 2115 4310 prepter

545 4345 627 4393 se,
659 4332 972 4386 necessario
1025 4332 1287 4395 solvethr,
1334 4339 1394 4384 ut
1435 4330 1569 4385 illud
1616 4348 1713 4403 pro
1749 4348 1859 4402 quo
1911 4332 2113 4388 factum

548 4422 763 4477 videtur
791 4431 1069 4492 appareat.
1102 4422 1256 4478 Sicut
1285 4424 1435 4479 verbi
1467 4424 1642 4493 gratia
1688 4423 1940 4487 dixerim,
1972 4431 2113 4479 testa

2205 3231 2462 3289 egressus
2510 3223 2593 3268 est
2643 3220 2697 3266 et
2751 3226 2874 3264 cum
2917 3210 3036 3279 ipso
3078 3205 3338 3277 perpauci
3386 3221 3450 3260 ex
3487 3204 3780 3257 sodalibus

2207 3311 2346 3379 ejus,
2400 3314 2454 3361 et
2494 3305 2597 3358 hoc
2640 3317 2749 3373 prae
2796 3297 3142 3355 verecundia.
3178 3295 3373 3350 Caateri
3403 3310 3534 3348 vero
3585 3308 3781 3347 omnes

2207 3403 2274 3457 ad
2294 3402 2513 3456 Petrum
2535 3395 2804 3455 conversi,
2839 3393 3067 3465 genibus
3099 3389 3315 3461 positis,
3350 3386 3780 3457 prosternebant

2210 3511 2268 3551 se
2296 3504 2421 3548 ante
2451 3508 2597 3553 eum,
2629 3506 2693 3544 ex
2723 3487 2926 3558 quibus
2969 3483 3232 3554 aliquanti
3270 3480 3509 3534 diversis
3563 3480 3781 3548 langue

2209 3589 2364 3643 ribus
2410 3583 2623 3640 astricti
2653 3590 2747 3636 aut
2794 3577 3133 3635 daemonibus
3186 3573 3474 3633 incursati,
3531 3570 3780 3624 oratione

2210 3679 2357 3735 Petri
2406 3677 2743 3733 sanabantur
2784 3680 2839 3727 et
2869 3667 3220 3724 discedebant
3250 3664 3583 3734 gaudentes,
3621 3662 3777 3732 quasi

2209 3773 2325 3828 veri
2354 3771 2447 3825 Dei
2480 3767 2809 3828 doctrinam,
2840 3762 3001 3818 simul
3032 3769 3085 3814 et
3113 3757 3556 3813 misericordiam
3588 3772 3776 3809 consev

2210 3865 2343 3920 cuti.
2377 3863 2511 3918 Cum
2543 3874 2674 3931 ergo
2705 3854 3103 3911 abscessissent
3141 3850 3334 3915 turbae,
3364 3856 3421 3903 et
3472 3848 3580 3902 soli
3628 3846 3779 3901 fami-

2210 3960 2375 4012 liares
2403 3954 2523 4024 ejus
2556 3951 3011 4007 remansissemus
3068 3959 3191 3999 cum
3242 3957 3330 4003 eo,
3384 3941 3581 3995 stratis
3632 3937 3780 3993 humi

2211 4051 2441 4109 redditis
2470 4044 2827 4100 accubuimus
2851 4040 3071 4095 solitum
3103 4033 3486 4103 unusquisque
3515 4046 3780 4101 recogno-

2213 4160 2373 4201 scens
2421 4142 2626 4202 locum,
2658 4140 2984 4203 sumptoque
3031 4128 3156 4183 cibo
3183 4141 3309 4181 cum
3343 4123 3554 4196 gratias
3579 4122 3781 4193 egisse-

2213 4256 2334 4294 mus
2356 4236 2488 4299 Deo,
2524 4230 2849 4303 quievimus.

2291 4330 2485 4386 XXXI.
2528 4323 2788 4399 Sequenti
2840 4334 2969 4375 vero
3001 4317 3089 4372 die
3118 4315 3314 4371 Petrus
3363 4328 3431 4367 ex
3467 4326 3631 4366 more
3666 4318 3779 4364 ante

2214 4427 2390 4479 lucem
2430 4415 2811 4489 surgens,jam
2839 4425 2941 4465 nos
2974 4406 3178 4462 invenit
3209 4403 3498 4474 vigilantes
3529 4411 3589 4455 et
3634 4415 3776 4470 para-

547 4530 775 4568 ovorum
793 4514 1041 4585 quamvis
1063 4514 1290 4585 pulchre
1321 4513 1463 4569 facta
1487 4526 1541 4569 et
1569 4515 1857 4585 diligenter
1882 4514 2111 4570 formata
2144 4501 2185 4555 D
2215 4528 2301 4574 tos
2330 4516 2398 4570 ad
2427 4509 2777 4571 audiendum,
2809 4514 2970 4574 atque
2997 4502 3071 4556 ita
3104 4512 3334 4555 exorsus
3358 4503 3446 4551 est
3471 4516 3485 4550 :
3512 4493 3778 4565 Deprecor

550 4606 820 4670 videatur,
845 4622 1069 4662 necesse
1095 4618 1178 4662 est
1208 4615 1387 4661 tamen
1420 4622 1541 4662 eam
1573 4607 1751 4678 frangi
1790 4615 1843 4662 et
1892 4609 2116 4673 resolvi,

555 4705 613 4751 ut
639 4697 764 4753 inde
791 4699 972 4767 pullus
999 4698 1257 4768 procedat
1287 4709 1340 4754 et
1380 4700 1536 4763 illud,
1571 4715 1672 4771 pro
1695 4716 1803 4770 quo
1826 4701 1995 4755 totius
2030 4700 2120 4756 ovi

556 4787 729 4843 forma
760 4804 1019 4859 expressa
1048 4790 1280 4854 videtur,
1314 4799 1590 4860 appareat.
1616 4789 1693 4845 Ita
1717 4806 1846 4862 ergo
1874 4799 1929 4846 et
1954 4792 2119 4861 hujus

554 4882 743 4936 mundi
774 4897 998 4938 necesse
1037 4894 1121 4937 est
1166 4882 1405 4938 transire
1450 4892 1675 4951 statum,
1712 4892 1770 4939 ut
1812 4893 1989 4941 status
2027 4886 2120 4941 ille

555 4974 840 5029 sublimior
868 4975 1017 5046 regni
1051 4976 1292 5031 caelestis
1320 4975 1595 5047 etl‘ulgeat.

628 5066 820 5122 XXIX.
867 5066 932 5120 Et
961 5066 1149 5122 Simon
1175 5084 1187 5119 :
1215 5066 1335 5122 Non
1358 5069 1490 5123 mihi
1517 5069 1733 5124 videtur
1754 5070 1885 5139 quia
1914 5072 2117 5127 resolvi

558 5160 733 5231 possit
769 5160 992 5224 celum,
1021 5160 1165 5230 quod
1216 5175 1245 5212 a
1296 5159 1404 5214 Deo
1438 5159 1639 5214 factum
1671 5172 1773 5216 est.
1805 5161 1887 5216 Ab
1914 5171 2123 5220 aeterno

556 5252 704 5308 enim
732 5260 934 5307 aeterna
963 5252 1121 5316 ﬁunt,
1152 5267 1184 5306 a
1213 5252 1559 5321 corruptibili
1580 5254 1902 5322 temporalia
1937 5262 1993 5310 et
2026 5271 2122 5311 ca-

558 5344 718 5399 duca.
752 5343 817 5398 Et
845 5343 1038 5399 Petrus
1063 5363 1075 5398 :
1099 5342 1216 5398 Non
1242 5344 1317 5398 ita
1352 5351 1456 5408 est,
1487 5344 1580 5398 sed
1604 5358 1634 5398 a
1658 5347 1979 5402 mortalibus
2000 5350 2124 5418 qui-

560 5437 681 5494 dem
708 5438 1037 5493 omnimodis
1065 5436 1439 5508 corruptibilia
1478 5436 1614 5491 Iiunt
1663 5446 1715 5493 et
1766 5440 2122 5509 temporalia;

564 5530 632 5583 ab
655 5536 857 5584 aeterno
872 5544 1003 5585 vero
1018 5545 1127 5585 non
1149 5545 1366 5599 semper
1390 5530 1761 5600 corruptibilia
1784 5546 1960 5601 neque
1980 5548 2124 5588 sem-

672 5733 718 5763 ”
757 5731 942 5786 Matth.
973 5748 1030 5796 v,
1060 5732 1113 5787 8.
1190 5734 1232 5764 ⁹¹
1274 5730 1408 5787 Ibid.
1483 5732 1529 5762 θ’
1572 5731 2080 5801 Ειιοιιηχςιιιιβῐ).
2154 5734 2202 5766 ⁸³
2244 5731 2433 5788 Matth.
2471 5743 2604 5795 χχιι,
2631 5726 2718 5781 50.

580 5801 718 5856 hom.
744 5802 914 5874 angeli
938 5802 1060 5872 fient
1094 5804 1182 5873 qui
1214 5802 1409 5858 desunt
1435 5804 1486 5856 in
1511 5800 1668 5857 codd.
1705 5799 1855 5869 Lips.

2224 4627 2338 4676 vos,
2394 4607 2591 4662 fratres
2621 4610 2674 4658 et
2715 4596 2967 4655 censervi
3012 4593 3141 4657 mei,
3179 4600 3239 4647 ut
3273 4591 3319 4646 si
3351 4590 3481 4661 quis
3525 4588 3672 4643 forte
3698 4601 3776 4639 re-

2220 4712 2395 4760 strum
2428 4715 2538 4753 non
2562 4702 2741 4767 potest
2770 4691 3015 4760 vigilare,
3038 4702 3145 4741 non
3179 4684 3282 4748 sibi
3308 4688 3639 4749 extorqueat
3668 4693 3777 4733 eru-

2219 4797 2451 4851 bescens
2474 4787 2815 4861 praesentiam
2845 4796 3043 4847 meam,
3068 4779 3195 4851 quia
3225 4773 3462 4829 dillicilis
3492 4782 3582 4826 est
3616 4769 3775 4826 subita

2222 4882 2569 4959 permutatio,
2625 4880 2784 4948 longo
2829 4884 3011 4930 autem
3043 4881 3286 4940 tempore
3318 4865 3365 4920 si
3407 4864 3777 4959 pan—latitass-

2224 4952 2436 5035 suefiat.
2471 4975 2622 5029 labor
2644 4987 2754 5025 non
2780 4971 2884 5024 erit
2905 4965 3049 5037 quod
3079 4979 3142 5018 ex
3167 4976 3269 5017 usu
3291 4958 3463 5013 venit.
3504 4955 3626 5009 Non
3648 4952 3773 5008 enim

2225 5082 2416 5123 omnes
2444 5065 2691 5133 ejusdem
2722 5055 3086 5115 institutionis
3109 5052 3337 5111 fuimus,
3373 5046 3508 5100 licet
3528 5058 3774 5114 processu

2225 5158 2490 5230 temporis
2514 5157 2571 5210 in
2602 5169 2763 5208 unam
2786 5146 3072 5220 temperari
3097 5140 3559 5198 consuetudinem

2227 5228 2379 5317 mus;
2412 5250 2565 5303 aiunt
2608 5245 2774 5308 enim,
2809 5241 2955 5313 quod
2994 5234 3298 5298 secundum
3340 5238 3557 5285 natura:
3614 5228 3778 5281 locum

2227 5344 2473 5400 obtineat
2506 5337 2866 5396 consuetudo.
2898 5332 3115 5389 Testem
3147 5336 3329 5382 autem
3360 5322 3534 5378 Deum
3576 5320 3780 5377 invoco,

2230 5436 2375 5508 quod
2414 5451 2523 5489 non
2574 5432 2846 5501 indignor,
2889 5428 2936 5484 si
2966 5425 3090 5498 quis
3135 5421 3273 5477 forte
3300 5432 3409 5472 non
3441 5420 3619 5485 potest
3648 5408 3785 5508 vigi-

2229 5500 2363 5595 lare,
2389 5527 2485 5584 sed
2507 5528 2610 5582 hoc
2636 5500 2829 5595 magis,
2861 5522 2909 5577 si
2929 5534 3054 5575 cum
3080 5523 3249 5573 totam
3277 5510 3403 5583 quis
3425 5517 3633 5561 noctem
3657 5500 3780 5553 dor-

2829 5722 2875 5755 “
2916 5719 3103 5775 Matth.
3134 5733 3187 5785 ι’,
3222 5713 3255 5765 8
3374 5713 3397 5742 ’
3458 5703 3683 5761 Vosahb.
3709 5711 3774 5753 α
