3976 6340
300 215 436 271 £297

1551 215 2115 273 RECOGNITIONUM
2152 216 2282 274 LIB.
2325 216 2412 274 111.

3410 227 3549 287 1298

295 335 449 397 miat,
474 348 573 404 per
603 332 745 388 diem
770 348 879 387 non
901 332 1071 405 replet
1103 332 1157 389 id
1202 332 1348 404 quod
1376 332 1565 387 omisit
1590 333 1643 386 in
1676 342 1858 386 nocte.
1892 340 1935 395 Α
1967 329 2175 386 siderat
2205 332 2394 387 urbem
2429 334 2711 403 perveniat
2739 334 3008 393 veritatis.
3065 336 3172 404 Qui
3216 355 3347 397 vero
3379 343 3549 415 impe-

295 425 679 482 Necessarium
716 441 951 497 namque
998 434 1083 482 est
1126 426 1391 482 doctrinae
1429 426 1626 482 studiis
1660 426 1866 483 intente

292 526 348 578 et
381 518 749 574 indesinenter
777 533 996 589 operam
1029 519 1179 583 dare,
1247 528 1309 574 ut
1348 536 1502 574 mens
1535 527 1723 574 nostra
1762 519 1856 574 Dei

295 611 470 668 solius
516 610 774 666 memoria
808 612 1103 680 repleatur,
1138 611 1267 682 quia
1316 618 1551 666 mentem
1584 626 1746 681 quam
1777 626 1865 665 re-

293 703 525 773 pleverit
554 704 813 757 memoria
843 702 961 768 Dei,
998 704 1236 775 maligno
1280 704 1336 758 in
1383 718 1447 759 ea
1490 718 1600 757 non
1644 702 1864 758 dabitur

294 794 470 847 locus.

365 879 581 945 XXXII.
623 880 761 936 Cum
806 882 918 937 haec
948 882 1156 938 diceret
1204 884 1271 938 ad
1309 900 1411 939 nos
1442 883 1658 947 Petrus,
1689 900 1862 941 unus-

289 973 525 1042 quisque
555 983 802 1026 nostrum
819 974 1051 1028 sollicite
1072 974 1442 1029 satisfaciebat
1462 976 1534 1039 ei,
1557 975 1702 1045 quod
1730 975 1861 1029 olim

287 1065 443 1119 brevi
490 1078 684 1117 somno
735 1064 919 1117 satiati
969 1064 1341 1133 vigilaremus,
1399 1065 1495 1120 sed
1550 1080 1861 1119 vereremur

287 1157 533 1211 excitare
563 1170 711 1220 eum,
740 1154 868 1224 quia
897 1171 998 1210 nec
1032 1156 1247 1210 deceret
1274 1156 1572 1225 discipulos
1597 1156 1861 1231 magistro

286 1247 589 1317 imperare;
617 1247 760 1317 quod
784 1254 962 1301 tamen
988 1262 1148 1317 pene,
1176 1262 1208 1301 ο
1229 1246 1405 1313 Petre,
1433 1247 1551 1302 ausi
1583 1247 1861 1302 fueramus

286 1354 646 1410 praesumere,
670 1338 796 1394 dum
823 1353 920 1391 cor
949 1346 1199 1392 nostrum
1222 1337 1390 1392 nimio
1421 1338 1710 1392 verborum
1734 1345 1860 1391 tuo-

283 1446 411 1484 rum
444 1429 715 1485 desiderio
749 1428 1076 1499 tripudians,
1103 1445 1354 1483 somnum
1399 1430 1615 1499 penitus
1649 1429 1860 1498 fugaret

282 1527 358 1579 ab
390 1527 586 1581 oculis.
617 1525 723 1580 Sed
754 1526 949 1580 iterum
983 1524 1208 1579 allectus
1234 1541 1360 1595 erga
1392 1534 1444 1580 te
1474 1535 1660 1579 noster
1685 1522 1859 1578 obsti-

283 1620 378 1681 tit,
411 1627 465 1673 et
496 1620 762 1673 violenter
794 1629 845 1674 te
870 1635 899 1672 a
933 1620 1093 1675 nobis
1138 1634 1244 1672 non
1280 1619 1404 1673 tulit
1433 1618 1683 1673 excitari.
1718 1617 1855 1670 Tum

1968 420 2108 473 ritus
2140 426 2225 474 est
2252 428 2304 474 et
2332 420 2614 490 quaerendi
2648 423 2792 477 viam
2820 426 3017 487 nescit,
3049 427 3191 481 sicut
3221 431 3547 501 peregrinus

1969 511 2165 572 viator,
2193 513 2454 583 ignorans
2487 522 2540 568 et
2562 530 2780 581 errans,
2813 517 2859 571 si
2896 516 3017 570 cive
3039 525 3091 571 et
3124 517 3377 590 indigena
3408 522 3547 578 nolit

1967 603 2046 657 uti
2070 605 2229 667 duce,
2264 605 2383 659 sine
2430 604 2598 660 dubio
2637 621 2764 661 cum
2801 608 3138 663 aberraverit
3172 625 3199 663 a
3237 610 3319 664 via
3344 614 3545 667 verita-

1966 693 2060 753 tis,
2078 700 2233 748 extra
2262 694 2389 748 vita:
2410 694 2612 763 januas
2650 697 2977 763 remanebit,
3010 706 3066 753 et
3091 699 3168 755 ita
3200 701 3382 756 noctis
3405 711 3540 756 atra:

1967 783 2208 838 tenebris
2242 784 2529 842 involutus
2557 802 2656 857 per
2682 788 2906 842 semitas
2955 790 3275 858 perditionis
3306 791 3539 850 incedet.

1965 872 2105 940 Quia
2141 891 2272 943 ergo
2321 876 2368 929 si
2400 892 2497 946 per
2546 878 2792 933 ordinem
2824 896 2944 949 qua:
2974 881 3265 950 qumrenda
3299 892 3431 937 sunt
3456 885 3543 940 in-

1965 966 2278 1035 quirantur,
2300 967 2535 1022 inveniri
2566 969 2821 1025 facillime
2853 968 3102 1040 possunt,
3139 974 3383 1028 ordinem
3413 991 3545 1031 vero

1965 1058 2277 1126 requirendi
2313 1060 2602 1129 imperitus
2633 1060 2868 1130 ignorat,
2895 1073 3107 1118 rectum
3138 1072 3221 1120 est
3256 1073 3315 1119 ut
3344 1067 3543 1122 scienti

1965 1149 2124 1203 cedat
2161 1149 2387 1219 ignarus
2436 1158 2490 1205 et
2549 1153 2728 1221 primo
2757 1155 3033 1222 quaerendi
3058 1156 3307 1211 ordinem
3339 1158 3543 1227 discat,

1965 1245 2026 1290 ut
2062 1237 2136 1290 ita
2167 1237 2389 1292 demum
2415 1238 2787 1311 interrogandi
2821 1250 2877 1297 et
2902 1244 3266 1313 respondendi
3297 1247 3543 1303 inveniat

1961 1329 2331 1398 disciplinam.

2034 1422 2250 1479 XXXV.
2294 1425 2361 1479 Et
2406 1425 2596 1481 Simon
2643 1428 2711 1483 ad
2757 1429 2872 1484 haec
2909 1449 2921 1485 :
2962 1430 3081 1485 Non
3132 1448 3265 1503 ergo
3293 1436 3538 1489 omnium

1959 1521 2044 1568 est
2074 1516 2296 1579 veritas,
2328 1518 2421 1573 sed
2468 1533 2658 1573 eorum
2692 1523 3074 1576 tantummodo
3099 1524 3191 1594 qui
3226 1532 3399 1581 artem
3435 1542 3540 1581 no-

1960 1606 2138 1659 verint
2166 1606 2505 1678 disputandi,
2538 1610 2684 1680 quod
2711 1613 2901 1682 utique
2941 1614 3240 1669 absurdqu
3272 1626 3379 1682 est,
3410 1633 3535 1672 cum

281 1710 527 1766 pen-us;
562 1710 833 1777 ρυοηίεηη
863 1711 1029 1781 igitur
1050 1710 1327 1772 audiendi,
1360 1709 1557 1779 inquit,
1586 1708 1858 1763 desiderio
1893 1711 1931 1765 ῃ
1960 1701 2243 1768 aequaliter
2290 1703 2360 1757 sit
2413 1703 2557 1761 Deus
2584 1707 2852 1768 omnium,
2886 1722 2995 1761 non
3025 1723 3217 1763 omnes
3255 1713 3539 1780 aaqttaliter

280 1803 520 1859 libenter
545 1819 640 1857 vos
675 1804 918 1858 asseritis
945 1803 1189 1873 vigilare,
1218 1803 1337 1855 volo
1368 1802 1522 1856 vobis
1547 1815 1608 1856 ea
1644 1808 1853 1855 tantum

279 1917 408 1971 qua:
440 1901 695 1956 hesterno
727 1901 961 1970 sparsim
993 1900 1138 1954 dicta
1167 1910 1315 1963 sunt,
1350 1907 1597 1969 repetere
1622 1899 1855 1969 diligen-

280 1995 395 2047 tius
419 2001 473 2048 et
501 2008 624 2046 cum
656 2008 757 2047 suo
781 1992 974 2046 ordine
1002 1992 1297 2061 explicare.
1329 1991 1484 2056 Quod
1521 1999 1575 2045 et
1610 2005 1706 2060 per
1737 1990 1853 2045 sin-

281 2089 442 2157 gulas
471 2101 719 2156 quasque
749 2085 1147 2154 disputationes
1184 2084 1412 2139 diurnas
1444 2083 1624 2139 facere
1667 2084 1855 2154 dispo-

282 2192 377 2238 no,
414 2184 471 2228 ut
515 2190 609 2244 per
653 2181 869 2227 noctem
913 2173 1001 2227 ubi
1051 2182 1323 2228 secretum
1371 2175 1475 2229 loci
1512 2181 1564 2229 et
1589 2174 1853 2243 temporis

281 2266 469 2328 datur,
526 2267 571 2321 si
621 2264 753 2335 quid
807 2264 947 2320 forte
984 2272 1171 2335 utpote
1223 2266 1278 2320 in
1322 2266 1622 2319 certamine
1672 2265 1852 2320 minus

195 2398 201 2407 .
281 2358 441 2427 plene
470 2358 676 2412 dictum
711 2365 814 2422 est,
858 2358 910 2411 id
942 2358 1152 2427 integro
1173 2357 1363 2413 ordine
1391 2366 1445 2413 et
1475 2357 1618 2412 linea
1641 2358 1851 2412 directa

281 2448 685 2518 explanationis
736 2447 999 2518 aperiam.
1056 2448 1118 2501 Et
1164 2458 1285 2518 post
1331 2450 1446 2503 haec
1477 2450 1640 2519 cmpit
1692 2450 1851 2505 nobis

280 2541 571 2597 ostendere
628 2541 903 2610 quomodo
953 2539 1207 2595 hesterno
1245 2541 1428 2596 haberi
1458 2542 1706 2596 debuerit
1732 2540 1849 2597 dis-

281 2636 523 2704 putatio,
583 2640 634 2687 et
667 2638 888 2702 propter
930 2631 1335 2685 contentionem
1385 2632 1467 2685 vel
1520 2632 1846 2702 imperitiam

281 2725 708 2779 contradicentis
738 2723 924 2778 haberi
959 2722 1548 2791 nonpotuerit,etideo
1579 2724 1695 2779 sola
1728 2738 1849 2794 pro-

280 2816 523 2871 fessione
553 2831 686 2869 usus
718 2815 811 2879 sit,
847 2822 1012 2884 atque
1040 2830 1105 2869 ea
1136 2831 1255 2885 quae
1272 2815 1339 2869 ab
1360 2813 1672 2870 adversario
1699 2815 1847 2871 dice-

277 2907 501 2970 bantur,
536 2916 745 2960 tantum
792 2906 1148 2969 destruxerit,
1183 2922 1280 2961 sua
1305 2922 1434 2961 vero
1457 2924 1631 2977 neque
1661 2909 1844 2963 omnia

275 3015 456 3068 neque
487 3000 773 3053 manifeste
801 3000 1143 3068 exposuerit;
1172 3006 1225 3053 et
1258 2999 1471 3069 singula
1501 2999 1660 3055 nobis
1690 3016 1844 3070 repe-

273 3097 399 3145 tens
427 3090 639 3161 integro
665 3088 854 3144 ordine
886 3098 939 3143 et
968 3091 1127 3160 plena
1159 3090 1371 3144 ratione
1399 3091 1680 3146 disseruit.

347 3180 588 3235 XXXIII.
628 3180 760 3237 Cum
796 3198 925 3237 vero
954 3182 1064 3251 jam
1093 3180 1392 3235 albesceret
1416 3182 1554 3245 dies,
1587 3199 1843 3254 egressus

271 3273 338 3327 ad
372 3274 564 3329 turbas
611 3282 735 3344 post
782 3275 1084 3329 orationem
1136 3274 1299 3329 solito
1343 3274 1411 3329 ad
1451 3275 1842 3344 disputandum

271 3366 524 3419 constitit
550 3367 692 3430 loco,
715 3375 768 3421 et
799 3365 993 3421 videns
1025 3364 1301 3420 Simonem
1332 3365 1388 3426 in
1431 3367 1627 3422 mediis
1665 3368 1840 3423 turbis

272 3465 511 3512 stantem
540 3474 606 3512 ex
640 3473 789 3513 more
818 3459 969 3528 prius
1006 3458 1242 3513 salutato
1269 3459 1470 3528 populo
1502 3458 1577 3512 ait
1608 3478 1620 3514 :
1656 3459 1839 3515 Dolori

270 3551 407 3603 mihi
435 3565 557 3603 esse
590 3548 762 3603 fateor
790 3550 857 3604 de
885 3551 1166 3604 nonnullis
1220 3549 1554 3612 hominibus,
1583 3551 1675 3621 qui
1713 3568 1838 3606 cum

269 3643 346 3698 ita
384 3643 450 3695 ad
482 3658 581 3698 nos
609 3643 829 3697 veniant
856 3652 915 3696 ut
937 3643 1152 3697 discant
1183 3642 1410 3713 aliquid,
1440 3644 1529 3698 ubi
1552 3661 1645 3700 eos
1674 3645 1837 3701 doce-

267 3749 327 3786 re
361 3735 716 3803 emperimus,
748 3734 849 3804 ipsi
878 3749 1070 3788 rursus
1113 3734 1403 3803 magistros
1432 3750 1489 3789 se
1517 3749 1640 3790 csse
1670 3735 1835 3804 proﬁ-

268 3832 477 3889 tentur,
499 3833 553 3879 et
580 3826 915 3896 interrogant
939 3826 1153 3895 quidem
1174 3835 1233 3877 ut
1261 3826 1591 3894 ignorantes,
1614 3811 1840 3881 contra:

267 3917 461 3972 dicunt
501 3927 680 3972 autem
717 3932 775 3971 ut
821 3919 1079 3972 scientes.
1114 3915 1221 3970 Sed
1275 3916 1508 3972 fortasse
1554 3916 1702 3971 dicat
1731 3920 1833 3973 ali-

266 4011 416 4079 quis,
445 4012 573 4081 quia
616 4011 710 4081 qui
742 4010 1063 4079 interrogat,
1088 4010 1158 4064 ob
1194 4010 1295 4063 hoc
1324 4010 1539 4079 quidem
1574 4017 1634 4064 ut
1659 4011 1834 4065 discat

267 4104 588 4175 interrogat,
630 4104 725 4157 ubi
755 4118 883 4158 vero
931 4102 984 4155 id
1022 4101 1166 4171 quod
1198 4100 1431 4155 audierit
1456 4116 1567 4155 non
1607 4101 1656 4156 ei
1687 4109 1833 4157 recte

264 4194 473 4249 dictum
507 4195 741 4257 videtur,
778 4209 1003 4249 necesse
1034 4201 1117 4248 est
1152 4201 1209 4247 ut
1258 4192 1604 4264 respondeat,
1634 4199 1689 4246 et
1718 4192 1833 4249 huic

265 4289 484 4341 videtur
512 4302 633 4342 esse
664 4285 1043 4354 contradictio,
1066 4302 1186 4357 qua:
1208 4301 1317 4340 non
1343 4293 1426 4342 est
1446 4284 1828 4351 contradictio,

264 4379 359 4435 sed
391 4378 826 4448 reinterrogatio.

332 4467 575 4523 XXXIV.
616 4470 814 4523 Audiat
845 4484 975 4539 ergo
1013 4468 1127 4523 hzec
1161 4489 1173 4522 :
1207 4468 1400 4525 Totius
1449 4468 1713 4524 doctrinm
1755 4470 1833 4525 di-

263 4562 495 4632 sciplina
546 4573 753 4617 certum
816 4561 976 4615 habet
1027 4560 1298 4623 ordinem,
1322 4570 1376 4617 et
1408 4569 1536 4616 sunt
1581 4562 1827 4632 quaedam

263 4669 384 4723 quae
432 4654 604 4723 prima
654 4652 917 4707 tradenda
950 4659 1095 4715 sunt,
1128 4653 1233 4705 alia
1277 4668 1407 4707 vero
1437 4667 1557 4723 quae
1586 4652 1827 4708 secundo

264 4741 316 4796 in
361 4745 502 4809 loco,
534 4752 585 4799 et
616 4745 720 4797 alia
751 4744 937 4809 tertio,
962 4752 1015 4801 et
1055 4744 1135 4799 sic
1186 4744 1400 4814 singula
1446 4760 1676 4815 quaeque
1729 4760 1825 4815 per

262 4836 529 4899 ordinem,
564 4851 684 4907 quae
714 4837 900 4907 utique
931 4836 975 4890 si
1005 4851 1100 4906 per
1129 4837 1574 4906 consequentiam
1605 4837 1826 4891 tradan-

263 4927 667 4989 tur,manifesta
689 4926 849 4997 fiunt;
871 4936 1025 4981 extra
1051 4928 1298 4981 ordinem
1323 4943 1448 4981 vero
1469 4928 1514 4981 si
1536 4928 1823 4998 proferan-

262 5026 369 5085 tur,
394 5021 558 5074 etiam
608 5026 799 5074 contra
852 5020 1118 5073 rationem
1171 5018 1317 5072 dicta
1361 5020 1711 5079 videbuntur.
1756 5019 1823 5075 Et

260 5110 379 5189 ideo
397 5114 448 5166 in
473 5112 666 5183 primis
688 5111 821 5166 ordo
840 5112 1139 5167 servandus
1162 5118 1265 5175 cst,
1291 5110 1335 5166 si
1363 5118 1546 5166 tamen
1568 5113 1671 5167 hoc
1693 5127 1821 5183 pro~

262 5206 435 5273 posito
463 5219 791 5274 quaeramus,
813 5213 872 5258 ut
900 5204 1175 5274 possimus
1216 5203 1361 5273 quod
1389 5204 1685 5275 quterimus
1736 5206 1821 5260 in-

260 5297 461 5351 venire.
495 5296 705 5350 Etenim
748 5296 842 5366 qui
896 5303 1103 5351 rectum
1137 5296 1350 5349 initium
1388 5296 1489 5350 viae
1520 5298 1814 5365 acceperit,

259 5387 416 5440 etiam
466 5388 767 5443 secundum
813 5388 990 5444 locum
1029 5395 1429 5458 consequenter
1455 5387 1722 5455 advertet,
1763 5396 1818 5444 et

258 5490 319 5528 ex
363 5482 603 5533 secundo
655 5480 873 5534 tertium
928 5479 1142 5534 facilius
1194 5478 1464 5546 inveniet;
1511 5486 1564 5534 et
1609 5488 1816 5549 quanto

260 5566 397 5623 citra
461 5571 812 5640 processerit,
857 5578 1009 5627 tanto
1057 5571 1231 5642 magis
1282 5571 1330 5627 ei
1377 5573 1464 5625 via
1520 5572 1812 5641 agnitionis

260 5661 492 5725 apertior
531 5663 639 5727 fiet,
675 5680 959 5735 ttsqucquo
991 5664 1055 5717 ad
1096 5664 1266 5736 ipsam
1301 5681 1408 5735 quo
1437 5664 1609 5720 tendit
1635 5672 1686 5719 ct
1717 5666 1809 5721 de-

1959 1807 2122 1861 posse
2151 1793 2485 1850 voluntatem
2502 1796 2624 1866 ejus
2651 1812 2967 1868 agnoscere.
2995 1800 3060 1853 Et
3076 1799 3270 1857 Petrus
3292 1821 3306 1856 :
3328 1803 3536 1874 [Equa-

1958 1883 2059 1947 les,
2093 1885 2291 1954 inquit,
2326 1900 2517 1942 omnes
2551 1887 2622 1943 ab
2662 1905 2728 1944 eo
2787 1889 2913 1945 facti
2960 1903 3108 1955 sunt,
3145 1901 3200 1948 et
3245 1898 3533 1965 aequaliter

1956 1973 2171 2028 cunctis
2198 1974 2348 2029 dedit
2404 1992 2635 2047 capaces
2658 1993 2781 2033 esse
2828 1981 3094 2037 veritatis.
3130 1981 3330 2037 Verum
3384 1987 3532 2055 quod

1956 2067 2140 2120 nullus
2162 2082 2349 2120 eorum
2379 2068 2469 2137 qui
2502 2070 2615 2123 nati
2643 2079 2792 2132 sunt,
2830 2071 3079 2128 eruditus
3109 2083 3271 2131 natus
3301 2076 3394 2145 sit,
3433 2079 3531 2134 sed

1959 2156 2233 2225 posterior
2268 2157 2340 2211 sit
2374 2159 2658 2213 nativitate
2683 2160 2941 2226 eruditio,
2986 2162 3120 2216 nulli
3154 2163 3379 2218 dubium
3424 2178 3527 2223 est.

1953 2245 2090 2301 Cum
2127 2248 2293 2317 igitur
2322 2250 2580 2303 nativitas
2612 2250 2895 2304 hominum
2947 2252 3001 2305 in
3053 2267 3121 2308 eo
3150 2261 3331 2310 teneat
3361 2259 3531 2325 atqui-

1954 2344 2145 2403 tatem,
2184 2347 2242 2393 ut
2272 2354 2463 2394 omnes
2506 2341 2765 2396 similiter
2815 2344 3178 2415 percipienda:
3224 2346 3530 2418 disciplina:

1953 2446 2184 2501 capaces
2219 2431 2349 2497 sint,
2381 2448 2488 2487 non
2531 2441 2615 2488 est
2669 2434 2725 2488 in
2752 2442 2972 2503 natura,
2997 2436 3093 2491 sed
3129 2437 3185 2491 in
3211 2440 3527 2496 eruditione

1951 2522 2261 2579 diversitas.
2322 2525 2429 2579 Aut
2483 2526 2608 2594 quis
2652 2527 2849 2587 nescit,
2898 2526 3045 2595 quod
3098 2542 3162 2582 ea
3200 2544 3321 2597 qua:
3354 2545 3525 2584 unus-

1950 2613 2185 2683 quisque
2214 2614 2429 2679 didicit,
2462 2615 2782 2684 priusquam
2814 2615 3071 2679 disceret,
3110 2617 3433 2687 ignorabat?
3460 2620 3527 2674 Et

1951 2698 2141 2757 Simon
2176 2702 2375 2767 :Vere,
2407 2703 2604 2772 inquit,
2636 2704 2798 2758 dicis.
2837 2704 2975 2759 Tum
3023 2705 3257 2763 Petrus:
3293 2706 3350 2762 Si
3396 2725 3528 2779 ergo

1950 2794 2003 2847 in
2036 2794 2121 2849 his
2153 2796 2366 2852 artibus
2420 2812 2557 2866 quas
2598 2812 2734 2851 usus
2780 2798 3088 2853 communis
3137 2799 3319 2863 habet,
3350 2804 3527 2871 primo

1947 2884 2199 2947 discitur,
2223 2888 2418 2943 deinde
2448 2888 2703 2951 docetur,
2729 2900 2936 2958 quanto
2983 2891 3155 2962 magis
3191 2903 3402 2962 oportet
3429 2909 3527 2950 eos

1946 2978 2042 3048 qui
2070 2977 2383 3033 eruditores
2408 2994 2468 3034 se
2512 2981 2836 3049 profitentur
2878 2980 3206 3045 animarum,
3239 2982 3417 3052 primo
3441 2983 3525 3038 di-

1872 3045 1914 3102 c
1944 3085 2122 3133 scere,
2152 3078 2205 3125 et
2236 3071 2310 3124 ita
2345 3069 2564 3133 docere,
2598 3087 2691 3133 ne,
2725 3088 2849 3126 cum
2885 3074 2993 3127 sint
3021 3073 3122 3142 ipsi
3157 3073 3416 3144 imperiti,
3448 3077 3525 3129 ri-

1944 3159 2186 3214 diculum
2218 3158 2487 3222 videatur,
2521 3160 2566 3215 si
2595 3160 2719 3215 aliis
2746 3176 2804 3214 se
2845 3162 3185 3230 praestituros
3234 3164 3519 3217 scientiam

1944 3252 2344 3322 repromittant.
2381 3250 2519 3306 Tum
2560 3252 2746 3307 Simon
2784 3252 2879 3308 :ln
2929 3253 3164 3319 artibus,
3195 3257 3392 3326 inquit,
3428 3258 3514 3313 itis

1941 3359 2063 3414 qua:
2085 3360 2217 3399 usus
2246 3344 2556 3399 communis
2587 3344 2773 3408 habet,
2806 3360 2993 3399 verum
3024 3353 3129 3412 est,
3161 3348 3304 3416 quod
3340 3365 3515 3405 unus-

1941 3435 2175 3505 quisque
2228 3436 2334 3489 nisi
2392 3433 2668 3500 didicerit,
2725 3435 2974 3499 nesciat,
3028 3436 3083 3490 in
3144 3438 3310 3493 verbo
3384 3456 3516 3496 vero

1940 3527 2180 3584 scientiae
2207 3527 2390 3584 statim
2417 3534 2478 3581 ut
2506 3527 2741 3582 audierit
2769 3527 2914 3597 quis,
2947 3526 3158 3583 didicit.

2012 3635 2253 3692 XXXVI.
2285 3635 2352 3691 Et
2389 3636 2584 3693 Petrus
2614 3652 2629 3690 :
2666 3636 2721 3691 Si
2772 3638 2993 3709 quidem
3042 3654 3136 3709 per
3169 3638 3418 3696 ordinem
3460 3653 3515 3699 ct

1937 3736 2339 3799 consequenter
2366 3728 2574 3794 audiat,
2613 3739 2793 3800 potest
2820 3731 2963 3786 scire
3007 3731 3151 3802 quod
3178 3748 3366 3788 verum
3406 3746 3511 3797 est,

1936 3822 2032 3876 sed
2064 3821 2159 3891 qui
2192 3821 2580 3877 emendatioris
2609 3824 2734 3877 vitae
2764 3823 3006 3893 regulam
3052 3826 3512 3882 conversationis~

1936 3931 2042 3986 que
2082 3914 2337 3971 castioris
2367 3915 2648 3986 suscipere
2668 3924 2905 3983 recusat,
2930 3931 3049 3985 quae
3076 3918 3262 3987 utique
3290 3921 3508 3988 sequela

1934 4017 2015 4063 est
2046 4007 2289 4063 scientia:
2313 4007 2582 4072 veritatis,
2622 4008 2766 4063 scire
2801 4024 2860 4063 se
2902 4009 3046 4077 quod
3092 4012 3215 4074 scit,
3245 4026 3353 4066 non
3389 4014 3510 4068 vult

1934 4092 2109 4154 fateri.
2145 4099 2300 4154 Sicut
2327 4098 2492 4154 etiam
2528 4100 2821 4155 nonnullos
2860 4101 3131 4164 videmus,
3172 4104 3262 4172 qui
3295 4105 3506 4159 artibus

1931 4207 2068 4262 quas
2092 4207 2121 4245 a
2144 4206 2315 4262 puero
2340 4191 2644 4247 didicerant
2672 4192 2969 4257 derelictis,
2994 4193 3062 4247 ad
3088 4194 3224 4250 alios
3255 4211 3314 4251 se
3345 4205 3504 4251 actus

1932 4284 2239 4349 conferunt,
2268 4291 2323 4340 et
2348 4292 2409 4340 ut
2435 4286 2722 4341 excusatio
2751 4285 2825 4341 sit
2854 4286 2934 4342 eis
2964 4286 3189 4341 desidiae
3217 4304 3352 4353 suae,
3384 4291 3501 4343 culs

1862 4397 1907 4453 ι)
1933 4392 2063 4445 pare
2088 4377 2356 4447 incipiunt
2375 4386 2545 4453 artem
2569 4378 2717 4434 velut
2739 4378 3157 4435 infructuosam.
3184 4381 3247 4435 Et
3271 4379 3455 4435 Simon
3473 4400 3499 4437 οε

1936 4469 2205 4524 Deberem
2247 4485 2440 4526 omnes
2487 4469 2773 4526 audientes
2820 4470 3044 4526 credere
3090 4488 3276 4527 verum
3330 4488 3491 4539 esse,

1929 4563 2080 4633 quod
2110 4562 2375 4617 audiunt?
2398 4563 2534 4617 Tum
2567 4561 2763 4618 Petrus
2799 4582 2812 4617 :
2845 4562 2948 4629 Qui
2979 4564 3250 4618 audierint
3286 4580 3383 4634 per
3407 4582 3499 4620 or-

1927 4656 2107 4711 dinem
2160 4670 2469 4711 sermonem
2520 4656 2806 4720 veritatis,
2854 4656 3241 4712 contradicere,
3275 4658 3498 4712 omnino

1926 4763 2035 4802 non
2069 4754 2321 4818 possunt,
2372 4747 2469 4802 sed
2501 4747 2683 4802 sciunt
2712 4763 2900 4803 verum
2935 4764 3058 4803 esse
3093 4748 3238 4818 quod
3268 4750 3492 4814 dicitur,

1926 4839 1973 4893 si
2005 4845 2185 4894 tamen
2215 4839 2448 4894 libenter
2484 4841 2647 4892 etiam
2691 4840 2817 4894 vita:
2868 4840 3115 4895 instituta
3165 4841 3488 4910 suscipiant.

1927 4928 2037 4985 Hos
2071 4945 2199 4984 vero
2248 4945 2386 5000 quos
2432 4929 2717 4985 audientes
2745 4930 2809 4984 ad
2864 4931 3004 4984 bona
3038 4946 3205 4999 opera
3238 4931 3492 4987 conferre

1924 5038 1991 5076 se-
2012 5023 2176 5091 piget,
2216 5022 2358 5076 male
2397 5022 2590 5092 agendi
2634 5021 2803 5076 libido
2856 5023 3207 5091 acquiescere
3246 5022 3332 5077 bis
3371 5039 3490 5092 qua:

1922 5122 2069 5169 recta
2089 5114 2355 5183 judicant,
2386 5129 2494 5168 non
2527 5114 2677 5168 sinit.
2728 5110 2884 5169 Unde
2913 5113 3217 5167 ostenditur
3249 5114 3486 5183 positum

1921 5222 2043 5261 esse
2074 5208 2126 5259 in
2159 5207 2467 5261 auditorum
2502 5214 2788 5275 potestate,
2836 5207 3035 5275 eligere
3059 5214 3240 5259 utrum
3272 5206 3483 5261 malint.

1921 5298 2073 5364 Quod
2125 5298 2168 5352 si
2222 5313 2412 5353 omnes
2461 5299 2553 5366 qui
2602 5298 2851 5359 audiunt,
2905 5297 3223 5361 obcdirent,
3275 5305 3486 5351 natura:

1919 5391 2091 5459 magis
2119 5398 2264 5445 esset
2294 5390 2616 5454 necessitas,
2648 5404 2769 5458 quae
2797 5404 2902 5443 una
2937 5403 3128 5443 omnes
3163 5396 3347 5457 ageret
3374 5388 3479 5443 via.

1920 5480 2072 5536 Sicut
2100 5483 2241 5537 enim
2272 5481 2488 5537 suaderi
2524 5481 2648 5550 quis
2679 5496 2787 5535 non
2816 5488 3014 5550 potest,
3054 5488 3113 5533 ut
3141 5479 3232 5533 fiat
3266 5478 3483 5536 brevior

1917 5582 2009 5627 aut
2036 5574 2263 5644 longior,
2294 5574 2418 5643 quia
2468 5590 2575 5627 non
2611 5573 2743 5628 sinit
2792 5574 2872 5627 vis
2905 5579 3146 5638 natura};
3201 5571 3275 5624 ita
3317 5581 3371 5625 ct
3411 5573 3478 5625 ad

1916 5668 2218 5729 veritatem,
2254 5669 2297 5723 si
2327 5682 2516 5723 OlllltCS
2550 5666 2716 5721 verbo
2746 5672 3195 5721 converterentur
3237 5673 3327 5720 aut
3364 5681 3477 5720 orn-
