4030 6338
490 218 629 280 ηυξ)

1335 219 1394 280 S.
1432 219 1825 309 CLEMENTIS
1863 226 1880 280 l
1918 225 2083 282 ROM.
2125 221 2324 284 PONT.
2357 230 2580 286 OPEM
2623 229 2850 287 DUBIA.

3597 237 3741 300 1500

484 351 583 394 nes
637 355 745 394 non
802 343 1273 404 conrertercntur,
1321 349 1529 396 natura:
1578 350 1723 397 esset
1781 343 1894 408 vis,
1951 359 2069 411 quae
2097 349 2138 402 Α
2170 359 2336 412 quum
2379 347 2677 410 videretur,
2713 357 2768 401 ut
2794 346 2927 418 justi
2957 357 3012 402 et
3043 347 3232 418 injustt
3280 365 3390 405 uno
3433 359 3578 423 apud
3608 372 3740 410 eum

481 433 715 502 cogebat
747 433 910 487 verbo
940 446 1132 487 omnes
1177 435 1424 488 converti
1481 443 1574 489 aut
1600 435 1811 489 nullum
1841 438 2064 491 omnino

483 525 750 580 converti.

555 613 819 672 XXXVII.
853 615 916 669 Et
949 614 1138 670 Simon
1174 637 1187 672 :
1225 616 1366 672 Doce
1394 633 1523 689 ergo
1559 632 1682 682 nos,
1714 617 1844 689 quid
1889 619 2064 688 primo

479 715 697 779 oportet
724 709 936 764 discere
973 724 1097 764 eum
1133 710 1225 780 qui
1267 711 1546 766 veritatem
1578 710 1721 765 scire
1759 709 2064 765 desiderat?

479 801 545 854 Et
592 801 784 857 Petrus
830 817 844 853 :
885 802 1026 856 Ante
1072 803 1290 867 omnia,
1341 804 1546 872 inquit,
1599 802 1768 874 quaari
1824 811 2058 873 Oportet,

479 892 611 962 quid
641 893 713 949 sit
738 893 942 948 homini
967 897 1231 964 quzerenti
1259 895 1502 948 invenire
1524 894 1803 965 possibile.
1831 893 2062 952 Necesse

475 993 562 1040 est
589 985 735 1040 enim
759 985 1027 1055 judicium
1060 985 1154 1042 Dei
1185 987 1240 1040 in
1287 987 1389 1041 hoc
1420 994 1587 1052 stare,
1617 987 1666 1043 si
1693 987 1870 1057 potuit
1898 987 2061 1043 homo

476 1076 678 1132 bonum
713 1075 914 1141 facere,
944 1088 998 1131 et
1029 1095 1136 1133 non
1172 1077 1331 1144 fecit;
1359 1087 1415 1132 et
1446 1077 1566 1134 ideo
1595 1079 1946 1149 quaerendum
1976 1090 2060 1135 est

475 1168 814 1235 hominibus,
847 1172 894 1226 si
927 1172 1163 1226 habeant
1206 1172 1260 1225 in
1303 1180 1572 1242 potestate
1623 1187 1720 1226 sua
1752 1182 2056 1241 quaerentes

473 1260 722 1318 invenire
751 1263 884 1333 quid
911 1273 996 1319 est
1018 1265 1243 1332 bonum,
1275 1275 1326 1319 et
1357 1280 1483 1321 cum
1519 1265 1825 1320 invenerint
1845 1265 2052 1331 facere;

475 1351 582 1406 hoc
636 1354 779 1407 enim
825 1363 909 1410 est
956 1371 1054 1424 pro
1104 1371 1214 1425 quo
1257 1355 1542 1425 judicandi
1593 1363 1742 1412 sunt.
1805 1357 2053 1427 Amplius

473 1455 655 1499 autem
690 1445 776 1501 his
815 1447 990 1502 solum
1029 1447 1174 1502 scire
1223 1448 1304 1503 fas
1333 1456 1417 1503 est
1469 1449 1820 1518 prophetam,
1851 1455 1906 1502 et
1937 1464 2052 1502 me-

475 1535 615 1602 rito;
639 1538 767 1606 quid
797 1539 942 1592 enim
965 1555 1102 1609 opus
1131 1547 1215 1594 est
1243 1540 1560 1594 hominibus
1591 1540 1752 1603 scire,
1778 1539 2052 1610 quomodo

471 1630 653 1686 factus
685 1634 755 1686 sit
789 1631 1059 1687 mundus?
1096 1631 1221 1686 llaec
1247 1633 1392 1687 enim
1437 1631 1696 1687 discenda
1738 1631 2050 1686 necessario

2166 433 2497 490 haberentur
2524 437 2717 493 ordine
2749 439 3091 493 meritorum.

2234 525 2476 585 XXXIX.
2507 528 2572 583 Et
2599 528 2787 584 Simon
2815 546 2828 581 :
2861 529 3038 584 Unum
3065 539 3150 585 est
3178 530 3244 586 de
3273 548 3380 603 quo
3409 534 3542 589 mihi
3571 537 3740 592 velim

2163 618 2443 685 satisfieri,
2471 621 2518 676 si
2552 621 2876 679 immortalis
2908 632 2991 678 est
3019 625 3235 692 anima;
3274 642 3381 682 non
3423 628 3570 681 enim
3609 645 3740 700 pes-

2164 726 2286 765 sum
2321 726 2461 768 onus
2510 715 2698 770 subire
2732 715 2986 786 justitize,
3020 717 3122 770 nisi
3156 717 3309 787 prius
3340 719 3407 774 de
3449 719 3736 775 immorta-

2162 804 2314 860 litate
2360 805 2555 861 anima:
2585 807 2779 871 sciam,
2813 824 2934 878 quae
2965 810 3154 879 utique
3187 809 3232 865 si
3268 810 3594 868 immortalis
3624 803 3734 868 non

2161 903 2273 959 est,
2307 911 2407 951 nec
2437 897 2841 966 prmdicationis
2875 908 2979 954 tuae
3015 902 3216 970 poterit
3259 909 3403 958 stare
3433 904 3732 973 professio.

2161 985 2297 1042 Tum
2327 987 2929 1056 PetruszQuzeramus,
2977 992 3175 1062 inquit,
3223 994 3396 1064 prius,
3447 995 3492 1051 si
3545 995 3734 1065 justus

2158 1087 2242 1134 est
2273 1078 2448 1149 Deus;
2480 1081 2625 1152 quod
2665 1081 2710 1136 si
2745 1083 3028 1144 claruerit.
3075 1084 3285 1155 integer
3318 1089 3568 1156 proiecto
3599 1091 3732 1144 relio

2157 1172 2336 1244 gionis
2373 1175 2509 1230 ordo
2545 1176 2840 1231 constabit.
2885 1175 2950 1230 Et
2987 1175 3218 1231 Simon:
3245 1176 3462 1235 Videris
3500 1181 3633 1235 mihi
3675 1195 3730 1236 tu

2155 1261 2247 1332 qui
2295 1271 2346 1318 te
2389 1264 2567 1332 jactas
2611 1264 2928 1334 disputandi
2998 1269 3249 1324 ordinem
3320 1286 3516 1335 nosse,
3581 1289 3732 1328 nunc

2155 1359 2344 1405 contra
2386 1354 2634 1408 ordinem
2682 1357 3064 1426 respondisse;
3119 1374 3205 1414 me
3233 1360 3379 1414 enim
3411 1372 3641 1433 rogante
3673 1373 3732 1419 ut

2153 1443 2448 1508 ostendas,
2484 1445 2531 1498 si
2584 1445 2908 1502 immortalis
2937 1457 3018 1503 est
3055 1451 3265 1516 anima,
3305 1462 3362 1506 tu
3407 1454 3512 1516 ais,
3551 1461 3731 1527 primo

2152 1545 2253 1588 nos
2290 1550 2534 1603 quaerere
2563 1546 2777 1606 oportet
2815 1540 2861 1594 si
2898 1543 3075 1610 justus
3117 1554 3201 1598 est
3232 1545 3392 1601 Deus.
3441 1547 3500 1601 Et
3532 1549 3730 1608 Petrus

2153 1625 2228 1678 ait
2255 1644 2268 1680 :
2299 1625 2468 1681 Valde
2498 1641 2896 1700 consequenter
2922 1643 2975 1688 et
3001 1643 3147 1689 recte
3187 1651 3247 1691 se
3272 1639 3458 1695 habet.
3495 1640 3724 1699 Simon:

470 1726 805 1789 viderentur,
837 1727 882 1780 si
913 1727 1091 1780 simile
1132 1725 1432 1780 ineundum
1468 1724 1630 1780 nobis
1682 1731 1827 1778 esset
1877 1723 2048 1776 artiti-
2080 1697 2121 1752 Β
2153 1717 2327 1772 Velim
2359 1721 2591 1777 discere.

471 1818 638 1873 ciunt.
671 1817 825 1872 Nunc
872 1825 1052 1873 autem
1088 1817 1286 1871 sufﬁcit
1317 1818 1476 1872 nobis
1517 1817 1585 1871 ad
1633 1817 1839 1872 cultum
1865 1815 1959 1871 Dei
1991 1826 2048 1871 ut

471 1908 732 1971 sciamus.
759 1910 882 1978 quia
917 1909 1032 1979 ipse
1074 1907 1204 1964 fecit
1233 1909 1531 1974 mundum;
1565 1908 1839 1977 quomodo
1866 1916 2045 1962 autem

471 2001 662 2056 fecerit
687 2001 1037 2073 quaerendum
1070 2018 1177 2056 non
1205 2009 1314 2064 est,
1336 2002 1485 2070 quia,
1517 2009 1577 2054 ut
1597 2001 1730 2064 dixi,
1755 2016 1864 2054 non
1887 2001 2046 2057 nobis

471 2093 743 2158 imminet,
817 2104 1078 2165 tanquam
1130 2094 1306 2149 simile
1358 2093 1562 2163 aliquid
1613 2093 1862 2159 facturis,
1911 2096 2044 2149 artis

469 2185 643 2254 ipsius
678 2187 964 2240 scientiam
998 2184 1232 2240 discere.
1293 2185 1398 2239 Sed
1431 2201 1606 2255 neque
1637 2202 1734 2256 pro
1762 2187 1865 2241 hoc
1897 2187 2044 2257 judi-

466 2277 628 2331 candi
663 2293 875 2343 sumus,
909 2293 1009 2332 cur
1040 2294 1148 2332 non
1187 2278 1546 2334 didicerimus
1567 2279 1839 2348 quomodo
1867 2279 2042 2336 factus

467 2369 542 2422 sit
567 2371 821 2430 nutndus.
848 2370 943 2424 sed
979 2386 1076 2440 pro
1101 2385 1168 2424 eo
1194 2378 1424 2435 tantum,
1458 2371 1502 2425 si
1557 2370 1868 2440 ignoremus
1897 2372 2043 2426 Cons

465 2462 700 2516 ditorem’
747 2464 888 2532 ejus.
937 2463 1187 2518 Sciemus
1235 2472 1419 2518 autem
1467 2462 1803 2518 conditorem
1855 2465 2040 2519 mundi

460 2554 672 2622 justum
705 2564 758 2608 et
803 2557 1002 2610 bonmn
1052 2555 1242 2620 Deum,
1295 2557 1340 2611 si
1389 2571 1512 2610 eum
1564 2556 1774 2611 semitis
1815 2556 2042 2626 justitia:

467 2649 841 2718 requiramus.
903 2647 1036 2701 Nam
1091 2648 1137 2702 si
1186 2646 1290 2701 hoc
1335 2657 1543 2701 tantum
1584 2648 1823 2703 sciamus
1863 2649 1931 2703 de
1975 2664 2042 2702 eo

463 2741 612 2810 quod
662 2742 836 2794 bonus
887 2747 1003 2802 est,
1043 2738 1354 2808 hujusmodi
1406 2740 1635 2793 scientia
1679 2755 1787 2794 non
1846 2739 2040 2795 sufficit

465 2832 532 2884 nd
573 2834 822 2886 salutem.
876 2830 930 2885 In
983 2831 1237 2902 praesenti
1283 2832 1426 2884 enim
1475 2839 1738 2900 tempore,
1798 2831 2040 2886 bonitate

461 2929 584 2992 ejus
608 2935 661 2978 et
691 2925 967 2979 beneficiis
996 2923 1354 2994 perfruuntur
1383 2938 1493 2976 non
1535 2923 1708 2977 solum
1731 2923 1904 2992 digiti,
1944 2925 2036 2978 sed

2223 1809 2331 1864 XL.
2373 1809 2568 1868 Petrus
2613 1814 2828 1878 :Audi,
2884 1815 3082 1888 inquit,
3135 1823 3381 1876 nonnulli
3432 1823 3723 1883 hominum

2149 1902 2589 1973 hlasphemantes
2612 1904 2780 1960 Deum
2806 1917 2858 1962 et
2884 1926 3100 1965 onmem
3131 1913 3297 1966 vitam
3341 1930 3497 1970 suam
3542 1919 3597 1971 in
3636 1921 3723 1974 in-

2142 1994 2357 2064 justitia
2397 2005 2449 2050 et
2479 1997 2754 2066 voluptate
2795 1999 3077 2066 ducentes,
3113 2002 3168 2056 in
3210 2003 3424 2061 lectulis
3473 2009 3594 2062 suis
3621 2009 3722 2065 de-

2148 2086 2319 2139 functi
2367 2098 2530 2152 sunt,
2585 2092 2866 2144 consecuti
2919 2095 3080 2147 linem
3133 2093 3259 2148 vita
3304 2095 3444 2151 inter
3485 2114 3620 2153 suos
3665 2108 3721 2156 et

2148 2176 2520 2234 honorabilem
2564 2181 2941 2250 sepulturam;
2983 2183 3072 2236 alii
3110 2200 3239 2240 vero
3265 2184 3432 2240 Deum
3475 2190 3719 2244 colentes

2145 2278 2351 2324 etcum
2390 2273 2537 2327 onmi
2575 2273 2791 2343 justitia
2835 2283 2887 2330 et
2929 2275 3226 2333 sobrietate
3253 2279 3420 2333 vitam
3459 2296 3620 2336 suam
3663 2284 3716 2338 in

2145 2362 2481 2431 parcimonia
2529 2375 2950 2431 conservantes,
2983 2385 3083 2438 pro
3109 2369 3338 2439 justiti-.1:
3367 2373 3716 2430 observantia

2145 2457 2198 2510 in
2231 2458 2466 2513 desertis
2511 2459 2788 2525 interiere,
2839 2462 2907 2514 ita
2956 2471 3014 2515 ut
3060 2479 3129 2518 ne
3172 2467 3451 2534 sepultura
3491 2468 3718 2538 quidem

2144 2549 2477 2604 haberentur
2541 2551 2712 2622 digni.
2770 2551 2870 2607 Ubi
2921 2562 3006 2608 est
3062 2572 3193 2626 ergo
3236 2557 3450 2626 justitia
3507 2559 3622 2620 Dei.
3667 2565 3714 2615 si

2143 2642 2324 2695 anima
2373 2643 2699 2699 immortalis
2729 2655 2965 2710 nonest,
2997 2663 3119 2717 qua:
3159 2649 3240 2702 vel
3272 2649 3316 2702 si
3351 2650 3513 2720 impie
3542 2656 3717 2722 egerit

2141 2750 2332 2805 pmnas
2363 2735 2416 2788 in
2449 2736 2651 2802 futuro,
2684 2739 2766 2791 vel
2801 2738 2844 2793 si
2880 2739 2963 2807 pie
2993 2746 3046 2794 et
3071 2740 3218 2808 juste
3248 2743 3467 2810 praamia
3515 2760 3716 2798 conse-

2140 2827 2382 2896 quatur?
2423 2825 2486 2880 Et
2522 2827 2711 2882 Simon
2752 2829 2828 2881 ait
2870 2848 2883 2883 :
2922 2829 3035 2884 lloc
3081 2832 3271 2901 utique
3315 2843 3398 2887 est
3424 2835 3567 2904 quod
3606 2854 3711 2890 nos

2141 2923 2457 2980 incredulos
2514 2924 2682 2989 facit,
2728 2929 2855 2997 quia
2900 2930 3055 2982 multi
3103 2930 3241 2984 bene
3301 2942 3513 3001 agentes
3562 2937 3710 2988 male

461 3017 626 3069 etiam
681 3017 907 3086 indigni.
962 3015 1020 3069 Si
1067 3030 1196 3069 vero
1243 3031 1350 3069 non
1403 3023 1612 3068 tantum
1665 3014 1890 3080 bonum,
1941 3016 2106 3098 sedc
2141 3025 2396 3084 pereunt,
2448 3025 2501 3070 et
2548 3033 2764 3071 rursum
2841 3021 2995 3072 multi
3058 3021 3222 3090 impie
3286 3033 3499 3093 agentes
3553 3025 3709 3096 longi

459 3109 627 3160 etiam
655 3108 862 3177 justum
893 3123 1016 3163 eum
1044 3108 1354 3168 credamus,
1375 3115 1430 3162 et
1451 3107 1748 3162 secundum
1773 3109 1876 3162 hoc
1896 3108 2040 3176 quod

459 3199 530 3253 de
562 3199 670 3254 Deo
707 3199 1020 3263 credimus,
1069 3200 1126 3254 in
1171 3199 1318 3254 omni
1369 3199 1480 3252 vita
1548 3213 1732 3254 nosua
1774 3200 2041 3269 justitiam

459 3299 766 3357 teneamus,
803 3295 964 3346 etiam
989 3293 1232 3347 bonitate
1254 3293 1374 3362 ejus
1401 3293 1454 3345 in
1487 3299 1749 3347 aeternum
1774 3292 2038 3348 fruemur.

462 3382 704 3452 Denique
763 3383 1006 3440 Hebraeis
1062 3386 1154 3454 qui
1219 3385 1286 3440 de
1333 3386 1442 3440 Deo
1513 3387 1588 3440 ita
1639 3385 2049 3454 opinabantur,

455 3475 605 3543 quod
640 3478 814 3530 solum
849 3478 1023 3531 bonus
1069 3487 1246 3541 esset,
1282 3479 1496 3532 dicebat
1527 3478 1780 3548 Magister
1831 3485 2037 3544 noster,

462 3577 595 3620 utet
639 3568 908 3637 justitiam
941 3570 1061 3637 ejus
1105 3579 1412 3639 quaererent
1454 3571 1520 3634 ",
1573 3572 1674 3625 hoc
1699 3580 1805 3636 est,
1839 3580 1898 3623 ut
1931 3569 2040 3624 sci-

463 3667 585 3712 rent
623 3675 748 3714 eum
786 3663 1040 3729 prazsenti
1087 3663 1304 3731 quidem
1345 3673 1587 3732 tempore
1638 3663 1839 3716 bonum
1886 3677 2033 3723 esse,

462 3761 523 3803 ut
550 3767 738 3806 omnes
769 3753 822 3805 in
851 3753 1096 3808 bonitate
1131 3754 1250 3822 ejus
1279 3754 1483 3818 vivant,
1511 3753 1722 3823 justum
1750 3769 1879 3809 vero
1911 3768 2033 3808 eum

465 3847 709 3898 tuturum
754 3844 808 3898 in
842 3844 931 3898 die
971 3845 1190 3914 judicii,
1239 3855 1298 3899 ut
1339 3845 1520 3916 dignis
1568 3846 1786 3916 praemia
1835 3852 2033 3900 a*terna

461 3938 738 4000 restituat,
771 3953 801 3990 a
828 3938 1028 4008 quibus
1057 3939 1308 3994 excludet
1349 3941 1623 4011 indignos.

535 4027 820 4100 XXXVIII.
863 4030 928 4083 Et
960 4029 1186 4086 Simon:
1218 4031 1503 4096 Quomodo
1535 4040 1712 4101 potest
1751 4049 1919 4086 unum
1952 4041 2034 4086 at-

458 4138 569 4190 que
617 4120 784 4186 idem,
816 4131 871 4176 et
902 4123 1102 4176 bonum
1149 4139 1271 4178 esse
1318 4133 1371 4180 et
1409 4125 1656 4194 justum?
1683 4124 1878 4180 Petrus
1918 4126 2027 4180 ait:

458 4214 601 4280 Quia
646 4214 767 4268 sine
805 4214 1044 4283 justitia,
1077 4216 1281 4270 bonum
1329 4218 1596 4287 injustum
1634 4218 2031 4288 quodammodo

461 4305 773 4363 videbitur:
808 4305 939 4360 boni
970 4314 1055 4360 est
1090 4306 1258 4371 enim,
1295 4309 1467 4362 solem
1513 4322 1672 4362 suum
1712 4316 1764 4363 et
1795 4309 2028 4377 pluviam

2146 3107 2407 3174 temporis
2437 3107 2600 3160 vitam
2640 3124 2762 3162 cum
2795 3110 3129 3167 beatitudine
3162 3114 3383 3172 tiniunt.

2220 3199 2355 3254 XLI.
2396 3201 2460 3254 Et
2501 3200 2694 3256 Petrus
2728 3225 2740 3258 :
2788 3203 2901 3259 lloc
2951 3204 3164 3275 ipsum,
3206 3209 3418 3280 inquit,
3462 3213 3609 3282 quod
3657 3224 3715 3268 te

2143 3290 2210 3341 ad
2243 3290 2676 3344 incredulitatem
2718 3294 2904 3355 trahit,
2934 3297 3091 3352 nobis
3121 3308 3326 3354 certam
3362 3301 3518 3356 fidem
3556 3302 3710 3369 facit,

2142 3382 2267 3449 quia
2305 3381 2572 3448 judicium
2606 3382 2729 3434 erit.
2776 3381 2987 3438 Etenim
3037 3403 3160 3440 curn
3197 3399 3406 3444 certum
3440 3394 3512 3446 sit
3540 3392 3709 3447 Deum

2136 3475 2344 3543 justum
2377 3490 2518 3536 esse,
2555 3477 2924 3530 necessarium
2962 3487 3015 3532 et
3045 3495 3385 3550 consequens
3441 3493 3529 3538 est
3561 3488 3708 3541 aliud

2139 3584 2261 3622 esse
2289 3568 2570 3629 saeculum,
2603 3569 2655 3620 in
2683 3584 2790 3637 quo
2828 3571 3202 3642 unusquisque
3233 3591 3330 3642 pro
3371 3578 3588 3631 meritis
3623 3596 3707 3633 re-

2139 3660 2343 3729 cipiens
2383 3661 2651 3730 justitiam
2680 3661 2770 3715 Dei
2806 3664 3014 3731 probet.
3068 3664 3221 3729 Quod
3253 3665 3297 3720 si
3334 3683 3483 3722 nunc
3513 3684 3710 3725 omnes

2138 3752 2387 3807 homines
2419 3768 2517 3823 pro
2552 3754 2759 3807 meritis
2798 3754 2914 3808 suis
2943 3756 3265 3825 reciperent,
3291 3775 3419 3814 vere
3462 3776 3569 3816 nos
3601 3761 3707 3815 fai-

2136 3845 2247 3900 lcre
2277 3845 2596 3899 videbamur
2636 3844 2884 3900 dicentes
2940 3845 3181 3900 futurum
3231 3866 3351 3904 esse
3405 3851 3706 3919 judicium,

2133 3946 2188 3993 et
2217 3937 2337 3992 ideo
2366 3936 2468 3991 hoc
2497 3937 2674 4006 ipsum
2715 3936 2856 4008 quod
2901 3937 2955 3990 in
2987 3938 3237 4006 praesenti
3279 3942 3387 3994 vita
3431 3959 3541 3996 non
3580 3946 3706 3998 red-

2133 4031 2279 4084 ditur
2310 4029 2608 4099 unicuique
2639 4045 2736 4098 pro
2766 4030 2977 4085 actibus
3009 4031 3145 4093 suis,
3179 4031 3332 4086 fidem
3366 4033 3706 4089 indubitabi-

2135 4123 2238 4176 lem
2283 4121 2411 4174 facit
2449 4121 2750 4175 scientibus
2781 4121 2948 4174 Deum
2979 4138 3100 4176 esse
3121 4124 3353 4191 justum,
3380 4126 3505 4194 quia
3547 4128 3704 4195 judi-

2132 4215 2276 4268 cium
2309 4213 2434 4267 erit.
2478 4211 2542 4266 Et
2575 4210 2761 4266 Simon
2792 4231 2806 4268 :
2843 4213 2955 4266 Cur
2982 4229 3111 4284 ergo
3155 4215 3286 4268 mihi
3319 4233 3424 4270 non
3469 4235 3702 4288 persua-

2131 4307 2328 4361 detur?
2354 4303 2586 4360 Petrus:
2618 4303 2753 4370 Quia
2783 4321 2969 4358 verum
3002 4306 3319 4375 prophetam
3354 4324 3462 4361 non
3498 4312 3702 4366 audisti

455 4413 526 4450 ex
559 4412 714 4466 atquo
736 4396 904 4465 justis
932 4405 986 4452 et
1015 4396 1239 4466 injustis
1271 4400 1512 4468 pra-bere
1533 4399 1601 4462 ",
1627 4397 1722 4454 sed
1751 4398 1855 4452 hoc
1879 4400 2027 4454 vide-
2064 4384 2104 4438 ί)
2137 4399 2406 4454 dicentem
2443 4413 2456 4448 :
2507 4396 2737 4463 Qua'rite
2790 4397 2959 4465 primo
2999 4396 3267 4465 justitiam
3322 4397 3460 4466 ejus,
3504 4410 3554 4453 et
3593 4402 3702 4455 have

462 4497 615 4544 retur
653 4489 942 4559 injustum,
976 4489 1019 4544 si
1049 4491 1223 4545 bonos
1269 4491 1551 4560 malosque
1590 4492 1785 4561 aequali
1817 4509 2029 4562 semper

455 4594 611 4636 sorte
650 4592 920 4646 censeret,
969 4592 1022 4636 et
1065 4582 1171 4638 nisi
1211 4581 1428 4652 frugum
1466 4598 1631 4636 causa
1663 4583 1767 4636 hoc
1803 4582 2026 4647 faceret,

455 4675 665 4744 quibus
694 4675 901 4745 perfrui
930 4676 1212 4745 aequaliter
1240 4691 1431 4730 omnes
1475 4676 1568 4744 qui
1603 4677 1656 4728 in
1689 4676 1791 4730 hoc
1827 4677 2029 4732 mundo

460 4768 575 4821 nati
607 4776 762 4832 sunt,
795 4768 1130 4823 conveniret.
1186 4766 1293 4822 Sed
1324 4768 1466 4822 sicut
1495 4768 1621 4821 data
1655 4782 1684 4820 a
1713 4765 1822 4821 Deo
1850 4768 2029 4836 pluvia

454 4873 525 4912 ex
566 4873 722 4928 aequo
758 4868 812 4913 et
851 4858 1035 4928 fruges
1079 4859 1253 4912 nutrit
1282 4865 1335 4913 et
1365 4859 1575 4922 lolium,
1620 4859 1817 4915 messis
1847 4868 2026 4916 autem

457 4959 704 5020 tempore
748 4950 1020 5004 frumenta
1069 4953 1284 5021 quidem
1345 4959 1746 5022 congregantur
1799 4951 1851 5005 in
1902 4953 2031 5006 hor-

460 5057 637 5107 reum,
669 5042 838 5112 palete
866 5056 996 5095 vero
1020 5044 1102 5097 vel
1145 5044 1332 5098 lolium
1379 5043 1492 5113 igni
1533 5043 2026 5098 consumuntur”:

461 5137 536 5190 ita
576 5136 631 5190 in
666 5137 755 5190 die
789 5136 987 5206 judieii
1041 5151 1165 5190 cum
1213 5137 1349 5206 justi
1391 5136 1811 5192 introducentnr
1852 5137 1904 5190 in
1945 5151 2030 5189 re—

459 5243 626 5301 gnum
664 5231 779 5295 Dei,
822 5231 1021 5300 ‘injusti
1066 5238 1248 5286 autem
1295 5231 1626 5300 abjicientur
1674 5230 1855 5292 foras,
1902 5237 2031 5282 tunc

457 5323 623 5374 etiam
650 5320 867 5388 justitia
892 5321 984 5374 Dei
1015 5321 1356 5376 ostendetur.
1409 5320 1544 5375 Nam
1575 5322 1620 5376 si
1655 5321 1879 5391 aequalis
1907 5334 2031 5388 per-

459 5418 706 5464 maneret
747 5413 1008 5482 perpetuo
1036 5411 1194 5467 malis
1223 5419 1278 5465 et
1306 5409 1497 5471 bonis.
1523 5409 1636 5480 jam
1669 5410 1770 5465 hoc
1799 5423 1906 5461 non
1933 5421 2028 5462 so-

457 5499 571 5558 lum
605 5503 809 5558 bonum
841 5514 950 5559 non
989 5513 1163 5571 esset,
1193 5504 1288 5559 sed
1316 5513 1372 5558 et
1401 5504 1667 5574 injustum
1716 5509 1880 5570 atque
1917 5500 2025 5554 ini—

560 5684 610 5719 “
649 5688 840 5742 Matth.
874 5706 944 5750 vt,
972 5689 1060 5742 5'5.
1140 5690 1180 5718 "7
1212 5686 1400 5740 Matth.
1434 5703 1485 5752 v,
1523 5687 1609 5739 45.

1690 5684 1731 5714 ⁵³⁸
1759 5678 1945 5734 Matth.
1989 5696 2064 5747 ut,
2099 5680 2180 5733 l2.

2137 4493 2315 4544 0'1"th
2356 4499 2681 4560 epponeutur
2722 4488 2863 4542 vobis
2886 4489 2951 4542 θ’.
2985 4486 3050 4541 Et
3081 4488 3306 4543 Simon:
3339 4491 3586 4562 indulge,
3619 4494 3703 4547 in-

2133 4582 2270 4650 quit,
2315 4580 2444 4633 mihi
2485 4579 2684 4633 nolenti
2731 4580 2904 4649 primo
2939 4579 3208 4648 justitiam
3249 4597 3515 4650 quazrere,
3548 4591 3701 4638 ante-

2133 4689 2293 4740 quam
2333 4672 2502 4726 sciam
2549 4672 2592 4725 si
2632 4672 2954 4726 immortalis
2999 4672 3070 4724 sit
3117 4673 3318 4726 anima.
3379 4672 3444 4727 Et
3470 4674 3695 4731 Petrus:

2133 4763 2198 4816 Et
2222 4773 2276 4817 tu
2309 4763 2440 4816 mihi
2474 4762 2576 4816 hoc
2605 4779 2770 4816 unum
2805 4763 3043 4832 indulge,
3071 4764 3198 4832 quia
3228 4781 3334 4818 non
3361 4781 3589 4834 possum
3625 4769 3700 4822 fa-

2133 4869 2256 4908 cere
2305 4852 2464 4905 aliter
2499 4867 2662 4922 quam
2712 4868 2798 4907 me
2849 4854 3109 4923 propheta
3164 4854 3406 4907 veritatis
3455 4855 3695 4912 edocuit.

2134 4945 2271 5000 Tum
2301 4943 2491 4997 Simon
2519 4960 2532 4994 :
2570 4943 2792 4998 Certum
2824 4953 2928 5009 est,
2963 4945 3160 5015 inquit,
3191 4962 3299 4998 non
3331 4961 3496 5015 posse
3523 4955 3580 5002 te
3610 4965 3699 5003 as—

2135 5052 2316 5091 serere
2343 5035 2487 5106 quod
2519 5036 2840 5090 immortalis
2875 5036 2943 5091 sit
2970 5037 3174 5100 anima,
3208 5044 3261 5090 et
3293 5037 3363 5090 ob
3395 5038 3500 5091 hoc
3531 5041 3700 5093 cavil.

2134 5129 2288 5193 laris,
2335 5129 2517 5185 sciens
2558 5128 2684 5198 quia
2716 5130 2760 5182 si
2797 5128 3044 5181 mortalis
3101 5130 3381 5197 probetur,
3423 5127 3700 5183 radicitus

2129 5222 2467 5277 convellatur
2507 5221 2787 5292 religionis
2817 5221 2978 5276 istius
3005 5235 3166 5290 quam
3199 5220 3416 5275 conaris
3447 5234 3700 5276 asserere

2131 5321 2242 5368 tota
2283 5313 2588 5384 professio;
2636 5321 2692 5367 et
2738 5312 2860 5366 ideo
2907 5311 3069 5366 laudo
3099 5312 3314 5381 quidem
3347 5313 3695 5381 prudentiam

2131 5414 2300 5469 tuam,
2356 5419 2462 5459 non
2518 5411 2700 5458 tamen
2754 5403 2927 5474 probo
2986 5401 3437 5473 persuasionem;
3507 5403 3696 5455 multis

2131 5499 2273 5552 enim
2317 5495 2614 5569 persuades
2657 5495 2941 5566 suscipere
2987 5492 3305 5564 religionem
3351 5498 3407 5547 et
3447 5491 3696 5548 libidinis

2258 5680 2300 5709 ⁹⁹
2328 5678 2515 5733 Matth.
2546 5694 2620 5738 VI,
2648 5677 2733 5731 '55.
