4030 6342
342 251 471 308 1501

332 458 535 527 quibus
575 456 775 517 evenit.
818 466 877 511 ut
915 472 1091 527 neque
1136 455 1495 525 praesentibus
1546 454 1906 524 perfruantur

332 558 385 606 et
416 549 763 618 decipiantur
797 549 1015 605 fulturis.
1060 548 1229 603 Simul
1272 551 1416 604 enim
1450 557 1509 604 ut
1537 550 1736 605 mortui
1784 548 1904 605 fue-

330 642 468 700 rint,
506 641 668 693 etiam
704 639 881 693 anima
914 640 1117 709 pariter
1142 641 1543 711 exstinguetur.

400 731 563 787 XLII.
611 731 806 787 Petrus
848 748 978 787 vero
1024 733 1137 788 lucc
1180 733 1428 798 audiens,
1458 735 1715 790 dentibus
1755 733 1905 794 fren-

328 823 465 878 dens
491 822 834 892 frontemque
861 830 1102 879 atterens
1132 839 1318 887 manu,
1349 831 1402 877 et
1426 824 1695 894 profundo
1716 825 1907 881 dolore

329 916 616 985 suspirans
660 915 734 967 ait
771 933 785 969 :
819 914 1032 969 Astutia
1085 916 1352 985 serpentis
1382 917 1588 986 antiqui
1627 918 1693 971 ad
1725 916 1903 970 homi-

327 1023 461 1060 num
492 1006 840 1077 decipiendas
882 1006 1093 1061 animas
1139 1015 1383 1060 armatus
1427 1008 1665 1070 assistis,
1695 1017 1749 1062 et
1780 1007 1903 1062 ideo

331 1106 390 1151 ιιι
438 1113 666 1167 serpens
727 1096 1029 1167 sapientior
1079 1098 1293 1151 caeteris
1350 1097 1561 1162 bestiis,
1619 1098 1687 1152 ab
1745 1098 1902 1152 initio

327 1191 607 1245 doctorem
647 1198 701 1245 te
731 1206 853 1245 esse
890 1190 1173 1261 professus
1202 1206 1285 1246 es.
1333 1189 1401 1243 Et
1441 1206 1656 1257 rursus,
1698 1199 1757 1244 ut
1782 1207 1901 1246 ser-

326 1298 464 1351 pens
506 1282 707 1337 multos
750 1281 1097 1336 introducere
1140 1282 1272 1336 deos
1311 1283 1555 1346 volebas,
1591 1298 1755 1354 super
1793 1298 1904 1353 quo

324 1374 645 1429 confutatus
672 1375 879 1428 nullum
910 1375 1135 1428 omnino
1160 1392 1303 1429 nunc
1329 1391 1451 1430 esse
1482 1378 1683 1429 asseris
1707 1375 1897 1431 Deum.

324 1461 463 1515 Nam
504 1480 599 1532 per
628 1465 970 1519 occasionem
1001 1465 1188 1519 nescio
1214 1464 1374 1534 cujus
1417 1464 1583 1535 ignoti
1615 1464 1731 1530 Dei,
1765 1479 1901 1519 con-

322 1553 560 1607 ditorcm
604 1554 790 1608 nmndi
826 1554 990 1608 Deum
1026 1557 1253 1626 negasti,
1291 1556 1384 1610 sed
1421 1572 1544 1611 eum
1576 1557 1660 1611 vel
1697 1558 1896 1611 malum

323 1660 476 1705 esse,
510 1645 589 1699 vel
631 1646 830 1700 multos
862 1646 1062 1701 habere
1101 1647 1204 1701 sibi
1242 1648 1499 1716 aequales,
1528 1648 1612 1702 vel
1650 1648 1896 1712 omnino,

1526 244 2087 301 liECOGNITIONUM
2128 246 2258 302 LIB.
2298 245 2381 302 III.

336 364 521 420 subire
555 362 975 426 continentiam,
1009 363 1112 418 sub
1137 378 1231 433 spe
1265 362 1572 417 futurorum
1614 363 1903 423 bonorum,
1933 380 1980 436 Α
2078 362 2265 417 XLIV.
2318 361 2385 417 Et
2431 362 2625 419 Petrus
2670 379 2683 415 :

3449 252 3472 306 1
3484 249 3588 305 502

2735 363 2921 417 Dicam
2971 364 3044 418 ita
3105 373 3164 418 ιιι
3218 379 3329 434 pra:
3375 368 3588 424 caeteris

2007 444 2263 511 omnibus
2291 455 2385 509 tibi
2419 455 2591 526 magis
2622 455 2901 525 probetur.
2940 452 3230 524 Responde
3266 472 3397 527 ergo
3426 458 3586 527 mihi,

2004 547 2133 617 quid
2173 554 2257 602 est
2297 546 2443 616 quod
2493 546 2836 600 incredulum
2881 546 3054 616 magis
3108 547 3337 603 suadere
3384 558 3585 618 potest,

2003 638 2153 693 visus
2201 652 2271 692 an
2312 638 2572 693 auditus?
2608 636 2674 691 Et
2703 635 2891 692 Simon
2918 657 2933 694 :
2966 636 3150 694 Visus.
3184 637 3321 693 Tum
3347 638 3543 697 Petrus
3566 681 3580 695 .

2002 728 2289 797 Quomodo
2326 745 2457 799 ergo
2504 744 2535 783 a
2579 744 2667 783 me
2706 730 2791 783 vis
2819 729 3033 784 discere
3074 730 3263 795 verbo,
3296 732 3443 802 quod
3485 734 3581 787 tibi

2001 838 2061 877 re
2087 824 2203 893 ipsa
2232 822 2495 891 probatur
2524 830 2578 877 et
2601 822 2761 877 visu?
2788 820 2852 875 Et
2880 821 3067 877 Simon
3095 840 3108 878 :
3135 821 3353 889 Nescio,
3384 824 3581 895 inquit,

2004 911 2281 984 quomodo
2310 914 2485 968 dicas.
2535 912 2601 966 Et
2632 912 2827 967 Petrus
2856 926 2872 964 :
2904 911 2960 966 Si
2993 913 3196 978 nescis,
3230 930 3392 985 perge
3436 932 3585 970 nunc

2002 1003 2058 1057 in
2089 1004 2309 1060 domum
2360 1012 2541 1069 tuam,
2583 1014 2637 1061 et
2669 1006 2949 1076 ingressus
2991 1005 3222 1062 interius
3266 1008 3580 1063 cubiculum

2000 1097 2213 1153 videbis
2261 1097 2552 1168 imaginem
2588 1098 2844 1168 positam,
2878 1100 3247 1154 continentem
3280 1102 3435 1171 pueri
3465 1103 3583 1157 viow

1999 1191 2176 1247 Ienter
2217 1192 2395 1246 necati
2444 1191 2674 1262 eﬂigiem
2719 1207 2961 1261 purpura
3012 1202 3347 1263 coopertam,
3400 1195 3579 1265 ipsum

2000 1282 2309 1354 interroga,
2355 1292 2409 1337 et
2449 1282 2669 1338 docebit
2711 1294 2763 1336 te
2798 1283 2883 1337 vel
2925 1284 3283 1354 responsione
3323 1286 3404 1341 vel
3434 1287 3577 1343 visu.

1998 1371 2139 1439 Quid
2178 1374 2323 1427 enim
2365 1389 2506 1445 Opus
2542 1382 2627 1431 est
2669 1373 2862 1430 audire
2896 1375 2965 1428 ab
2988 1389 3055 1430 eo
3084 1376 3131 1430 si
3160 1376 3481 1434 immortalis
3508 1380 3581 1433 sit

1999 1465 2198 1529 anima,
2224 1481 2346 1519 eum
2377 1476 2559 1521 astare
2586 1481 2707 1522 eam
2733 1465 2920 1521 videas
2947 1468 3306 1537 praesentem?
3347 1466 3405 1522 Si
3433 1473 3577 1524 enim

1998 1570 2107 1611 non
2153 1563 2320 1619 esset,
2362 1572 2464 1612 nec
2498 1556 2673 1611 videri
2715 1559 2900 1627 utique
2933 1564 3164 1626 poterat.
3210 1556 3365 1623 Quod
3404 1560 3450 1614 si
3483 1576 3580 1614 ne-

1999 1649 2109 1702 scis
2136 1663 2297 1717 quam
2324 1649 2449 1703 dico
2480 1648 2793 1718 imaginem,
2828 1648 2954 1703 hinc
2989 1665 3021 1703 e
3048 1650 3279 1719 vestigio
3302 1665 3425 1705 cum
3455 1652 3578 1707 aliis

324 1748 387 1789 ιιι
412 1737 671 1799 diximus,
709 1753 816 1791 non
852 1754 973 1793 esse
1005 1738 1170 1792 Deum
1200 1739 1586 1793 conﬁrmabas.
1624 1736 1754 1792 Post
1783 1738 1896 1792 lucc
1929 1752 1968 1806 Β
1997 1742 2183 1795 decem
2224 1740 2377 1800 viris,
2411 1755 2481 1794 ex
2520 1740 2607 1795 his
2636 1739 2730 1810 qui
2768 1750 3065 1810 praesentes
3103 1750 3252 1805 sunt,
3284 1757 3473 1798 eamus
3508 1744 3578 1798 ad

321 1844 453 1881 cum
479 1828 641 1883 etiam
674 1828 726 1882 in
760 1829 863 1882 hoc
899 1840 1191 1898 superatus
1234 1829 1455 1893 fuisses,
1487 1830 1725 1882 animam
1752 1846 1897 1883 nunc

323 1932 612 1974 aSserras
658 1936 780 1974 esse
827 1921 1141 1986 mortalem,
1188 1922 1267 1975 uti
1316 1936 1383 1975 ne
1433 1920 1743 1975 futurorum
1802 1937 1899 1990 spe

323 2021 476 2065 recte
504 2011 761 2081 justeque
795 2012 1024 2065 vivatur.
1059 2012 1192 2066 Nam
1229 2014 1419 2083 utique
1457 2014 1504 2068 si
1537 2013 1898 2084 desperamur

326 2105 542 2169 futura,
570 2104 760 2173 quidni
790 2098 834 2158 si
868 2105 1183 2159 abscidatur
1225 2104 1623 2167 misericordia,
1670 2106 1898 2161 luxuriae

325 2194 677 2263 indulgeatur
725 2202 777 2248 et
830 2196 1244 2265 voluptatibus,
1308 2212 1371 2249 ex
1430 2197 1628 2265 quibus
1682 2212 1894 2252 omnem

320 2302 654 2356 consurgere
698 2286 1022 2355 injustitiam
1050 2288 1306 2341 constat?
1330 2286 1395 2340 Et
1434 2302 1557 2341 cum
1592 2296 1755 2342 tanta:
1795 2288 1899 2341 im-

324 2381 543 2447 pii-tatis
568 2380 872 2434 doctrinam
909 2381 1121 2435 misera:
1157 2381 1283 2435 huic
1332 2381 1649 2437 introducas
1690 2394 1896 2437 morta-

324 2472 457 2524 Iimn
494 2471 633 2532 vit-.e,
666 2479 719 2525 te
754 2472 929 2541 ipsum
960 2473 1131 2541 pium,
1159 2488 1243 2526 me
1274 2473 1498 2542 impium
1527 2490 1709 2535 vocas,
1737 2475 1895 2544 quasi

323 2564 420 2632 qui
449 2563 694 2616 homines
732 2578 837 2614 non
872 2562 1047 2615 sinam
1084 2562 1185 2615 sub
1219 2576 1315 2631 spe
1351 2562 1655 2615 futurorum
1722 2562 1895 2615 bono-

326 2672 450 2710 rum
481 2671 627 2708 arma
654 2656 931 2724 corripere
957 2662 1009 2709 et
1041 2658 1360 2725 impugnare
1385 2670 1443 2709 se
1473 2654 1728 2717 invicem,
1762 2655 1895 2708 diri-

326 2764 459 2818 pere
498 2762 561 2801 ac
591 2748 907 2801 subvertere
950 2747 1202 2801 universa
1241 2754 1293 2800 et
1331 2748 1509 2801 moliri
1554 2748 1733 2800 omnia
1774 2763 1897 2817 qua:

325 2840 497 2893 libido
525 2838 827 2893 dictaverit.
882 2836 947 2892 Et
970 2838 1095 2907 quis
1124 2838 1229 2893 erit
1262 2839 1379 2893 ista:
1418 2838 1543 2891 vitae
1573 2847 1766 2902 status,
1799 2838 1893 2908 qui

323 2949 355 2984 a
396 2938 449 2986 te
499 2932 886 2996 introducitur,
933 2937 992 2983 ιιι
1040 2938 1277 3000 pugnent
1327 2929 1577 2984 homines
1616 2940 1668 2984 et
1720 2930 1893 2998 impu-

319 3032 578 3094 gnentur,
606 3030 663 3077 ut
696 3024 1002 3077 irascantur
1027 3031 1080 3077 et
1104 3025 1486 3093 perturbentur
1514 3029 1567 3076 et
1596 3036 1810 3089 semper
1839 3020 1891 3073 in

320 3125 470 3169 metu
500 3115 724 3169 vivant?
752 3113 984 3169 Necesse
1020 3123 1105 3169 est
1144 3115 1286 3171 enim
1320 3129 1415 3169 eos
1444 3113 1536 3183 qui
1586 3112 1710 3165 aliis
1754 3110 1892 3165 infe-
1917 3090 1961 3148 ε

322 3215 453 3259 runt
490 3208 631 3260 mala
662 3206 824 3260 etiam
869 3207 1018 3276 ipsos
1049 3221 1269 3275 sperare
1302 3205 1523 3261 similia.
1568 3203 1807 3257 Videsne
1840 3211 1891 3257 te

320 3298 518 3353 ducem
568 3300 995 3368 perturbationis
1040 3306 1093 3352 et
1136 3315 1244 3352 non
1286 3299 1458 3369 pacis,
1496 3298 1800 3367 iniquitatis
1838 3303 1891 3348 et

321 3409 434 3447 non
471 3395 744 3464 aequitatis
779 3393 1053 3447 existere?
1081 3391 1279 3447 Verum
1307 3408 1427 3462 ego,
1462 3406 1568 3445 non
1607 3390 1763 3459 quasi
1796 3388 1888 3459 qui

318 3488 614 3541 ostendere
660 3502 767 3540 non
811 3486 1014 3555 possim
1066 3486 1425 3538 immortalem
1464 3499 1586 3538 esse
1629 3484 1886 3545 animam,

322 3580 575 3634 simulavi
623 3579 986 3644 iracundiam,
1034 3578 1128 3632 sed
1172 3578 1432 3633 misereor
1481 3578 1765 3631 animabus
1792 3576 1891 3629 ho-

320 3675 552 3730 minum.
584 3687 721 3741 quas
750 3678 807 3723 tu
837 3670 1087 3738 decipere
1117 3670 1356 3724 conaris.
1393 3667 1576 3723 Dicam
1612 3685 1763 3740 ergo,
1795 3668 1887 3723 sed

322 3782 432 3819 non
471 3768 624 3835 quasi
666 3772 718 3817 te
756 3770 1012 3833 cogente;
1050 3762 1166 3816 scio
1207 3762 1350 3815 enim
1385 3761 1657 3831 quomodo
1684 3761 1887 3823 dicam,

316 3865 374 3909 et
404 3856 553 3909 solus
583 3854 692 3908 eris
721 3853 810 3922 qui
851 3852 917 3907 de
950 3853 1050 3905 hoc
1079 3867 1186 3905 non
1222 3859 1330 3904 tam
1364 3852 1719 3922 persuasione
1749 3850 1889 3905 indi—

321 3964 473 4019 geas,
514 3962 675 4018 quam
738 3944 1199 4010 commonitione;
1253 3960 1348 3999 eos
1394 3953 1571 3999 autem
1619 3944 1722 3998 hoc
1797 3945 1889 4013 qui

320 4056 446 4095 vere
478 4040 750 4109 ignorant,
782 4036 987 4090 docebo
1016 4045 1072 4089 ut
1093 4037 1364 4089 convenit.

390 4129 573 4185 XLIII.
615 4129 753 4183 Tum
789 4127 974 4183 Simon
1004 4147 1015 4181 :
1044 4126 1098 4181 Si
1132 4127 1407 4191 irasceris,
1437 4127 1632 4197 inquit,
1661 4144 1769 4181 non
1802 4127 1888 4180 in-

322 4227 610 4297 terrogabo
639 4240 743 4280 nec
774 4223 961 4277 audire
989 4223 1132 4276 volo.
1165 4221 1230 4274 Et
1251 4220 1443 4277 Petrus
1468 4238 1482 4274 :
1508 4220 1588 4275 Tu
1623 4220 1887 4289 siquidem

320 4337 469 4376 nunc
512 4319 858 4374 occasionem
891 4316 1090 4388 quieris
1117 4314 1588 4385 subterfugiendi;
1624 4315 1791 4370 babes
1825 4315 1889 4367 li-

319 4415 575 4477 centiam,
641 4421 695 4467 et
752 4413 872 4467 sine
915 4412 1205 4467 occasione
1270 4409 1614 4479 cujusquam.
1683 4405 1958 4489 Omnesn

316 4509 466 4566 enim
516 4507 808 4561 audierunt
855 4512 909 4559 te
957 4503 1094 4558 nihil
1138 4510 1285 4557 recte
1324 4501 1615 4563 dicentem,
1656 4516 1757 4554 nec
1788 4516 1884 4584 po-

318 4603 489 4656 tuisse
520 4598 721 4668 aliquid
756 4596 1100 4661 conﬁrmare,
1131 4594 1224 4649 sed
1251 4594 1321 4647 ob
1350 4594 1451 4646 hoc
1474 4601 1682 4646 tantum
1718 4592 1882 4648 inter-

316 4709 541 4759 rogasse
568 4698 625 4744 ut
650 4689 1074 4749 contradiceres,
1102 4686 1244 4756 quod
1268 4685 1447 4755 quivis
1478 4686 1653 4739 facere
1686 4693 1881 4754 potest.

313 4785 459 4853 Quid
500 4783 644 4840 enim
708 4779 921 4835 diﬂicile
959 4786 1042 4833 est
1084 4786 1208 4847 post
1240 4777 1517 4831 evidentes
1557 4776 1885 4831 assertiones

317 4876 671 4947 respondere,
707 4873 842 4926 nihil
867 4871 1072 4924 dixisti.
1105 4868 1175 4923 Ut
1208 4876 1386 4922 autem
1422 4868 1566 4921 scias
1598 4868 1723 4937 quia
1759 4883 1886 4937 pos-

316 4986 437 5027 sum
469 4967 565 5021 tibi
597 4981 704 5020 uno
734 4978 986 5019 sermone
1029 4960 1336 5023 ostendere,
1368 4960 1509 5028 quod
1560 4959 1885 5012 immortalis

312 5069 402 5116 est
432 5060 632 5120 anima,
664 5056 1013 5126 interrogabo
1045 5062 1106 5108 te
1129 5052 1348 5107 verbum
1383 5050 1523 5120 quod
1565 5066 1753 5103 omnes
1782 5064 1882 5103 no-

316 5160 469 5215 runt,
519 5148 792 5220 responde
821 5147 975 5207 mihi,
1004 5154 1058 5200 et
1089 5161 1198 5198 uno
1228 5159 1477 5199 sermone
1524 5142 1880 5196 immortalem

313 5260 438 5299 esse
462 5241 848 5313 comprobabo.
875 5238 1012 5293 Tum
1040 5236 1250 5295 Simon.
1278 5236 1371 5306 qui
1397 5236 1507 5303 jam
1539 5235 1882 5287 occasionem

316 5337 420 5391 sibi
468 5336 621 5389 visus
666 5333 843 5388 fuerat
904 5330 1179 5385 invenisse
1231 5344 1294 5383 ex
1340 5326 1620 5381 iracundia
1652 5324 1794 5379 Petri
1828 5332 1885 5377 ut

312 5429 638 5490 discederet,
680 5426 883 5481 restitit
922 5439 1021 5494 pro
1066 5439 1130 5477 eo
1168 5419 1313 5493 quod
1356 5419 1551 5472 tnirum
1591 5417 1638 5470 ei
1680 5416 1883 5486 aliquid

313 5518 753 5591 promittebatur,
784 5523 837 5570 et
868 5516 979 5569 ait:
1011 5512 1287 5582 Interroga
1316 5525 1421 5571 me,
1453 5517 1511 5561 ut
1534 5506 1629 5559 tibi
1661 5522 1885 5576 respon—

313 5613 468 5664 deam
493 5608 638 5680 quod
675 5622 865 5661 omnes
904 5610 1126 5667 norunt,
1156 5611 1209 5657 et
1239 5600 1453 5654 audiam
1489 5613 1597 5651 uno
1636 5606 1690 5649 ut
1721 5598 1881 5666 polli-

314 5703 457 5755 citus
486 5717 545 5756 es
575 5714 843 5762 sermone,
886 5696 1167 5766 quomodo
1196 5692 1373 5747 anima
1423 5689 1746 5743 immortalis
1774 5687 1882 5742 sit?

2001 1832 2224 1886 domum
2261 1839 2432 1887 tuam.

2072 1922 2231 1981 XLV.
2273 1925 2341 1978 At
2370 1924 2559 1979 Simon
2591 1925 2706 1980 haec
2731 1924 2960 1980 amliens
2989 1934 3043 1980 et
3072 1927 3411 1981 conscientia
3444 1942 3572 1998 per-
3638 1972 3641 1973 ν

1999 2033 2219 2079 cussus,
2264 2018 2449 2071 colore
2494 2026 2702 2071 mutato
2738 2018 3033 2088 exsanguis
3070 2018 3297 2074 effectus
3329 2026 3445 2086 est;
3479 2035 3575 2074 ex-

1999 2106 2182 2160 timuit
2243 2106 2390 2161 enim
2460 2121 2528 2160 ne
2579 2104 2717 2161 forte
2768 2106 2817 2159 si
2864 2113 3089 2177 negaret
3137 2116 3575 2176 perscrutaretur

1997 2200 2194 2254 domus
2239 2200 2382 2267 ejus,
2430 2209 2521 2253 aut
2561 2214 2630 2253 ne
2674 2200 2966 2270 indignans
2985 2198 3184 2256 Petrus
3224 2200 3574 2259 manifestius

1996 2306 2121 2345 eum
2153 2290 2436 2361 proderet,
2465 2298 2519 2345 et
2546 2292 2805 2348 omnibus
2833 2293 2959 2363 quis
3002 2301 3148 2348 esset
3178 2293 3566 2357 innotesceret.

1998 2385 2071 2438 ita
2103 2384 2384 2453 respondit
2416 2403 2431 2440 :
2464 2382 2705 2440 Obsecro
2740 2392 2818 2449 te,
2844 2383 3024 2451 Petre,
3057 2401 3155 2456 per
3180 2386 3331 2441 illum
3367 2386 3569 2442 bonum

1997 2471 2165 2527 Deum
2196 2474 2288 2542 qui
2320 2473 2373 2527 in
2401 2480 2455 2528 te
2484 2481 2592 2536 est,
2626 2481 2686 2528 ut
2718 2474 2913 2529 vincas
2952 2475 3211 2529 malitiam
3244 2491 3365 2546 qua:
3399 2476 3456 2530 in
3485 2482 3573 2533 ut

1996 2571 2101 2627 cst,
2136 2566 2356 2636 suscipe
2396 2580 2482 2619 me
2509 2566 2572 2619 ad
2607 2566 2987 2635 paenitentiam
3018 2576 3071 2622 et
3102 2567 3328 2623 habebis
3355 2584 3443 2623 me
3472 2548 3571 2623 ad-

1994 2653 2234 2725 jutorem
2264 2654 2673 2725 praedicationis
2712 2667 2838 2713 tuae.
2892 2656 3051 2713 Nunc
3077 2659 3222 2713 enim
3252 2674 3378 2715 vere
3403 2660 3571 2717 rebus

1997 2749 2134 2819 ipsis
2166 2748 2355 2814 didici,
2382 2750 2510 2820 quia
2543 2749 2639 2805 Dei
2673 2752 2787 2806 veri
2818 2752 3081 2822 propheta
3112 2768 3206 2817 es,
3237 2761 3291 2808 et
3332 2754 3454 2809 ideo
3483 2770 3572 2810 se-

1995 2846 2145 2893 creta
2189 2838 2470 2893 hominum
2507 2840 2659 2895 solus
2698 2846 2861 2911 atque
2906 2856 3107 2895 arcana
3144 2842 3455 2912 cognoscis.
3505 2843 3571 2897 Et

1994 2926 2190 2986 Petrus
2220 2931 2296 2984 ait
2334 2947 2345 2981 :
2386 2929 2859 2996 Videtis,fratres,
2891 2931 3166 2987 Simonem
3195 2934 3567 3003 pmnitentiam

1989 3030 2348 3091 quaerentem,
2383 3024 2548 3093 paulo
2577 3033 2699 3094 post
2727 3024 2982 3080 videbitis
3009 3040 3131 3081 eum
3158 3040 3351 3081 rursus
3380 3026 3447 3080 ad
3480 3027 3569 3080 in-

1995 3111 2307 3169 fidelitatem
2345 3129 2500 3169 suam
2541 3120 2759 3171 reverti.
2793 3114 3001 3172 Putans
3036 3117 3181 3171 enim
3213 3132 3300 3173 me
3328 3119 3567 3188 prophe-

1992 3215 2103 3261 tam
2135 3222 2280 3271 esse,
2310 3223 2410 3279 pro
2436 3224 2501 3264 eo
2533 3208 2677 3279 quod
2709 3210 2979 3280 publicavi
3010 3210 3151 3264 mala
3183 3209 3325 3278 ejus,
3362 3227 3482 3280 qua:
3512 3212 3565 3263 in

1992 3299 2222 3355 secretis
2269 3299 2504 3354 habebat
2552 3312 2605 3356 et
2652 3302 2707 3355 in
2754 3301 3020 3365 occultis,
3081 3303 3456 3371 paenitentiam
3508 3318 3569 3358 se

1992 3396 2242 3443 acturum
2290 3391 2577 3461 promisit;
2613 3406 2701 3446 me
2730 3400 2910 3447 autem
2959 3393 3176 3447 mentiri
3212 3392 3294 3448 fas
3320 3409 3427 3447 non
3458 3402 3563 3457 est,

1990 3496 2168 3551 neque
2213 3492 2272 3535 ut
2322 3482 2559 3538 infidelis
2601 3483 2691 3537 hic
2725 3482 2966 3539 salvetur
3010 3491 3104 3536 aut
3146 3499 3253 3537 non
3297 3486 3561 3549 salvetur,

1989 3587 2090 3642 ego
2135 3572 2321 3628 fallere
2368 3573 2561 3629 debeo.
2605 3573 2802 3630 Testor
2840 3574 2984 3629 enim
3026 3574 3225 3629 cwlum
3253 3584 3305 3630 et
3335 3582 3564 3640 terram,

1990 3664 2117 3733 quia
2152 3680 2259 3720 non
2282 3665 2597 3736 prophetice
2624 3666 2767 3731 dixi,
2798 3682 2920 3736 qua:
2950 3667 3061 3721 dixi
3095 3666 3181 3721 vel
3220 3682 3362 3736 quae,
3389 3683 3565 3737 quan-

1989 3764 2104 3811 tum
2132 3758 2391 3828 possibile
2424 3766 2562 3822 erat,
2593 3758 2771 3815 turbis
2801 3758 3147 3814 audientibus
3177 3760 3434 3823 indicavi,
3466 3761 3560 3815 sed

1991 3866 2021 3905 a
2050 3851 2378 3922 quibusdam
2412 3854 2502 3923 qui
2544 3860 2675 3908 tunc
2706 3853 2754 3908 ei
2786 3853 2921 3908 socii
2962 3852 3179 3907 fuerant
3218 3854 3273 3907 in
3302 3855 3563 3923 operibus

1990 3945 2130 4011 suis,
2161 3961 2309 4000 nunc
2338 3954 2519 4002 autem
2557 3948 2810 4003 conversi
2840 3956 2970 4003 sunt
2999 3948 3065 4001 ad
3101 3947 3260 4001 fidem
3294 3956 3560 4014 nostram,

1990 4038 2117 4107 quid
2145 4037 2192 4094 ei
2222 4038 2277 4092 in
2306 4047 2519 4094 secreto
2555 4046 2764 4111 gestum
2795 4040 2887 4106 sit,
2917 4039 3116 4105 didici;
3164 4041 3382 4111 cognita
3427 4056 3560 4111 ergo

1990 4145 2101 4184 non
2132 4132 2463 4201 praecognita
2497 4131 2716 4186 locutus
2747 4147 2891 4187 sum.

2060 4219 2247 4275 XLVI.
2293 4221 2482 4277 Simon
2512 4238 2641 4278 vero
2672 4231 2731 4277 ut
2760 4225 2873 4279 lucc
2901 4223 3108 4278 audivit
3143 4224 3446 4279 maledictis
3473 4224 3560 4281 bis

1989 4319 2044 4366 et
2087 4313 2354 4369 conviciis
2403 4313 2713 4384 aggreditur
2738 4313 2981 4381 Petrum,
3026 4316 3254 4370 dicens:
3295 4314 3339 4369 Ο
3369 4316 3559 4369 nefan-

1990 4403 2218 4459 dissime
2249 4405 2494 4459 omnium
2526 4413 2580 4460 et
2608 4405 2984 4473 dolosissime,
3011 4405 3098 4460 cui
3125 4406 3411 4459 victoriam
3448 4404 3561 4459 for-

1986 4502 2142 4559 tuna,
2171 4510 2281 4550 non
2310 4497 2514 4552 veritas
2541 4497 2712 4553 dedit.
2742 4495 2945 4551 Verum
2974 4511 3074 4567 ego
3113 4511 3222 4550 non
3253 4511 3353 4566 pro
3383 4511 3558 4566 penu-

1986 4590 2068 4643 ria
2107 4588 2352 4643 scientite
2391 4590 2765 4659 pcenitentiam
2807 4590 2962 4659 petii,
3012 4589 3104 4644 sed
3139 4596 3198 4643 ut
3243 4599 3330 4654 tu,
3363 4598 3559 4659 putans

1986 4693 2192 4748 meper
2230 4679 2606 4748 pmnitentiam
2649 4680 2977 4750 discipulum
3018 4686 3172 4732 tuum
3211 4677 3347 4739 fore,
3376 4679 3555 4732 omnia

1986 4779 2196 4822 secreta
2239 4767 2604 4838 professionis
2646 4777 2755 4823 tute
2791 4768 3151 4823 concrederes
3198 4768 3352 4827 mibi,
3386 4776 3445 4821 ιιι
3483 4770 3556 4822 ita

1985 4859 2200 4913 demum
2231 4867 2285 4914 te
2312 4861 2526 4915 cunctis
2557 4861 2757 4931 agnitis
2786 4860 3150 4915 confutarem.
3183 4858 3286 4914 Sed
3319 4870 3376 4913 ut
3405 4860 3559 4913 calli-

1985 4951 2089 5006 dus
2125 4952 2437 5008 intellexisti
2470 4968 2631 5022 quam
2666 4954 2739 5007 ob
2781 4968 3003 5008 causam
3044 4951 3437 5023 paenitudinem
3481 4952 3556 5007 si-

1986 5046 2372 5108 mulassem,et
2393 5046 2715 5114 acquieviin
2736 5052 2993 5116 tanquam
3020 5060 3198 5099 meum
3229 5060 3336 5098 non
3362 5044 3557 5098 intelli-

1985 5153 2119 5208 gens
2150 5136 2359 5201 dolum,
2393 5147 2451 5190 ut
2481 5136 2635 5207 prius
2660 5154 2744 5193 me
2773 5138 2915 5207 apud
2948 5137 3206 5207 pepulttm
3231 5152 3551 5206 exponeres,

1986 5228 2141 5297 quasi
2184 5227 2515 5297 imperitum,
2549 5239 2662 5281 tum
2694 5228 2889 5283 deinde
2926 5226 3251 5297 praevidens,
3278 5225 3423 5295 quod
3456 5241 3558 5295 ego

1987 5322 2061 5375 ita
2101 5320 2301 5390 popqu
2348 5321 2632 5389 expositus
2678 5336 2903 5374 necesse
2957 5319 3134 5374 habeo
3179 5318 3449 5389 indignari
3501 5327 3555 5372 et

1986 5412 2232 5467 confiteri
2260 5427 2346 5467 me
2385 5428 2494 5465 non
2523 5427 2651 5466 vere
2677 5411 3075 5482 paenitudinem
3106 5425 3318 5480 gerere,
3351 5425 3553 5480 prarve—

1986 5503 2137 5564 nisti,
2193 5513 2249 5556 ut
2292 5502 2506 5557 diceres
2556 5515 2642 5555 me
2684 5500 2750 5554 ad
2800 5500 3173 5554 infidelitatem
3224 5514 3399 5554 meam
3432 5508 3553 5567 post

1985 5592 2357 5663 paenitentiam
2387 5604 2783 5663 regressurum,
2812 5598 2871 5642 ιιι
2896 5589 3042 5642 omni
3072 5604 3139 5641 ex
3171 5594 3327 5658 parte
3355 5588 3553 5642 vicisse

1986 5681 2273 5747 videreris,
2316 5692 2369 5737 et
2412 5681 2458 5737 si
2500 5695 2875 5753 permanerem
2927 5682 2980 5736 in
3032 5680 3354 5752 pmnitentia
3386 5696 3549 5752 quam
