4030 6342
516 237 654 293 1305

1402 237 1459 293 S.
1500 234 1891 292 CLEMENTIS
1932 234 1948 286 I
1988 231 2161 287 ROM.
2201 228 2404 286 PO'ST.
2446 228 2675 285 OPERA
2714 229 2938 286 DUBIA.

3632 234 3763 289 1504

501 351 782 422 professus
832 353 1039 407 fueram
1064 392 1078 415 ,
1124 358 1178 407 et
1223 352 1268 407 si
1316 367 1426 408 non
1475 366 1871 422 permanerem,
1910 358 1970 403 ut
2012 356 2070 401 tu
2100 354 2146 407 Λ
2175 345 2346 415 magis
2367 343 2646 400 deﬂendus
2667 352 2753 401 est
2784 344 2996 410 Simon,
3032 345 3178 416 quod
3198 362 3298 402 vas
3344 346 3650 402 electionis
3682 350 3763 401 fa-

499 445 720 513 sapiens
760 444 1092 509 credereris,
1120 444 1211 512 qui
1259 445 1361 499 ista
1395 444 1734 514 praavideris,
1764 457 1864 513 ego
1891 452 2071 497 autem

499 537 759 606 deceptus
801 537 1033 598 viderer,
1082 537 1211 605 quia
1253 544 1407 589 tuum
1440 552 1550 590 non
1591 535 1815 606 praavidi
1854 534 2069 601 dolum;

496 637 555 681 tu
588 644 719 683 vero
761 644 939 683 meum
972 629 1311 698 praevidens,
1344 629 1644 683 calliditate
1673 644 1807 684 usus
1835 628 2073 682 circum-

496 721 765 789 scripsisti
794 736 899 775 me.
927 719 1059 787 Sed,
1093 729 1151 775 ut
1181 721 1314 785 dixi,
1347 722 1578 775 fortunae
1602 730 1706 785 est,
1741 738 1848 776 non
1873 721 2072 776 verita-

492 816 565 867 tis
598 814 703 867 ista
731 814 956 868 victoria
978 857 991 879 ,
1031 814 1147 867 scio
1182 823 1362 868 tamen
1401 829 1501 867 cur
1526 828 1627 883 ego
1662 813 1767 868 ista
1796 830 1902 868 non
1933 829 2072 884 prae-

492 905 741 970 viderim,
779 907 906 976 quia
955 915 1143 961 astans
1186 907 1400 962 loeutus
1437 922 1556 961 sum
1603 907 1698 960 tibi
1731 921 1827 976 per
1855 907 2071 961 bonita-

491 1003 599 1050 tem
628 1012 826 1061 meam,
851 1006 905 1051 et
928 998 1198 1065 patienter
1226 999 1309 1068 egi
1337 1008 1537 1052 tecum.
1569 996 1726 1052 Nune
1755 1006 1935 1052 autem
1971 997 2070 1052 tibi

490 1087 777 1142 ostendam
825 1088 1128 1144 divinitatis
1179 1105 1313 1144 mea:
1364 1090 1695 1160 potentiam,
1748 1096 1808 1144 ut
1846 1098 2069 1160 repente

488 1178 749 1247 procidas
784 1185 839 1233 et
871 1179 1067 1234 adores
1099 1193 1203 1233 me.

428 1338 437 1343 _
559 1266 764 1323 XLVII.
798 1268 911 1338 Ego
939 1284 1059 1323 sum
1080 1270 1255 1337 prima
1289 1268 1487 1332 virtus,
1514 1269 1609 1336 qui
1635 1282 1852 1337 semper
1870 1272 1925 1322 et
1947 1265 2068 1322 sine

491 1359 645 1413 initio
689 1376 831 1415 sum.
869 1358 1154 1430 Ingressus
1185 1368 1364 1415 autem
1390 1372 1603 1415 uterum
1644 1359 1872 1419 Rachel.
1904 1369 2065 1414 natus

489 1465 612 1503 sum
648 1458 705 1502 ut
738 1449 898 1503 homo
928 1466 992 1503 ex
1021 1464 1106 1510 ea,
1140 1465 1249 1518 quo
1280 1450 1347 1503 ab
1373 1449 1689 1505 hominibus
1725 1449 1896 1503 videri
1938 1465 2066 1519 pos-

488 1556 640 1605 sem;
685 1556 786 1610 ego
819 1556 914 1609 per
940 1555 1117 1595 aerem
1164 1542 1359 1602 volavi.
1395 1542 1505 1611 igni
1538 1541 1859 1595 commistus
1891 1557 2061 1594 unum

487 1646 688 1701 corpus
731 1632 956 1687 effectus
993 1648 1143 1699 sum,
1179 1640 1393 1689 statuas
1426 1634 1632 1688 moveri
1676 1633 1801 1697 feci,
1827 1634 2063 1687 animavi

2174 443 2297 488 etus
2327 445 2410 489 est
2466 433 2745 504 maligno;
2800 437 2945 504 quod
3004 438 3192 507 utique
3232 453 3343 491 non
3380 436 3616 502 fuisset,
3660 440 3762 495 nis‘

2172 532 2496 596 potestatem
2531 526 2587 578 in
2617 541 2741 581 eum
2767 541 2867 596 pro
2898 527 3141 596 peccatis
3183 528 3468 598 prioribus
3509 531 3765 598 accepis-

2173 623 2277 671 set.
2311 614 2447 670 Nam
2480 616 2607 671 inde
2624 617 2756 686 quid
2778 617 2981 681 dicam,
3001 620 3147 688 quod
3182 627 3236 674 et
3253 618 3387 675 Jesu
3420 628 3626 675 nostro
3645 637 3765 677 crc—

2172 706 2386 761 diderat
2414 711 2453 771 ¹,
2478 716 2534 762 et
2568 708 2715 778 quod
2740 709 3080 765 immortales
3106 726 3229 765 esse
3247 712 3464 765 animas
3496 713 3616 765 sibi
3650 712 3765 782 ipse

2171 799 2479 868 persuasit?
2506 799 2769 865 Quamvis
2806 800 2862 855 in
2914 816 2980 856 eo
3026 802 3245 856 ludatur
3290 818 3320 855 a
3366 802 3764 867 daemonibus,

2170 898 2352 945 tamen
2388 892 2663 962 persuasit
2717 894 2847 958 sibi,
2904 894 3051 963 quod
3081 895 3234 964 pueri
3265 895 3550 951 violenter
3576 897 3767 951 necati

2171 980 2368 1036 habeat
2411 983 2650 1037 animam
2704 984 3106 1040 ministrantem
3148 986 3254 1040 sibi
3293 986 3363 1041 ad
3407 1003 3768 1057 quaecunque

2168 1074 2437 1141 voluerit;
2470 1075 2527 1129 in
2557 1090 2668 1146 quo
2698 1091 2843 1140 vere,
2875 1085 2935 1130 ut
2964 1078 3098 1137 dixi.
3130 1093 3159 1130 a
3183 1078 3530 1134 daemonibus
3561 1079 3767 1134 illudi-

2167 1172 2278 1219 tur.
2323 1165 2389 1218 Et
2414 1165 2536 1221 ideo
2567 1183 2668 1236 ego
2700 1167 3005 1222 secundum
3041 1184 3103 1224 ea
3126 1185 3249 1238 quae
3275 1171 3379 1240 ipsi
3420 1171 3771 1226 videbantur

2167 1246 2384 1311 loeutus
2407 1272 2526 1312 sum
2556 1259 2623 1312 ad
2645 1274 2806 1326 eum;
2833 1276 2958 1314 nam
2989 1269 3043 1315 et
3073 1276 3103 1314 a
3124 1259 3328 1317 Judaeis
3350 1262 3568 1327 didicit,
3621 1264 3767 1333 quia

2167 1347 2239 1403 sit
2262 1347 2530 1416 judicium
2556 1358 2611 1404 et
2640 1352 2777 1405 ultio
2806 1353 3131 1421 proferenda
3161 1354 3457 1410 adversum
3500 1373 3628 1418 eos.
3662 1358 3767 1427 qui

2166 1448 2361 1493 contra
2400 1457 2586 1496 veram
2628 1442 2789 1498 fidem
2823 1447 3050 1499 veniunt
3083 1462 3185 1501 nec
3221 1448 3636 1516 pmnitudinem
3665 1465 3767 1519 ge»

2166 1539 2322 1599 runt;
2370 1533 2466 1588 sed
2498 1534 2585 1588 isti
2618 1546 2748 1591 sunt
2775 1537 2977 1606 quibus
2999 1540 3271 1609 malignus
3299 1549 3570 1611 tanquam
3620 1557 3765 1612 per-

2164 1619 2322 1678 fectis
2371 1625 2426 1678 in
2454 1626 2755 1683 sceleribus
2797 1637 3045 1699 apparet,
3100 1638 3165 1683 ut
3210 1632 3455 1701 decipiat
3500 1647 3637 1697 eos,
3686 1649 3765 1689 ne

486 1727 759 1789 exanima,
792 1726 1002 1796 lapides
1035 1742 1201 1795 panes
1233 1727 1355 1791 feci,
1395 1729 1463 1783 de
1493 1734 1679 1783 monte
1718 1728 1773 1781 in
1820 1736 2061 1782 montem

2166 1716 2457 1785 aliquando
2480 1717 2548 1771 ad
2566 1720 2943 1788 pmnitentiam
2975 1731 3386 1778 convertantur.

486 1819 685 1880 volavi,
720 1820 1070 1882 transmeavi,
1096 1819 1346 1874 manibus
1380 1821 1695 1889 angelorum
1727 1827 2065 1875 sustentatus

486 1912 555 1963 ad
588 1920 762 1964 terras
789 1910 1065 1965 descendi.
1099 1911 1225 1965 llaec
1242 1927 1350 1966 non
1374 1913 1549 1966 solum
1572 1913 1696 1977 feci,
1718 1912 1813 1967 sed
1843 1922 1895 1966 et
1921 1926 2065 1964 nunc

487 1999 664 2053 facere
686 2014 927 2067 possum,
953 2008 1011 2054 ut
1039 2002 1202 2056 rebus
1230 2002 1364 2072 ipsis
1394 2005 1615 2072 probem
1644 2004 1920 2068 omnibus,
1938 2003 2064 2073 quia

485 2105 588 2160 ego
625 2107 745 2145 sum
777 2088 946 2144 Filius
978 2090 1071 2144 Dei
1100 2100 1254 2147 stans
1284 2093 1337 2146 in
1368 2102 1656 2158 aeternum,
1701 2104 1755 2148 et
1778 2094 2066 2149 credentes

486 2180 621 2234 mihi
656 2181 905 2236 similiter
936 2190 1082 2236 stare
1111 2182 1166 2236 in
1197 2191 1520 2253 perpetuum
1550 2184 1745 2239 faciam
1780 2184 1915 2255 (92).
1948 2182 2064 2237 Tua

487 2282 668 2327 autem
690 2274 853 2328 verba
884 2290 1021 2328 vana
1055 2282 1182 2329 sunt
1201 2277 1406 2341 omnia,
1433 2293 1534 2332 nec
1566 2278 1730 2330 ullum
1752 2285 1904 2347 potes
1926 2292 2063 2346 opus

484 2367 783 2439 ostendere
814 2368 1082 2429 veritatis,
1116 2369 1258 2423 sicut
1285 2379 1337 2424 et
1358 2371 1447 2425 ille
1474 2373 1566 2441 qui
1593 2372 1742 2425 misit
1767 2379 1820 2425 te
1848 2386 2060 2442 magus.

483 2460 578 2529 qui
612 2475 709 2512 nec
734 2475 791 2513 se
823 2460 997 2528 ipsum
1031 2462 1206 2531 potuit
1238 2463 1470 2518 liberare
1498 2465 1565 2519 de
1593 2464 1776 2519 erucis
1812 2479 1992 2532 poena.

560 2550 787 2607 XLVIII.
826 2551 919 2607 liis
951 2552 1113 2607 dictis
1141 2568 1171 2605 a
1207 2552 1447 2619 Simone,
1485 2554 1680 2611 Petrus
1730 2556 2012 2626 respondit
2046 2575 2060 2611 :

487 2641 567 2697 Ne
606 2658 737 2713 agas
770 2643 970 2707 aliena,
1004 2651 1063 2696 tu
1096 2644 1243 2698 enim
1271 2646 1419 2715 quod
1458 2646 1536 2702 sis
1568 2662 1763 2717 magus
1814 2664 1877 2701 ex
1930 2647 2064 2716 ipsis

485 2750 609 2803 qua:
639 2734 882 2804 gessisti,
917 2734 1208 2790 confessus
1240 2751 1300 2791 es
1330 2745 1383 2791 et
1415 2737 1820 2805 manifestatus,
1876 2747 2065 2795 noster

486 2833 671 2879 autem
701 2827 962 2895 magister
993 2827 1086 2896 qui
1123 2835 1209 2882 est
1238 2826 1412 2883 Filius
1446 2827 1540 2883 Dei
1570 2837 1626 2883 et
1659 2829 1922 2894 hominis,
1946 2846 2058 2884 ma-

485 2915 685 2969 nifeste
718 2917 895 2972 bonus
924 2926 1038 2983 est;
1072 2918 1217 2988 quod
1250 2928 1431 2974 autem
1465 2935 1593 2975 vere
1616 2921 1688 2975 sit
1734 2919 1904 2977 Filius
1933 2919 2059 2985 Dei,

482 3007 687 3076 quibus
716 3010 977 3078 oportuit,
1013 3010 1220 3065 dictum
1248 3018 1333 3065 est
1362 3019 1415 3065 et
1441 3011 1672 3067 dicetur.
1701 3010 1779 3065 Tu
1804 3019 1983 3067 autem
2014 3011 2059 3067 si

483 3116 593 3154 non
607 3101 689 3155 vis
701 3102 948 3157 confiteri
972 3102 1115 3173 quod
1136 3118 1327 3173 magus
1351 3119 1432 3166 es,
1457 3118 1581 3157 cum
1608 3105 1753 3158 omni
1778 3105 1879 3158 hac
1900 3106 2061 3159 turba

474 3199 774 3269 pergamus
792 3193 858 3247 ad
884 3194 1104 3250 domum
1126 3204 1296 3261 tuam,
1310 3203 1365 3250 et
1395 3204 1525 3249 tunc
1540 3195 1823 3265 apparebit
1850 3195 1973 3265 quis
1991 3196 2062 3249 sit

482 3304 697 3357 magus;
742 3284 869 3342 Haec
910 3295 1090 3343 autem
1119 3286 1282 3343 Petro
1314 3286 1549 3357 dicente,
1586 3286 1775 3343 Simon
1804 3287 2060 3359 blasphe-

483 3379 611 3432 miis
639 3387 694 3432 et
724 3379 1032 3433 maledictis
1078 3394 1238 3450 agere
1266 3381 1452 3450 caepit,
1490 3388 1550 3434 ut
1599 3380 1864 3445 seditione
1894 3380 2057 3441 facta,

482 3470 820 3538 perturbatis
873 3471 1128 3527 omnibus
1170 3473 1324 3541 argui
1364 3488 1475 3526 non
1528 3480 1736 3542 posset,
1784 3478 1839 3525 et
1867 3469 2060 3526 Petrus

481 3562 641 3629 quasi
673 3562 1023 3631 blasphemia:
1055 3579 1222 3617 causa
1250 3564 1534 3626 secedens,
1559 3565 1734 3618 victus
1761 3563 2057 3619 videretur.

483 3654 595 3709 Sed
626 3656 867 3724 perstitit
899 3662 954 3708 et
986 3672 1213 3726 arguere
1245 3672 1366 3709 eum
1393 3657 1768 3711 vehementius
1789 3657 1973 3725 erepit.

552 3744 741 3799 XLIX.
773 3744 928 3798 Tunc
974 3748 1209 3814 p0pulus
1242 3746 1559 3816 indignatus
1591 3743 1866 3800 Simonem
1919 3746 2061 3799 atrio

479 3836 719 3903 ejectum
757 3844 912 3890 extra
938 3835 1163 3905 januam
1201 3834 1398 3888 domus
1427 3832 1659 3903 pepulit,
1703 3848 1937 3903 eumque
1965 3833 2062 3889 de-

480 3926 703 3995 pulsum
737 3941 879 3979 unus
898 3934 1121 3980 secutus
1148 3933 1229 3979 est
1246 3923 1602 3981 solus.Faeto
1630 3933 1811 3979 autem
1842 3925 2061 3981 silentio

479 4010 678 4070 Petrus
711 4016 914 4085 alloqui
956 4016 1216 4085 populum
1251 4016 1356 4069 hoc
1402 4016 1565 4070 modo
1596 4017 1763 4086 cmpit
1796 4035 1810 4070 :
1840 4015 2062 4071 Patien-

481 4114 586 4169 ter,
615 4108 834 4173 fratres,
871 4109 1048 4163 malos
1076 4108 1219 4163 ferre
1247 4108 1730 4172 debetis,seientes
1760 4108 1886 4178 quia
1916 4108 2060 4163 Deus

480 4215 608 4253 eum
664 4201 839 4270 possit
894 4216 991 4255 eos
1040 4200 1325 4266 excidere,
1375 4201 1583 4271 patitur
1633 4209 1814 4255 tamen
1861 4200 2060 4254 durare

482 4306 659 4360 usque
693 4291 759 4344 ad
794 4292 1161 4368 praestitutam
1184 4290 1348 4355 diem,
1378 4291 1434 4344 in
1466 4305 1574 4360 qua
1604 4290 1672 4343 de
1690 4290 1945 4346 omnibus
1968 4291 2059 4359 ju-

2236 1808 2299 1864 L.
2332 1807 2445 1862 Vos
2490 1827 2619 1882 ergo
2650 1812 2743 1881 qui
2781 1813 2848 1867 ad
2881 1812 3169 1867 Dominum
3206 1816 3612 1871 convertimini
3656 1834 3759 1888 per

2165 1902 2565 1969 penitentiam,
2591 1912 2815 1960 curvate
2845 1906 2892 1959 ei
2914 1922 3110 1976 genua.
3148 1906 3271 1960 Haec
3296 1923 3424 1961 eum
3472 1908 3739 1965 dixisset.

2166 1991 2343 2046 omnis
2381 1992 2673 2047 multitudo
2695 2010 2869 2063 genua
2902 1997 3049 2050 flexit
3081 1997 3209 2052 Deo.
3241 1997 3306 2051 Et
3336 1998 3543 2055 Petrus
3577 2003 3755 2071 respi-

2168 2082 2322 2138 ciens
2372 2084 2440 2137 ad
2485 2086 2708 2153 omium,
2741 2104 2866 2141 cum
2924 2090 3180 2160 lacrymis
3213 2092 3408 2145 orabat
3438 2109 3617 2163 super
3636 2110 3752 2158 eos,

2166 2180 2227 2227 ut
2260 2173 2400 2229 Deus
2432 2176 2529 2246 pro
2562 2194 2658 2233 sua
2692 2179 2935 2235 bonitate
2970 2182 3251 2251 suscipere
3292 2199 3392 2237 eos
3421 2184 3752 2255 dignaretur

2165 2265 2545 2338 confugientes
2579 2270 2645 2324 ad
2668 2286 2748 2325 se.
2778 2270 2842 2323 Et
2875 2280 3164 2343 postquam
3196 2276 3377 2329 oravit
3401 2282 3461 2330 et
3488 2279 3749 2348 pracepit

2166 2365 2225 2410 ut
2260 2369 2477 2428 postera
2507 2360 2596 2417 die
2633 2363 2900 2418 maturius
2930 2366 3305 2430 convenirent,
3333 2368 3747 2423 multitudinem

2165 2451 2391 2505 missam
2425 2452 2554 2507 fecit
2585 2453 2721 2525 (95).
2754 2453 2890 2508 Tum
2924 2455 3123 2511 deinde
3167 2457 3481 2513 secundum
3515 2476 3751 2516 consuc-

2164 2541 2435 2607 tudinem,
2460 2543 2584 2597 cibo
2611 2552 2849 2614 sumpto,
2877 2546 3205 2616 quievimus.

2235 2633 2320 2688 LI.
2365 2633 2528 2705 Igitur
2555 2635 2750 2691 Petrus
2784 2639 2948 2692 solita
2987 2640 3172 2696 noctis
3200 2640 3335 2695 hora
3364 2658 3739 2716 consurgens,

2163 2730 2375 2785 invenit
2415 2746 2516 2786 nos
2564 2732 2876 2801 vigilantes,
2912 2742 2965 2788 et
2996 2750 3121 2787 eum
3171 2751 3237 2790 ex
3290 2752 3448 2791 more
3496 2742 3745 2798 salutans

2162 2822 2523 2889 consedisset,
2574 2825 2786 2893 primus
2841 2824 3029 2880 Nieeta
3051 2828 3071 2857 ⁸
3095 2827 3172 2882 ait
3200 2848 3213 2883 :
3242 2828 3302 2881 Si
3334 2834 3630 2899 permittis.
3662 2838 3738 2889 mi

2163 2914 2384 2971 domine
2412 2915 2590 2982 Petre,
2624 2916 2801 2971 habeo
2833 2919 2978 2987 quod
3016 2935 3221 2989 rogem.
3250 2921 3317 2975 Et
3339 2921 3527 2979 Petrus
3553 2946 3567 2979 :
3600 2925 3739 2981 Per-

2162 3008 2338 3069 mitto,
2358 3008 2559 3077 inquit,
2592 3023 2701 3062 non
2725 3008 2903 3063 solum
2924 3010 3019 3064 tibi
3047 3011 3141 3065 sed
3163 3018 3218 3066 et
3247 3014 3524 3075 erunibus.
3541 3026 3597 3070 et
3622 3033 3738 3072 non

2166 3101 2344 3155 solum
2377 3100 2538 3154 modo
2566 3100 2662 3155 sed
2698 3108 2752 3156 et
2797 3117 3033 3171 semper.
3062 3111 3121 3156 ut
3162 3108 3545 3177 unusquisque
3593 3111 3742 3180 quod

2162 3204 2286 3242 eum
2320 3196 2520 3253 movet,
2553 3196 2606 3243 et
2645 3201 2852 3259 partem
2886 3207 3047 3259 quam
3072 3192 3221 3246 dolet
3258 3194 3315 3247 in
3345 3198 3540 3250 animo
3572 3197 3745 3252 fatea-

2163 3291 2285 3347 tur,
2326 3290 2384 3334 ut
2425 3283 2599 3350 possit
2629 3283 2887 3354 consequi
2942 3283 3289 3341 medicinam.
3320 3287 3455 3353 Qua:
3481 3293 3629 3344 enim
3668 3293 3745 3345 si-

2164 3375 2332 3428 lentio
2372 3382 2741 3444 conteguntur
2783 3390 2885 3429 nec
2943 3376 3295 3432 innotescunt
3356 3381 3561 3443 nobis,
3600 3384 3745 3437 velut

2164 3465 2320 3518 multi
2346 3466 2606 3535 temporis
2632 3465 2762 3519 vitia
2793 3465 3011 3521 diIlicile
3037 3477 3323 3532 curantur,
3361 3479 3412 3524 et
3454 3474 3581 3525 ideo
3608 3490 3747 3543 quo-

2163 3560 2310 3611 niam
2345 3558 2658 3613 tacentibus
2690 3573 2797 3611 non
2840 3558 3001 3613 facile
3050 3568 3229 3629 potest
3278 3564 3491 3617 medela
3546 3581 3747 3635 oppor-

2162 3650 2283 3702 tn-ui
2311 3657 2365 3705 et
2394 3654 2691 3707 necessarii
2739 3655 3010 3709 sermonis
3060 3656 3327 3722 adhiberi,
3368 3661 3624 3729 proferre
3652 3663 3745 3717 dc-

2163 3744 2257 3797 bet
2300 3745 2685 3815 unusquisque
2726 3747 2781 3800 in
2829 3762 2939 3817 quo
2968 3749 3184 3804 animus
3237 3766 3334 3820 per
3372 3753 3742 3823 ignorantiam

2164 3834 2417 3904 languet;
2465 3836 2669 3890 tacenti
2704 3852 2835 3891 vero
2874 3837 3006 3893 dare
3055 3841 3357 3895 remedium
3414 3846 3596 3899 solius
3661 3853 3746 3897 est

2164 3924 2292 3993 Dei;
2322 3942 2640 3997 possumus
2683 3937 2864 3983 autem
2895 3938 2950 3984 et
2980 3947 3102 3995 nos,
3134 3933 3229 3988 sed
3279 3935 3519 3989 circuitu
3584 3940 3739 3991 multi

2162 4020 2450 4088 temporis.
2481 4019 2717 4076 Necesse
2744 4030 2829 4077 est
2873 4024 3018 4077 enim
3052 4031 3109 4076 ut
3148 4040 3329 4079 sermo
3368 4028 3638 4081 doctrina:
3671 4033 3741 4082 ab

2162 4111 2322 4165 initio
2365 4128 2463 4181 per
2490 4114 2737 4169 ordinem
2780 4129 3032 4180 currens,
3069 4124 3125 4171 et
3151 4119 3380 4188 singulis
3426 4122 3740 4193 quibusque

2162 4205 2561 4274 quaestionibus
2621 4205 2855 4260 obvians
2897 4215 3096 4261 cuncta
3153 4212 3381 4280 aperiat,
3432 4221 3489 4268 et
3540 4228 3739 4271 cuncta

2162 4299 2425 4354 dissolvat
2452 4306 2506 4352 et
2536 4299 2817 4367 perveniat
2848 4301 3012 4355 etiam
3044 4303 3108 4357 ad
3140 4302 3241 4357 hoc
3259 4306 3405 4374 quod
3435 4313 3736 4380 unusquis-

480 4382 685 4435 diciuin
718 4380 839 4447 fiet;
878 4382 1153 4450 quomodo
1182 4397 1312 4452 ergo
1339 4396 1440 4437 nos
1463 4397 1572 4435 non
1603 4383 1892 4451 patiemur,
1919 4398 2058 4451 quos
2091 4409 2135 4463 ο
2163 4405 2269 4459 quc
2305 4390 2362 4444 in
2416 4390 2601 4443 animo
2652 4406 2752 4446 suo
2793 4393 3052 4461 requirit;
3088 4394 3181 4449 sed
3222 4396 3346 4459 hoc,
3381 4406 3442 4450 ut
3471 4400 3612 4464 dixi,
3646 4418 3737 4471 per

484 4474 688 4537 patitur
723 4472 911 4527 Deus?
954 4475 1066 4531 Cur
1105 4480 1288 4527 autem
1334 4486 1444 4527 non
1477 4471 1606 4527 forti
1650 4475 1836 4526 animo
1879 4474 2059 4528 illatas

480 4565 553 4619 ab
574 4566 654 4620 eis
685 4565 983 4619 toleramus
1013 4565 1268 4634 injurias,
1301 4580 1425 4619 eum
1476 4581 1607 4621 suas
1636 4566 1729 4620 ille
1759 4570 1851 4635 qui
1882 4574 2060 4636 potest

482 4658 668 4711 omnia
703 4671 810 4710 non
841 4656 1164 4735 ulciscatur,
1197 4665 1254 4711 ut
1283 4665 1337 4712 et
1366 4657 1541 4727 ipsius
1580 4658 1830 4721 bonitas,
1863 4668 1917 4712 et
1948 4673 2050 4711 ma-

486 4749 667 4802 lorum
702 4758 965 4804 noscatur
995 4748 1277 4818 impietas?
1302 4746 1502 4804 Verum
1549 4747 1597 4802 si
1624 4763 1732 4802 non
1764 4748 2062 4804 invenisset

487 4837 763 4894 Simonem
790 4841 1062 4910 malignus
1082 4840 1400 4895 ministrum
1417 4837 1865 4908 sibi,invenisset
1890 4841 2057 4895 alium

485 4933 607 4987 sine
638 4931 837 4998 dubio;
887 4948 1114 4987 necesse
1144 4940 1228 4987 est
1256 4931 1401 4986 enim
1436 4933 1639 4987 saeculo
1689 4932 1818 4987 huic
1870 4934 2059 4989 venire

484 5027 774 5094 scandala;
796 5043 871 5081 vae
893 5036 1064 5079 tamen
1088 5025 1167 5079 illi
1187 5041 1280 5095 per
1304 5042 1455 5097 quem
1484 5026 1695 5079 veniunt
1722 5027 1810 5081 ¹⁰⁰.
1838 5025 1904 5079 Ει
1935 5012 2057 5082 ideo

2158 4481 2390 4535 multum
2429 4487 2649 4550 tempus
2684 4480 2799 4536 ﬁeri
2822 4490 3022 4552 potest.
3052 4482 3207 4538 Nunc
3249 4493 3430 4541 autem
3460 4491 3613 4558 quod
3644 4492 3736 4546 de-

2160 4573 2376 4630 sideras
2397 4589 2551 4643 roga.

2233 4664 2343 4719 LII.
2387 4662 2450 4717 Et
2493 4663 2681 4718 Niceta
2723 4664 2837 4718 ait:
2872 4662 3080 4720 Uberes
3122 4666 3219 4721 tibi
3269 4668 3476 4738 gratias
3525 4685 3655 4741 ago,
3704 4688 3735 4726 ο

2160 4755 2591 4811 clementissime
2628 4753 2810 4819 Petre,
2856 4772 3043 4811 verum
3100 4758 3202 4813 hoc
3231 4768 3315 4814 est
3340 4762 3491 4830 quod
3521 4764 3734 4819 discere

2164 4847 2327 4923 cupio
2351 4864 2367 4900 :
2393 4844 2505 4900 Cur
2534 4846 2720 4901 Simon
2751 4848 2843 4916 qui
2863 4847 3183 4904 adversatur
3214 4849 3343 4914 Deo,
3377 4852 3562 4910 facere
3586 4864 3733 4910 tanta

2163 4938 2279 4993 haec
2307 4946 2363 4993 et
2397 4939 2527 4991 talia
2559 4938 2776 5008 potuit?
2812 4938 2929 4993 Non
2957 4941 3101 4994 enim
3131 4942 3392 4997 mentitus
3411 4954 3499 4998 est
3528 4947 3733 5016 aliquid

2162 5045 2230 5084 ex
2255 5028 2361 5093 his,
2399 5041 2521 5097 quae
2555 5043 2614 5082 se
2659 5027 2856 5083 fecisse
2890 5029 3173 5098 professus
3204 5039 3309 5088 est.
3345 5033 3428 5087 Ad
3450 5038 3569 5091 haac
3606 5040 3730 5093 bea-

562 5166 629 5195 ¹⁰⁰
663 5164 854 5218 Matth.
887 5180 1040 5227 xvm,
1068 5163 1119 5242 ’ῖς
1199 5162 1214 5193 ¹
1234 5162 1356 5242 Act;
1379 5179 1509 5242 _vui,
1536 5163 1626 5242 μδ.
1703 5164 1724 5194 ³
1762 5162 1976 5217 Primus
2005 5163 2207 5242 IViceta
2227 5172 2281 5219 et
2311 5180 2431 5234 qua).
2464 5171 2771 5242 sequuntur
2797 5166 3059 5220 vocabula
3083 5182 3256 5239 usque
3285 5170 3351 5225 ad
3384 5165 3478 5225 illa
3507 5187 3635 5242 cap.
3664 5172 3729 5227 65

482 5248 701 5291 exortus
735 5244 815 5290 est
843 5244 915 5299 et,
963 5244 1070 5289 etc.
1097 5235 1151 5287 in
1183 5233 1305 5288 cod.
1334 5232 1489 5327 Lips;
1517 5234 1749 5300 desunt;
1783 5250 1881 5289 nec
1912 5235 2052 5289 male
2081 5232 2409 5304 quidem,'ut
2434 5232 2668 5290 videtur.

1760 5369 2127 5426 COTELERII
2168 5370 2402 5427 NOT/E.

554 5488 664 5559 (9‘2)
701 5487 769 5541 Et
803 5487 1257 5559 credentesAmihi,
1290 5487 1537 5541 similiter
1581 5497 1723 5541 stare
1766 5488 1822 5541 in
1868 5503 2051 5556 perpe-

482 5569 629 5611 tuum
650 5557 867 5627 faciam.
896 5559 1032 5612 Hinc
1050 5557 1341 5614 Menander
1355 5559 1595 5612 Simonis
1611 5559 1931 5628 discipulus,
1955 5574 2051 5612 eos

483 5636 575 5695 qui
607 5632 934 5700 baptismum
968 5646 1124 5683 suum
1158 5637 1504 5699 acceperunt,
1529 5630 1741 5684 dicebat
1768 5633 2052 5686 immorta-

486 5702 565 5754 Its
596 5715 1004 5771 permansuros.

2233 5489 2345 5559 (95)
2383 5487 2777 5544 Multitudinem
2798 5492 3015 5545 missam
3039 5490 3176 5560 fecit.
3200 5491 3388 5546 Risum
3413 5488 3598 5547 tenere
3620 5507 3719 5547 non

2158 5562 2334 5632 potui,
2360 5577 2481 5612 cum
2510 5576 2606 5631 pro
2638 5562 2741 5625 his,
2768 5562 2819 5613 in
2857 5563 3151 5631 iinpostore
3172 5564 3577 5631 pscudo-Abdia
3602 5566 3716 5632 legi,

2159 5631 2478 5696 sacri/icium
2527 5632 2666 5693 fecit,
2718 5632 2875 5701 quasi
2930 5634 3195 5701 scriptum
3234 5643 3378 5688 esset
3420 5631 3713 5695 duntaxat.

2162 5702 2377 5754 missam
2408 5702 2547 5755 fecit.
