4030 6342
264 306 404 362 1505

1408 289 1975 352 RECOGNITIONUM
2009 289 2136 345 LIB.
2179 286 2267 343 ιιι,

3360 288 3499 345 1506

260 430 347 474 tus
378 419 576 475 Petrus
621 419 695 473 ita
733 418 1054 490 respondit:
1082 415 1226 472 Deus
1275 414 1370 485 qui
1412 430 1556 468 unus
1583 422 1637 468 et
1665 427 1826 467 verus
1856 413 1903 470 Α
1930 418 2109 462 autem
2142 405 2290 462 Deus
2317 414 2578 469 aeternus,
2610 420 2663 459 e.
2704 406 3113 463 inuetnutabilis
3150 424 3495 477 permanens.
3546 432 3549 435 π

256 520 362 575 est,
390 508 763 581 Primogenito
793 526 895 565 suo
925 510 1131 565 amicos
1161 511 1332 564 bonos
1361 514 1416 562 et
1453 506 1636 560 fideles
1672 504 1829 559 insti-

257 606 362 658 tuit
394 618 733 674 praeparare;
765 603 949 658 sciens
981 610 1163 656 autem
1197 601 1325 667 quia
1372 598 1502 654 boni
1546 614 1670 654 esse
1717 612 1829 651 non

255 702 514 765 possunt,
570 695 675 751 nisi
740 694 977 749 habeam
1024 693 1081 746 in
1128 699 1396 762 potestate
1446 705 1668 744 sensum
1722 703 1831 758 quo

258 787 393 839 fiant
438 784 587 849 boni,
620 792 685 839 ut
725 800 791 840 ex
838 800 939 840 suo
979 785 1261 855 proposito
1304 783 1407 837 hoc
1435 782 1544 836 sint
1567 779 1710 851 quod
1737 795 1826 832 vo-

256 881 401 941 lunt,
444 877 647 947 alioqui
692 892 803 931 non
856 874 1088 946 possunt
1130 890 1256 931 esse
1293 889 1420 929 vere
1461 873 1612 937 boni,
1643 872 1688 927 si
1720 886 1831 925 non

257 971 541 1041 proposito
587 969 682 1024 sed
732 970 1060 1025 necessitate
1089 974 1409 1023 tenerentur
1446 965 1502 1019 in
1547 964 1711 1026 bono,
1735 978 1833 1031 po—

256 1073 510 1119 testatem
558 1062 708 1117 dedit
751 1061 1047 1130 unicuique
1091 1058 1309 1119 arbitrii
1354 1057 1462 1122 sui,
1493 1064 1552 1110 ut
1582 1056 1686 1109 hoc
1712 1069 1835 1111 esse.

258 1157 439 1226 possit
463 1153 610 1225 quod
631 1155 764 1208 vult.
792 1152 860 1207 Et
877 1168 1097 1208 rursum
1126 1150 1430 1222 praevidens
1449 1149 1577 1219 quia
1603 1147 1707 1202 ista
1737 1162 1835 1216 po-
1856 1140 1869 1155 ⁸

258 1258 436 1304 testas
484 1245 725 1311 arbitrii,
753 1246 895 1301 alios
928 1245 1152 1317 quidem
1189 1243 1397 1299 faceret
1434 1242 1636 1311 eligere
1664 1240 1831 1301 bona,

257 1339 402 1393 alios
432 1353 561 1392 vero
592 1337 755 1400 mala,
785 1347 838 1391 et
864 1351 962 1406 per
1006 1335 1109 1389 hoc
1139 1335 1196 1388 in
1233 1333 1372 1388 duos
1399 1332 1622 1386 ordines
1643 1345 1835 1386 neces-

258 1431 412 1486 sario
442 1429 856 1500 propagaudum
896 1434 1040 1483 esset
1072 1427 1357 1482 hominum
1388 1441 1585 1495 genus,
1620 1423 1835 1476 unicui-

258 1539 367 1593 que
396 1522 574 1577 ordini
606 1521 880 1576 concessit
904 1530 959 1576 et
992 1520 1170 1575 locum
1200 1526 1259 1573 et
1307 1533 1510 1588 regem,
1541 1531 1702 1586 quem
1724 1514 1835 1569 vel-

257 1615 336 1669 let
357 1615 588 1685 eligere;
625 1615 803 1668 bonus
845 1613 993 1668 enim
1026 1628 1121 1666 rex
1154 1612 1315 1666 bonis
1340 1611 1562 1679 gaudet,
1593 1617 1647 1664 et
1676 1608 1836 1662 mali-

256 1722 403 1778 gnus
436 1707 615 1760 malis.
659 1704 725 1757 Et
753 1704 1005 1774 quamvis
1029 1704 1144 1757 htec
1179 1703 1303 1765 tibi,
1328 1718 1361 1756 ο
1386 1701 1657 1762 Clemens,
1689 1699 1743 1752 in
1771 1712 1836 1752 eo

257 1806 521 1861 tractatu,
556 1814 717 1868 quem
751 1797 821 1852 dc
854 1795 1284 1866 przefinitioneet
1308 1792 1412 1847 fine
1443 1792 1834 1852 disserueram,

257 1893 481 1963 plenius
512 1888 883 1958 exposuerim,
906 1894 1089 1941 tamen
1132 1891 1187 1939 et
1219 1900 1366 1938 nunc
1404 1883 1706 1952 requirenti
1744 1881 1839 1934 Ni-

244 1995 400 2039 ‘cetae
429 1980 785 2036 manifestare
812 1995 898 2034 me
922 1979 1178 2034 convenit
1236 1992 1357 2046 qua:
1398 1976 1470 2031 sit
1499 1975 1660 2038 ratio,
1697 1973 1841 2046 quod

259 2076 454 2130 Simon
499 2075 593 2145 qui
624 2081 816 2128 contra
850 2071 1019 2126 Deum
1055 2070 1239 2134 sentit,
1272 2076 1424 2123 tanta
1469 2068 1647 2122 facere
1680 2067 1847 2120 mira-

160 2168 168 2176 ’
261 2168 394 2221 biIia
426 2168 622 2238 potuit.

334 2256 472 2312 LIII.
515 2257 684 2328 Igitur
709 2255 887 2327 primo
914 2252 1181 2316 omnium,
1207 2251 1385 2306 malus
1411 2265 1535 2305 esse
1562 2249 1843 2319 iudicatur

261 2350 409 2420 apud
454 2349 625 2405 Deum
657 2349 725 2411 is,
753 2348 847 2417 qui
892 2346 1173 2415 requirere
1209 2359 1319 2397 non
1367 2344 1503 2407 vult,
1536 2343 1683 2413 quod
1734 2341 1840 2396 sibi

260 2442 504 2511 expedit.
526 2440 813 2506 Quomodo
842 2440 989 2492 enim
1022 2437 1150 2490 talis
1181 2437 1283 2490 iste
1316 2435 1485 2488 alium
1513 2434 1719 2504 diliget,
1747 2432 1839 2502 qui

263 2532 625 2602 semetipsum
650 2547 761 2585 non
800 2529 1012 2599 diligit?
1034 2527 1143 2581 Aut
1183 2528 1269 2581 cui
1304 2543 1413 2581 non
1447 2527 1551 2580 iste
1586 2525 1841 2577 inimicus

261 2625 393 2687 erit,
418 2624 510 2693 qui
540 2623 643 2676 sibi
674 2622 777 2692 ipsi
823 2622 1033 2674 amicus
1076 2635 1200 2672 esse
1232 2634 1339 2671 non
1372 2618 1589 2688 potuit?
1613 2614 1682 2670 Ut
1710 2630 1843 2684 ergo

263 2716 739 2785 distinguerentur
766 2713 860 2782 qui
891 2711 1031 2765 bona
1058 2719 1112 2765 et
1140 2711 1233 2779 qui
1265 2710 1476 2779 eligunt
1510 2708 1675 2771 mala,
1697 2707 1841 2762 Deus

264 2808 418 2878 quod
447 2808 576 2861 utile
603 2813 685 2861 est
707 2804 1004 2859 occultavit
1035 2804 1369 2866 hominibus,
1402 2802 1454 2856 id
1485 2810 1589 2861 est.
1623 2816 1844 2871 posses-

264 2903 486 2954 sionem
516 2899 668 2968 regni
715 2898 1003 2957 caelorum,
1034 2911 1265 2965 eamque
1316 2896 1461 2949 velut
1520 2894 1840 2948 thesaurum

264 3003 543 3048 secretum
576 2992 820 3061 reposuit
848 2999 902 3044 et
937 2988 1245 3051 abscondit,
1282 2996 1341 3041 ut
1372 2986 1438 3039 ad
1463 3002 1583 3041 eam
1619 3002 1726 3039 non
1760 2985 1843 3038 fa-

266 3086 374 3138 cile
400 3085 532 3154 .quis
574 3084 747 3152 possit
782 3083 980 3136 virtute
1027 3086 1081 3134 et
1125 3078 1355 3133 scientia
1397 3080 1679 3147 pervenire
1712 3092 1842 3145 pro-
1871 3115 1914 3173 ϐ

266 3176 415 3245 pria,
445 3176 644 3228 famam
668 3182 850 3227 tamen
879 3172 1024 3240 ejus,
1051 3170 1288 3225 diversis
1319 3168 1633 3223 nominibus
1649 3180 1697 3222 et
1725 3168 1838 3237 opi-

267 3268 528 3322 nionibus
550 3282 645 3336 per
661 3264 1042 3336 generationes
1070 3264 1318 3332 singulas
1351 3260 1418 3315 ad
1447 3262 1692 3315 omnium
1721 3276 1846 3331 pcr-

268 3360 429 3414 dmit
461 3359 730 3421 auditum,
768 3366 827 3411 ut
866 3358 911 3410 si
943 3355 1037 3425 qui
1070 3355 1212 3408 forte
1238 3361 1423 3408 essent
1450 3364 1722 3408 amatores
1752 3354 1846 3407 ho-

268 3450 353 3513 ni,
387 3450 670 3504 audientes
712 3448 857 3517 quod
898 3447 1003 3501 sibi
1047 3454 1194 3501 esset
1246 3446 1377 3499 utile
1408 3453 1462 3499 et
1494 3445 1733 3500 salutare
1761 3461 1849 3499 re-

270 3541 559 3610 quirerent
598 3548 652 3594 et
703 3539 1050 3603 invenirent;
1083 3537 1427 3607 requirerent
1467 3545 1647 3591 autem
1682 3552 1789 3591 non
1816 3553 1846 3589 a

270 3634 607 3702 semetipsis,
638 3632 731 3687 sed
776 3633 843 3686 ab
891 3648 957 3686 eo
1010 3631 1103 3701 qui
1131 3630 1448 3693 occultavit,
1480 3629 1708 3699 darique
1741 3629 1848 3683 sibi

272 3724 576 3781 accedendi
627 3724 836 3779 aditum
893 3734 946 3779 et
999 3725 1140 3779 viam
1197 3724 1439 3777 scientia:
1471 3730 1843 3791 precarentur,

268 3826 400 3881 quae
434 3810 543 3866 illis
562 3812 697 3866 solis
737 3812 999 3882 panditur
1028 3812 1119 3881 qui
1143 3828 1263 3867 eam
1285 3827 1450 3880 super
1477 3811 1658 3865 omnia
1689 3827 1853 3864 mun—

268 3904 330 3957 di
363 3905 528 3973 hujus
565 3905 857 3976 diligerent
900 3907 1066 3971 bona,
1101 3922 1203 3961 nec
1251 3906 1360 3959 alio
1404 3905 1529 3975 quis
1574 3912 1736 3974 pacto
1764 3905 1850 3959 vel

270 3997 581 4067 intelligere
622 4013 741 4052 eam
771 3998 943 4068 possit
971 3999 1186 4054 etiamsi
1218 3997 1678 4068 prudentissimus
1705 3997 1849 4053 vide-

271 4096 461 4155 retur;
495 4088 547 4141 hi
588 4105 739 4153 vero,
774 4091 867 4160 qui
907 4091 1278 4160 neglexissent
1323 4090 1469 4160 quod
1500 4089 1606 4144 sibi
1637 4090 1769 4143 utile
1794 4096 1849 4144 et

269 4180 519 4234 salutare
545 4189 692 4235 esset
716 4182 1013 4252 inquirere,
1040 4192 1297 4253 tanquam
1327 4198 1386 4237 se
1418 4182 1566 4252 ipsos
1596 4182 1722 4237 odio
1752 4182 1850 4235 ba-

273 4273 473 4325 bentes
503 4278 557 4324 et
598 4276 907 4343 semetipsis
934 4275 1142 4329 inimici
1179 4274 1571 4331 fraudarentur
1590 4275 1711 4346 ejus
1743 4276 1845 4331 bo-

272 4362 389 4423 nis.
422 4363 569 4416 velut
601 4366 694 4433 qui
731 4365 1017 4435 diligerent
1046 4368 1210 4423 mala.

1930 497 2034 562 Qui
2068 511 2199 567 ergo
2241 512 2351 551 non
2394 496 2510 550 vult
2558 496 2837 566 inquirere
2887 498 3034 566 quod
3086 500 3187 553 sibi
3222 504 3353 555 utile
3393 511 3502 566 est,

1930 590 2109 643 malus
2137 597 2242 653 est,
2276 589 2330 643 in
2362 596 2573 642 tantum
2605 597 2664 642 ut
2701 589 2907 644 malitia
2955 606 3053 645 sua
3100 593 3276 662 ipsum
3310 596 3501 667 imple-

1932 682 2062 736 tatis
2095 683 2390 751 principem
2434 689 2674 751 superet.
2707 680 2801 737 Ille
2828 682 2971 737 enim
3004 683 3245 741 bonitate
3273 687 3363 742 Dei
3402 693 3502 744 ab-

1932 774 2104 827 utitur
2135 773 2202 826 ad
2236 773 2575 843 propositum
2610 774 2832 829 malitiae
2868 791 3001 837 sure,
3047 786 3100 831 et
3130 778 3233 833 sibi
3286 781 3500 850 placet;

1933 862 2024 918 hic
2050 871 2232 918 autem
2264 865 2458 920 salutis
2509 881 2621 920 sum
2653 867 2794 920 bona
2820 868 3068 939 negligit,
3100 878 3158 923 ut
3195 872 3503 941 perditione

1935 955 2020 1009 sui
2061 956 2204 1007 malo
2235 956 2465 1025 placeat.

2008 1043 2120 1102 LV.
2160 1046 2393 1117 Propter
2424 1049 2526 1105 hos
2547 1066 2699 1122 ergo,
2740 1053 2833 1123 qui
2867 1054 3060 1109 salutis
3102 1071 3216 1111 suae
3257 1060 3505 1130 neglectu

1936 1137 2153 1208 placent
2185 1139 2351 1204 malo,
2376 1148 2431 1195 et
2461 1156 2555 1197 eos
2588 1143 2682 1212 qui
2732 1144 2912 1200 studio
2941 1146 3197 1203 utilitatis
3237 1166 3349 1206 suae
3392 1154 3509 1222 pla-

1936 1245 2062 1286 cere
2109 1231 2342 1301 cupiunt
2388 1233 2554 1298 bono,
2590 1236 2743 1305 paria
2783 1238 3028 1307 quaedam
3056 1243 3121 1296 ad
3151 1245 3505 1300 tentationem

1936 1324 2193 1392 praesenti
2225 1325 2353 1382 huic
2400 1327 2601 1379 saeculo
2648 1336 2851 1382 statuta
2883 1342 3010 1384 sunt
3052 1333 3263 1397 decem,
3304 1351 3505 1390 secun-

1937 1413 2068 1468 dum
2122 1431 2407 1471 numerum
2454 1417 2642 1473 decem
2690 1421 2975 1491 plagarum
3008 1440 3129 1493 qua:
3176 1427 3337 1480 illata:
3380 1437 3509 1484 sunt

1938 1504 2194 1578 Egypto.
2227 1508 2363 1563 Cum
2394 1512 2540 1564 enim
2594 1511 2808 1583 Moyses
2839 1516 3140 1571 secundum
3177 1530 3507 1589 praeceptum

1939 1596 2034 1653 Dei
2068 1607 2274 1667 peteret
2310 1616 2340 1654 a
2372 1600 2679 1667 Pharaone,
2715 1612 2775 1658 ut
2820 1608 3093 1662 emitteret
3141 1612 3423 1680 populum,
3456 1621 3510 1668 et

1943 1691 2009 1746 ad
2041 1694 2412 1747 testimonium
2448 1696 2693 1751 ccelestis
2734 1697 2947 1768 imperii
2983 1702 3137 1771 signa
3176 1704 3510 1772 ostenderet,

1942 1784 2184 1853 projecta
2214 1785 2267 1838 in
2296 1793 2499 1840 terram
2543 1788 2693 1859 virga
2733 1804 2997 1845 conversa
3053 1803 3137 1847 est
3182 1794 3236 1847 in
3292 1811 3513 1866 serpen-

1942 1880 2050 1928 tem
2079 1874 2120 1929 ⁸.
2151 1874 2397 1944 Cumque
2432 1877 2503 1931 ob
2538 1878 2651 1933 hac
2685 1877 2898 1932 Pharao
2946 1897 3053 1935 non
3096 1883 3255 1938 vellet
3294 1886 3516 1954 acquie—

1943 1979 2120 2027 scere,
2155 1973 2344 2035 utpote
2397 1967 2606 2023 habens
2653 1969 2868 2023 arbitrii
2919 1972 3247 2039 libertatem,
3291 1990 3512 2029 rursum

1944 2056 2088 2126 magi
2139 2057 2339 2111 similia
2376 2060 2532 2129 signa
2586 2060 2767 2117 facere
2819 2064 2919 2119 visi
2975 2074 3128 2132 sunt,
3169 2069 3514 2137 permittente

1943 2145 2074 2211 Deo,
2110 2157 2167 2201 ut
2221 2153 2559 2220 propositum
2604 2154 2749 2224 regis
2798 2157 3124 2225 probaretur
3174 2176 3240 2214 ex
3296 2162 3512 2216 arbitrii

1943 2239 2218 2305 libertate,
2247 2242 2292 2296 si
2336 2244 2507 2314 magis
2532 2246 2781 2302 crederet
2810 2249 2981 2319 signis
3001 2249 3172 2322 Moysi
3205 2254 3299 2323 qui
3334 2269 3363 2307 a
3402 2253 3513 2309 Deo

1944 2332 2147 2387 missus
2176 2344 2280 2397 cst,
2320 2350 2483 2405 quam
2529 2337 2616 2393 his
2646 2355 2768 2408 qua:
2800 2342 2939 2412 magi
2972 2343 3301 2398 videbantur
3328 2348 3514 2417 potius

1945 2422 2142 2487 facere,
2175 2440 2337 2494 quam
2386 2426 2693 2496 faciebant;
2726 2448 2863 2501 quos
2894 2434 3042 2501 ipsos
3078 2437 3264 2506 utique
3296 2441 3517 2495 nomine

1944 2515 2247 2586 intelligere
2304 2517 2568 2573 debuerat
2612 2538 2888 2579 nouisse
2932 2529 3215 2596 operarios
3245 2532 3513 2596 veritatis,

1943 2607 2089 2677 quod
2144 2623 2316 2662 nona
2364 2608 2474 2665 Deo
2526 2613 2678 2668 missi
2727 2616 2821 2669 sed
2876 2618 3016 2687 magi
3078 2622 3512 2689 appellabantur,

1944 2701 2087 2752 sicut
2108 2711 2160 2753 et
2191 2702 2416 2756 traditio
2444 2704 2672 2760 indicat.
2695 2706 2941 2779 Denique
2972 2728 3147 2781 usque
3173 2714 3237 2767 ad
3280 2716 3515 2786 aliquem

1944 2789 2125 2843 locum
2150 2792 2249 2846 visi
2276 2803 2405 2847 sunt
2439 2794 2643 2850 habere
2675 2807 2972 2862 certamen,
3008 2812 3059 2857 et
3090 2812 3214 2874 post
3245 2806 3358 2861 haec
3385 2823 3519 2862 con-

1944 2883 2074 2939 fessi
2112 2886 2178 2940 de
2218 2903 2276 2942 se
2316 2903 2534 2944 cessere
2566 2891 2843 2974 meliori‘.
2891 2896 3178 2953 Inducitur
3204 2916 3333 2971 ergo
3358 2905 3515 2974 plaga

1942 2981 2135 3034 ultima
2156 2981 2199 3045 ⁸,
2225 2983 2481 3038 interitus
2530 2967 2950 3054 primitivorum,
3006 2998 3061 3045 et
3113 2999 3247 3047 tunc
3302 2994 3517 3067 Moyses

1942 3071 2168 3140 jubetur
2220 3076 2481 3145 populum
2544 3080 2935 3147 eonspcrsione
2977 3085 3262 3152 sanguinis
3323 3103 3518 3143 conse-

1946 3179 2124 3229 crare,
2154 3174 2317 3236 atque
2368 3168 2440 3220 ita
2491 3184 2684 3238 magna
2727 3186 2850 3224 cum
2903 3188 3062 3241 prece
3098 3177 3299 3231 oblatis
3348 3180 3516 3232 etiam

1946 3258 2287 3322 muneribus,
2321 3275 2446 3313 cum
2476 3262 2677 3330 popqu
2712 3274 2933 3331 rogatur
2962 3265 3285 3324 abscedere.

2018 3347 2149 3403 LVI.
2177 3348 2351 3404 Simili
2381 3366 2511 3420 ergo
2541 3352 2702 3406 modo
2742 3355 2902 3408 etiam
2934 3370 3217 3427 nunc‘per
3248 3376 3335 3415 me
3363 3361 3520 3415 video

1948 3442 2083 3510 geri.
2118 3441 2272 3514 Sicut
2300 3443 2444 3496 enim
2503 3452 2631 3497 tunc
2692 3445 2875 3517 Moyse
2928 3448 3183 3504 hortante
3238 3467 3418 3522 regem
3460 3462 3511 3507 ut

1948 3533 2194 3589 crederet
2230 3534 2355 3598 Deo,
2382 3537 2727 3591 obsistebant
2770 3539 2911 3609 magi
2955 3542 3112 3610 quasi
3152 3545 3519 3601 ostentatione

1951 3623 2211 3677 similimn
2239 3626 2542 3695 signorum,
2566 3635 2619 3681 et
2642 3644 2672 3681 a
2703 3630 2881 3685 salute
2912 3632 3223 3689 incredulos
3263 3635 3513 3705 prohibe-

1948 3717 2101 3778 bant,
2136 3717 2210 3769 ita
2243 3730 2298 3772 et
2354 3734 2498 3773 nunc
2527 3734 2652 3773 cum
2684 3736 2782 3790 ego
2819 3723 3041 3777 exierim
3097 3725 3294 3781 docere
3330 3743 3522 3784 omnes

1949 3818 2139 3880 gentes
2167 3818 2225 3865 ut
2256 3812 2478 3866 credant
2516 3829 2645 3868 vero
2679 3812 2808 3879 Deo,
2844 3815 3029 3870 Simon
3068 3815 3253 3889 Magos
3288 3823 3516 3885 resistit,

1950 3898 2137 3954 eadem
2166 3915 2334 3970 agens
2362 3901 2649 3956 adversum
2678 3919 2782 3967 me,
2809 3920 2929 3973 quae.
2957 3915 3011 3961 et
3033 3907 3109 3961 illi
3135 3916 3263 3963 tunc
3291 3922 3518 3981 egerunt

1952 3993 2240 4047 adversum
2267 3993 2514 4065 Moysen,
2542 4004 2599 4048 ut
2632 4000 2675 4052 si
2707 4000 2798 4065 qui
2832 4010 2963 4055 sunt
2991 4018 3055 4057 ex
3102 4006 3381 4074 gentibus,
3425 4008 3518 4075 qui

1951 4102 2058 4140 non
2090 4094 2242 4141 recto
2267 4088 2479 4157 judicio
2530 4097 2795 4157 utuntur,
2848 4107 3181 4164 appareant,
3240 4101 3522 4155 salvi-nter

1952 4187 2133 4232 autem
2170 4179 2263 4248 qui
2293 4179 2572 4250 signorum
2603 4168 2814 4236 rectum
2863 4184 3159 4241 discrimen
3206 4189 3517 4248 habuerint.

1952 4267 2078 4325 Ilaec
2110 4272 2324 4327 dicente
2366 4270 2547 4337 Petro,
2580 4272 2767 4329 Niceta
2801 4280 3077 4347 respondit
3118 4299 3131 4333 :
3164 4280 3403 4337 Obsecro
3443 4293 3517 4346 te,

1952 4370 2012 4416 ut
2040 4363 2084 4416 si
2115 4363 2245 4432 quid
2276 4364 2342 4417 ad
2378 4365 2696 4419 memoriam
2726 4367 2894 4428 venit,
2921 4371 3204 4437 permittas
3240 4374 3368 4426 mihi
3394 4390 3521 4444 pro-

352 4451 489 4508 Ltv,
527 4452 754 4524 oportet
783 4473 911 4527 ergo
938 4458 1111 4514 bonos
1135 4459 1361 4530 diligere
1383 4476 1502 4515 eam
1530 4476 1695 4531 super
1722 4476 1841 4515 om-
1876 4457 1922 4514 ι)
1951 4451 2114 4507 ferre.
2147 4451 2283 4507 Tum
2311 4452 2506 4510 Petrus
2536 4455 2837 4512 delectatus
2867 4475 3033 4529 super
3052 4462 3234 4517 studio
3277 4463 3519 4534 discipu-

276 4544 396 4605 nia,
442 4544 496 4598 id
546 4554 651 4611 est,
697 4564 864 4617 super
907 4549 1151 4614 divitias,
1179 4553 1431 4622 gloriam,
1470 4555 1734 4624 requiem,
1761 4570 1853 4623 pa-

278 4642 493 4697 rentes,
528 4636 889 4705 propinquos,
921 4639 1129 4694 amicos
1168 4650 1221 4695 et
1275 4657 1436 4697 ornne
1482 4643 1701 4713 quodin
1749 4644 1853 4697 hoc

275 4726 488 4778 mundo
522 4735 627 4782 est.
664 4727 767 4793 Qui
798 4743 929 4783 vero
958 4730 1203 4799 perfecte
1235 4733 1409 4804 diligit
1446 4736 1851 4805 possessionem

274 4819 426 4874 hanc
468 4822 622 4891 regni
674 4824 962 4885 caelorum,
1010 4825 1231 4894 abjiciet
1288 4828 1409 4883 sine
1443 4827 1610 4884 dubio
1631 4845 1851 4884 omnem

274 4912 439 4965 mala:
469 4915 890 4970 consuetudinis
912 4931 1097 4981 usum,
1129 4919 1535 4989 negligentiam,
1557 4920 1844 4984 desidiam,

273 5001 568 5067 malitiam,
594 5002 754 5068 iram,
782 5014 1091 5076 cunctaque
1122 5007 1208 5063 his
1238 5009 1456 5063 similia.
1487 5007 1621 5064 Nam
1649 5010 1697 5065 si
1718 5010 1850 5081 quid

273 5093 477 5148 horum
525 5096 833 5163 praetuleris
879 5097 950 5160 ei,
1001 5106 1259 5167 tanquam
1302 5101 1395 5169 qui
1427 5102 1549 5170 plus
1590 5101 1849 5158 dilexeris

275 5187 514 5255 proprize
542 5187 781 5244 libidinis
804 5188 933 5241 vitia
963 5205 1124 5258 quam
1151 5190 1339 5256 Deum,
1357 5193 1425 5247 ad
1444 5193 1849 5263 possessionem

274 5279 434 5349 regni
470 5280 711 5335 cmlestis
743 5282 1029 5350 pervenire
1068 5299 1175 5337 non
1208 5285 1436 5354 poteris,
1476 5286 1602 5355 quia
1641 5295 1693 5340 et
1720 5302 1848 5342 vere

276 5372 511 5425 stultum
542 5378 645 5436 est,
681 5373 885 5445 aliquid
914 5376 1036 5445 plus
1083 5391 1267 5431 amare
1297 5392 1460 5447 quam
1502 5377 1692 5433 Deum.
1724 5378 1850 5435 Sive

276 5466 429 5519 enim
471 5473 729 5535 parentes
784 5475 934 5531 sunt,
984 5469 1326 5537 moriuntur;
1359 5470 1474 5524 sive
1534 5473 1844 5543 pr0pinqui,

276 5574 393 5614 non
424 5567 781 5629 permanent;
814 5562 930 5617 sive
974 5563 1157 5629 amici,
1212 5572 1516 5619 mutantur.
1552 5564 1714 5618 Solus
1764 5575 1848 5620 est

350 5716 374 5746 ³
401 5715 570 5771 Exod.
598 5734 694 5778 vn,
724 5735 843 5774 vm.
914 5721 935 5752 ‘
977 5720 1146 5777 Exod.
1176 5734 1297 5781 vttt,
1331 5721 1415 5779 I9.
1531 5720 1550 5747 ’⁸
1584 5720 1752 5775 Exod.
1792 5738 1887 5778 Ml.

1951 4546 2156 4601 lorum:
2195 4545 2310 4608 Die,
2332 4547 2529 4617 inquit,
2562 4550 2706 4618 quod
2739 4550 2843 4606 vis.

2022 4637 2181 4693 LVII.
2213 4639 2277 4694 Et
2300 4638 2489 4695 Niceta
2520 4642 2627 4694 ait:
2664 4641 2804 4707 Quid
2835 4657 3130 4712 peccavere
3162 4645 3426 4718 Egyptii,
3472 4652 3519 4704 si

1951 4743 2059 4781 non
2090 4728 2439 4783 crediderunt
2469 4728 2663 4801 Moysi,
2698 4747 2822 4785 cum
2850 4739 2905 4785 et
2945 4736 3084 4805 magi
3136 4738 3331 4792 similia
3363 4742 3520 4809 signa

1950 4818 2201 4885 fecerint,
2228 4823 2441 4877 etiamsi
2475 4824 2795 4879 viderentur
2822 4829 3002 4896 potius
3036 4830 3150 4885 ﬁeri
3182 4849 3345 4902 quam
3377 4836 3522 4890 veri-

1955 4922 2067 4969 tate
2092 4915 2320 4971 Iierent?
2346 4916 2478 4971 Nam
2504 4928 2556 4973 et
2583 4920 2627 4973 si
2652 4935 2750 4990 ego
2775 4920 2997 4977 fuissem
3025 4932 3175 4989 tunc,
3202 4943 3267 4981 ex
3294 4945 3359 4983 eo
3376 4931 3519 4999 quod

1957 5006 2098 5076 magi
2131 5006 2330 5061 similia
2359 5007 2653 5077 faciebant,
2685 5029 2869 5070 nonne
2896 5024 2989 5069 aut
3037 5016 3255 5089 Moysen
3303 5037 3518 5091 magum

1956 5098 2336 5165 credidissem,
2370 5111 2666 5175 autmagos
2695 5122 2816 5176 quae
2844 5109 3227 5177 ostendebant,
3258 5111 3519 5168 divinitus

1956 5191 2136 5245 facere
2167 5197 2484 5261 putassem?
2514 5199 2642 5267 quia
2674 5216 2780 5254 non
2818 5202 2949 5255 mihi
2981 5203 3276 5257 verisimile
3309 5204 3521 5258 videre-

1956 5292 2067 5347 tur,
2100 5286 2221 5339 licet
2247 5301 2343 5354 per
2372 5288 2736 5361 phantasiam,
2765 5295 2953 5349 eadem
2984 5302 3163 5350 tamen
3188 5294 3323 5351 eIIici
3352 5311 3382 5349 a
3405 5312 3522 5350 ma-

1957 5378 2039 5446 gis
2072 5394 2251 5447 posse,
2283 5396 2404 5449 qum
2433 5381 2523 5435 ille
2545 5385 2636 5452 qui
2666 5400 2694 5437 a
2720 5384 2829 5439 Deo
2857 5387 3060 5441 missus
3091 5396 3196 5451 est,
3240 5395 3519 5458 perpetra-

1957 5471 2067 5526 bat.
2095 5473 2159 5526 Et
2192 5490 2339 5529 nunc
2359 5491 2490 5545 ergo
2514 5478 2643 5547 quid
2674 5488 2904 5547 peccant
2932 5481 2983 5534 hi
3010 5482 3099 5551 qui
3135 5481 3344 5537 Simoni
3395 5496 3519 5537 cre-

1955 5568 2114 5631 dunt,
2147 5584 2270 5623 cum
2296 5568 2515 5625 videant
2545 5586 2667 5625 eum
2701 5578 2850 5626 tanta
2882 5572 3060 5630 facere
3077 5573 3518 5630 mirabilia3Aut
