4030 6342
649 290 788 346 1507

1528 287 1585 343 S.
1625 285 2019 343 CLEMENTIS
2054 285 2071 340 I
2109 285 2277 342 11051.
2311 285 2513 345 PONT.
2545 286 2771 345 OPEIIA
2811 289 3042 349 DUBIA.
3671 305 3755 360 15ιῶ

646 423 754 462 nou
787 414 874 463 est
908 406 1154 460 mirabile
1183 420 1281 476 per
1303 420 1482 460 aerem
1507 407 1718 473 volare,
1763 407 1874 478 igni
1913 407 2206 462 admistum
2236 407 2283 463 Α
2311 407 2545 475 gmentis
2587 409 2851 464 virtutum
2884 409 3195 465 movebitur
3220 411 3291 466 ad
3330 411 3608 479 secundum,
3638 428 3677 473 et
3714 439 3754 476 ei

645 518 815 558 unum
839 516 1038 571 corpus
1058 498 1217 562 eflici,
1268 498 1451 554 facere
1496 507 1706 557 statuas
1758 499 1991 571 ingredi,
2045 515 2212 555 canes

639 606 816 645 :creos
861 591 1080 656 latrare,
1109 597 1164 644 et
1201 591 1308 645 alia
1338 590 1425 645 his
1447 591 1668 655 similia,
1712 607 1833 662 qua:
1861 592 2048 661 utique
2099 591 2214 646 dis-

642 686 941 739 cretionem
973 685 1350 740 nescientibus
1398 685 1534 739 satis
1565 685 1701 739 mira
1729 686 1898 739 sunt?
1929 683 2036 741 Sed
2066 685 2212 740 etde

644 778 917 848 lapidibus
941 778 1093 833 visus
1118 787 1202 834 est
1231 793 1400 848 panes
1426 778 1622 834 facere.
1653 778 1806 845 Quod
1835 779 1880 834 si
1908 787 2097 850 peccat
2116 778 2210 849 qui

636 874 796 942 signa
838 870 1166 928 facientibus
1219 870 1428 936 credit,
1460 870 1735 942 quomodo
1790 885 1898 926 non
1951 885 2210 941 peccasse

641 965 916 1020 videbitur
963 973 1018 1019 et
1067 965 1134 1028 is,
1202 965 1296 1034 qui
1360 963 1588 1019 Domino
1657 971 1846 1020 nostro
1893 979 1991 1035 pro
2039 964 2210 1035 signis

635 1066 694 1110 et
721 1056 1018 1112 virtutibus
1041 1054 1310 1110 credidit?

711 1147 893 1204 LVIII.
929 1149 996 1202 Et
1027 1149 1223 1204 Petrus
1255 1151 1362 1204 ait:
1410 1147 1669 1204 Libenter
1710 1149 1922 1219 accipio
1968 1148 2114 1220 quod
2142 1149 2211 1202 de

639 1244 879 1296 veritate
911 1241 975 1295 ad
1011 1242 1273 1297 amussim
1308 1241 1567 1310 requiris.
1595 1250 1649 1295 et
1678 1241 2059 1310 impedimenta
2084 1234 2207 1295 fidei

638 1333 696 1386 in
736 1332 916 1385 anima
942 1339 1033 1385 tua
1067 1331 1240 1386 latere
1271 1346 1378 1385 non
1413 1331 1640 1400 pateris.
1678 1330 1828 1385 Unde
1857 1338 1912 1384 et
1944 1328 2207 1384 medelam

637 1423 900 1492 consequi
922 1422 1078 1476 facile
1100 1429 1276 1492 potes.
1304 1421 1597 1476 Meministi
1624 1421 1766 1490 quod
1795 1421 1948 1490 pejus
1965 1421 2206 1475 omnium

533 1519 544 1530 ‘
636 1529 763 1568 esse
798 1515 934 1576 dixi,
970 1529 1092 1568 cum
1127 1514 1250 1583 quis
1280 1512 1504 1583 negligit
1534 1511 1679 1581 quod
1706 1511 1810 1566 sibi
1858 1511 2077 1582 expedit
2123 1511 2209 1564 di-

638 1606 834 1661 scere?
863 1604 928 1657 Et
974 1602 1162 1657 Niceta
1217 1603 1529 1673 respondit:
1583 1602 1820 1657 Memini.
1867 1601 2097 1658 Petrus:
2143 1601 2209 1656 Et

639 1709 859 1749 rursum
883 1692 1025 1762 quod
1076 1692 1217 1747 Deus
1263 1693 1558 1746 occultavit
1595 1692 1880 1747 veritatem
1933 1708 2112 1756 suam,
2143 1700 2205 1747 ut

636 1800 758 1840 eam
790 1784 875 1839 bis
906 1785 996 1854 qui
1031 1800 1090 1839 se
1124 1783 1360 1838 fideliter
1386 1792 1691 1848 sectantur,
1721 1785 1970 1855 aperiat?
2019 1783 2084 1840 Et
2113 1784 2208 1839 Ni-

639 1886 789 1929 ceta:
849 1875 926 1929 Ne
979 1876 1082 1930 hoc
1124 1875 1343 1945 quidem
1371 1875 1576 1930 oblitus
1607 1891 1750 1931 sum.
1810 1874 1946 1930 Tum
1973 1874 2203 1930 Petrus:

636 1969 782 2035 Quid
815 1985 944 2038 ergo
968 1978 1148 2039 putas,
1178 1969 1305 2040 quia
1333 1969 1385 2022 in
1423 1976 1624 2024 terram
1657 1967 1929 2024 defossam
1975 1971 2209 2024 abscon-

638 2059 780 2113 derit
812 2061 952 2113 Deus
982 2059 1265 2114 veritatem
1283 2068 1336 2114 et
1359 2065 1573 2113 montes
1607 2059 1653 2114 ei
1685 2061 2114 2129 superposuerit,
2149 2068 2208 2114 ut

641 2152 711 2207 ab
736 2151 822 2208 his
844 2152 934 2221 qui
961 2152 1011 2205 in
1041 2150 1368 2222 profundum
1396 2151 1584 2208 fodere
1606 2152 1806 2214 valent,
1831 2155 2208 2209 tantummodo

639 2243 872 2299 inveniri
906 2245 1120 2317 possit?
1160 2243 1277 2297 Non
1323 2244 1394 2296 ita
1423 2252 1508 2298 est
1531 2283 1545 2308 ,
1590 2242 1684 2298 sed
1717 2243 1862 2298 sicut
1893 2253 2104 2299 montes
2155 2254 2207 2299 et

638 2343 841 2388 terram
872 2335 997 2389 εωιί
1040 2336 1245 2390 ambitu
1298 2334 1679 2397 circumdedit,
1741 2332 1812 2386 ita
1843 2341 1897 2386 et
1926 2334 2205 2389 veritatem‘

639 2429 926 2482 charitatis
980 2444 1092 2481 suae
1139 2428 1406 2482 velamine
1448 2425 1709 2489 contexit,
1742 2433 1801 2478 ut
1847 2425 1940 2478 ille
1983 2423 2049 2477 ad
2089 2440 2206 2479 cam

635 2521 789 2574 solus
821 2519 1102 2588 pervenire
1127 2519 1322 2588 possit,
1353 2520 1444 2588 qui
1471 2519 1624 2588 prius
1651 2518 1875 2588 januam
1897 2517 2207 2571 dilectionis

639 2613 838 2666 divinze
867 2612 1186 2682 pulsaverit.

709 2703 844 2759 LIX.
880 2703 1088 2756 Etenim
1119 2701 1262 2770 quod
1299 2700 1450 2770 prius
1491 2701 1674 2757 dicere
1720 2718 2022 2775 cmperam,
2056 2703 2206 2772 paria

636 2798 883 2867 quaedam
944 2796 1071 2850 huic
1120 2794 1324 2848 mundo
1370 2795 1680 2850 destinasse
1740 2796 1942 2851 Deum:
1992 2797 2082 2850 ille
2113 2797 2204 2865 qui

642 2893 848 2961 primus
875 2906 938 2942 ex
968 2889 1188 2958 paribus
1218 2887 1384 2952 venit,
1419 2903 1447 2940 a
1479 2888 1622 2964 malo
1653 2897 1762 2949 est,
1791 2888 1884 2958 qui
1909 2888 2203 2953 secundus,

638 3003 667 3036 a
699 2986 866 3040 bono.
891 2982 947 3034 In
964 2987 1080 3050 nuo
1112 2981 1407 3049 unicuique
1450 2979 1734 3034 hominum
1791 2982 1925 3049 justi
1986 2983 2206 3037 occasio

2314 496 2725 566 comparatione
2748 513 2872 569 qua:
2892 499 3006 555 sint
3034 499 3250 570 potiora
3271 500 3609 570 deprehendet,
3632 523 3757 577 quam.

2309 587 2395 644 vis
2417 589 2707 644 manifesta
2725 591 3040 647 habeantur
3059 591 3264 647 indicia
3286 593 3417 664 apud
3436 596 3636 654 eruditos
3652 617 3758 672 quos-

2311 695 2440 752 que,
2467 682 2610 736 sicut
2631 697 2729 754 per
2761 683 2972 740 ordinis
3003 687 3437 754 consequentiam
3470 688 3759 750 demonstrari-

2310 787 2454 828 mus.
2511 772 2567 828 Si
2598 790 2729 830 vero
2756 785 3015 847 tanquam
3068 792 3239 832 sanus
3268 778 3381 848 quis
3415 788 3464 834 et
3507 782 3583 852 qui
3622 787 3759 845 medico

2310 879 2421 920 non
2455 865 2718 937 indigeat,
2756 883 2865 922 non
2891 876 2975 923 est
3022 875 3328 924 commotus
3359 869 3421 923 ad
3463 873 3685 940 primum,
3713 882 3759 932 rei

2309 957 2482 1025 ipsius
2507 959 2914 1027 perseverantia
2949 959 3311 1015 suscitabitur
3332 959 3394 1013 ad
3416 963 3677 1029 secundum,
3697 969 3762 1024 dis-

2313 1049 2746 1120 tinctionemque
2802 1050 3088 1122 signorum
3129 1060 3187 1105 et
3233 1052 3532 1107 mirabilium
3574 1055 3693 1111 faciet
3729 1061 3761 1114 in

2310 1138 2457 1194 hunc
2488 1139 2708 1195 modum
2742 1139 2886 1213 (94):
2923 1141 3021 1197 Ille
3048 1142 3144 1212 qui
3182 1157 3212 1195 a
3241 1143 3377 1198 malo
3404 1153 3498 1209 est,
3543 1146 3662 1217 signa
3688 1167 3762 1221 qua

2308 1229 2461 1295 facit,
2493 1232 2627 1286 nulli
2658 1241 2931 1303 prosunt;
2964 1235 3061 1289 illa
3085 1249 3220 1291 vero
3250 1251 3378 1305 qua:
3397 1235 3514 1293 facit
3537 1239 3764 1307 bonus,ho-

2311 1322 2549 1379 minibus
2575 1335 2829 1394 prosunt.
3596 1318 3605 1323 ”

2379 1415 2493 1470 LX.
2523 1416 2657 1470 Nam
2696 1417 2806 1482 die,
2841 1434 3050 1489 quaiso,
3083 1434 3207 1490 quas
3235 1420 3430 1475 utilitas
3464 1431 3538 1478 est
3567 1427 3764 1481 ostendere

2309 1515 2522 1566 statuas
2545 1512 2906 1578 ambulantes,
2937 1515 3143 1570 latrare
3181 1530 3352 1572 ferens
3381 1526 3466 1570 aut
3494 1518 3680 1587 lapideos
3703 1535 3762 1574 ca-

2308 1618 2430 1668 nes,
2455 1605 2621 1660 salire
2654 1614 2891 1671 montes,
2937 1608 3130 1663 volare
3179 1624 3272 1679 per
3306 1624 3492 1674 aerem,
3537 1620 3580 1666 et
3614 1613 3688 1664 alia
3712 1615 3763 1669 his

2309 1696 2534 1762 similia,
2561 1714 2682 1768 qua:
2711 1699 2896 1756 dicitis
2932 1701 3136 1758 fecisse
3170 1703 3475 1759 Simonem?
3508 1703 3614 1769 Quae
3646 1716 3762 1759 autem

2311 1803 2342 1842 a
2374 1789 2518 1844 bono
2547 1799 2695 1861 sunt,
2721 1791 2787 1845 ad
2825 1792 3113 1848 hominum
3152 1797 3377 1850 salutem
3425 1795 3694 1857 deferuntur,
3729 1809 3762 1848 ut

2310 1893 2438 1938 sunt
2470 1883 2560 1938 illa
2591 1900 2711 1954 quae
2740 1884 2870 1940 fecit
2895 1884 3166 1943 Dominus
3197 1894 3397 1955 uester,
3421 1887 3504 1958 qui
3524 1886 3622 1941 fecit
3645 1901 3760 1941 cacas

2308 1975 2514 2039 videre,
2557 1975 2685 2030 fecit
2706 1977 2904 2033 surdos
2938 1979 3156 2043 audire,
3191 1980 3393 2035 debiles
3415 1987 3463 2034 et
3482 1978 3660 2033 claudos
3685 1995 3761 2032 err-

2309 2068 2410 2134 xit,
2443 2071 2733 2140 languores
2758 2078 2812 2124 et
2841 2071 3125 2127 daemones
3158 2072 3429 2143 etlugavit,
3453 2080 3649 2124 mortuos
3681 2069 3761 2123 fuit

2309 2175 2617 2232 resurgere,
2650 2169 2703 2216 et
2727 2162 2832 2216 alia
2854 2163 2939 2217 his
2964 2163 3170 2217 similia
3200 2179 3318 2234 quae
3338 2163 3487 2217 etiam
3509 2175 3586 2230 per
3607 2178 3669 2215 me
3688 2161 3759 2215 fieri

2309 2250 2528 2307 videtis.
2560 2248 2666 2306 Ista
2697 2267 2827 2323 ergo
2858 2253 3013 2325 signa
3038 2271 3165 2324 quae
3217 2254 3285 2307 ad
3327 2253 3535 2307 salutem
3571 2252 3757 2304 hominum

2308 2350 2540 2411 prosunt
2579 2351 2633 2398 et
2666 2344 2872 2414 aliquid
2899 2345 3026 2399 boni
3058 2344 3373 2400 hominibus
3409 2343 3666 2400 conferunt.
3687 2357 3755 2393 ma-

2310 2431 2488 2500 lignus
2541 2431 2717 2485 facere
2759 2449 2866 2488 non
2902 2443 3112 2503 potest,
3153 2435 3258 2489 nisi
3308 2435 3360 2488 in
3389 2433 3481 2487 fine
3507 2431 3650 2486 mundi
3683 2440 3759 2482 tan-

2309 2529 2420 2572 tum
2451 2519 2585 2591 (95).
2615 2520 2768 2575 Tunc
2785 2523 2930 2576 enim
2955 2524 3267 2578 admiscere
3292 2524 3339 2578 ei
3363 2521 3757 2586 concedeturaliqra

2309 2611 2473 2664 etiam
2505 2612 2571 2666 de
2622 2613 2830 2668 dextris
2881 2615 3080 2685 signis,
3134 2615 3187 2668 id
3236 2622 3354 2678 est,
3388 2624 3441 2667 ut
3467 2613 3535 2666 vel
3574 2613 3759 2666 damonis

2311 2702 2478 2773 fuget,
2519 2704 2599 2757 vel
2625 2707 2980 2774 aegritudines
3012 2717 3193 2771 sanet,
3217 2715 3272 2762 et
3305 2715 3504 2777 prepter
3545 2705 3648 2766 hoc,
3678 2711 3757 2753 tan-

2308 2813 2470 2866 quam
2496 2799 2587 2868 qui
2618 2801 2918 2854 excesserit
2937 2801 3209 2854 terminos
3231 2815 3359 2854 suos
3381 2800 3491 2852 etin
3509 2797 3756 2865 semetipsum

2309 2887 2518 2942 divisus
2549 2888 2640 2951 sit,
2671 2903 2734 2942 ac
2770 2891 3126 2959 semetipsum
3184 2889 3563 2960 impugnaverit.
3586 2886 3756 2940 desum»

2311 2964 2420 3034 tur.
2448 2979 2512 3032 Et
2546 2989 2831 3050 propterea
2865 2979 3131 3038 Dominus
3179 2982 3440 3052 praedixit,
3472 2982 3514 3033 in
3535 2976 3754 3031 novissimis

634 3076 826 3144 judicii
861 3075 1043 3134 datur,
1080 3075 1192 3126 sive
1226 3072 1455 3141 simplex
1511 3072 1601 3126 ille
1649 3075 1739 3138 sit,
1794 3074 1908 3128 sive
1944 3075 2201 3144 prudens.
2232 3079 2277 3139 α
2310 3073 2646 3142 temporibus
2678 3074 3030 3129 tentationem
3058 3074 3296 3129 futuram
3329 3074 3476 3127 talem
3506 3072 3546 3124 in
3565 3083 3638 3138 qua
3653 3066 3755 3118 deci-

638 3165 774 3220 Nam
808 3167 852 3221 si
888 3166 1115 3235 simplex
1155 3171 1239 3219 est
1294 3176 1348 3218 et
1381 3165 1678 3219 crediderit
1733 3164 1810 3218 illi
1850 3167 1943 3235 qui
1996 3167 2204 3236 primus

639 3260 812 3323 venit,
839 3259 1010 3328 signis
1029 3258 1173 3311 enim
1207 3268 1261 3310 et
1319 3257 1580 3328 prodigiis
1623 3263 1824 3323 motus,
1856 3275 2081 3313 necesse
2123 3271 2207 3314 est

639 3351 828 3404 eadem
871 3349 1104 3412 ratione,
1161 3357 1218 3402 ut
1241 3350 1403 3402 etiam
1454 3348 1530 3402 illi
1579 3349 1669 3418 qui
1703 3349 1942 3403 secundo
1972 3351 2203 3418 venerit,

637 3440 857 3508 credat;
882 3441 1054 3510 signis
1077 3439 1221 3494 enim
1252 3447 1306 3494 et
1335 3439 1596 3511 prodigiis
1622 3442 1941 3496 suadebitur
1961 3454 2013 3497 ct
2034 3459 2202 3508 nunc,

633 3532 784 3585 sicut
828 3533 1000 3600 prius.
1060 3531 1195 3585 Cum
1227 3546 1360 3584 vero
1413 3531 1710 3586 erididerit
1764 3533 1891 3587 huic
1937 3533 2201 3599 secundo,

638 3625 819 3677 discet
846 3623 913 3676 ab
934 3637 998 3676 eo
1026 3622 1169 3691 quod
1218 3621 1393 3691 primo
1424 3622 1500 3675 illi
1531 3624 1684 3693 quia
1713 3625 1855 3678 malo
1883 3625 2049 3691 venit,
2081 3640 2201 3679 cre-

637 3717 769 3770 dere
797 3731 906 3770 non
933 3716 1148 3779 debeat,
1183 3724 1237 3769 et
1263 3716 1336 3768 ita
1359 3716 1558 3785 prioris
1587 3732 1741 3770 error
1772 3717 1994 3772 secundi
2017 3734 2203 3773 emen-

637 3808 862 3862 datione
891 3807 1204 3877 corrigitur.
1239 3805 1295 3861 Si
1323 3823 1449 3862 vero
1480 3810 1606 3878 quia
1637 3811 1812 3878 primo
1833 3809 2088 3868 credidit.
2121 3826 2206 3865 se-

639 3899 879 3954 cundum
906 3899 1153 3966 recipere
1181 3899 1439 3962 noluerit,
1479 3901 1673 3952 merito
1704 3908 1762 3953 ut
1807 3900 2044 3969 injustus
2074 3917 2204 3956 con-

641 3993 1024 4058 demuabitur;
1080 3991 1342 4060 injustum
1388 3993 1530 4046 enim
1585 4002 1697 4056 est,
1752 4000 1809 4047 ut
1857 4009 1979 4049 cum
2031 3997 2216 4069 primo,

641 4089 864 4151 propter
892 4081 1044 4150 signa
1068 4080 1388 4142 crediderit.
1421 4082 1662 4136 secundo
1690 4082 1877 4136 eadem
1902 4093 1996 4137 aut
2041 4087 2201 4140 etiam

644 4175 851 4244 potiora
884 4173 1080 4228 ferenti
1105 4173 1260 4244 signa
1289 4190 1399 4230 non
1429 4176 1638 4230 credat.
1690 4174 1748 4229 Si
1780 4193 1909 4232 vero
1947 4193 2054 4232 non
2087 4195 2206 4234 cre-

643 4267 780 4320 didit
807 4266 1003 4334 primo,
1038 4281 1384 4335 consequens
1411 4276 1514 4331 est,
1550 4275 1608 4320 ut
1634 4268 1711 4322 vel
1743 4269 1796 4322 in
1823 4271 2064 4324 secundo
2086 4287 2203 4325 mo-

639 4365 832 4410 veatur
853 4357 919 4409 ad
953 4357 1304 4411 credendum.
1334 4359 1515 4428 Neque
1535 4358 1678 4411 enim
1707 4359 1760 4412 in
1785 4366 1996 4412 tantum
2021 4362 2203 4417 animo

2308 3166 2550 3236 piantur,
2591 3167 2637 3220 si
2680 3165 2793 3220 fieri
2824 3175 3024 3237 potest,
3059 3169 3227 3222 etiam
3252 3165 3431 3230 electi;
3476 3160 3660 3216 confusis
3686 3155 3754 3210 sci-

2310 3259 2437 3311 licet
2469 3258 2687 3313 indiciis
2717 3259 2998 3328 signorum
3025 3259 3333 3328 perturbari
3359 3270 3551 3310 necesse
3572 3247 3755 3305 estetiam

2305 3363 2422 3409 eos,
2448 3349 2539 3418 qui
2568 3348 2621 3401 in
2653 3348 3031 3403 discernendis
3055 3349 3361 3418 spiritibus,
3391 3360 3448 3398 ac
3467 3335 3757 3410 distinguendis

2306 3441 2604 3496 virtutibus
2633 3440 2886 3496 videntur
2914 3441 3145 3496 eruditi.

2376 3530 2509 3586 LXI.
2550 3531 2742 3588 Decem
2774 3547 2904 3602 ergo
2931 3545 3050 3602 quzc
3065 3533 3305 3588 diximus
3328 3529 3485 3601 paria,
3505 3523 3606 3579 huic
3623 3516 3758 3574 mundo

2306 3623 2580 3679 destinata
2614 3632 2741 3677 sunt
2763 3625 2832 3678 ab
2855 3625 3012 3679 initio
3037 3625 3246 3679 saeculi.
3279 3622 3404 3676 Cain
3434 3628 3481 3674 et
3513 3615 3618 3671 Abel
3646 3622 3753 3662 unum

2308 3713 2408 3767 fuit
2441 3730 2564 3784 par;
2593 3715 2891 3768 secundum
2914 3729 3048 3768 vero
3073 3717 3350 3786 gigantum
3395 3717 3444 3765 et
3465 3708 3585 3771 Noe,
3604 3700 3753 3756 tertium

2305 3805 2608 3861 Pharaonis
2638 3813 2691 3860 et
2719 3805 3026 3874 Abraham;
3061 3816 3314 3876 quartum
3360 3801 3692 3857 Philistinorum
3721 3794 3754 3838 cl

2307 3896 2492 3961 Isaac;
2525 3895 2776 3965 quintum
2809 3893 2954 3950 Esau
2998 3904 3054 3950 et
3094 3895 3298 3962 Jacob;
3333 3900 3521 3946 sextum
3560 3889 3753 3972 mago???

2307 3996 2358 4041 et
2389 3987 2720 4058 Iegislatoris
2753 3985 2924 4058 Moysi
2951 4005 2966 4054 ;
3021 3988 3311 4057 septimum
3362 3975 3605 4037 tentatoris
3620 3978 3659 4024 et
3674 3965 3752 4019 Filii

2308 4080 2572 4146 hominis;
2596 4089 2846 4133 oetavum
2875 4079 3115 4134 Simonis
3139 4087 3194 4134 et
3224 4091 3415 4139 meum,
3441 4069 3592 4132 Petri;
3617 4068 3752 4116 nonum

2306 4174 2548 4228 omnium
2579 4172 2844 4242 gentium,
2889 4180 2943 4226 et
2974 4172 3124 4227 illius
3167 4157 3264 4242 'qui
3306 4167 3526 4222 mittetur
3567 4152 3752 4248 seminare

2307 4265 2533 4319 verbum
2570 4264 2712 4318 inter
2735 4272 2958 4334 gentes;
2982 4263 3256 4316 decimum
3283 4250 3567 4313 Antichristi
3589 4256 3628 4338 et

2309 4357 2400 4420 sti,
2434 4354 2502 4409 de
2531 4355 2732 4426 quibus
2753 4353 2977 4424 paribus
3007 4353 3144 4408 alias
3175 4351 3324 4408 vobis
3353 4362 3437 4416 per
3455 4337 3625 4410 singula
3640 4335 3750 4426 latius

641 4447 817 4510 stetit,
845 4453 903 4499 ut
933 4445 1279 4515 ingeminatis
1309 4420 1651 4500 mirabilibus
1680 4462 1786 4500 non
1811 4447 1988 4500 valeat
2027 4448 2199 4501 susci‘
2230 4420 2284 4480 Β
2308 4420 2664 4520 exponemus.
2791 4461 2916 4500 cum
2951 4445 3064 4498 hac
3083 4444 3290 4498 diceret
3317 4439 3506 4496 Petrus,
3527 4420 3747 4520 Attidis-1“:

644 4539 766 4593 tari.
797 4538 850 4591 Si
885 4553 1014 4591 vero
1044 4539 1284 4607 prudens
1318 4520 1436 4599 est,
1462 4538 1847 4592 discretionem
1896 4547 2073 4609 potest
2103 4555 2198 4594 ca-

641 4647 770 4702 pere
800 4634 1099 4703 signorum.
1128 4629 1194 4684 Et
1223 4630 1268 4685 si
1309 4630 1524 4700 quidem
1575 4631 1752 4701 primo
1793 4633 2055 4695 credidit,
2104 4649 2202 4686 au-

2307 4517 2449 4596 Ve're
2477 4541 2695 4596 assidua
2729 4540 2976 4594 doctrina
3005 4555 3146 4608 opus
3175 4545 3277 4600 est,
3308 4543 3362 4589 ut
3389 4531 3449 4585 de
3473 4517 3750 4592 singulispos-

2311 4635 2384 4690 sit
2407 4635 2532 4706 quis
2556 4633 2699 4689 scire
2729 4635 3020 4688 rationem.

1924 4785 2288 4842 COTELERII
2349 4786 2582 4844 ΝΟΤΛΕ.

711 4966 819 5052 (94)
853 4965 1354 5052 ρίδιὶησιὶοῃεηιᾳχε
1383 4964 1673 5052 δίρηονιιμι,
1705 4961 2094 5052 εξςηίηξὸἱιὲιιηι
2115 4963 2205 5034 fa-

638 5033 758 5105 ciet,
788 5033 839 5092 in
869 5041 1004 5090 hunc
1029 5033 1704 5105 modum.Quemﬁ‘moduin
1741 5033 1867 5087 hinc
1898 5033 2208 5105 hausitau-

639 5103 764 5166 ctor
799 5108 982 5178 Operis
1015 5107 1301 5174 imperfecti
1329 5107 1383 5158 in
1428 5103 1760 5178 Mattfurum,
1807 5105 1871 5156 ad
1907 5121 2000 5178 vn,
2034 5103 2122 5167 I6,
2151 5113 2206 5178 et

642 5199 789 5248 xxxv,
819 5173 909 5244 2'4,
943 5194 1040 5233 seu
1066 5173 1251 5232 homil.
1280 5177 1344 5231 I9
1372 5175 1535 5248 et‘49.
1569 5173 2120 5248 Idemqueprofertur
2138 5174 2206 5248 ab

639 5244 897 5323 Origene,
925 5266 960 5303 ιι
987 5252 1036 5323 in
1057 5245 1472 5323 Cc_lsuiii,_p._94,
1501 5255 1549 5300 et
1571 5261 1598 5298 a
1621 5244 1888 5323 I?roco_p_io
1916 5244 2108 5323 Qazgeo
2136 5246 2203 5298 ad

643 5315 802 5378 Nutu.
837 5315 984 5386 xitiv,
1016 5321 1067 5375 8.
1096 5319 1204 5374 Nec
1237 5315 1382 5371 aliud
1415 5325 1611 5370 sonant
1641 5317 1746 5369 ista
1778 5315 2050 5370 Theodori
2077 5317 2205 5369 Stu-

639 5395 790 5459 iIitte,
820 5385 1090 5448 catechcsi
1127 5391 1226 5445 II9
1261 5409 1273 5444 ε
1307 5387 1497 5440 Πολλοὶ
1527 5387 1798 5459 προφῆται
1835 5385 2210 5459 ἐξεληλύθασιν

640 5469 723 5528 εἰς
753 5456 843 5518 ’ἑὸν
874 5464 1094 5533 κόσμον·
1126 5459 1258 5533 ἀλλὰ
1278 5460 1386 5531 γὰρ
1414 5460 1507 5533 καὶ
1538 5456 2013 5533 πολλοῇᾳὶρετικοί
2033 5474 2091 5533 ’ςε
2116 5457 2211 5533 x91

641 5526 740 5599 τάς
768 5535 917 5596 Θείας
949 5526 1166 5596 ἐντολὰς
1204 5526 1634 5603 διᾳόιροςδόμξγοι,
1677 5526 1843 5603 πάλάι
1881 5543 1940 5603 τε
1977 5528 2072 5603 καῖ.
2112 5526 2207 5580 νῦν

644 5595 1155 5679 παρεχωρῆθησανί
1179 5601 1310 5679 ,καθ’
1333 5595 1448 5679 ὀβς
1464 5595 1914 5679 ὀῖδξμτρρπουςκὴ
1961 5598 2204 5679 πρόγοεαζ

643 5667 845 5760 ang-Leid
869 5667 947 5727 ’τὲ
993 5667 1335 5760 Saluispth
1362 5667 1806 5760 eamagema
1838 5667 1977 5760 £66715
2006 5667 2106 5760 οὐὶ
2128 5667 2209 5753 δξῖ

643 5738 848 5810 τούτοις
882 5738 1336 5814 συναρπάςεξτοαι,
1358 5743 1421 5794 ὲκ
1435 5738 1490 5794 δὲ
1521 5738 1613 5794 τοῦ
1632 5739 2056 5811 παραδεδομένου
2078 5739 2206 5809 ἡμῖν

2306 4961 2417 5034 ὑπὸ
2459 4961 2553 5015 τοῦ
2599 4964 2802 5034 Κυρίου
2843 4963 3186 5034 χαρακτῆρος
3229 4958 3506 5034 δοκιμάζξιν
3535 4949 3748 5034 τρῦςᾼῖῇῇ

2309 4981 2413 5015 um
2459 4981 2553 5015 του
2599 4981 2802 5034 nuptm)
2843 4981 3086 5034 χαρακτη
3159 4981 3186 5026 ς
3229 4981 3505 5031 οοκιμαεειν
3536 4981 3627 5008 ’δυ-αι
3669 4981 3726 5020 ..ν-ι

2309 5032 2583 5106 σιεύοντας
2634 5035 2896 5106 μαθητάς.
2949 5034 3061 5106 Ti;
3247 5023 3748 5106 χναρακςεήρξξν

2307 5104 2438 5176 φηᾳὶ
2477 5094 2776 5176 γνὼσὸνταί
2816 5094 3129 5176 πᾶντες-ὃτι
3177 5094 3530 5176 ὲμδὶ’μαοηξαί
3563 5094 3744 5146 ἐστε,ε1ν

2304 5172 2709 5246 ἀγᾲπηνᾲξχητε
2742 5177 2797 5228 ὲν
2825 5175 3089 5246 ἀλλήλοις.

2371 5219 2491 5323 (95f
2663 5219 2722 5298 ἐἷι
2743 5219 3297 5323 $355551}:ignium.
3321 5225 3651 5323 Sjg_naq"j{f'b
3671 5219 3745 5323 ἷξες

2307 5291 2564 5369 tic‘hri/sto
2597 5291 2976 5377 tient,'veranc
3007 5333 3073 5368 an
3111 5317 3312 5368 fallacia
3347 5291 3506 5377 [litura
3529 5302 3644 5377 sint‘.

2308 5365 2443 5457 bitat
2458 5365 2995 5457 Εὶῖνθῖὲίἱέὶὸῂιῦζξιδ
3009 5365 3122 5440 mili
3140 5365 3360 5438 nam
3373 5396 3439 5457 in,
3466 5376 3525 5457 ρ.
3536 5379 3594 5457 ,εξξ
3606 5365 3740 5457 ξι]ξῖ

2306 5453 2506 5521 stinus,
2541 5441 2632 5512 Ιὶἷ).
2662 5473 2731 5510 xx
2760 5456 2834 5510 De
2863 5457 3070 5510 cii-imre
3107 5457 3216 5518 Dei,
3234 5470 3344 5524 cap.
3368 5441 3438 5504 I9.
3461 5441 3736 5524 Qiiidatu‘Yfﬂ

2307 5507 2506 5602 putant,
2535 5543 2546 5580 :
2585 5529 2769 5596 plures
2797 5527 3136 5608 imaginaria.
3167 5507 3216 5580 ι(
3233 5507 3404 5614 ηρὲιιᾩ

2308 5576 2391 5686 via
2438 5612 2467 5673 ε,
2503 5576 2663 5666 quam
2713 5576 2980 5686 sequituji;
3015 5606 3206 5651 auctor
3249 5576 3733 5686 Immisit:

2305 5645 2981 5792 Ἠᾶιιῶιῖἇὶξοᾶἶδίὶζ’1⁷6
3006 5645 3222 5736 {Kx-'1},
3254 5645 3361 5730 Iis,
3393 5658 3479 5714 at;
3517 5645 3658 5707 imum.

2305 5751 2332 5789 (3
2422 5776 2432 5791 .
2466 5782 2472 5790 .

2303 5741 2356 5791 et
2385 5741 2472 5791 49.

2416 5104 2427 5120 1
2565 5103 2576 5119 Ι
2640 5103 2644 5104 ⁷
2767 5103 2774 5106 ⁷
2872 5105 2882 5117 ο
3054 5105 3074 5117 υ
