4030 6342
265 273 402 329 1509

1398 272 1959 336 RECOGNITIONUM
1996 270 2124 330 LIB.
2167 270 2254 330 ιιι.

3360 273 3498 332 1310

326 385 489 443 LXII.
519 387 590 441 At
619 385 852 443 Petrus:
887 391 1158 457 Quts‘est,
1188 394 1281 462 qui
1315 394 1573 448 assiduus
1600 395 1672 448 sit
1698 408 1824 462 erga
1855 393 1900 448 Α
1928 391 2126 462 inquit,
2161 399 2214 445 te
2243 390 2498 444 omnibus
2528 385 2734 444 divitiis
2774 387 3062 460 repletum,
3097 401 3143 442 st
3181 387 3288 442 huc
3319 393 3498 445 redire

255 479 566 544 doctrinam
608 487 660 534 et
689 480 934 537 studiose
972 484 1184 554 singula
1223 499 1450 554 quaeque
1499 486 1775 554 perquirat
1806 525 1822 552 ,

253 572 361 627 nisi
396 573 492 642 qui
517 573 757 626 animam
781 589 937 628 suam
960 575 1139 647 diligit
1159 576 1226 631 ad
1242 576 1468 632 salutem
1493 584 1547 631 et
1571 577 1824 632 omnibus

251 666 535 721 renuntiat
562 666 729 736 hujus
765 666 958 722 mundi
988 669 1242 739 negotiis,
1294 677 1356 724 ut
1399 669 1503 725 soli
1534 668 1701 723 verbo
1727 666 1822 722 Dei

250 765 430 821 vacet,
460 773 624 829 quem
656 759 834 814 solum
863 760 1186 830 prudentem
1237 760 1448 830 judicat
1477 774 1639 814 verus
1693 774 1825 830 pro-

249 849 439 918 pheta,
460 848 783 905 vendentem
817 851 1004 906 omnia
1031 867 1153 922 qua:
1176 867 1276 906 sua
1298 861 1448 916 sunt,
1482 859 1536 906 et
1555 862 1821 906 ementem

249 955 419 994 unam
451 955 638 995 veram
669 941 1022 1012 margaritam
1053 942 1092 1007 ‘,
1121 951 1176 997 et
1197 942 1586 1012 intelligentem
1612 957 1732 1011 qua:
1752 942 1824 996 sit

246 1031 559 1087 diﬁerentia
606 1047 637 1085 a
672 1033 1070 1104 temporalibus
1116 1034 1182 1089 ad
1221 1042 1423 1090 veterna
1451 1073 1467 1099 ,
1519 1033 1703 1105 parvis
1752 1031 1820 1086 ad

246 1138 470 1194 magna,
504 1123 822 1180 hominibus
845 1124 912 1179 ad
938 1124 1144 1180 Deum?
1163 1124 1418 1196 lntelligit
1440 1125 1584 1180 enim
1606 1140 1726 1195 quae
1750 1124 1822 1181 sit

245 1225 452 1270 aeterna
483 1231 610 1286 spes
635 1217 779 1286 apud
814 1233 998 1272 verum
1027 1225 1080 1273 et
1110 1218 1309 1271 bonum
1337 1217 1526 1272 Deum.
1569 1216 1702 1283 Quis
1723 1233 1822 1270 au-

245 1317 356 1365 tem
384 1316 469 1364 est
485 1310 580 1380 qui
607 1309 786 1380 diligit
816 1309 1008 1373 Deum,
1047 1311 1154 1366 nisi
1202 1317 1296 1380 qul
1335 1311 1658 1382 sapientiam
1699 1311 1818 1380 ejus

240 1400 542 1470 cognovit?
578 1400 856 1470 quomodo
904 1409 1085 1456 autem
1122 1403 1247 1471 quis
1289 1415 1585 1471 agnoscere
1623 1401 1820 1470 poterit

243 1491 575 1561 sapientiam
624 1491 761 1555 Dei,
794 1492 901 1547 nisi
947 1493 1204 1549 assiduus
1252 1493 1324 1548 sit
1367 1492 1433 1545 ad
1486 1492 1817 1546 audiendum

241 1585 473 1639 verbum
503 1584 666 1652 ejus?
696 1599 758 1638 ex
791 1601 901 1654 quo
930 1585 1130 1640 accidit
1180 1593 1239 1639 ut
1267 1601 1508 1639 amorem
1541 1585 1660 1653 ejus
1684 1601 1816 1638 con-

239 1675 416 1745 cipiat
443 1684 497 1729 et
540 1676 708 1744 digno
741 1691 866 1729 eum
916 1675 1122 1730 honore
1157 1685 1464 1739 veneretur,
1520 1675 1735 1745 hymnis
1763 1684 1815 1728 et

238 1766 595 1820 orationibus
618 1767 685 1820 ad
716 1781 837 1820 eum
872 1766 1030 1830 fusis,
1062 1776 1115 1822 et
1139 1769 1191 1820 in
1223 1767 1308 1821 his
1340 1767 1699 1822 libentissime
1725 1783 1814 1820 re-

239 1858 562 1926 quiescens,
592 1874 978 1928 summumque
1005 1859 1275 1928 deputans
1308 1859 1717 1923 detrimentum,
1768 1859 1813 1912 si

239 1948 469 2018 quando
493 1950 700 2019 aliquid
740 1950 886 2004 aliud
939 1952 1021 2005 vel
1069 1952 1136 2005 ad
1173 1949 1506 2006 mementum
1554 1953 1816 2022 temporis

241 2043 505 2111 loquatur
524 2051 617 2096 aut
644 2051 788 2112 agat,
808 2043 935 2112 quia
961 2059 1147 2099 revera
1171 2061 1269 2098 nee
1293 2053 1471 2114 potest
1493 2045 1672 2099 anima
1696 2061 1817 2116 quae

240 2134 342 2190 Dei
371 2150 558 2190 amore
607 2137 808 2206 repleta
861 2143 967 2199 est,
1023 2136 1170 2189 aliud
1205 2137 1411 2207 aliquid
1469 2139 1663 2192 intueri
1707 2139 1814 2195 nisi

237 2228 392 2298 quod
415 2227 480 2281 ad
503 2227 668 2282 Deum
694 2228 954 2297 pertinet,
978 2243 1077 2282 nec
1103 2229 1291 2283 satiari
1311 2239 1489 2299 potest
1508 2246 1618 2300 prae
1631 2245 1816 2286 amore

237 2321 393 2387 ejus,
433 2334 498 2372 ea
547 2334 669 2388 qua:
701 2319 802 2388 ipsi
837 2319 940 2373 scit
970 2334 1092 2373 esse
1137 2320 1335 2390 placita
1364 2321 1697 2376 meditando.
1747 2319 1812 2374 lli

238 2424 378 2464 vero
407 2409 500 2478 qui
532 2408 784 2464 affectum
817 2409 936 2478 ejus
968 2411 1192 2465 minime
1225 2427 1546 2481 concepere,
1574 2428 1673 2467 nec
1700 2413 1814 2467 illu-

241 2503 512 2556 minatum
534 2501 858 2556 charitatem
888 2501 1010 2571 ejus
1038 2512 1234 2574 gerunt
1260 2512 1458 2566 mente,
1481 2506 1628 2560 velut
1651 2506 1702 2558 in
1735 2516 1814 2560 te-

241 2595 433 2650 nebris
482 2597 645 2666 positi
689 2595 864 2648 lucem
918 2595 1103 2649 videre
1133 2610 1240 2648 non
1289 2605 1537 2661 possunt.
1581 2595 1646 2650 Et
1691 2599 1812 2650 ideo

236 2687 412 2740 etiam
447 2687 766 2756 priusquam
791 2686 1055 2756 incipiant
1083 2685 1366 2754 acquirere
1395 2685 1463 2739 (le
1491 2685 1622 2750 Deo,
1654 2687 1810 2756 quasi

241 2780 438 2833 labore
467 2778 710 2848 oppressi
741 2780 924 2832 statim
974 2777 1257 2841 deﬁciunt,
1312 2793 1375 2832 ac
1423 2777 1584 2833 tatdio
1619 2779 1809 2848 repleti

241 2872 515 2926 continuo
543 2887 570 2922 a
601 2871 821 2940 propria
871 2870 1272 2924 consuetudine
1303 2870 1590 2940 rapiuntur
1629 2871 1696 2925 ad
1747 2887 1809 2926 ea

240 2963 408 3018 verba
437 2964 636 3032 quibus
666 2963 1027 3016 delectantur.
1079 2960 1212 3015 Nam
1241 2962 1308 3017 de
1353 2961 1461 3017 Deo
1493 2963 1682 3017 audire
1711 2963 1811 3015 ali-

1926 484 2215 552 placuerit,
2251 489 2305 537 et
2348 482 2598 552 pluribus
2649 481 2842 536 fultum
2891 482 3215 536 ministeriis
3259 482 3492 539 mittam.

1927 571 2052 626 Ilaec
2082 587 2182 642 ego
2205 571 2455 636 audiens,
2481 581 2537 626 et
2560 572 2696 625 nihil
2723 573 2775 626 in
2800 587 2866 626 eo
2890 571 3187 626 secundum
3218 571 3359 625 hanc
3378 587 3499 642 pro-

1925 664 2219 721 fessionem
2252 665 2467 729 videns,
2501 665 2597 720 sed
2643 681 2860 736 magum
2905 673 2958 719 et
2995 664 3340 734 deceptorem
3371 681 3495 722 esse

1924 755 2253 828 intelligens,
2281 756 2568 828 respondi:
2603 757 2798 823 Qumso
2829 766 2902 822 te,
2944 757 3166 827 ignosce
3180 758 3338 822 mihi,
3367 760 3491 828 quia

1921 847 2086 919 pedes
2111 848 2290 912 doleo,
2323 857 2377 904 et
2399 857 2687 919 propterea
2728 849 2878 904 exire
2905 865 2936 902 a
2961 848 3207 904 Caesarea
3251 865 3360 906 non
3395 867 3492 904 va-

1923 942 2038 1007 leo;
2071 950 2333 1010 praeterea
2359 950 2446 996 est
2489 939 2624 994 mihi
2673 955 2836 1006 uxor,
2870 948 2999 993 sunt
3050 941 3262 1010 parvuli
3315 943 3491 1009 liberi,

1921 1047 2060 1103 quos
2078 1033 2384 1102 relinquere
2425 1033 2651 1088 omnino
2696 1048 2804 1087 non
2839 1048 3064 1104 possum
3128 1032 3199 1089 At
3249 1033 3339 1090 ille
3379 1037 3494 1092 haec

1922 1123 2154 1178 audiens
2182 1131 2239 1177 et
2267 1122 2497 1194 ignavia:
2525 1139 2613 1178 me
2635 1123 2916 1188 incusans,
2942 1123 3222 1194 profectus
3250 1135 3334 1181 est
3368 1143 3494 1183 con-

1921 1223 2005 1269 tra
2044 1214 2241 1270 Doram
2265 1216 2482 1270 dicens:
2508 1213 2646 1270 Cum
2672 1214 2912 1270 audieris
2935 1226 3138 1286 quanta
3164 1218 3293 1272 mibi
3320 1220 3490 1290 gloria

1920 1308 2026 1362 erit
2054 1307 2108 1361 in
2139 1307 2276 1362 urbe
2297 1305 2490 1370 Roma,
2524 1307 2810 1375 paenitebit
2845 1317 2918 1363 te.
2970 1307 3036 1362 Et
3076 1317 3199 1380 post
3234 1311 3346 1365 haec
3376 1313 3495 1382 ipse

1919 1399 2163 1470 quidem,
2197 1407 2255 1452 ut
2283 1398 2487 1464 aiebat,
2514 1397 2741 1452 Romam
2767 1401 2944 1469 petiit,
2969 1416 3070 1470 ego
3100 1407 3280 1457 autem
3305 1405 3494 1459 confc-

1920 1493 2048 1548 stim
2079 1492 2213 1548 redii
2247 1490 2371 1555 huc,
2404 1507 2570 1547 orans
2624 1499 2683 1546 ut
2712 1506 2798 1546 me
2821 1493 3091 1564 suscipias
3122 1497 3189 1551 ad
3222 1498 3494 1566 pmniten-

1919 1586 2072 1647 tiam,
2096 1585 2225 1654 quia
2252 1585 2321 1638 ah
2363 1598 2429 1638 eo
2453 1583 2718 1652 deceptus
2750 1600 2893 1640 sum.

1991 1676 2175 1732 LXIV.
2209 1677 2346 1731 Cum
2367 1676 2482 1731 haec
2499 1676 2733 1732 dixisset
2763 1677 2811 1731 is
2833 1676 2926 1746 qui
2959 1692 2989 1731 a
3037 1679 3260 1736 Simone
3282 1695 3496 1749 regres-

1922 1786 2017 1827 sus
2041 1777 2145 1834 est,
2174 1769 2341 1840 jussit
2369 1782 2494 1823 eum
2517 1767 2716 1823 Petrus
2749 1768 2802 1822 in
2827 1770 2970 1823 atrio
2999 1770 3259 1826 residere.
3293 1771 3494 1827 Proce-

1917 1862 2054 1916 dens
2084 1868 2266 1914 autem
2296 1861 2413 1930 ipse
2436 1869 2491 1915 et
2519 1861 2712 1914 turbas
2758 1861 3022 1930 plurimas
3053 1862 3243 1918 videns
3271 1903 3286 1928 ,
3319 1866 3494 1922 multo

1917 1955 2103 2025 plures
2132 1969 2296 2024 quam
2329 1952 2710 2023 superioribus
2739 1953 2955 2019 diebus,
2987 1955 3141 2009 stetit
3166 1955 3220 2008 in
3248 1956 3369 2010 loco
3398 1974 3492 2013 so-

1918 2049 2014 2104 lito
2034 2055 2088 2102 et
2116 2047 2412 2103 ostendens
2437 2062 2561 2101 eum
2583 2048 2674 2116 qui
2701 2056 2945 2112 venerat,
2974 2063 3280 2104 sermonem
3312 2050 3491 2106 facere

1916 2140 2020 2196 hoc
2051 2139 2210 2194 modo
2231 2138 2430 2208 cmpit:
2459 2136 2586 2202 Iste,
2617 2137 2836 2201 fratres,
2865 2154 3026 2208 quem
3048 2142 3281 2195 ostendo
3308 2144 3488 2210 vobis,

1917 2234 2078 2304 paulo
2103 2241 2231 2288 ante
2256 2233 2405 2287 venit
2433 2232 2500 2285 ad
2525 2247 2634 2298 me,
2671 2231 2739 2285 de
2779 2230 3020 2287 Simonis
3050 2233 3183 2288 mihi
3215 2235 3371 2290 malis
3402 2252 3492 2290 ar-

1916 2327 2062 2380 tibus
2085 2326 2364 2388 nuntians,
2394 2323 2671 2394 quomodo
2697 2325 2870 2394 ipsam
2913 2325 3138 2380 sceleris
3183 2326 3267 2382 sui
3321 2327 3490 2382 oﬁici-

1915 2433 2039 2472 nam
2066 2417 2354 2488 projecerit
2378 2416 2431 2470 in
2458 2415 2812 2487 profundum,
2842 2431 2950 2469 non
2975 2417 3134 2487 quasi
3167 2421 3488 2489 pmuitentia

1914 2510 2136 2573 ductus,
2165 2509 2260 2564 sed
2290 2516 2542 2564 metuens
2569 2524 2639 2563 ne
2668 2508 3044 2578 deprehensus
3067 2510 3300 2579 publicis
3351 2513 3486 2584 legi-

1914 2603 2018 2658 bus
2056 2602 2385 2671 subjaceret.
2419 2599 2666 2671 Rogabat
2689 2608 2870 2654 autem
2896 2601 3062 2665 hunc,
3096 2612 3154 2656 ut
3182 2603 3330 2666 dicit,
3363 2621 3486 2659 mu-

1912 2709 2042 2747 nera
2071 2692 2334 2763 pollicens
2363 2691 2649 2753 immensa,
2672 2705 2856 2744 secum
2885 2706 3123 2746 manere.
3156 2690 3327 2757 Quem
3360 2709 3484 2748 cum

1913 2787 2146 2841 suadere
2176 2785 2398 2838 minime
2422 2784 2714 2853 potuisset,
2743 2792 3004 2853 tanquam
3029 2784 3284 2854 ignavum
3315 2787 3486 2840 incre-

1911 2895 2049 2950 pans
2081 2877 2398 2946 dereliquit,
2433 2875 2549 2944 ipse
2579 2874 2806 2928 Romam
2841 2886 3051 2945 petens.
3085 2877 3330 2947 Cumque
3371 2879 3486 2933 lucc

1912 2970 2109 3025 Petrus
2139 2971 2157 3001 ⁷
2187 2969 2487 3024 indicasset
2522 2968 2717 3031 turbis,
2751 2967 2867 3037 ipse
2896 2969 2991 3038 qui
3019 2984 3301 3040 regressus
3337 2985 3366 3023 a
3400 2969 3486 3023 Si-

232 3052 374 3121 quid
407 3051 607 3104 talibus
638 3051 921 3105 tmdiosum
951 3059 1035 3106 est
1086 3060 1140 3106 et
1171 3053 1479 3114 molestum,
1526 3069 1624 3122 pro
1653 3069 1716 3106 eo
1751 3063 1808 3107 ut
1833 3069 1877 3125 ο
1913 3076 2070 3115 mone
2102 3059 2302 3124 fuerat,
2352 3058 2566 3128 publice
2596 3069 2749 3112 stans
2798 3058 3010 3128 singula
3042 3075 3270 3129 qumque
3315 3063 3483 3130 cmpit

237 3146 382 3207 divi,
407 3144 537 3214 quia
567 3159 719 3198 mens
742 3158 930 3197 eorum
976 3145 1180 3198 nullam
1219 3144 1561 3199 dulcedinem
1614 3145 1812 3200 divina:

231 3237 532 3292 charitatis
562 3237 794 3305 accepit.

318 3325 505 3382 LXIII.
559 3326 686 3381 Haec
716 3326 877 3382 Petro
911 3327 1130 3382 dicente
1163 3328 1280 3383 dies
1325 3336 1548 3382 exortus
1583 3337 1667 3384 est
1689 3367 1704 3390 ,
1756 3336 1811 3384 et

233 3432 377 3476 ecce
404 3418 632 3474 veniens
662 3418 882 3488 quidam
914 3435 980 3474 ex
1006 3419 1294 3488 discipulis
1327 3417 1569 3474 Simonis
1604 3419 1809 3472 clama-

237 3511 340 3565 bat
367 3511 590 3565 dicens:
624 3509 864 3566 Obsecro
891 3518 962 3572 te,
985 3509 1164 3574 Petre,
1184 3511 1403 3580 suscipe
1433 3525 1518 3563 me
1548 3509 1809 3564 miserum

235 3615 274 3653 ιι
321 3600 471 3670 Mago
511 3600 733 3654 Simone
775 3601 1082 3670 deceptum,
1117 3602 1203 3655 cui
1253 3616 1352 3671 ego
1403 3601 1549 3655 velut
1597 3601 1810 3656 cmlesti

235 3691 359 3745 Deo
388 3691 751 3753 intendebant,
779 3707 874 3760 pro
905 3692 987 3745 his
1005 3707 1125 3760 qua:
1148 3693 1216 3746 ab
1243 3707 1306 3746 eo
1327 3692 1442 3746 ﬁeri
1470 3693 1809 3750 mirabilibus

236 3787 515 3840 videbam.
546 3786 756 3840 Auditis
789 3795 966 3839 tamen
997 3786 1341 3840 sermonibus
1365 3786 1471 3840 tuis
1497 3785 1662 3854 cwpit
1696 3786 1806 3854 jam

237 3879 377 3932 mihi
411 3878 569 3931 homo
597 3876 788 3940 videri,
811 3887 864 3931 et
896 3876 1113 3948 quidem
1161 3877 1359 3932 malus.
1419 3874 1806 3931 Verumtamen

234 3985 370 4023 eum
407 3969 536 4022 hinc
590 3969 766 4022 exiret
795 4008 808 4031 ,
841 3984 939 4037 ego
968 3984 1089 4022 eum
1121 3968 1451 4022 subsecutus
1487 3981 1605 4022 sum
1633 3967 1804 4031 solus,

235 4061 484 4116 nondum
509 4062 652 4116 enim
683 4061 752 4114 ad
783 4060 1046 4130 liquidum
1081 4060 1386 4129 impietates
1415 4059 1536 4129 ejus
1568 4074 1808 4129 agnove-

233 4168 382 4208 ram.
401 4152 538 4206 Cum
565 4159 744 4206 autem
761 4151 988 4206 vidisset
1015 4167 1099 4205 me
1125 4152 1565 4219 subsequentem,
1587 4150 1804 4204 beatum

239 4260 332 4299 me
365 4244 552 4299 dicens
595 4243 844 4313 perduxit
862 4243 926 4296 ad
955 4242 1175 4297 domum
1198 4257 1374 4309 suam,
1399 4242 1544 4296 circa
1569 4242 1805 4296 medium

234 4359 373 4400 vero
400 4344 577 4397 noctis
601 4342 676 4394 ait
697 4341 764 4394 ad
788 4357 904 4394 me:
945 4339 1198 4395 Omnium
1232 4349 1283 4394 te
1305 4339 1584 4393 hominum
1611 4337 1803 4392 faciam

1911 3151 2111 3222 p0pulo
2156 3164 2430 3220 exponere
2477 3148 2546 3203 de
2604 3148 2904 3204 sceleribus
2948 3149 3207 3206 Simonis.
3248 3151 3312 3205 Et
3354 3170 3480 3208 cum

1911 3242 2150 3312 graviter
2188 3241 2395 3296 ferrent
2426 3240 2493 3294 de
2540 3239 2646 3304 his,
2701 3255 2822 3310 qua:
2857 3241 3152 3296 audiebant
3199 3259 3298 3313 per
3331 3255 3480 3300 artes

1910 3335 2151 3404 magicas
2179 3341 2329 3403 gesta
2352 3347 2380 3385 a
2410 3329 2654 3396 Smone,
2685 3331 2764 3386 ait
2791 3331 3018 3387 Petrus:

1981 3425 2142 3480 LXV.
2170 3425 2369 3490 Nolite,
2431 3424 2652 3489 fratres,
2703 3425 2944 3494 graviter
2977 3424 3116 3480 ferre
3147 3427 3214 3480 de
3244 3428 3328 3482 his
3357 3445 3480 3498 qua:

1910 3527 2188 3572 transacta
2217 3524 2363 3580 sunt,
2391 3517 2484 3570 sed
2525 3517 2813 3571 observate
2836 3515 2902 3570 de
2925 3515 3124 3571 futuris
3149 3535 3164 3585 ;
3191 3534 3310 3588 qum
3330 3522 3475 3575 enim

1910 3612 2247 3666 transierunt
2274 3609 2386 3678 jam
2412 3609 2564 3662 ﬁnita
2589 3618 2739 3672 sunt,
2772 3625 2891 3679 quae
2918 3623 3048 3663 vero
3077 3609 3360 3665 imminent
3385 3630 3480 3682 pe-

1908 3702 2146 3758 riculosa
2193 3709 2322 3755 sunt
2354 3701 2438 3754 his
2479 3700 2572 3770 qui
2615 3699 2977 3764 incuri-crint;
3025 3700 3280 3755 scandala
3330 3704 3476 3758 enim

1908 3809 2186 3864 nunquam
2215 3794 2447 3847 deerunt
2485 3792 2614 3846 huic
2653 3791 2892 3846 mundo"
2918 3792 3092 3847 donec
3141 3793 3478 3862 permittitur

1909 3885 2132 3938 inimico
2159 3899 2318 3954 agere
2345 3898 2444 3952 pro
2473 3881 2754 3936 voluntate
2786 3897 2882 3936 sua
2901 3920 2916 3946 ,
2945 3892 3001 3935 ut
3037 3883 3330 3952 prudentes
3355 3885 3477 3955 qui-

1907 3992 2015 4047 que
2041 3984 2095 4031 et
2124 3976 2490 4047 intellige‘ntes
2521 3974 2753 4030 astutias
2777 3974 2897 4042 ejus
2953 3975 3249 4029 suscitatos
3279 3976 3380 4031 sibi
3407 3978 3476 4032 ab

1906 4085 1972 4124 eo
2000 4075 2259 4140 superent
2287 4083 2510 4139 agones,
2559 4066 2613 4120 hi
2662 4081 2792 4120 vero
2818 4068 2911 4137 qui
2960 4069 3238 4138 negligant
3266 4069 3476 4124 discere

1905 4178 2025 4234 quze
2056 4164 2122 4216 ad
2161 4163 2390 4217 salutem
2438 4161 2710 4230 pertinent
2736 4161 2931 4226 anima:
2961 4177 3102 4241 sum,
3117 4161 3283 4230 justis
3315 4163 3382 4216 ab
3409 4180 3476 4218 eo

1905 4254 2322 4326 deceptionibus
2351 4254 2659 4324 capiantur.
2691 4253 2829 4320 Quia
2855 4262 3063 4324 ergout
3087 4254 3188 4322 ipsi
3219 4255 3470 4317 audistis.

1908 4345 2100 4400 Simon
2146 4361 2398 4418 egressus
2443 4351 2528 4399 est
2557 4358 2718 4399 aures
2741 4344 3020 4414 gentilium
3035 4346 3124 4414 qui
3149 4345 3215 4399 ad
3243 4347 3472 4401 salutem

239 4438 546 4500 meliorem.
579 4436 626 4490 Si
653 4434 893 4490 vomeris
924 4448 1097 4502 υείιυθ
1144 4432 1212 4486 ad
1255 4431 1413 4486 ﬁnem
1455 4445 1802 4500 Persevera"!
1832 4421 1878 4479 Ῐ)
1909 4437 2085 4492 vocati
2118 4445 2248 4492 sunt
2291 4436 2612 4506 praevenire,
2644 4451 2869 4491 necesse
2919 4443 3003 4492 est
3032 4444 3085 4491 et
3134 4453 3218 4492 me
3248 4441 3474 4508 vestigia

232 4543 477 4593 mecum;
495 4526 584 4581 cui
605 4540 727 4580 cum
755 4524 1333 4594 promisissem,exegit
1356 4538 1386 4574 a
1408 4537 1495 4576 me
1517 4521 1800 4591 juramen-

230 4631 356 4677 tum
383 4620 822 4692 perseverantiae,
853 4633 1026 4687 eoque
1061 4624 1285 4686 accepto
1327 4614 1586 4685 imposuit
1636 4628 1801 4682 super

234 4717 497 4770 humeros
527 4729 677 4768 meos
705 4714 909 4781 polluta
953 4710 1198 4780 quaedam
1226 4717 1280 4763 et
1313 4707 1670 4763 exsecrabilia
1711 4723 1800 4763 se-

235 4814 391 4862 creta
411 4821 508 4859 sua
542 4815 600 4858 ut
626 4813 921 4874 portarent,
949 4809 1002 4855 et
1032 4801 1184 4870 sequi
1213 4814 1298 4854 me
1321 4798 1508 4868 jussit.
1543 4795 1644 4852 Ubi
1674 4813 1803 4853 vero

233 4907 459 4960 ventum
489 4904 575 4951 est
623 4896 688 4950 ad
720 4910 888 4952 mare.
942 4893 1215 4962 navigium
1267 4890 1411 4960 quod
1444 4889 1580 4944 forte
1617 4889 1805 4944 aderat

235 4991 540 5061 ingressus,
580 4988 645 5042 .id
681 5002 711 5040 a
745 4985 1052 5042 cervicibus
1103 4984 1240 5039 meis
1288 4981 1430 5052 quod
1462 4989 1680 5052 portare
1719 4994 1806 5035 me

231 5083 500 5152 jusserat,
529 5081 782 5151 sumpsit.
821 5080 884 5133 Et
921 5079 1083 5149 paulo
1115 5085 1235 5147 post
1260 5091 1514 5146 egressus
1546 5073 1679 5128 nihil
1710 5087 1806 5127 ex-

233 5175 386 5233 tulit.
412 5183 620 5227 certum
653 5175 797 5243 quod
828 5173 882 5226 in
912 5186 1062 5226 mare
1083 5169 1136 5224 id
1163 5171 1388 5239 jecerat.
1417 5167 1661 5237 Rogabat
1703 5181 1803 5219 au-

240 5279 347 5322 tem
373 5283 480 5331 me,
506 5276 563 5321 ut
583 5283 706 5321 cum
722 5268 843 5334 ipso
859 5263 1254 5336 proﬁciscerer,
1280 5262 1467 5316 dicens
1489 5276 1545 5315 se
1571 5257 1800 5313 Romam

238 5372 448 5434 pluere,
480 5360 553 5415 ibi
583 5359 728 5414 enim
755 5358 813 5414 in
839 5366 1047 5411 tantum
1075 5357 1424 5427 placiturum,
1447 5361 1506 5406 ut
1527 5351 1667 5407 Deus
1698 5367 1801 5420 pu-

236 5465 386 5512 tetur
413 5465 467 5510 et
501 5454 700 5509 divinis
730 5452 944 5524 publice
985 5452 1218 5507 donetur
1267 5448 1588 5504 honoribus.
1624 5443 1798 5510 Tunc,

1905 4530 2025 4598 ejus
2067 4527 2302 4598 insequi,
2352 4539 2410 4582 nt
2461 4528 2507 4583 si
2555 4528 2684 4598 quid
2719 4527 2858 4583 forte
2902 4529 2970 4582 ab
3000 4528 3093 4582 illo
3134 4529 3470 4599 disputatum

1903 4620 2088 4688 fuerit,
2119 4621 2428 4691 corrigatur
2464 4636 2494 4673 a
2527 4621 2705 4675 nobis.
2742 4619 2846 4674 Sed
2876 4621 3132 4690 quoniam
3150 4623 3358 4692 justum
3389 4630 3474 4679 est

1905 4711 1973 4766 de
2007 4711 2164 4767 vobis
2191 4711 2450 4780 majorem
2471 4711 2886 4766 sollicitudinem
2919 4712 3053 4782 geri,
3078 4713 3169 4783 qui
3189 4713 3301 4782 jam
3328 4713 3472 4768 intra

1907 4816 2094 4856 muros
2121 4800 2247 4855 vita:
2288 4800 2666 4865 continemini,
2701 4802 2828 4871 quia
2859 4803 3004 4872 quod
3031 4803 3356 4872 acquisitum
3387 4813 3471 4860 est

1904 4894 1949 4948 si
1987 4900 2192 4963 pereat,
2225 4892 2482 4947 damnum
2517 4893 2703 4958 infert,
2733 4894 2878 4964 quod
2907 4904 3086 4949 autem
3114 4897 3133 4926 ⁹
3155 4896 3396 4950 nondum
3422 4899 3468 4952 si

1903 4984 2120 5055 quidem
2145 4985 2376 5039 inveniri
2408 4987 2666 5055 potuerit,
2694 4986 2906 5040 lucrum
2926 4993 3034 5052 est,
3062 4988 3107 5042 si
3138 4990 3318 5042 minus
3365 4988 3468 5043 hoc

1904 5075 2078 5130 solum
2109 5074 2295 5129 damni
2318 5081 2402 5130 est
2427 5075 2570 5145 quod
2593 5075 2806 5130 lucrum
2858 5074 3057 5129 factum
3087 5091 3193 5130 non
3243 5083 3356 5143 est;
3407 5085 3468 5130 ut

1902 5181 2032 5236 ergo
2058 5174 2112 5221 et
2139 5183 2237 5222 vos
2274 5167 2448 5238 magis
2473 5183 2538 5222 ac
2586 5169 2759 5238 magis
2798 5172 2852 5222 in
2897 5168 3126 5223 veritate
3157 5168 3468 5235 ﬁrmemini,

1902 5268 1955 5313 ct
1983 5267 2171 5332 gentes
2200 5276 2320 5330 quae
2341 5259 2406 5314 ad
2433 5261 2664 5326 salutem
2711 5267 2981 5315 vocantur
3012 5275 3120 5313 non
3157 5273 3471 5328 usquequa-

1903 5367 2008 5421 que
2033 5353 2244 5422 possint
2289 5352 2533 5422 nequitia
2578 5350 2816 5405 Simonis
2873 5349 3178 5421 prazveniri,
3235 5349 3467 5420 cogitavi

1907 5444 2224 5499 Zacch:eum
2250 5446 2408 5500 vobis
2456 5444 2714 5500 ordinare
2749 5452 3045 5514 pastorem,
3069 5456 3170 5512 ego
3193 5441 3468 5518 veroips:

310 5589 331 5620 ⁶
370 5587 558 5641 Matth.
582 5600 703 5648 xm,
741 5583 830 5639 46.
888 5585 909 5617 ⁷
941 5584 1171 5652 Cumque
1191 5583 1299 5639 ha'c
1325 5582 1534 5641 Petrus.
1561 5587 1614 5635 et
1636 5595 1755 5650 quae
1781 5567 2084 5651 sequuntur
2111 5584 2396 5649 vocabula,
2438 5597 2611 5652 usque
2640 5582 2704 5635 ad
2740 5581 2828 5634 illa
2861 5596 2981 5650 cap.
3015 5579 3117 5635 65:
3152 5578 3466 5647 deceptioni-

238 5658 336 5712 bus
378 5659 676 5726 capiantur,
698 5655 894 5711 desunt
924 5657 977 5711 in
1003 5651 1158 5712 codd.
1191 5652 1367 5725 Lipss.
1442 5654 1465 5685 ⁸
1497 5651 1682 5707 Matth.
1712 5667 1864 5718 xvm,
1892 5653 1951 5721 7;
1973 5655 2107 5712 Luc.
2138 5671 2270 5719 xvtl,
2305 5656 2354 5710 I.

239 5731 492 5794 leguntur
523 5729 577 5783 in
605 5727 764 5782 codd.
793 5726 969 5791 Lipss.

2429 5653 2450 5684 '
2484 5652 3110 5720 Quodautem—factum
3137 5668 3240 5704 mm
3268 5659 3465 5705 estnon
