4092 6332
567 287 692 343 ΙἿί

1440 284 1497 340 S.
1538 284 1928 339 CLEMENTIS
1967 284 1984 338 1
2024 284 2190 339 ROM.
2232 284 2435 342 PONT.
2462 283 2702 339 OPEBA
2740 283 2965 341 DUDIA.

3648 290 3795 347 1313
3842 318 3849 323 ·

561 412 672 453 "es
706 399 983 455 vobiscum
1028 408 1347 465 permanere
1377 409 1591 449 menses
1638 401 1691 448 et
1743 394 1816 447 ita
1852 394 2121 464 proficisci
2150 396 2201 454 Α
2229 408 2324 461 per
2348 395 2647 449 orationem
2700 394 3062 459 sanctificato,
3096 403 3155 449 ut
3197 394 3269 449 ita
3297 396 3513 454 demum
3545 416 3643 470 per
3674 402 3797 459 hac

561 490 625 542 ad
659 496 869 557 gentes,
909 501 977 539 ne
1030 484 1262 553 amplius
1306 484 1648 539 morantibus
1693 484 1852 539 nobis
1882 492 1937 538 et
1964 484 2128 539 scele-

562 582 714 634 ribus
749 579 984 633 Simonis
1044 592 1433 647 usquequaque
1464 577 1864 647 grassantibus.
1899 577 2125 632 insana-

562 672 697 725 oiles
736 670 887 725 fiant.

632 760 814 815 LXVI.
847 760 971 815 Haec
1015 761 1106 816 illo
1134 761 1349 816 dicente
1378 762 1667 817 universus
1697 763 1928 832 populus
1956 762 2121 827 ﬂevit,

558 857 789 910 audiens
818 855 960 924 quod
993 854 1341 923 profecturus
1362 863 1529 911 esset.
1571 855 1639 908 At
1660 855 1851 911 Petrus
1876 872 2125 927 compas-

558 964 655 1002 sus
688 948 790 1012 eis,
838 949 1001 1001 etiam
1061 948 1177 1017 ipse
1226 949 1493 1018 lacrymas
1540 946 1697 1012 fudit,
1748 955 1801 1003 et
1846 950 1899 1001 in
1925 950 2123 1003 crelum

557 1040 858 1110 respiciens
881 1040 954 1093 ait
983 1060 995 1093 :
1020 1037 1163 1102 Tibi,
1190 1038 1355 1101 Deus,
1378 1038 1469 1108 qui
1492 1038 1688 1092 cmlum
1716 1045 2023 1107 terramque
2046 1036 2125 1093 fe-

556 1133 681 1186 cisti
712 1141 765 1186 et
793 1132 975 1186 omnia
1005 1147 1125 1200 qua:
1174 1132 1230 1184 in
1261 1130 1343 1185 eis
1375 1140 1523 1192 sunt,
1556 1145 1768 1200 precem
1824 1130 2121 1200 supplicem

557 1224 863 1286 fundimus,
892 1232 949 1277 ut
979 1222 1360 1291 confugientes
1388 1221 1453 1275 ad
1482 1229 1535 1275 te
1558 1222 1611 1274 in
1643 1221 1991 1275 tribulatione
2023 1236 2122 1276 sua

554 1315 781 1379 soleris;
817 1321 1037 1381 propter
1068 1311 1319 1366 affectum
1348 1310 1493 1366 enim
1549 1327 1709 1381 quem
1766 1311 1967 1365 habent
1994 1326 2123 1381 erga

553 1416 626 1471 tc,
658 1403 893 1473 diligunt
917 1418 1021 1463 me,
1054 1402 1147 1471 qui
1174 1402 1455 1455 veritatem
1499 1408 1644 1454 tuam
1677 1403 1993 1456 annuntiavi
2018 1404 2118 1458 eis.

551 1495 779 1565 Propter
807 1494 949 1564 quod
980 1494 1350 1548 miserationis
1380 1499 1486 1547 tua:
1518 1493 1739 1547 dextera
1765 1495 1976 1548 custodi
2002 1511 2117 1561 eos;

552 1604 660 1641 non
687 1587 830 1641 enim
867 1586 1158 1639 Zaecbaeus
1210 1600 1311 1639 nec
1357 1585 1496 1638 alius
1524 1584 1809 1654 quisquam
1843 1586 2117 1641 hominum

550 1686 738 1731 custos
787 1692 908 1730 esse
942 1676 1023 1730 eis
1058 1675 1288 1730 idoneus
1339 1683 1535 1744 potest.
1571 1674 1695 1729 llam
1744 1687 1921 1730 autem
1954 1689 2004 1733 et
2033 1680 2118 1733 bis

549 1767 747 1819 similia
779 1782 902 1841 cum
948 1765 1177 1820 dixisset
1230 1763 1441 1827 Petrus.
1476 1768 1729 1821 manibus
1756 1770 2116 1837 superpositis

546 1858 809 1912 luceluce
851 1858 1046 1923 oravit,
1080 1865 1139 1910 ut
1186 1857 1589 1926 inculpabiliter
1642 1861 1986 1929 episc0patus
2029 1863 2114 1916 sui

548 1958 793 2004 servaret
834 1948 1089 2003 ofﬁcium.
1120 1947 1250 2003 Post
1298 1949 1413 2001 lucc
1453 1948 1736 2003 duodecim
1768 1953 2114 2023 presbyteros

545 2044 820 2095 ordinavit
850 2050 903 2094 ct
934 2041 1191 2095 diacones
1242 2049 1495 2109 Quatuor,
1535 2049 1587 2093 et
1617 2041 1729 2096 ait:
1793 2042 2112 2099 Zacclueum

544 2136 695 2188 bunc
723 2134 879 2187 vobis
912 2131 1161 2186 ordinavi
1211 2133 1548 2201 episcopum,
1581 2133 1761 2187 sciens
1783 2150 1905 2187 eum
1954 2137 2113 2190 timo-

546 2242 658 2281 rem
692 2224 782 2279 Dei
838 2224 1037 2277 habere
1088 2232 1142 2277 et
1197 2225 1470 2278 eruditum
1517 2240 1639 2278 esse
1680 2226 1733 2278 in
1790 2226 2109 2295 Scripturis,

544 2333 707 2387 quem
739 2318 895 2386 quasi
927 2314 1129 2369 Christi
1177 2314 1353 2367 locum
1388 2328 1693 2369 servantem
1724 2316 1992 2372 honorare
2018 2319 2113 2372 de-

544 2410 703 2473 betis,
734 2408 1047 2461 obedientes
1075 2406 1122 2460 ei
1149 2406 1213 2460 ad
1228 2406 1455 2460 salutem
1482 2415 1743 2472 vestram,
1773 2418 1825 2461 et
1852 2412 2106 2472 scientes,

542 2501 687 2570 quod
718 2502 832 2554 sive
868 2500 1043 2552 honor
1074 2500 1187 2553 sive
1218 2498 1414 2567 injuria
1474 2513 1595 2568 qua:
1637 2500 1685 2553 ei
1736 2500 2003 2562 defertur,
2041 2500 2108 2553 ad

542 2595 817 2647 Christum
849 2592 1118 2645 redundat
1150 2599 1203 2644 et
1258 2607 1287 2643 a
1326 2590 1547 2645 Christo
1583 2592 1648 2645 ad
1693 2590 1881 2647 Deum.
1914 2593 2109 2648 Audite

541 2702 673 2755 ergo
698 2702 820 2739 eum
854 2685 1115 2738 attentius
1166 2691 1218 2737 et
1248 2684 1315 2737 ab
1346 2684 1465 2753 ipso
1490 2684 1751 2751 suscipite
1804 2684 2106 2739 doctrinam

544 2778 687 2841 fidei,
717 2778 920 2831 monita
952 2784 1128 2829 autem
1176 2778 1297 2829 vitae
1340 2792 1368 2828 a
1406 2777 1771 2847 presbyteris.
1804 2792 1833 2829 a
1864 2777 2109 2831 diaconi-

541 2872 643 2925 bus
670 2885 799 2923 vero
836 2868 1080 2922 ordinem
1113 2867 1434 2937 disciplinae.
1470 2866 1766 2922 Viduarum
1797 2868 2105 2938 religiosam

539 2976 728 3014 curam
762 2961 954 3029 gerite,
987 2960 1221 3030 pupillos
1264 2961 1479 3014 enixius
1511 2960 1717 3030 juvate,
1774 2962 2105 3031 pauperibus

2224 492 2575 538 consecratus
2606 485 2778 553 possit
2810 485 3088 554 percipere
3110 485 3178 541 de
3216 490 3422 543 sanctis
3450 489 3584 560 (97).

2300 572 2536 630 LXVIII.
2560 606 2631 614 —
2652 575 2857 631 Etcum
2881 578 3047 631 multa
3075 577 3303 634 dixisset
3344 581 3410 635 de
3443 583 3657 637 ratione
3696 584 3799 638 ba-

2224 666 2434 736 ptismi,
2468 666 2714 723 dimissis
2756 668 2934 723 turbis
2972 669 3041 722 ad
3075 671 3288 725 solitam
3322 687 3381 726 se
3408 676 3613 743 recepit
3636 690 3798 729 man-

2225 758 2453 822 sionem,
2489 758 2668 827 ibique
2714 760 3019 816 astantibus
3064 762 3171 816 sibi
3200 763 3508 826 duodecim.
3568 764 3624 818 id
3678 776 3791 827 est,

2224 847 2482 903 Zacehzeo
2510 856 2563 904 et
2586 848 2882 920 Sophonia,
2909 850 3147 923 Josepbo
3176 862 3228 909 et
3259 854 3503 918 Micbzea,
3528 854 3795 912 Eleazaro

2223 948 2277 997 et
2302 940 2551 1005 Phinees,
2582 941 2787 996 Lazaro
2815 954 2867 997 et
2895 942 3095 1007 Eliseo,
3130 960 3217 999 me
3238 945 3516 1002 Clemente
3543 954 3599 1002 et
3622 946 3796 1002 Nico—

2224 1032 2403 1097 demo,
2426 1032 2615 1086 Niceta
2642 1043 2696 1088 et
2727 1033 2944 1103 Aquila,
2978 1035 3084 1089 hoc
3114 1032 3277 1090 modo
3305 1038 3624 1107 prolocutus
3653 1046 3738 1093 est
3772 1057 3790 1093 :

2221 1121 2641 1181 Consideremus
2678 1125 2873 1181 fratres
2896 1166 2909 1190 ,
2938 1126 3085 1196 quod
3122 1127 3329 1197 justum
3368 1138 3485 1195 est;
3516 1129 3787 1184 debemus

2221 1216 2361 1269 enim
2390 1217 2649 1270 auxilium
2678 1216 2896 1286 aliquod
2928 1217 3069 1273 ferre
3088 1219 3364 1287 gentibus,
3388 1234 3509 1289 qua:
3535 1220 3605 1273 ad
3629 1222 3787 1274 salu—

2221 1314 2328 1361 tem
2360 1314 2563 1362 vorata:
2594 1315 2741 1362 sunt.
2776 1307 2880 1377 Ipsi
2912 1309 3143 1363 audistis
3175 1308 3321 1378 quod
3354 1306 3543 1364 Simon
3575 1325 3789 1379 praece-

2230 1400 2359 1454 dere
2382 1400 2571 1453 volens
2599 1399 2701 1454 iter
2729 1407 2974 1455 nostrum
2998 1398 3275 1469 profectus
3293 1409 3396 1466 est,
3426 1416 3591 1471 quem
3620 1415 3792 1471 opor-

2218 1494 2397 1543 tuerat
2429 1505 2459 1544 e
2486 1489 2716 1557 vestigio
2747 1489 2984 1560 insequi,
3018 1498 3077 1543 ut
3107 1488 3281 1544 sicubi
3317 1489 3529 1559 aliquos
3554 1489 3793 1545 subver-

2219 1588 2334 1635 tere
2365 1587 2602 1635 tentaret
2649 1582 2913 1635 continuo
2955 1579 3337 1635 confutaretur
3379 1594 3409 1632 a
3453 1580 3636 1634 nobis.
3676 1579 3789 1634 Sed

2219 1672 2474 1742 quoniam
2514 1672 2777 1741 injustum
2824 1672 2957 1725 mihi
2995 1672 3232 1735 videtur,
3270 1678 3331 1725 ut
3357 1669 3638 1726 derelictis
3689 1671 3779 1726 his

2220 1765 2313 1835 qui
2343 1764 2455 1833 jam
2499 1764 2748 1817 conversi
2781 1770 2910 1817 sunt
2941 1763 3005 1816 ad
3042 1761 3230 1826 Deum,
3256 1777 3446 1816 eorum
3476 1763 3569 1832 qui
3597 1764 3786 1817 adhuc

2220 1857 2375 1925 longe
2402 1863 2529 1910 sunt
2557 1870 2743 1909 curam
2776 1854 3140 1924 proferamus,
3176 1862 3385 1908 rectum
3424 1864 3560 1924 puto
3603 1857 3785 1912 tribus

2216 1942 2498 2003 mensibus
2522 1964 2841 2018 permanere
2871 1965 2955 2004 me
2987 1964 3110 2003 cum
3133 1949 3219 2003 his
3240 1949 3331 2018 qui
3356 1947 3409 2001 in
3436 1949 3538 2003 hac
3560 1951 3785 2006 civitate

2215 2040 2466 2094 conversi
2490 2048 2618 2092 sunt
2642 2039 2706 2091 ad
2735 2039 2913 2101 fidem,
2937 2045 2991 2092 et
3014 2037 3283 2092 firmiores
3304 2054 3398 2092 eos
3429 2037 3665 2100 etlicere,
3682 2057 3783 2094 nec

2214 2137 2395 2184 tamen
2426 2131 2548 2183 illos
2579 2130 2673 2200 qui
2702 2129 2880 2184 adhuc
2903 2130 3060 2198 longe
3079 2137 3208 2184 sunt
3236 2130 3453 2198 penitus
3482 2132 3782 2201 negligere,

2214 2236 2281 2275 ne
2307 2220 2463 2284 forte,
2498 2222 2546 2276 si
2576 2222 2669 2275 diu
2692 2221 2915 2276 venenis
2944 2221 3196 2291 pessimae
3223 2220 3491 2275 doctrina:
3522 2222 3783 2276 infician-

2215 2320 2326 2377 tur,
2374 2312 2646 2367 difficilius
2690 2322 3031 2368 revocentur.
3077 2312 3143 2366 Et
3182 2314 3304 2368 ideo
3337 2313 3481 2375 volo,
3512 2314 3559 2369 si
3598 2322 3780 2367 tamen

2212 2407 2373 2459 etiam
2404 2405 2557 2459 vobis
2583 2404 2790 2473 justum
2832 2405 3067 2469 videtur,
3100 2414 3160 2459 ut
3191 2420 3289 2475 pro
3322 2403 3590 2458 Zacebaao
3618 2421 3777 2474 quem

2214 2498 2303 2550 hic
2333 2497 2708 2552 ordinavimus
2730 2498 3068 2566 episcopum,
3106 2497 3431 2565 subjiciatur
3459 2496 3515 2549 in
3551 2511 3781 2549 numero

2213 2587 2509 2657 Benjamim
2536 2587 2677 2642 ﬁlius
2701 2586 2865 2653 Saba,
2884 2595 2937 2640 et
2955 2602 3053 2657 pro
3076 2586 3349 2641 Clemente
3365 2601 3527 2656 quem
3554 2586 3775 2640 decrevi

2212 2694 2420 2730 mecum
2452 2692 2671 2747 semper
2694 2693 2833 2741 esse,
2860 2678 2984 2748 quia
3016 2693 3081 2732 ex
3120 2678 3376 2747 gentibus
3405 2678 3636 2732 veniens
3677 2692 3779 2729 au-

2209 2769 2387 2823 diendi
2414 2770 2559 2823 verbi
2599 2769 2687 2823 Dei
2734 2770 2940 2839 grande
2968 2770 3298 2825 desiderium
3334 2770 3501 2840 gerit,
3532 2769 3777 2823 Ananias

2210 2862 2353 2916 filius
2388 2860 2566 2923 Safra,
2607 2876 2706 2930 pro
2733 2860 2921 2915 Niceta
2966 2876 3095 2916 vero
3133 2869 3185 2916 et
3220 2862 3436 2930 Aquila,
3480 2860 3573 2930 qui
3597 2876 3777 2928 nuper

2207 2951 2453 3006 conversi
2490 2961 2617 3003 sunt
2660 2949 2728 3002 ad
2771 2950 2929 3004 fidem
2971 2950 3198 3012 Christi,
3242 2949 3485 3005 Rubelus
3517 2949 3771 3002 Zacchati

540 3052 970 3106 misericordiam
1038 3052 1218 3115 facite,
1276 3051 1508 3121 juvenes
1548 3053 1863 3122 pudicitiam
1893 3054 2102 3120 docete,

2212 3040 2379 3095 frater
2408 3048 2462 3095 et
2488 3041 2782 3095 Zacharias
2816 3050 3075 3095 structor.
3106 3041 3228 3096 lsxis
3251 3056 3381 3111 ergo
3408 3049 3637 3111 quatuor
3662 3054 3771 3108 pro

538 3152 589 3197 et
616 3153 671 3197 ut
705 3144 936 3197 breviter
969 3153 1139 3197 totum
1173 3144 1371 3208 dicam,
1417 3147 1739 3199 alterutrum
1780 3163 1876 3201 vos
1899 3147 1953 3200 in
1983 3148 2105 3216 qui-

539 3237 640 3291 bus
659 3252 745 3291 res
775 3238 1081 3308 poposcerit
1105 3245 1427 3293 sustentate.
1451 3238 1617 3293 Deum
1645 3240 1807 3294 colite
1832 3241 1922 3309 qui
1953 3256 2105 3294 crea-

536 3330 611 3381 vit
629 3330 827 3382 cmlum
855 3336 908 3382 ct
945 3337 1169 3392 terram,
1204 3329 1423 3385 Christo
1464 3332 1688 3395 credite,
1720 3332 1948 3387 invicem
1982 3333 2104 3387 dili-

536 3420 667 3488 gite,
703 3420 1085 3475 misericordes
1116 3429 1291 3475 estote
1321 3422 1387 3475 ad
1417 3437 1629 3487 omnes,
1656 3440 1765 3478 non
1799 3426 1962 3480 verbo
1985 3427 2102 3481 solo

537 3512 630 3565 sed
657 3519 711 3566 ct
742 3528 907 3581 opere
934 3520 987 3566 et
1009 3514 1172 3566 rebus
1195 3514 1411 3583 implete
1440 3515 1782 3570 charitatem.

605 3602 810 3658 LXVII.
844 3603 908 3656 Et
937 3621 1058 3658 cum
1090 3605 1201 3660 haec
1240 3614 1401 3674 atque
1456 3606 1544 3660 his
1583 3607 1780 3661 similia
1814 3608 2101 3677 prmeepis-

533 3704 636 3757 set,
667 3697 1038 3765 pronuntiavit
1058 3697 1123 3750 ad
1149 3699 1403 3767 populum
1427 3699 1614 3754 dicens
1641 3717 1655 3754 :
1690 3699 1953 3766 Quoniam
1987 3709 2098 3755 tres

534 3806 748 3844 menses
772 3791 936 3843 statui
962 3789 1137 3846 facere
1168 3793 1444 3846 vobiscum
1469 3832 1484 3856 ,
1513 3794 1557 3847 si
1589 3794 1712 3863 quis
1744 3803 1979 3848 vestrum
2005 3795 2097 3850 de-
2142 3824 2145 3829 ~

533 3881 759 3944 siderat,
788 3881 1109 3949 baptizetur,
1170 3889 1229 3935 ut
1274 3890 1470 3938 exutus
1501 3884 1776 3952 prioribus
1822 3886 1998 3950 malis,
2031 3887 2096 3941 de

532 3972 738 4040 reliquo
771 3988 866 4042 pro
895 3972 1055 4027 bonis
1078 3973 1286 4028 actibus
1309 3974 1479 4028 haeres
1497 3975 1760 4029 bonorum
1792 3977 2095 4030 cmlestium

528 4078 592 4113 ex
627 4063 796 4130 gestis
844 4063 1080 4132 propriis
1134 4062 1245 4116 fiat.
1304 4063 1539 4118 Accedat
1561 4080 1690 4134 ergo
1735 4066 1825 4135 qui
1888 4067 1999 4122 vult
2028 4068 2094 4121 ad

530 4151 871 4213 Zacchazum,
898 4162 951 4207 et
981 4154 1083 4222 ipsi
1116 4153 1206 4207 det
1248 4169 1445 4207 nomen
1476 4170 1635 4210 suum
1670 4156 1806 4226 (96),
1835 4165 1996 4227 atque
2026 4158 2095 4211 ab

528 4259 593 4297 eo
623 4244 807 4297 audiat
832 4245 1083 4314 mysteria
1109 4244 1258 4313 regni
1288 4244 1811 4316 ccelorumJejuniis
1844 4248 2095 4318 frequen-

528 4336 673 4389 tibus
703 4350 922 4404 operam
957 4335 1232 4404 impendat
1261 4352 1323 4391 ac
1374 4340 1722 4408 semetipsum
1756 4341 1808 4395 in
1838 4343 2091 4399 omnibus

2210 3134 2294 3186 his
2319 3140 2554 3202 quatuor
2598 3133 2911 3187 substitutis
2949 3133 3149 3203 expleri
3183 3133 3306 3187 volo
3346 3132 3631 3187 duodecim
3661 3148 3772 3185 nu-

2207 3240 2438 3289 merum,
2466 3232 2524 3277 ut
2556 3240 2641 3279 me
2680 3224 2735 3278 in
2776 3224 2909 3294 ipsis
2937 3240 3150 3295 semper
3179 3241 3364 3279 secum
3404 3222 3535 3280 esse
3564 3224 3773 3281 sentiat

2207 3312 2414 3368 Simon.

2271 3433 2454 3487 LXIX.
2524 3434 2890 3505 Sequestratis
2942 3432 3103 3503 igitur
3154 3448 3237 3488 me
3287 3431 3566 3488 Clemente
3594 3442 3645 3489 et
3674 3432 3772 3487 Ni-

2202 3536 2318 3579 ceta
2362 3534 2415 3579 et
2456 3525 2672 3595 Aquila,
2716 3525 2781 3578 ad
2820 3525 2943 3577 illos
2973 3523 3260 3576 duodecim
3306 3523 3383 3575 ait
3417 3541 3432 3575 :
3473 3520 3615 3575 Volo
3665 3536 3765 3576 vos

2204 3624 2327 3687 post
2355 3615 2495 3670 diem
2522 3616 2821 3669 crastinum
2856 3613 3126 3684 proficisci
3156 3612 3221 3665 ad
3246 3620 3435 3682 gentes
3462 3622 3516 3667 et
3537 3614 3766 3683 vestigia

2203 3706 2439 3761 Simonis
2472 3706 2704 3776 insequi,
2736 3714 2794 3758 ut
2818 3703 3001 3758 omnia
3027 3719 3144 3771 qua:
3175 3712 3285 3769 agit
3314 3703 3608 3756 manifesta
3632 3703 3764 3754 mibi

2203 3798 2437 3852 faciatis.
2484 3798 2588 3852 Sed
2628 3805 2683 3851 et
2722 3795 3056 3866 propositum
3100 3794 3437 3864 singulorum
3476 3793 3767 3862 diligenter

2197 3893 2457 3960 requirite
2488 3899 2539 3944 et
2577 3906 2661 3945 me
2702 3889 3018 3943 adiuturum
3061 3888 3181 3941 sine
3220 3900 3373 3940 mora
3417 3887 3499 3940 eis
3545 3901 3766 3939 annun-

2196 3982 2347 4046 tiate,
2378 3989 2431 4035 et
2457 3998 2522 4034 ne
2553 3982 2722 4033 multa
2753 3981 2909 4034 vobis
2938 3979 3138 4043 dicam,
3173 3994 3267 4049 per
3293 3979 3475 4032 omnia
3506 3978 3766 4031 instruite

2196 4073 2424 4143 gentiles
2461 4078 2778 4140 exspectare
2815 4070 3102 4123 adventum
3136 4084 3335 4122 meum.
3362 4067 3614 4135 Cumque
3641 4067 3760 4121 haec

2196 4174 2356 4234 atque
2379 4164 2464 4217 his
2484 4164 2680 4218 similia
2694 4161 2919 4216 dixisset
2941 4180 2952 4213 :
2981 4160 3154 4213 Etiam
3169 4176 3287 4222 vos,
3312 4160 3508 4228 inquit,
3537 4158 3759 4217 fratres,

2197 4258 2241 4311 si
2285 4256 2412 4326 quid
2445 4256 2599 4310 vobis
2636 4258 2700 4307 ad
2732 4254 2846 4307 hate
2875 4253 3110 4316 videtur,
3138 4253 3322 4314 dicite,
3364 4268 3430 4306 ne
3474 4251 3616 4305 forte
3649 4266 3759 4304 non

2196 4349 2266 4403 sit
2307 4356 2512 4401 rectum
2546 4345 2689 4415 quod
2722 4344 2853 4397 mihi
2882 4344 2981 4398 soli
3019 4345 3213 4412 placet.
3242 4341 3377 4395 Tum
3410 4356 3605 4396 omnes
3650 4358 3758 4395 una

528 4428 737 4495 probet,
772 4437 830 4481 ut
857 4428 1032 4482 tribus
1064 4429 1148 4482 bis
1191 4431 1469 4485 mensibus
1508 4434 1896 4489 consummatis
1920 4435 1975 4488 in
2002 4436 2088 4491 die
2120 4416 2163 4470 Ῑ)
2192 4453 2321 4490 voce
2350 4435 2720 4490 collaudantes
2748 4449 2869 4487 eum
2905 4452 2917 4486 :
2955 4431 3230 4503 Rogamus
3271 4433 3466 4501 magis,
3510 4434 3757 4490 aiebant.

526 4518 664 4573 festo
694 4520 866 4588 possit
889 4520 1177 4588 baptizari.
1212 4519 1580 4589 Baptizabitur
1602 4531 1777 4578 autem
1802 4526 2090 4595 unusquis-

524 4628 628 4680 que
660 4620 898 4666 vestrum
932 4612 983 4663 in
1007 4613 1163 4681 aquis
1191 4612 1515 4681 perennibus
1539 4614 1940 4671 nomineTrina:
1966 4622 2089 4673 Bea-

522 4700 778 4756 titudinis
807 4702 1065 4756 invocato
1112 4718 1276 4771 super
1324 4717 1405 4770 se,
1437 4713 1732 4774 perunctus
1764 4707 1940 4776 primo
1968 4708 2087 4764 oleo

2194 4539 2247 4583 ut
2298 4544 2397 4598 pro
2445 4527 2673 4581 arbitrio
2699 4535 2790 4578 tuo
2815 4534 3013 4578 cuncta
3060 4527 3321 4594 disponas
3358 4532 3412 4579 et
3458 4524 3604 4593 quod
3655 4525 3758 4577 tibi

2193 4619 2536 4689 ipsividetur
2573 4617 2795 4685 jubeas;
2824 4616 2928 4670 hoc
2966 4615 3110 4670 enim
3159 4626 3414 4685 putamus
3445 4632 3572 4671 esse
3614 4630 3759 4684 opus

2195 4714 2464 4783 integrum
2498 4710 2735 4781 pietatis,
2768 4710 2813 4764 si
2845 4723 2965 4778 qua:
2987 4715 3042 4761 tu
3069 4708 3302 4778 jusseris
3332 4708 3683 4778 impleamus.

1815 4882 2181 4942 COTELERII
2217 4885 2445 4942 NOTAE.

587 5020 694 5091 (96)
736 5020 804 5074 Et
835 5020 935 5089 ipsi
972 5019 1057 5073 det
1093 5036 1276 5074 nomen
1310 5037 1482 5074 suum.
1508 5018 1611 5091 Qui
1641 5019 1934 5076 Christiani
1967 5022 2085 5082 fieri

516 5090 794 5150 volebant,
826 5091 1027 5162 dabant
1059 5106 1215 5144 suum
1241 5106 1434 5144 nomen
1464 5091 1527 5162 ad
1554 5090 1908 5160 baptismum,
1938 5095 2082 5162 quod

517 5162 853 5217 scriberetur
877 5176 907 5212 a
936 5161 1081 5213 clero
1108 5204 1120 5224 ,
1155 5168 1451 5232 posteaque
1473 5161 2006 5232 ὀνοματογραφέντὲς
2024 5172 2079 5218 et

517 5232 813 5288 subscripti
842 5231 1183 5284 dicebantur.
1220 5230 1499 5284 Celebrem
1534 5231 1699 5283 ritum
1733 5230 1932 5285 docent
1953 5248 2077 5285 cum

516 5303 702 5355 multis
737 5300 967 5354 Siricius
1014 5316 1168 5370 papa,
1207 5301 1367 5367 epist.
1408 5301 1460 5364 1,
1493 5315 1614 5369 cap.
1658 5300 1712 5363 2,
1760 5309 1812 5355 et
1839 5303 2075 5371 Cyrillus

515 5370 1054 5441 llierosolyntitanus,
1097 5371 1363 5424 catecbesi
1412 5371 1667 5441 3,7atque
1695 5371 1748 5422 in
1793 5370 2073 5441 Upoxarq-

514 5445 685 5512 χὴσει.
726 5439 795 5492 Ea
829 5439 1257 5512 Procatccbcsis,
1283 5448 1338 5491 ut
1365 5441 1414 5493 id
1446 5439 1927 5512 obiterJnoneam,
1959 5439 2071 5494 vel-

515 5510 575 5564 ut
617 5512 837 5564 bomilia
871 5510 927 5563 S.
986 5511 1168 5563 Basilii
1210 5510 1284 5563 De
1315 5511 1593 5579 baptismo,
1625 5510 1756 5580 Περὶ
1794 5510 2072 5579 φωτίσμα-

511 5597 620 5643 τος,
650 5590 849 5641 exstat,
883 5580 976 5633 sed
1008 5581 1174 5633 multa
1206 5596 1327 5634 eum
1374 5582 1709 5638 diversitate,
1744 5580 1798 5632 in
1831 5581 2071 5646 antiquis

514 5651 840 5703 inembranis
884 5651 1223 5705 Bibliotheca:
1272 5649 1450 5720 Regia:
1486 5651 1609 5703 cod.
1656 5649 1788 5703 1260
1826 5658 1880 5703 et
1908 5650 2068 5713 2403-,

510 5720 575 5773 ad
618 5720 775 5790 cujus
816 5721 1138 5789 posterioris
1170 5722 1378 5775 codicis
1411 5720 1707 5789 marginem
1748 5721 1830 5776 sic
1864 5721 2072 5774 notavit

2191 5024 2419 5097 criticus
2446 5022 2665 5097 Graecus
2692 5040 2706 5097 ς
2738 5022 2931 5097 Σαφῶς
2955 5024 3089 5097 ἡμῖν
3127 5020 3375 5097 ξείκνυσε
3460 5027 3750 5097 “pagg-:63?

2184 5094 2277 5146 τοῦ
2314 5092 2670 5163 προκειμένου
2694 5091 2871 5159 λόγοὺ,
2906 5091 2986 5144 ὄτί
3009 5097 3106 5146 οὐκ
3138 5093 3250 5144 ἐστι
3290 5091 3378 5143 τοῦ
3411 5091 3752 5163 ἁγὶοῷνΒασίίο

2184 5160 2439 5217 λείου.’1η
2482 5160 2714 5217 concilio
2757 5163 3361 5231 Constantinopolitano
3401 5164 3502 5215 sub
3543 5160 3697 5219 Mena
3732 5187 3745 5220 :

2182 5233 2447 5303 Στέφανος
2478 5232 2746 5303 διάκονος,
2780 5235 2808 5285 ὁ
2853 5236 2945 5286 καὶ
2989 5234 3086 5296 τὰς
3118 5230 3481 5303 προσηγᾳρίας
3518 5234 3630 5285 τῶν
3670 5239 3749 5300 εἰς

2178 5300 2247 5422 τὶ
2291 5300 2431 5356 θεῖον
2483 5302 2760 5373 βάπτισμα
2814 5300 3492 5373 προσιόντωγὲγγρᾶψειν
3546 5320 3746 5373 τεταγ-

2183 5389 2220 5422 υ.
2252 5389 2356 5422 νος.

2252 5389 2356 5433 νος.

2392 5441 2567 5495 Possit
2590 5442 2848 5510 percipere
2867 5441 2930 5495 de
2955 5444 3173 5497 sanctis.
3196 5440 3309 5495 Hoc
3327 5448 3431 5501 est,
3460 5456 3664 5511 corpus
3689 5453 3747 5499 et

2177 5512 2497 5581 sanguinem
2539 5513 2764 5566 Christi.
2803 5514 2861 5565 Id
2902 5529 3030 5567 vero
3068 5528 3257 5581 magna
3295 5512 3604 5581 ignorantia
3634 5531 3742 5568 non

2177 5580 2489 5650 intelligens
2515 5584 2932 5636 consarcinator
2957 5585 3133 5637 tertiae
3164 5580 3460 5636 Decretalis
3487 5581 3745 5637 Clemente

2176 5651 2269 5713 tis,
2302 5652 2380 5704 sic
2402 5652 2580 5705 Rufini
2610 5652 2769 5733 verba
2799 5653 3174 5724 interpolavit:
3200 5651 3642 5721 possitpercipen
3667 5653 3742 5708 lo-

2177 5737 2433 5775 cumcum
2453 5733 2668 5777 εαικιιε.
