4030 6342
286 311 425 366 1513

1404 315 1970 377 RECOGNITIONUM
2008 318 2136 376 LIB.
2177 321 2262 378 lll.

3415 320 3520 382 πη

357 422 799 494 LXX.——Igitur
834 434 1041 481 statuto
1088 426 1179 483 die
1222 442 1347 482 cum
1394 431 1677 486 stetissent
1724 443 1851 487 ante
1880 440 1926 497 Α
1954 434 2272 505 relinquens
2302 450 2441 505 quos
2463 451 2574 491 non
2619 445 2856 507 oportet.
2897 439 2981 492 vel
3020 453 3243 498 uxorem
3282 440 3520 509 ﬁdelem,

282 518 527 581 Petrum,
556 514 634 572 Ne
652 518 956 581 arbitreris,
989 521 1163 586 aiunt,
1206 520 1383 585 Petre,
1417 537 1643 592 parvum
1693 524 1852 580 nobis

280 610 449 663 indici
480 624 800 673 maerorem,
831 611 977 679 quod
1010 612 1327 666 fraudamur
1356 629 1464 667 non
1491 614 1777 669 audientes
1801 623 1859 670 te

281 717 379 772 per
420 716 635 756 menses
671 709 810 766 tres;
844 702 939 755 sed
989 704 1245 774 quoniam
1284 705 1387 759 hoc
1434 704 1651 774 expedit
1693 721 1852 774 agere

280 796 431 866 quod
476 805 531 849 tu
570 794 754 864 jubes,
790 795 1107 851 obediemus
1150 796 1593 866 promptissime;
1638 811 1853 864 semper

279 904 413 959 ergo
434 889 644 941 vultum
679 895 832 941 tuum
864 888 919 941 in
958 894 1146 943 nostro
1176 887 1340 942 corde
1374 888 1673 943 retinentes
1705 889 1850 943 sicut

278 982 497 1052 jussisti
543 983 752 1035 alacres
785 981 1204 1051 proﬁciscimur.
1246 980 1314 1033 At
1341 980 1431 1035 ille
1460 981 1713 1035 oratione
1750 996 1851 1049 pro

282 1075 369 1129 eis
401 1071 466 1126 ad
500 1072 785 1126 Dominum
828 1074 946 1127 fusa
974 1074 1159 1127 emisit
1188 1088 1305 1128 eos.
1345 1072 1410 1125 Et
1449 1088 1573 1127 cum
1619 1071 1849 1141 profecti

285 1166 517 1221 fuissent
559 1164 637 1219 illi
683 1164 968 1220 duodecim
1011 1166 1100 1235 qui
1146 1165 1414 1235 praemissi
1456 1172 1604 1229 sunt,
1649 1163 1848 1218 Petrus

283 1260 567 1329 ingressus
595 1274 661 1313 ex
682 1273 832 1312 more
861 1258 915 1311 in
945 1258 1062 1311 loco
1091 1257 1478 1327 disputationis
1510 1257 1677 1312 stetit.
1704 1256 1851 1309 Con-

279 1359 507 1406 venerat
537 1358 719 1404 autem
752 1350 937 1420 p0puli
978 1349 1292 1409 multitudo,
1338 1348 1618 1418 copiosior
1654 1362 1852 1402 nume-

281 1460 382 1498 rus
406 1458 567 1513 quam
596 1442 825 1508 solebat,
845 1450 897 1497 et
920 1457 1109 1496 omnes
1131 1456 1253 1496 cum
1287 1441 1540 1511 lacrymis
1564 1441 1853 1495 intueban-

280 1542 374 1589 tur
400 1551 546 1599 eum,
580 1550 677 1606 pro
705 1549 770 1589 eo
802 1533 945 1604 quod
976 1534 1150 1604 pridie
1176 1534 1244 1587 ab
1274 1548 1339 1588 eo
1367 1532 1672 1596 audissent,
1712 1547 1848 1600 pro-

280 1627 555 1683 fecturum
578 1643 637 1682 se
658 1627 894 1681 Simonis
914 1626 1104 1696 gratia.
1131 1624 1235 1679 Sed
1257 1633 1310 1679 et
1335 1625 1449 1695 ipse
1476 1625 1848 1696 lacrymantes

280 1737 381 1775 eos
405 1721 595 1776 videns
617 1720 815 1774 similia
841 1719 1168 1789 patiebatur,
1194 1718 1321 1772 licet
1347 1724 1640 1772 conaretur
1663 1719 1850 1771 occul-

281 1820 406 1867 tare
446 1823 500 1867 et
543 1812 791 1867 inhibere
836 1787 1136 1881 lacrymas;
1175 1810 1507 1880 prodebatur
1556 1818 1739 1863 tamen
1785 1825 1853 1864 ex
1882 1787 1925 1842 Β

281 1913 523 1959 tremore
539 1904 688 1958 vocis
705 1912 758 1958 et
780 1903 1176 1974 interruptione
1203 1904 1495 1969 sermonis,
1518 1902 1664 1974 quod
1688 1903 1854 1963 simili

281 2007 575 2067 augeretur
603 1996 817 2051 aﬁ’ectu.

356 2088 541 2144 LXXI.
583 2088 966 2145 Verumtamen
1014 2102 1176 2142 manu
1217 2087 1531 2144 confricans
1597 2087 1851 2151 frontem,

284 2185 471 2255 Equo
496 2184 698 2248 animo,
724 2182 922 2250 inquit,
938 2188 1133 2244 estote,
1156 2180 1375 2247 fratres,
1389 2191 1443 2236 et
1472 2179 1854 2236 misericordes

283 2279 502 2333 animas
528 2284 741 2331 vestras
763 2273 981 2329 consilii
1007 2273 1219 2329 ratione
1249 2272 1522 2336 solamini,
1549 2270 1853 2327 referentes

282 2374 470 2426 omnia
506 2368 573 2422 ad
606 2366 795 2429 Deum,
827 2366 986 2435 cujus
1009 2366 1181 2420 solius
1220 2364 1492 2433 implenda
1511 2371 1565 2418 et
1596 2364 1649 2417 in
1671 2362 1855 2418 omni—

284 2464 393 2519 bus
439 2460 771 2532 praeferenda
804 2461 1057 2513 voluntas
1099 2464 1203 2511 est.
1237 2454 1373 2510 Nam
1404 2456 1451 2511 si
1496 2455 1648 2511 verbi
1680 2452 1856 2525 gratia

284 2570 579 2626 ponamus,
612 2552 756 2622 quod
790 2566 887 2620 pro
912 2549 1108 2605 alfectu
1139 2564 1300 2619 quem
1323 2563 1451 2618 erga
1470 2563 1569 2602 vos
1591 2548 1849 2618 gerimus,

287 2653 484 2703 contra
520 2646 853 2699 voluntatem
894 2642 1012 2711 ejus
1043 2650 1263 2711 agentes
1302 2639 1645 2695 resideamus
1676 2639 1858 2693 vobis—

287 2755 441 2803 cum,
475 2737 716 2807 nunquid
748 2752 854 2789 non
895 2742 1072 2803 potest
1102 2734 1272 2788 missa
1294 2733 1346 2787 in
1378 2748 1464 2787 me
1504 2739 1701 2795 morte,
1726 2745 1855 2800 pro-

287 2830 580 2887 fectionem
604 2828 738 2883 mihi
760 2844 791 2881 a
822 2828 978 2883 vobis
1007 2825 1249 2881 indicere
1278 2825 1619 2897 longiorem?
1647 2824 1713 2878 Et
1736 2826 1858 2879 ideo

286 2924 488 2979 melius
515 2931 598 2977 est
629 2930 687 2977 ut
718 2921 860 2975 hanc
888 2921 1193 2974 breviorem
1219 2934 1343 2972 cum
1380 2920 1660 2972 voluntate
1686 2918 1859 2987 ipsius

286 3015 637 3086 impleamus,
675 3020 863 3082 utpote
904 3012 1105 3081 quibus
1147 3009 1429 3066 deﬁnitum
1460 3016 1543 3064 est
1586 3008 1641 3061 in
1682 3009 1860 3062 omni-

287 3108 396 3164 bus
439 3108 660 3163 obedire
690 3105 835 3172 Deo;
871 3105 1014 3158 unde
1055 3111 1110 3158 et
1152 3118 1250 3158 vos
1289 3101 1500 3157 debetis
1538 3100 1703 3156 simili
1731 3101 1860 3155 obe-

287 3199 498 3256 dientia
529 3213 725 3269 parere
752 3198 826 3258 ei,
868 3196 1069 3267 quippe
1099 3194 1193 3265 qui
1222 3194 1386 3248 etiam
1418 3208 1504 3247 me
1530 3207 1638 3246 non
1662 3192 1768 3245 alia
1791 3206 1858 3245 ex

287 3307 484 3354 causa,
512 3292 615 3346 nisi
633 3306 730 3361 pro
748 3290 920 3360 ipsius
943 3304 1129 3343 amore
1157 3286 1420 3356 diligatis.
1447 3284 1516 3339 Ut
1540 3299 1670 3355 ergo
1694 3284 1857 3338 amici

289 3385 422 3450 Dei,
462 3384 727 3439 voluntati
758 3383 877 3451 ejus
930 3382 1329 3449 obtemperate;
1377 3378 1471 3433 sed
1511 3385 1567 3433 et
1613 3392 1711 3431 vos
1758 3376 1862 3445 ipsi

288 3481 521 3552 probate
551 3477 696 3549 quod
722 3476 931 3547 justum
963 3482 1064 3529 est.
1098 3469 1356 3541 Nunquid
1380 3484 1487 3523 non
1521 3468 1748 3539 impium
1779 3467 1861 3522 vi-

291 3572 547 3635 debatur,
595 3570 643 3625 si
683 3584 807 3622 cum
844 3582 944 3622 vos
989 3564 1181 3619 Simon
1230 3562 1528 3631 deciperet,
1601 3574 1702 3630 ego
1751 3575 1862 3612 non

293 3663 568 3719 venissem
603 3660 672 3716 ad
703 3674 804 3714 vos
832 3659 1085 3714 detentus
1127 3671 1157 3708 a
1200 3653 1462 3709 fratribus
1497 3652 1591 3722 qui
1625 3659 1783 3706 erant
1808 3651 1863 3705 in

294 3755 662 3820 Hierusalem,
711 3759 765 3806 et
811 3748 1030 3821 quidem
1078 3762 1201 3802 cum
1249 3745 1525 3800 haberetis
1570 3742 1713 3814 apud
1765 3758 1865 3797 vos

293 3849 642 3909 Zacchaaum,
693 3845 868 3899 virum
906 3843 1110 3896 bonum
1143 3847 1196 3895 et
1236 3839 1291 3893 in
1334 3852 1586 3893 sermone
1630 3835 1859 3905 expedi-

296 3941 453 3995 tum?
480 3939 557 3993 Ita
580 3952 709 4009 ergo
737 3943 790 3991 et
812 3950 957 3989 nunc
979 3932 1206 4003 impium
1226 3931 1486 4000 judicate,
1513 3929 1559 3983 si
1590 3943 1714 3982 cum
1736 3942 1841 3981 ex-

296 4033 426 4089 ierit
454 4029 641 4086 Simon
682 4030 749 4085 ad
780 4036 969 4100 gentes
998 4022 1417 4096 impugnandas,
1447 4021 1650 4092 quibus
1685 4019 1868 4074 nullus

298 4125 526 4181 omnino
549 4122 805 4178 defensor
834 4128 937 4185 est,
958 4135 1058 4191 ego
1086 4133 1195 4173 non
1220 4116 1525 4186 subsequar
1553 4114 1807 4169 detentus
1838 4129 1868 4168 a

296 4217 478 4272 vobis.
515 4214 746 4285 Propter
788 4212 932 4283 quod
977 4211 1352 4272 observemus,
1385 4223 1454 4263 nc
1502 4206 1642 4263 forte
1672 4206 1869 4262 allectu

300 4311 509 4381 injusto
537 4310 873 4364 voluntatem
898 4302 1122 4374 maligni
1154 4300 1443 4356 faciamus.

373 4399 585 4458 LXXII.
624 4398 845 4453 Interim
881 4396 1079 4458 tribus,
1148 4400 1209 4447 ut
1276 4391 1410 4455 dixi,
1440 4390 1719 4447 mensibus
1748 4404 1872 4460 per-

1952 528 2038 581 vel
2086 527 2132 582 si
2181 544 2302 597 qua:
2376 529 2419 560 ¹⁰
2461 537 2590 583 sunt
2636 530 2949 599 hujusmodi
3006 546 3268 600 personae,
3319 535 3516 603 quibus

1952 627 2174 688 propter
2221 619 2389 673 Deum
2439 620 2641 675 deferri
2691 622 2945 676 solatium
2990 624 3246 678 convenit
3306 623 3522 680 Interea

1952 726 2048 780 per
2078 711 2195 768 dies
2227 713 2476 783 singulos
2510 715 2800 785 disputans
2826 724 2878 770 et
2920 716 3146 779 docens,
3181 719 3523 785 pGCositum

1952 810 2168 872 tempus
2212 803 2270 858 in
2314 805 2577 861 doctrinae
2607 807 2794 862 labore
2824 808 3136 877 complevit.
3170 806 3238 860 Et
3264 823 3389 861 cum
3421 806 3518 860 ad-

1950 895 2190 950 venisset
2230 896 2347 951 dies
2376 897 2550 953 festus
2574 939 2588 963 ,
2642 914 2808 968 super
2837 899 3025 954 decem
3064 900 3232 953 millia
3266 898 3519 969 baptizati

1951 994 2095 1041 sunt.

2021 1078 2256 1137 LXXIII.
2298 1079 2358 1135 In
2399 1081 2511 1138 illis
2534 1090 2716 1137 autem
2750 1082 2942 1137 diebus
2969 1081 3201 1152 epistola
3232 1081 3466 1135 mittitur
3490 1096 3521 1134 a

1951 1169 2212 1229 fratribus
2235 1174 2327 1243 qui
2363 1182 2784 1242 praecesserant,
2819 1174 3004 1244 inqua
3040 1172 3281 1228 Simonis
3313 1174 3522 1227 scelera

1951 1266 2404 1331 continebantur,
2463 1266 2739 1337 quomodo
2798 1282 2895 1335 per
2942 1266 3193 1320 civitates
3250 1264 3524 1335 deciperet

1950 1357 2139 1413 turbas
2186 1365 2240 1413 et
2273 1357 2495 1413 Petrum
2545 1373 2642 1428 per
2683 1358 2898 1429 singula
2939 1358 3240 1421 laceraret,
3290 1364 3347 1410 ut
3396 1372 3522 1411 cum

1952 1447 2089 1503 forte
2117 1448 2464 1514 advenisset,
2498 1452 2681 1506 nullus
2714 1452 2762 1504 ei
2793 1448 3230 1504 accommodaret
3255 1447 3525 1502 auditum.

1948 1535 2242 1591 Asserebat
2286 1537 2432 1591 enim
2478 1554 2601 1592 cum
2649 1553 2866 1609 magum
2942 1553 3067 1592 esse
3124 1545 3177 1591 et
3228 1538 3350 1591 sine
3389 1535 3521 1600 Deo,

1950 1626 2276 1695 injuriosum
2304 1667 2319 1693 ,
2372 1628 2629 1682 callidum
2655 1670 2670 1694 ,
2716 1629 3031 1699 imperitum
3069 1635 3121 1682 et
3164 1626 3526 1697 impossibilia

1951 1716 2316 1786 proﬁtentem.
2366 1716 2612 1773 Mortuos
2656 1718 2800 1772 enim
2849 1726 3259 1773 resurrecturos
3290 1718 3523 1781 asserit,

1954 1806 2099 1874 quod
2127 1813 2232 1871 est,
2268 1807 2465 1877 inquit,
2495 1807 2854 1877 impossibile.
2876 1805 2932 1861 Si
2965 1808 3057 1877 qui
3084 1824 3214 1862 vero
3242 1824 3365 1862 eum
3395 1822 3526 1862 conc

1954 1897 2134 1952 futare
2164 1898 2331 1962 velit,
2381 1899 2615 1953 occultis
2655 1899 2722 1953 ab
2754 1914 2819 1953 eo
2850 1898 3066 1953 insidiis
3106 1898 3395 1969 perimitur
3432 1914 3528 1967 per

1955 1990 2221 2045 satellites
2254 1990 2409 2059 ejus;
2458 1998 2680 2061 propter
2703 1990 2850 2061 quod
2874 2031 2889 2055 ,
2926 1991 3124 2061 inquit,
3187 1998 3241 2046 et
3263 2006 3364 2060 ego
3403 2004 3527 2044 cum

1954 2095 2078 2135 eum
2125 2094 2474 2149 superassem
2511 2088 2565 2135 et
2613 2080 3081 2150 triumphassem,
3132 2079 3362 2133 insidias
3409 2077 3529 2146 ejus

1956 2169 2163 2224 veritus
2196 2168 2340 2239 fugi,
2374 2184 2443 2223 ne
2472 2167 2613 2223 forte
2658 2166 2941 2221 maleﬁciis
2984 2182 3069 2220 me
3107 2164 3398 2235 perimeret
3437 2169 3531 2215 aut

1956 2271 2184 2317 mortem
2214 2276 2389 2316 meam
2420 2276 2516 2330 per
2545 2259 2776 2313 insidias
2807 2258 3066 2312 elocaret.
3092 2253 3411 2309 lndicabant
3436 2268 3527 2305 au-

1954 2362 2063 2409 tem
2096 2353 2331 2406 maxime
2357 2366 2481 2405 eum
2522 2350 2667 2420 apud
2702 2348 2966 2418 Tripolim
2999 2345 3294 2400 demorari.

2027 2442 2261 2498 LXXIV.
2300 2440 2471 2511 Igitur
2514 2439 2709 2495 Petrus
2753 2438 3040 2509 epistolam
3078 2435 3295 2490 recitari
3332 2433 3531 2503 populo

1953 2539 2128 2610 jubet,
2153 2545 2206 2593 et
2234 2545 2357 2607 post
2389 2537 2681 2591 lectionem
2721 2534 2993 2587 allocutus
3039 2545 3133 2586 eos
3179 2530 3245 2584 de
3277 2529 3532 2583 omnibus

1958 2632 2276 2702 plenissime
2316 2627 2616 2692 instruxit,
2648 2627 2919 2696 praacipue
2948 2632 3129 2678 tamen
3163 2630 3221 2675 ut
3249 2620 3534 2675 obedirent

1960 2723 2256 2786 Zaecbaao,
2309 2735 2471 2791 quem
2516 2717 2789 2772 ordinavit
2830 2716 2911 2770 eis
2939 2714 3278 2783 episcopum.
3322 2708 3431 2764 Sed
3480 2716 3534 2762 et

1961 2816 2312 2888 presbyteros
2343 2821 2398 2867 et
2427 2811 2690 2867 diaconos
2721 2808 2943 2879 p0pulo,
2996 2814 3050 2860 et
3090 2806 3228 2874 ipsis
3259 2800 3535 2857 nihilomi-

1962 2926 2067 2965 nus
2117 2908 2380 2981 populum
2427 2901 2849 2959 commendavit.
2887 2898 3170 2967 Simulque
3204 2894 3538 2948 denuntians

1961 3002 2108 3074 quod
2145 3001 2284 3070 apud
2331 2996 2594 3066 Tripolim
2625 2994 2964 3047 hiematurus
2991 2994 3169 3051 esset,
3200 2982 3538 3040 Commendo

1963 3109 2095 3155 vos,
2144 3090 2360 3161 inquit,
2412 3087 2602 3157 gratiae
2650 3083 2779 3146 Dei,
2824 3080 3069 3136 crastino
3102 3092 3226 3132 cum
3258 3075 3540 3129 voluntate.

1964 3183 2178 3239 Domini
2209 3180 2577 3251 profecturus.
2608 3174 2712 3229 Per
2733 3181 2879 3228 totos
2898 3173 2939 3204 ¹¹
2971 3177 3154 3224 autem
3179 3177 3291 3222 tres
3323 3180 3539 3219 menses

1962 3291 2100 3349 quos
2145 3273 2289 3344 apud
2336 3270 2644 3325 Cazsaream
2686 3264 2950 3321 doctrinae
2999 3274 3167 3316 causa
3225 3257 3537 3327 exegimus,

1963 3348 2300 3442 quaecunque
2328 3362 2470 3433 apud
2495 3360 2755 3431 pOpulum
2785 3356 3090 3412 disserebat
3118 3368 3213 3421 per
3236 3351 3401 3411 diem,
3423 3348 3533 3401 haut

1964 3462 2123 3517 nobis
2158 3465 2371 3514 secreto
2408 3451 2828 3509 lucubrantibus
2857 3462 3043 3503 secum
3090 3443 3302 3512 plenius
3329 3448 3384 3494 et
3416 3454 3534 3508 per-

1965 3554 2163 3610 fectius
2193 3548 2555 3620 explanabat,
2582 3552 2840 3613 tanquam
2874 3537 3212 3594 ﬁdelioribus
3244 3548 3307 3587 ac
3338 3532 3440 3588 sibi
3476 3530 3533 3583 Ii-

1965 3648 2133 3719 quido
2164 3643 2429 3715 probatis.
2465 3638 2637 3692 Simul
2666 3642 2720 3691 et
2759 3634 2990 3702 imperat
3031 3628 3185 3689 mihi,
3219 3625 3348 3694 quia
3380 3622 3541 3676 intel-

1967 3718 2098 3797 lexit
2127 3754 2214 3792 me
2234 3733 2538 3793 studiosius
2564 3746 2684 3800 qua:
2700 3725 2951 3781 audirem
2986 3718 3250 3776 memoria
3264 3730 3543 3771 commen-

1966 3837 2120 3898 dare,
2169 3830 2322 3886 libris
2364 3825 2577 3896 singula
2616 3834 2843 3893 quaeque
2876 3831 2997 3886 qua:
3032 3818 3327 3867 memoratu
3373 3807 3541 3898 digna

1967 3895 2293 3986 videbantur
2320 3895 2783 3986 comprehendere
2811 3917 2865 3964 et
2888 3907 3104 3960 mittere
3134 3901 3201 3955 ad
3226 3907 3299 3962 te,
3331 3896 3403 3952 mi
3436 3895 3539 3948 do-

1970 4018 2117 4074 mine
2145 4010 2367 4072 Jacobe,
2408 4009 2552 4062 sicut
2585 4011 2640 4059 et
2668 4000 2771 4056 feci
2802 4012 3001 4069 parens
3028 3993 3148 4063 ejus
3186 3988 3490 4061 praeceptis.

2042 4102 2252 4161 LXXV.
2278 4100 2494 4154 Primus
2523 4108 2652 4164 ergo
2683 4092 2822 4145 liber
2843 4104 2909 4142 ex
2940 4087 3023 4141 his
3055 4098 3196 4154 quos
3227 4080 3382 4152 prius
3415 4077 3541 4161 misi

1969 4201 2039 4255 ad
2069 4211 2121 4254 te
2148 4195 2259 4269 (98)
2284 4190 2527 4248 continet
2549 4186 2615 4241 de
2658 4196 2789 4238 vero
2822 4179 3085 4251 propheta
3120 4182 3174 4269 et
3201 4174 3269 4228 de
3297 4169 3544 4269 proprie:

1974 4301 2083 4349 tate
2112 4261 2488 4357 intelligentia:
2537 4279 2707 4349 legis,
2753 4272 3053 4331 secundum
3098 4267 3152 4321 id
3195 4264 3341 4336 quod
3372 4261 3544 4333 Moysi

1974 4387 2197 4443 traditio
2246 4382 2428 4437 docet.
2483 4370 2774 4431 Secundus
2822 4368 2891 4422 de
2950 4362 3222 4436 principio
3267 4358 3543 4418 continet,

302 4495 536 4550 manebo
577 4492 721 4564 apud
763 4505 900 4556 vos;
944 4495 1119 4545 estote
1168 4484 1379 4541 assidui
1423 4483 1492 4537 ad
1531 4483 1867 4538 audiendum
1901 4460 1945 4515 Ῑ)
1976 4492 2157 4539 utrum
2192 4490 2360 4533 unum
2390 4473 2461 4528 sit
2497 4464 2849 4540 principium,
2876 4457 3164 4561 aqmulta,
3190 4461 3244 4508 et
3264 4450 3408 4522 quod
3416 4464 3548 4564 "non

302 4588 551 4649 verbum,
572 4593 627 4641 et
642 4581 1037 4639 consummatis
1058 4579 1166 4642 his,
1184 4579 1231 4634 si
1252 4577 1343 4648 qui
1366 4585 1599 4648 possunt
1614 4578 1871 4632 etvolunt

304 4679 460 4750 sequi
482 4692 604 4738 nos,
626 4674 960 4747 permittitur
986 4672 1067 4726 eis
1087 4671 1237 4726 salva
1262 4670 1481 4739 pietate.
1505 4668 1661 4735 Quod
1688 4676 1871 4723 autem

305 4772 429 4826 dico
465 4770 614 4825 salva
655 4768 875 4839 pietate,
913 4766 1017 4819 hoc
1049 4769 1152 4827 est,
1185 4778 1253 4816 ne
1282 4778 1444 4832 quem
1484 4761 1731 4816 discessu
1773 4774 1874 4816 suo

305 4862 595 4920 contristet
631 4861 725 4933 qui
755 4855 1075 4915 contristari
1116 4869 1225 4908 non
1267 4853 1452 4918 debet,
1485 4854 1571 4909 vel
1617 4865 1874 4924 parentes

1977 4574 2191 4644 ignoret
2220 4566 2575 4622 Hebraeorum
2605 4558 2712 4620 lex,
2760 4551 2892 4623 quid
2921 4549 2990 4605 sit
3022 4549 3378 4603 immensitas.
3416 4541 3550 4594 Ter-

1978 4634 2108 4727 tius,
2146 4661 2214 4717 de
2245 4658 2355 4713 Deo
2376 4662 2428 4709 et
2462 4653 2549 4707 his
2575 4664 2696 4720 qua:
2723 4647 2791 4700 ab
2818 4660 2883 4699 eo
2912 4641 3165 4697 instituta
3195 4644 3343 4692 sunt.
3371 4634 3549 4700 Quar-

1978 4761 2103 4818 tus,
2134 4747 2281 4821 quod
2322 4759 2448 4799 cum
2490 4739 2648 4797 multi
2680 4737 2939 4790 dicantur
2969 4730 3079 4793 dii,
3113 4744 3258 4783 unus
3288 4727 3357 4781 sit
3386 4739 3549 4777 verus

1982 4845 2126 4901 Deus
2151 4817 2457 4898 secundum
2481 4827 2796 4889 testimonia
2824 4824 3260 4894 Scripturarum.
3288 4817 3546 4882 Quintus,

381 5045 425 5079 ³⁸
466 5044 556 5099 γει
578 5043 623 5097 si
647 5035 1067 5111 qum—convenit
1088 5034 1286 5089 desunt
1314 5031 1371 5085 in
1400 5030 1525 5088 cod.
1550 5039 1783 5102 utroque
1808 5028 1955 5099 Lips.
2033 5026 2077 5058 “
2109 5024 2215 5079 Per
2251 5030 2567 5077 totos—esse
2589 5030 2691 5069 non
2714 5014 2917 5080 poterat
2942 5003 3083 5079 (cap.
3111 5000 3198 5073 75)
3229 5014 3335 5054 non
3360 4997 3550 5065 legan-

308 5126 397 5173 tur
438 5115 492 5169 in
523 5113 685 5170 codd.
732 5111 912 5180 Lipss.

1600 5266 1969 5329 COTELERlI
1998 5262 2233 5321 NOTAE.

382 5451 494 5525 (98)
536 5449 749 5525 Primus
779 5463 900 5525 ergo
943 5440 1286 5525 liberneafuhis
1316 5453 1443 5525 quos
1469 5432 1877 5525 priuauit?!"

314 5503 558 5588 tacete.—
586 5520 753 5591 Igitur
793 5503 981 5591 decem
1034 5515 1109 5568 illi
1148 5511 1272 5566 libri
1313 5503 1477 5563 antea
1511 5503 1878 5591 Jac‘objum

312 5574 586 5663 missivlsi
609 5574 962 5663 "unquam‘in-
980 5599 1161 5663 rerum
1209 5590 1401 5663 natura
1439 5574 1882 5663 exstiterejwdis-

520 5643 745 5735 ‘deben't
781 5656 1009 5735 abistis.
1027 5655 1215 5735 decem
1246 5643 1882 5735 Recognition-ttﬂ-libris,

316 5715 429 5804 quia
443 5715 689 5804 nuncad
711 5729 959 5804 eumdem
982 5724 1255 5804 Jacohum.
1275 5715 1397 5788 post
1423 5715 1880 5804 θρεβειηῐξιξὶιιιιεξξς.

446 5781 794 5860 elaeatae
828 5781 949 5853 loco
989 5796 1044 5850 in
1090 5781 1335 5859 margine
1372 5786 1579 5844 codicis
1622 5783 1736 5838 nn.
1774 5781 1880 5837 PP.

1986 5426 2404 5484 Carmelitarum
2437 5422 2639 5491 legitur
2670 5438 2702 5491 7:4
2736 5414 3110 5491 Distinctiones
3162 5411 3415 5465 librorum
3458 5406 3549 5491 ᾆδ’

1987 5516 2096 5554 cem
2128 5495 2401 5566 praesentis
2435 5488 2623 5566 opjeris.
2666 5488 3301 5566 Eumd'emquect‘rore‘m
3333 5488 3555 5534 secutus

1987 5551 2203 5624 vidct'ur
2240 5572 2355 5619 tum
2406 5551 2640 5631 scriptor
2682 5574 2788 5631 ms.
2827 5551 3133 5615 Sorbonici,
3175 5551 3275 5631 toti
3320 5564 3555 5631 namque

1988 5620 2148 5708 Operi
2180 5651 2243 5693 ea
2267 5620 2845 5708 lemmata'praaponit;
2878 5634 3007 5708 tuin
3037 5638 3141 5678 ms.
3179 5620 3393 5708 'l‘huani
3427 5636 3554 5674 exa-

1956 5695 2163 5770 -rator,
2216 5706 2309 5775 qui
2344 5695 2595 5775 similiter
2641 5695 2735 5775 illa
2783 5695 3036 5775 praefixit,
3078 5708 3144 5749 ac
3182 5700 3443 5764 praeterea
3488 5704 3553 5745 ex

1990 5780 2100 5834 isto
2118 5766 2294 5848 capite
2324 5775 2390 5830 75
2420 5773 2546 5830 libri
2574 5769 2718 5828 tertii
2746 5766 2989 5826 sustulit.
