4030 6342
613 294 754 352 1515

1478 290 1537 346 S.
1573 289 1964 345 CLEMENTIS
1998 288 2015 341 Ι
2051 286 2215 344 ROM.
2262 287 2459 343 PCNT.
2499 287 2725 342 OPERA
2766 289 2985 344 DUBH.

3636 302 3729 354 1516

603 410 749 484 quod
780 409 888 462 duo
918 406 1028 461 sint
1058 404 1181 459 εαξΙί
1204 444 1217 468 ,
1250 418 1483 473 quorum
1538 419 1707 459 unum
1752 404 1825 459 sit
1861 402 2008 457 istud
2037 402 2167 459 visi-
2197 414 2240 464 Α
2273 404 2452 472 posita
2481 412 2584 470 est,
2607 380 2754 473 ju‘sta
2798 406 2870 461 sit
2900 420 2951 460 et
2974 407 3235 476 perfecta,
3265 415 3314 461 et
3343 425 3452 479 qua:
3475 413 3572 465 sola
3608 425 3729 484 possit

608 502 713 556 bile
763 499 1161 552 firmamentum
1211 495 1355 565 quod
1403 503 1457 549 et
1504 494 1800 559 transibit,
1845 494 1992 548 aliud
2035 508 2166 548 vero

607 601 869 649 azternum
897 597 951 644 et
981 588 1275 643 invisibile.
1330 587 1551 651 Sextus,
1584 589 1649 644 de
1687 589 1831 643 bono
1860 595 1913 643 et
1943 588 2085 642 malo
2111 594 2166 643 et

608 683 751 754 quod
784 682 926 735 bono
948 690 1143 734 cuncta
1177 680 1539 748 subjiciantur
1569 696 1598 734 a
1630 679 1807 742 Patre.
1842 680 2043 732 malum
2077 694 2169 732 au-

600 782 709 828 tem
740 787 909 842 quare
932 781 987 825 et
1015 773 1309 842 quomodo,
1340 782 1395 826 et
1419 772 1561 827 unde
1592 774 1680 834 sit,
1715 782 1769 827 et
1797 773 1940 843 quod
1969 787 2169 842 coope-

601 872 749 918 retur
792 865 1010 934 quidem
1062 869 1241 927 bono,
1294 867 1388 920 sed
1424 883 1535 921 non
1586 867 1863 936 proposito
1894 868 2071 935 bono;
2110 877 2165 922 et

599 974 719 1026 qum
749 960 859 1011 sint
889 959 1041 1027 signa
1088 960 1237 1021 boni,
1271 976 1391 1029 quae
1422 976 1547 1013 vero
1579 962 1797 1021 ntali,et
1827 976 1947 1030 quae
1972 961 2041 1015 sit
2062 960 2170 1014 dif-

600 1049 831 1103 ferentia
862 1050 1145 1104 dualitatis
1168 1060 1221 1104 et
1249 1036 1671 1121 conjugationis.
1710 1050 2015 1120 Septimus,
2047 1068 2167 1121 qua:

599 1142 746 1206 sint,
784 1158 904 1211 qua:
936 1144 1210 1211 prosecuti
1260 1152 1386 1199 sunt
1434 1144 1717 1198 duodecim
1750 1144 1984 1213 apostoli
2022 1143 2166 1213 apud

599 1233 859 1302 populum
893 1233 947 1286 in
974 1236 1191 1303 templo.
1227 1233 1486 1300 Octavus,
1512 1236 1577 1289 de
1600 1236 1779 1291 verbis
1812 1235 2021 1289 Domini
2046 1252 2166 1305 qua:

602 1323 705 1376 sibi
738 1324 995 1376 videntur
1019 1340 1141 1379 esse
1172 1328 1472 1391 contraria,
1504 1327 1598 1382 sed
1628 1343 1737 1381 non
1762 1335 1929 1392 sunt,
1962 1335 2015 1383 et
2044 1343 2168 1397 quae

600 1412 671 1465 sit
705 1412 898 1466 horum
932 1414 1224 1469 absolutio.
1258 1414 1475 1480 Nonus,
1506 1417 1632 1487 quia
1679 1418 1764 1472 lex
1813 1434 1935 1487 qua:
1978 1432 2010 1470 a
2057 1417 2169 1472 Deo

2270 495 2450 550 facere
2500 512 2707 566 pacem.
2771 497 3059 560 Decimus,
3111 498 3179 553 de
3224 501 3484 555 nativitatc
3524 503 3730 565 hominum

2270 588 2480 640 carnali
2510 596 2563 643 et
2594 589 2660 643 de
2688 591 3035 657 generatione
3064 607 3185 659 quzc
3226 600 3304 645 est
3332 608 3421 661 per
3462 594 3729 666 baptismum,

2271 688 2325 733 et
2353 696 2474 749 quae
2504 682 2577 735 sit
2608 682 2661 735 in
2689 682 2910 736 homine
2932 682 3171 737 carnalis
3201 684 3413 738 seminis
3438 691 3733 752 successio,et

2271 787 2392 840 quze
2430 773 2622 827 animae
2668 774 2788 842 ejus
2817 774 2977 836 ratio,
3008 783 3062 827 et
3092 774 3358 843 quomodo
3401 775 3449 829 in
3479 777 3575 847 ipsa
3598 788 3661 834 est
3688 784 3731 835 li-

2268 865 2454 920 bertas
2477 866 2719 932 arbitrii;
2752 881 2873 937 qua:
2902 867 3161 936 quoniam
3193 883 3296 919 non
3340 878 3417 923 est
3446 870 3642 938 ingenita
3671 875 3733 927 sed

2268 954 2412 1009 facta
2441 964 2559 1021 est,
2592 957 2888 1011 immobilis
2933 972 2963 1009 a
3004 958 3151 1010 bono
3184 973 3305 1012 esse
3346 974 3440 1013 non
3469 969 3655 1029 poterat.
3686 964 3735 1019 De

2269 1046 2354 1101 his
2385 1063 2515 1117 ergo
2538 1049 2765 1120 singulis
2795 1065 2916 1117 qua:
2946 1049 3089 1117 apud
3118 1048 3409 1104 Caesaream
3434 1054 3625 1107 disserta
3649 1064 3735 1110 sunt

2270 1153 2301 1191 a
2332 1137 2514 1202 Petro,
2536 1140 2783 1208 jubente,
2814 1147 2872 1192 ut
2901 1139 3034 1202 dixi,
3070 1138 3189 1208 ipso
3221 1141 3398 1194 decem
3419 1144 3671 1213 conscripta
3689 1146 3732 1199 ad

2269 1234 2327 1288 te
2352 1232 2631 1287 transmisi
2662 1232 2959 1285 volumina.
3010 1229 3122 1284 Nos
3153 1242 3328 1286 autem
3358 1233 3441 1287 die
3469 1245 3667 1302 postera,
3694 1246 3734 1291 ut

2274 1331 2541 1380 statutum
2594 1324 2792 1386 fuerat,
2820 1338 2942 1376 cum
2975 1323 3272 1394 aliquantis
3301 1324 3389 1393 qui
3413 1324 3597 1379 Petrum
3627 1330 3732 1397 sequi

2270 1418 2627 1473 decreverant
2651 1414 2902 1469 fidelibus
2923 1414 3079 1476 viris,
3103 1429 3133 1466 a
3156 1414 3394 1470 Caesarea
3411 1418 3730 1486 proﬁciscimur.

1708 1735 2064 1822 LIBER
2136 1734 2722 1842 QUARTUS.

669 2055 709 2111 1.
752 2054 986 2110 Profecti
1037 2072 1066 2110 a
1112 2055 1359 2112 Caesarea
1408 2064 1467 2111 ut
1495 2056 1758 2128 Tripolim
1792 2074 2166 2130 pergeremus,
2209 2067 2247 2124 Β
2282 2059 2458 2112 tribus
2495 2058 2585 2127 qui
2616 2056 2884 2127 praemissi
2916 2064 3069 2120 sunt,
3110 2056 3239 2125 quia
3272 2071 3299 2107 a
3328 2055 3516 2108 civibus
3540 2070 3615 2124 pro
3635 2055 3730 2111 desi-

600 2149 740 2218 apud
773 2149 968 2201 Doram
1003 2149 1162 2202 breve
1193 2150 1448 2218 Oppidum
1480 2151 1709 2218 primam
1751 2151 1978 2205 fecimus
2007 2168 2164 2204 man-

598 2239 832 2301 sionem,
860 2240 986 2308 quia
1014 2256 1111 2292 nec
1137 2239 1294 2307 longe
1325 2240 1531 2293 aberat.
1582 2238 1647 2290 Et
1675 2254 1865 2292 omnes
1901 2254 2037 2307 pene
2072 2238 2164 2307 qui

598 2347 693 2399 per
729 2346 1032 2385 sermonem
1064 2329 1209 2383 Petri
1242 2331 1607 2392 crediderant,
1640 2331 1823 2385 divelli
1851 2332 1918 2384 ab
1945 2347 2009 2386 eo
2031 2332 2166 2386 satis

596 2442 739 2496 aegre
765 2424 1059 2487 habebant,
1096 2425 1189 2478 sed
1213 2425 1418 2493 pariter
1448 2426 1784 2488 incedentes,
1810 2425 1937 2479 dum
1968 2426 2163 2480 iterum

599 2520 811 2582 videre,
847 2518 1042 2571 iterum
1093 2518 1380 2588 complecti
1426 2519 1617 2586 juvat,
1671 2521 1866 2572 iterum
1917 2518 2165 2575 conferre

598 2626 904 2665 sermonem
935 2651 948 2673 ,
1003 2610 1071 2664 ad
1101 2609 1461 2663 diversorium
1506 2611 1871 2678 pervenimus.
1908 2608 2165 2679 Sequenti

599 2715 724 2753 vero
754 2700 841 2753 die
868 2700 1115 2754 venimus
1144 2696 1555 2761 Ptolomaidcm,
1588 2699 1676 2753 ubi
1707 2698 1892 2753 decem
1926 2699 2042 2753 dies
2066 2702 2160 2753 de-

598 2794 792 2846 morati
822 2808 945 2845 cum
977 2792 1240 2860 aliquanti
1278 2791 1503 2845 verbum
1532 2790 1623 2843 Dei
1653 2792 2009 2860 recepissent,
2029 2808 2163 2844 non-

594 2885 760 2938 nullis
789 2900 976 2939 eorum
999 2925 1012 2947 ,
1046 2884 1139 2953 qui
1179 2884 1493 2937 attentiores
1520 2883 1843 2937 videbantur
1880 2891 1932 2937 et
1961 2884 2165 2937 diutius

594 2976 839 3029 detinere
862 2976 1253 3031 nosdoctrinm
1282 2976 1453 3047 gratia
1483 2976 1798 3046 cupiebant,
1825 2975 2085 3044 Tripolim
2117 2980 2163 3030 si

595 3070 699 3122 hoc
731 3069 898 3122 velint
924 3109 939 3133 ,
973 3076 1034 3122 ut
1074 3076 1433 3138 sequerentur
1460 3067 1844 3123 indicavimus.
1898 3065 2164 3121 Similiter

594 3168 650 3215 ct
677 3160 818 3231 apud
849 3160 1053 3233 Tyrum
1086 3176 1148 3214 ac
1183 3159 1439 3214 Sidonem
1471 3169 1523 3215 et
1553 3159 1803 3230 Berytum
1839 3159 2088 3223 fecimus,
2111 3166 2165 3214 et

595 3254 680 3306 his
726 3252 819 3322 qui
872 3252 1087 3321 plenius
1132 3251 1516 3306 desiderabant
1561 3250 1752 3304 audire
1809 3265 2160 3315 sermonem,

592 3346 737 3415 apud
788 3343 1049 3415 Tripolim
1097 3344 1257 3397 nobis
1299 3343 1643 3397 hiemandum
1692 3342 2157 3397 denuntiaviinus.

2274 2150 2427 2202 derio
2458 2149 2601 2217 quod
2632 2164 2760 2218 erga
2800 2148 3019 2201 Petrum
3067 2155 3457 2216 conceperant,
3494 2163 3579 2201 non
3612 2149 3730 2200 solqu

2268 2243 2519 2311 hospitiis
2543 2242 2635 2295 sed
2680 2250 2735 2293 et
2767 2243 2910 2294 omni
2946 2241 3289 2293 humanitate
3319 2244 3531 2308 suscepti
3558 2240 3668 2300 sint,
3695 2240 3729 2290 in

2267 2339 2476 2384 tantum
2510 2340 2566 2383 ut
2601 2337 2655 2383 et
2701 2331 3169 2383 contristarentur
3203 2330 3471 2398 aliquanti,
3498 2329 3651 2397 quibus
3668 2326 3728 2378 de-

2268 2422 2416 2476 fuere
2462 2436 2603 2490 quos
2660 2421 3034 2490 susciperent;
3070 2422 3148 2475 ita
3198 2422 3340 2475 enim
3386 2436 3547 2473 omnes
3580 2428 3730 2487 paratos

2267 2515 2459 2576 fuisse,
2493 2522 2549 2565 ut
2581 2514 2631 2567 si
2660 2515 2829 2566 multo
2854 2514 3040 2581 plures
3077 2514 3357 2569 venissent
3378 2552 3392 2575 ,
3438 2512 3582 2564 adhuc
3606 2520 3728 2563 tamin

2267 2604 2644 2675 suscipiendos
2675 2605 2845 2674 magis
2876 2620 3039 2675 quam
3094 2606 3449 2674 suscipientes
3480 2603 3609 2656 fuisse
3628 2600 3729 2655 delu-

2268 2714 2445 2759 turos.

2337 2794 2424 2850 Ill.
2467 2794 2643 2863 Super
2676 2792 2762 2847 his
2784 2792 2977 2849 Petrus
3007 2793 3168 2847 valde
3202 2793 3502 2849 delectatus,
3530 2786 3727 2842 collauda-

2264 2890 2342 2944 vit
2374 2896 2427 2942 et
2460 2886 2735 2941 benedixit
2766 2901 2859 2939 eos
2912 2901 2973 2939 ac
3006 2902 3197 2941 secum
3242 2902 3450 2939 manere
3480 2883 3614 2950 jussit.
3637 2878 3721 2947 ipse

2266 2996 2394 3036 vero
2421 2995 2544 3034 cum
2573 2978 2794 3033 lavisset
2821 2978 2874 3031 in
2909 2980 3044 3030 mari
3080 2977 3224 3047 (99),
3243 2978 3362 3031 cibo
3384 2982 3556 3043 sumpto
3576 2969 3720 3039 quievit

2265 3072 2319 3126 in
2355 3084 2600 3140 vespera.
2629 3067 2695 3121 Et
2724 3086 2789 3123 ex
2824 3085 2974 3123 more
3007 3071 3285 3139 pullorum
3308 3070 3530 3123 cantibus
3546 3076 3722 3131 surgens,

2264 3158 2578 3230 vespertino
2603 3158 2779 3213 adhuc
2806 3159 3008 3215 lumine
3039 3160 3387 3229 perdurante,
3409 3165 3593 3211 cunctos
3622 3154 3728 3206 liue-

2266 3254 2347 3307 nit
2381 3254 2701 3325 vigilantes;
2742 3268 2961 3309 eramus
3001 3262 3185 3307 autem
3219 3265 3403 3305 omnes
3427 3264 3529 3303 cum
3552 3262 3600 3299 eo
3625 3242 3728 3297 sede-

2266 3343 2373 3398 cim
2393 3385 2407 3406 ,
2442 3344 2637 3401 Petrus
2665 3354 2719 3400 et
2747 3360 2848 3415 ego
2897 3344 3155 3399 Clemens
3174 3386 3188 3407 ,
3221 3342 3399 3395 Niceta
3426 3346 3473 3392 et
3495 3336 3665 3406 Aquila,
3691 3340 3727 3386 et

594 3436 764 3507 Igitur
794 3452 917 3489 cum
952 3452 1016 3489 ex
1052 3435 1282 3504 singulis
1318 3434 1635 3489 civitatibus
1683 3434 1913 3489 studiosi
1963 3435 2164 3504 quique
2191 3428 2233 3485 C
2267 3436 2344 3490 illi
2374 3437 2467 3506 qui
2510 3444 2903 3508 pneccsserant
2929 3434 3243 3490 duodecim.
3277 3432 3507 3486 Salutans
3527 3431 3664 3495 itaque
3687 3430 3728 3475 ut

593 3531 987 3583 comitarentur
1015 3526 1256 3589 Petrum,
1289 3526 1585 3581 electorum
1609 3526 1899 3580 multitudo
1925 3526 2159 3597 plurima

593 3621 931 3691 ingredimur
977 3617 1258 3688 Tripolim.
1294 3615 1565 3671 Continuo
1594 3625 1774 3672 autem
1819 3626 1946 3672 ante
1974 3624 2160 3686 portas

593 3713 831 3766 civitatis
857 3712 1055 3765 fratres
1086 3710 1178 3780 qui
1206 3711 1471 3780 praemissi
1503 3709 1751 3774 fuerant,
1784 3720 2080 3766 occurrunt
2108 3722 2163 3766 et

596 3805 960 3874 suscipientes
988 3819 1087 3857 nos
1110 3801 1387 3856 adducunt
1434 3818 1531 3873 per
1560 3802 1798 3872 hospitia
1825 3842 1838 3865 ,
1869 3820 1991 3874 qua:
2025 3820 2164 3874 prae-

595 3906 941 3966 paraverant.
976 3894 1282 3949 Commotio
1322 3901 1502 3948 autem
1552 3902 1606 3948 et
1642 3909 1943 3950 concursus
1992 3896 2164 3965 pluri—

596 4006 719 4043 mus
768 3988 930 4042 fiebat
976 3987 1031 4041 in
1076 3976 1333 4051 civitate,
1365 3985 1793 4041 desiderantium
1834 3988 2021 4043 videre
2061 3987 2155 4045 Pe-

597 4090 763 4136 trum.

670 4172 731 4227 ll.
775 4172 838 4224 Et
886 4188 1009 4226 cum
1042 4172 1383 4227 venissemus
1414 4171 1481 4227 ad
1533 4172 1755 4226 domum
1788 4170 2062 4237 Maronis,
2107 4171 2164 4227 in

596 4283 705 4336 qua
738 4266 897 4321 Petro
920 4264 1099 4319 fuerat
1127 4275 1515 4335 praeparatum,
1540 4281 1841 4341 conversus
1863 4266 1931 4319 ad
1952 4267 2160 4331 turbas,

596 4365 723 4429 post
763 4358 904 4412 diem
934 4358 1235 4413 crastinum
1266 4372 1572 4412 sermonem
1600 4374 1659 4412 se
1694 4357 1759 4411 ad
1791 4374 1885 4413 eos
1911 4359 2163 4428 promisit

599 4448 892 4505 facturum.
918 4448 1088 4519 Igitur
1103 4450 1195 4518 qui
1215 4448 1479 4519 praemissi
1506 4448 1721 4503 fuerant
1750 4447 1967 4511 fratres,
1986 4450 2167 4503 omni-

600 4542 705 4597 bus
735 4542 828 4612 qui
860 4542 1143 4597 nobiscum
1168 4548 1431 4597 venerant
1480 4540 1714 4609 hospitia
1757 4541 2025 4596 dividunt.
2061 4540 2166 4597 Pe-

602 4642 721 4687 trus
750 4648 880 4690 vero
904 4632 1144 4687 Maronis
1173 4632 1392 4687 domum
1418 4632 1699 4703 ingressus
1728 4646 1853 4687 cum
1880 4640 2165 4702 rogaretur

601 4726 786 4779 cibum
819 4740 1057 4789 sumere,
1089 4739 1432 4794 nequaquam
1464 4739 1523 4778 se
1552 4721 1824 4777 facturum
1855 4723 2156 4793 respondit,

600 4818 707 4871 nisi
737 4818 887 4885 prius
913 4817 1140 4879 scisset,
1170 4817 1215 4872 si
1240 4831 1431 4870 oumcs
1458 4814 1550 4884 qui
1580 4830 1702 4869 eum
1740 4814 1953 4870 fuerant
1988 4816 2161 4871 comi-

600 4910 702 4964 tati
742 4910 995 4980 hospitiis
1025 4910 1448 4979 requiescerent.
1476 4906 1757 4979 Comperit
1787 4918 1967 4965 autem
1999 4925 2029 4962 a
2053 4909 2163 4963 fra-

2260 3529 2470 3584 solebat
2517 3530 2709 3585 Petrus
2738 3530 2814 3582 ait
2850 3543 2862 3579 :
2905 3526 3077 3581 Hodie
3122 3528 3255 3597 quia
3285 3527 3400 3579 aliis
3427 3521 3628 3591 occupati
3656 3532 3727 3570 non

2261 3636 2450 3674 sumus
2475 3661 2488 3684 ,
2527 3622 2685 3675 nobis
2733 3620 2927 3677 simus.
2974 3618 3038 3673 Et
3087 3634 3194 3690 ego
3228 3617 3432 3688 quidem
3460 3613 3614 3673 vobis,
3643 3621 3723 3676 qua

2260 3711 2405 3780 apud
2465 3710 2769 3766 Ciesaream
2842 3717 2965 3780 post
3029 3709 3337 3779 digressum
3383 3715 3589 3761 vestrum
3628 3710 3727 3769 gesta

2261 3811 2412 3867 sunt,
2440 3803 2743 3869 enarrabo;
2779 3818 2874 3857 vos
2906 3810 3088 3857 autem
3118 3803 3255 3855 mihi
3281 3816 3394 3872 qua:
3420 3799 3497 3852 hic
3523 3813 3545 3849 a
3570 3792 3727 3845 Simone

2262 3902 2576 3965 perpetrata
2607 3900 2755 3959 sunt,
2794 3893 3055 3950 indicate.
3090 3892 3159 3948 Et
3188 3908 3310 3948 cum
3338 3893 3400 3947 de
3427 3891 3503 3943 his
3530 3887 3585 3940 ab
3609 3884 3723 3936 alter-

2263 3998 2389 4043 utro
2418 4002 2599 4043 sermo
2627 3987 2902 4049 ederetur,
2935 3988 3290 4042 illucescente
3317 3986 3399 4039 die
3422 3978 3613 4052 ingressi
3644 3974 3727 4042 qui-

2263 4083 2385 4138 dam
2428 4081 2495 4136 de
2540 4081 2899 4135 familiaribus
2949 4081 3203 4135 nuntiant
3242 4079 3423 4137 Petro,
3454 4071 3571 4144 quod
3596 4068 3725 4119 Simon

2263 4175 2354 4229 ubi
2373 4190 2495 4229 eum
2525 4174 2809 4227 didicisset
2850 4174 3183 4243 ingressum,
3206 4188 3299 4243 per
3318 4177 3509 4225 noctem
3529 4160 3728 4235 profectus

2263 4274 2409 4320 esset
2458 4264 2671 4336 Syriam
2722 4265 2973 4320 tendens.
3018 4263 3218 4319 Turba:
3253 4268 3421 4317 autem
3460 4250 3727 4345 diemhaur.

2263 4358 2552 4429 inquiunt,
2609 4372 2772 4428 quam
2816 4357 3202 4426 interposuisti
3253 4356 3362 4416 eis,
3414 4344 3636 4404 desiderio
3673 4346 3725 4391 tiu

2266 4451 2644 4521 longissimum
2690 4449 2797 4503 sibi
2839 4465 2962 4504 esse
2994 4458 3212 4519 tempus
3240 4447 3525 4516 opinantur,
3564 4431 3729 4499 deum“

2266 4554 2376 4598 non
2408 4540 2644 4597 ferentes
2691 4547 2840 4596 stant
2889 4548 3017 4595 ante
3054 4524 3312 4609 januam,
3338 4538 3467 4591 inter
3492 4546 3541 4587 se
3563 4527 3726 4582 invicem

2264 4635 2333 4689 de
2359 4634 2444 4689 his
2472 4648 2592 4704 qua:
2645 4633 2835 4687 audire
2862 4633 3093 4703 cupiunt
3116 4632 3472 4689 conferentes,
3499 4630 3545 4677 et
3573 4628 3615 4673 te
3643 4621 3727 4669 ante

2268 4726 2595 4798 prmiinitum
2626 4734 2842 4795 tempus
2877 4726 3207 4781 omnimodis
3237 4741 3293 4781 se
3317 4723 3509 4777 visuros
3549 4710 3724 4802 sperati}.

2264 4796 2582 4891 quantoque
2628 4820 2802 4888 magis
2827 4817 2946 4874 dies
2971 4818 3226 4873 clarescit
3253 4808 3582 4870 multitudines
3611 4796 3721 4896 colll'

2268 4920 2504 4984 guntur,
2538 4919 2593 4967 et
2624 4911 2909 4966 audituros
2961 4926 3021 4966 se
3066 4922 3363 4966 sermonem
3404 4911 3565 4962 tuum.
3595 4900 3724 4947 “35°”

1892 5082 2257 5141 COTELERll
2295 5084 2525 5141 ΝΟΤᾸΞ.

675 5248 787 5319 (99)
832 5246 955 5319 Ipse
978 5260 1245 5319 ueroeam
1271 5243 1480 5319 iniisse!
1511 5244 1564 5297 in
1595 5241 1921 5319 vitari._V_ide
1950 5244 2172 5319 omnino

605 5318 663 5376 S.
683 5313 1090 5389 Epiph‘aniunt,‘
1104 5315 1291 5389 bteresi
1321 5316 1410 5379 50,
1436 5330 1583 5389 num.
1703 5313 1789 5378 15,
1818 5313 1909 5374 21.
1938 5324 1991 5368 et
2018 5315 2088 5367 ab
2108 5331 2173 5369 eo

604 5380 867 5451 monitus,
901 5380 1205 5441 Ebionitica
1237 5386 1363 5439 hrcc‘
1393 5393 1447 5439 et
1500 5385 1700 5440 similia
1742 5400 1863 5452 qua!
1903 5400 2011 5438 non
2048 5400 2175 5438 raro

601 5465 901 5514 occurrunt
949 5459 1005 5511 in
1037 5456 1515 5525 Recognilionibus,
1551 5454 1793 5523 Epitome
1838 5461 1893 5525 et
1922 5452 2175 5525 Clemen-

604 5532 751 5591 tim‘s,
784 5535 942 5584 caute
968 5529 1154 5597 legito.
1178 5524 1335 5583 Alias
1361 5528 1542 5581 lavare
1560 5540 1789 5597 manus,
1827 5524 2042 5597 faciem,
2088 5540 2171 5597 os,

603 5602 791 5671 pedes,
842 5595 1285 5671 totnm'corpus,
1330 5598 1515 5671 certis
1540 5596 1754 5671 diebus,
1788 5602 1888 5671 aut
1925 5595 2175 5663 singulis,

605 5663 700 5723 aut
732 5670 1015 5739 smpiusin
1046 5663 1181 5729 d'cf
1206 5684 1269 5721 ac
1314 5668 1550 5723 definitis
1604 5666 1774 5727 horis,
1837 5663 2170 5739 idque__post

561 5741 573 5753 '
606 5736 885 5805 Sumuuin,
930 5746 1053 5810 post
1103 5739 1474 5803 concubitum,
1518 5743 1643 5793 ante
1697 5743 1749 5791 et
1796 5744 1918 5805 post
1964 5736 2167 5803 cibum,

2278 5254 2401 5300 ante
2445 5260 2655 5316 preces.
2691 5245 3332 5316 anteireconciliationern
3379 5239 3435 5316 in.
3460 5219 3717 5316 ρωξιίξεηξξξξ

2277 5327 2400 5397 ante
2430 5306 3178 5408 sqmptionemJEucharistiae
3210 5333 3223 5368 :
3272 5312 3397 5408 bzeq,
3424 5306 3719 5408 ίιιιιιὶῗιῐένίέίζς

2276 5364 2398 5467 aa:
2426 5364 3242 5469 gangraena;'t'iira'uéz
3268 5364 3701 5469 εςηξῖιξξξεζεξέξξῖξξ

2276 5437 2493 5538 aena
2514 5437 3330 5544 saepe.“eeiaawfm
3350 5444 3595 5544 usus:
3610 5437 3716 5544 at

2270 5512 2539 5616 .Pieraieni
2574 5542 2681 5581 non
2726 5512 2947 5616 laedunt,
2993 5526 3102 5579 imo
3132 5512 3714 5616 adjuvar‘e'pqs‘sunntés:

2276 5583 2479 5651 bonum
2512 5596 2668 5650 finem
2710 5583 3034 5667 dirigantur.
3071 5611 3171 5649 nec
3198 5583 3537 5661 Superstitiosc
3562 5588 3610 5627 ac
3640 5583 3661 5622 ν

2277 5670 2353 5721 uti
2395 5667 2462 5722 ad
2492 5669 2723 5724 salutem
2755 5666 3061 5722 necessaria
3086 5670 3412 5737 usurpentur.
