4030 6342
317 239 453 294 1517

1440 238 2003 295 RECOGNITIONUM
2043 241 2169 299 LIB.
2209 242 2296 299 IV.

3412 249 3550 309 ms

314 351 460 405 unde
490 359 885 420 praesumentes
916 351 1223 407 certissime
1250 349 1550 407 conﬁdunt.
1572 351 1727 405 Nunc
1756 366 1886 422 ergo
1915 356 1960 412 Α
1987 362 2035 406 et
2074 353 2438 421 prudentibus,
2466 364 2515 409 et
2556 354 2798 409 revelasti
2826 371 2887 408 ea
2915 354 3148 423 parvulis
3177 356 3239 411 ".
3264 354 3368 412 Per
3408 361 3553 429 quod

313 443 461 515 quod
492 445 592 497 tibi
622 443 857 507 videtur,
886 444 1017 513 jube
1048 454 1106 498 ut
1134 445 1380 499 dicamus
1424 446 1537 511 eis;
1586 444 1886 498 absurdum

312 551 550 605 namque
594 546 677 591 est
729 545 936 591 tantam
998 537 1406 593 multitudinem
1456 537 1780 591 convenisse
1834 543 1887 590 et

308 626 595 680 discedere
644 640 768 679 cum
820 628 1084 682 maestitia
1110 668 1124 691 ,
1168 628 1367 697 quippe
1413 628 1459 681 si
1502 642 1763 697 responsa
1806 625 1886 681 eis

308 718 463 773 nulla
518 717 840 773 reddantur.
885 706 1003 773 Non
1043 719 1191 773 enim
1229 719 1547 789 eogitabunt
1594 718 1740 788 quod
1779 716 1885 788 ipsi

308 813 579 865 statutum
622 825 727 863 non
762 810 1206 879 exspectaverint
1235 809 1378 864 diem
1402 849 1417 873 ,
1451 809 1547 864 sed
1587 812 1732 880 quod
1770 823 1800 861 a
1831 814 1884 862 te

308 905 484 974 magis
517 904 807 957 videantur
835 918 958 957 esse
994 901 1310 970 contempti.

380 993 471 1050 lV.
513 993 651 1047 Tum
693 992 894 1048 Petrus
927 993 1205 1047 admirans
1244 993 1355 1046 ait:
1385 991 1628 1059 Videtis,
1662 993 1878 1061 fratres,

300 1087 578 1155 quomodo
629 1086 1011 1155 unusquisque
1056 1099 1234 1140 sermo
1282 1083 1497 1138 Domini
1567 1087 1881 1156 prophetice

298 1179 484 1234 dictus
518 1180 797 1248 impletur.
831 1178 1051 1232 Memini
1081 1178 1228 1231 enim
1252 1176 1461 1233 dixisse
1492 1194 1613 1232 eum
1646 1198 1656 1232 :
1685 1179 1876 1233 Messi:

295 1271 510 1340 quidem
561 1270 766 1334 multa,
796 1272 1026 1338 operarii
1069 1282 1242 1325 autent
1286 1272 1462 1340 pauci.
1517 1270 1716 1341 Rogate
1755 1290 1877 1344 ergo

293 1363 569 1415 dominum
622 1366 837 1425 messis,
908 1371 965 1414 ut
1015 1362 1192 1431 ejiciat
1245 1364 1510 1432 operarios
1554 1364 1605 1416 in
1659 1380 1876 1418 messem

291 1472 451 1508 suam
471 1455 533 1509 ¹².
568 1453 707 1509 Ecce
730 1469 861 1523 ergo
890 1469 1037 1507 nunc
1078 1469 1201 1524 qua:
1228 1454 1281 1507 in
1327 1462 1589 1525 mysterio
1620 1456 1873 1523 praedicta

290 1555 446 1609 sunt,
480 1546 868 1614 adimplentur.
905 1544 1009 1599 Sed
1036 1553 1090 1600 et
1117 1547 1261 1615 quod
1294 1546 1466 1601 dixit:
1491 1546 1652 1601 Multi
1676 1549 1874 1602 venient

288 1637 359 1691 ab
392 1638 591 1692 oriente
617 1647 668 1692 et
705 1638 1004 1696 occidente.
1036 1656 1068 1691 ιι
1097 1640 1444 1706 septentrione
1474 1649 1524 1694 et
1556 1640 1792 1704 meridie,
1822 1648 1870 1693 et

1989 444 2177 514 utique
2206 445 2533 509 declaratur,
2573 448 2698 516 quia
2732 445 3076 500 llebrmorum
3108 448 3335 516 populus
3364 451 3454 518 qui
3484 467 3549 505 ex

1988 534 2103 604 lege
2148 535 2393 591 eruditus
2434 545 2518 590 est
2544 576 2557 597 ,
2608 536 2873 606 ignoravit
2910 551 3061 598 eum,
3104 538 3334 608 populus
3366 549 3547 596 autem

1984 625 2222 694 gentium
2254 627 2471 697 agnovit
2504 625 2687 681 Jesum
2719 634 2772 682 et
2806 635 3119 694 veneratur,
3154 638 3376 700 propter
3404 634 3545 702 quod

1983 725 2037 772 et
2079 719 2415 782 salvabitur,
2462 734 2568 771 non
2618 719 2794 773 solum
2840 734 3142 789 agnoscens
3190 713 3333 785 eum,
3359 724 3450 777 sed
3494 733 3550 778 et

1982 809 2317 864 voluntatem
2368 808 2487 879 ejus
2538 810 2764 865 faciens.
2804 808 2972 865 Debet
3021 820 3200 865 autem
3247 812 3294 868 is
3340 815 3433 882 qui
3478 831 3546 870 ex

1983 899 2237 968 gentibus
2278 908 2395 967 est,
2444 909 2497 955 et
2526 917 2588 955 ex
2625 901 2734 956 Deo
2762 901 2960 968 habet,
3006 911 3066 956 ut
3096 904 3284 974 diligat
3319 903 3503 959 Jesum
3527 947 3544 973 ,

1980 991 2184 1059 proprii
2210 991 2409 1046 habere
2438 993 2731 1063 prepositi,
2762 1003 2818 1047 ut
2839 994 3025 1049 credat
3048 1002 3101 1049 et
3128 994 3317 1066 Moysi.
3342 996 3408 1050 Et
3432 1013 3548 1050 rure

1981 1097 2075 1137 sus
2107 1081 2365 1138 Hebraeus
2408 1084 2501 1153 qui
2542 1100 2609 1138 ex
2656 1084 2764 1140 Deo
2792 1086 2983 1151 habet,
3019 1095 3077 1141 ut
3126 1086 3312 1142 credat
3343 1087 3541 1160 Moysi,

1978 1175 2179 1229 habere
2222 1176 2381 1230 debet
2402 1184 2455 1230 et
2483 1192 2549 1230 ex
2579 1178 2859 1247 proposito
2890 1194 2989 1233 suo
3010 1218 3025 1243 ,
3063 1186 3120 1233 ut
3158 1180 3345 1235 credat
3372 1182 3427 1236 in
3455 1181 3545 1236 Je-

1975 1279 2130 1328 Sum,
2166 1275 2225 1319 ut
2272 1258 2649 1338 unusquisque
2691 1284 2880 1323 eorum
2926 1269 3133 1325 habens
3180 1272 3235 1326 in
3277 1288 3336 1328 se
3393 1275 3539 1330 aliud

1975 1354 2146 1408 divini
2191 1357 2470 1423 muneris,
2517 1358 2663 1412 aliud
2715 1360 2950 1429 propria:
2998 1360 3317 1429 industria,
3364 1364 3434 1418 sit
3474 1381 3541 1419 et

1978 1454 2208 1516 utroque
2240 1447 2535 1517 perfectus.
2584 1448 2661 1503 De
2697 1450 2790 1503 tali
2828 1450 2972 1505 enim
3018 1451 3233 1506 dicebat
3279 1452 3542 1513 Dominus

1971 1543 2157 1590 noster
2202 1552 2320 1591 νιτο
2371 1541 2538 1595 divite
2569 1554 2585 1570 ’
2639 1539 2742 1605 Qui
2784 1539 2982 1611 profert
3024 1542 3088 1596 de
3129 1542 3389 1597 thesauris
3432 1548 3543 1599 suis

1974 1644 2106 1682 nova
2136 1638 2185 1683 et
2222 1638 2393 1684 vetera
2419 1630 2486 1686 ι⁸⁵.

285 1731 588 1783 rerumbent
622 1731 677 1783 in
721 1729 923 1783 sinibus
946 1728 1216 1782 Abraham
1249 1740 1297 1784 et
1341 1729 1497 1783 Isaac
1523 1740 1571 1784 et
1593 1729 1761 1784 Jacob
1784 1732 1863 1798 ¹³;
1906 1688 1944 1743 Β
2044 1721 2131 1779 Vl.
2174 1720 2278 1776 Sed
2323 1724 2391 1779 de
2420 1724 2505 1779 his
2529 1723 2664 1779 satis
2694 1724 2932 1791 dictum;
2964 1732 3119 1795 urget
3147 1726 3291 1781 enim
3319 1734 3537 1797 tempus

283 1820 457 1873 etiam
512 1819 613 1873 hoe
657 1820 884 1888 pariter,
935 1826 994 1872 ut
1038 1818 1265 1883 videtis,
1313 1821 1581 1889 expletur.
1635 1818 1868 1890 Propter

285 1910 439 1977 quod
460 1910 723 1979 deprecor
761 1925 860 1964 vos
894 1925 1192 1964 conservos
1214 1917 1269 1965 et
1298 1911 1577 1980 adjutores
1608 1926 1779 1975 meos,
1807 1919 1866 1966 ut

284 2000 517 2054 diseatis
549 2003 810 2055 attentius
838 2000 1165 2069 praedicandi
1212 2002 1459 2056 ordinem
1492 2015 1545 2056 et
1576 2002 1867 2058 absolutio-

282 2108 420 2145 num
456 2093 605 2151 vias,
661 2102 717 2146 ut
768 2093 992 2161 possitis
1035 2094 1246 2149 salvare
1294 2096 1507 2150 animas
1543 2095 1861 2163 hominum,

281 2200 408 2254 ("ne
448 2185 664 2237 occulta
717 2183 809 2238 Dei
865 2185 1064 2240 virtute
1110 2202 1268 2254 quem
1314 2186 1547 2241 debeant
1604 2188 1858 2258 diligere,

282 2277 441 2345 prius
487 2278 648 2329 etiam
697 2292 864 2346 quam
914 2276 1215 2332 doceantur
1267 2290 1590 2347 agnoscunt.
1656 2272 1877 2337 Videtis

280 2368 432 2420 enim
455 2383 549 2421 eos
576 2368 734 2437 quasi
768 2368 938 2423 bonos
972 2384 1159 2423 servos
1189 2368 1502 2425 desiderare
1528 2388 1674 2437 eum,
1700 2390 1860 2443 quem

283 2458 389 2513 sibi
419 2468 643 2528 sperant
674 2459 969 2514 adventum
998 2460 1082 2515 sui
1116 2459 1329 2515 Domini
1357 2464 1632 2527 nuntiare,
1658 2475 1715 2519 ut
1737 2480 1862 2534 pos-

280 2552 395 2605 sint
418 2552 749 2606 voluntatem
782 2553 903 2622 ejus
933 2568 1055 2607 cum
1087 2552 1383 2608 didicerint
1427 2554 1664 2624 implere.
1706 2554 1858 2610 Desi-

280 2642 497 2697 derium
543 2643 734 2713 ergo"
783 2644 1041 2698 audiendi
1090 2645 1239 2698 verbi
1284 2643 1378 2697 Dei
1427 2651 1482 2698 et
1527 2645 1857 2700 voluntatem

278 2735 404 2801 ejus
436 2737 709 2805 qurerendi
763 2754 827 2793 ex
867 2737 975 2793 Deo
1005 2739 1234 2803 habent,
1286 2748 1341 2794 et
1378 2740 1480 2794 hoc
1506 2747 1592 2795 est
1641 2742 1856 2797 initium

277 2828 411 2882 doni
463 2828 554 2883 Dei
584 2830 730 2899 quod
777 2831 1035 2901 gentibus
1062 2832 1243 2897 datur,
1279 2839 1338 2885 ut
1370 2834 1585 2902 possint
1622 2849 1716 2903 per
1753 2833 1857 2890 hoc

276 2918 585 2972 doctrinam
619 2922 862 2988 recipere
891 2921 1164 2977 veritatis.

1968 1819 2022 1867 et
2055 1814 2239 1883 populi
2271 1814 2524 1883 religiosa
2556 1814 2772 1869 devotio
2798 1816 2991 1869 invitat
3020 1832 3151 1882 nos,
3184 1818 3251 1871 ad
3285 1818 3431 1887 ipsos
3454 1819 3536 1871 fa-

1966 1918 2087 1958 cere
2111 1920 2438 1961 sermonem.
2464 1906 2527 1959 Et
2551 1923 2673 1960 cum
2698 1907 2811 1962 haec
2830 1907 3087 1973 dixisset,
3108 1910 3416 1979 requirebat
3440 1911 3532 1965 ubi

1964 2006 2303 2065 opportunus
2320 2006 2462 2053 esset
2482 1999 2634 2053 locus
2653 1998 2717 2052 ad
2741 2000 3151 2069 disputandum.
3171 1999 3233 2053 Et
3251 2000 3399 2053 Maro
3419 2002 3493 2054 ait
3516 2021 3530 2055 :

1964 2086 2060 2141 Est
2090 2089 2219 2142 mihi
2245 2089 2386 2145 mdes
2404 2091 2761 2161 amplissima,
2783 2108 2903 2161 qua:
2929 2092 3051 2161 plus
3073 2108 3236 2162 quam
3258 2093 3527 2163 quingen-

1965 2187 2049 2234 tos
2080 2181 2308 2250 recipiat
2338 2182 2513 2244 viros,
2547 2191 2630 2237 est
2659 2192 2714 2237 et
2742 2184 2937 2239 hortus
2965 2185 3106 2238 intra
3136 2184 3355 2240 domum
3386 2205 3401 2253 ;
3433 2196 3529 2241 aut

1964 2272 2009 2327 si
2056 2272 2108 2325 in
2143 2273 2360 2342 publico
2390 2275 2573 2343 aliquo
2608 2276 2783 2343 placet
2814 2276 2962 2339 loco,
2998 2276 3100 2329 hoc
3131 2278 3302 2347 magis
3334 2293 3523 2333 omnes

1960 2361 2308 2428 desiderant,
2344 2379 2503 2419 nemo
2528 2366 2671 2422 enim
2706 2374 2826 2429 est,
2858 2367 2948 2435 qui
2979 2382 3086 2419 non
3117 2369 3302 2436 cupiat
3329 2370 3411 2421 vel
3447 2368 3529 2423 fa-

1959 2456 2097 2509 ciem
2121 2463 2268 2510 tuam
2284 2456 2466 2513 videre
2495 2466 2725 2513 tantum.
2754 2458 2817 2511 Et
2845 2457 3039 2514 Petrus
3066 2481 3077 2514 :
3107 2460 3343 2515 Ostende
3371 2463 3525 2527 mihi,

1961 2546 2162 2618 inquit,
2211 2548 2381 2605 aedem
2415 2551 2495 2605 vel
2527 2551 2768 2607 hortum.
2813 2550 2875 2605 Et
2927 2568 3051 2605 cum
3093 2554 3317 2608 vidisset
3355 2555 3545 2618 :edem,
3592 2544 3595 2545 ν

1958 2638 2361 2709 ingrediebatur
2414 2650 2473 2695 ut
2517 2650 2570 2696 et
2609 2643 2824 2697 hortum
2849 2645 3199 2714 perspiceret,
3244 2655 3293 2701 et
3341 2650 3522 2701 subito

1957 2733 2136 2788 omnis
2163 2734 2450 2789 multitudo
2478 2736 2635 2806 quasi
2665 2737 2732 2790 ab
2772 2738 2957 2804 aliquo
2986 2748 3238 2799 evocata,
3282 2755 3402 2792 cum
3443 2742 3525 2795 fe—

1956 2823 2249 2880 stinatione
2276 2826 2521 2897 ingressa
2550 2838 2635 2881 est
2659 2828 2901 2892 domum,
2936 2837 3098 2898 atque
3140 2830 3264 2883 inde
3295 2831 3360 2883 ad
3391 2832 3522 2883 hur-

1959 2924 2070 2969 tum
2099 2919 2383 2988 prorupit,
2417 2919 2509 2973 ubi
2535 2919 2647 2987 jam
2675 2920 2853 2973 stabat
2883 2920 3078 2977 Petrus
3100 2960 3114 2983 ,
3148 2922 3508 2978 considerans

348 3009 413 3064 V.
457 3010 547 3065 Sic
574 3013 717 3066 enim
750 3020 802 3065 et
838 3011 1189 3067 Hebraeorum
1233 3014 1433 3083 populo
1461 3028 1527 3067 ex
1572 3012 1731 3068 initio
1758 3012 1853 3067 da-
1878 3014 1922 3077 ο
1954 3009 2077 3079 quis
2103 3017 2248 3064 esset
2278 3017 2439 3079 aptus
2470 3010 2535 3063 ad
2565 3009 2954 3080 disputandum
2988 3012 3161 3067 locus.

276 3111 395 3155 tum
438 3110 555 3164 est,
594 3110 653 3156 ut
684 3103 977 3171 diligerent
1006 3103 1229 3174 Moysen
1271 3111 1325 3157 et
1370 3103 1654 3159 crederent
1688 3104 1853 3159 verbo

271 3191 414 3258 ejus.
438 3190 616 3263 [Unde
643 3204 696 3248 et
726 3194 987 3263 scriptum
1017 3202 1100 3249 est
1132 3213 1147 3249 ε
1174 3193 1408 3249 Credidit
1431 3195 1652 3264 populus
1666 3195 1773 3248 Deo
1802 3204 1853 3250 et

273 3283 454 3355 Moysi
482 3285 686 3354 famulo
717 3286 831 3355 ejus
864 3288 928 3342 ¹⁵.
954 3286 971 3358 ]
1001 3285 1157 3352 Quod
1188 3303 1327 3358 ergo
1358 3287 1456 3341 fuit
1486 3288 1695 3357 pr0prii
1729 3303 1850 3341 mu-

271 3378 424 3432 neris
468 3393 499 3430 a
548 3377 657 3432 Deo
698 3394 828 3449 erga
874 3379 1227 3434 Hebraeorum
1270 3388 1521 3450 gentem,
1562 3379 1665 3433 hoc
1703 3394 1851 3434 nunc

269 3469 523 3525 videmus
554 3470 673 3524 dari
706 3472 870 3527 etiam
905 3472 995 3527 his
1028 3471 1125 3542 qui
1152 3487 1221 3526 ex
1251 3472 1509 3542 gentibus
1539 3486 1851 3526 convocan-

271 3568 365 3613 tur
398 3561 463 3615 ad
498 3560 677 3617 fidem.
721 3561 957 3632 Operum
995 3579 1125 3618 vero
1166 3564 1306 3617 ratio
1336 3562 1587 3632 potestati
1617 3572 1671 3617 et
1702 3561 1850 3617 arbi-

267 3652 375 3705 trio
411 3653 846 3724 uniuscujusque
885 3655 1242 3724 permittitur,
1274 3662 1329 3710 et
1360 3654 1465 3709 hoc
1496 3655 1735 3725 ipsorum
1763 3662 1850 3710 est

268 3742 552 3812 proprium
580 3784 595 3806 ,
651 3742 1022 3816 [desiderium
1076 3762 1207 3801 vero
1247 3747 1447 3802 habere
1490 3762 1616 3818 erga
1657 3747 1848 3803 docto-

267 3848 383 3886 rem
418 3834 717 3907 veritatis.]
760 3836 863 3891 hoc
912 3852 942 3891 a
982 3837 1144 3892 Patre
1194 3838 1403 3894 cmlesti
1442 3838 1702 3895 donatum
1737 3848 1844 3896 est.

270 3921 376 3977 Sed
411 3925 560 3981 salus
584 3927 638 3980 in
667 3943 732 3982 eo
749 3938 831 3985 est
864 3938 923 3983 ut
951 3931 1287 3986 voluntatem
1318 3931 1471 4001 ejus,
1506 3932 1664 4002 cujus
1694 3948 1845 3989 amo-

267 4027 380 4066 rem
430 4022 483 4068 et
522 4015 852 4073 desiderium
895 4018 1006 4073 Deo
1052 4019 1316 4089 largiente
1364 4020 1716 4090 conceperis,
1763 4017 1845 4073 fa-

265 4103 417 4170 cias;
452 4122 519 4160 ne
546 4107 764 4162 dicatur
792 4109 861 4164 ad
894 4117 948 4165 te
983 4110 1074 4165 ille
1103 4126 1282 4165 sermo
1308 4110 1429 4177 eius
1458 4126 1621 4181 quem
1663 4111 1799 4165 dixit
1825 4131 1838 4167 :

264 4192 409 4258 Quid
444 4192 619 4250 autem
655 4196 833 4254 dicitis
862 4200 1033 4255 mihi:
1066 4199 1315 4266 Domine,
1352 4200 1602 4266 Domine,
1633 4210 1683 4256 et
1737 4218 1842 4255 non

265 4284 446 4351 facitis
476 4305 593 4357 qua:
624 4289 742 4344 dico
773 4292 815 4322 “
846 4291 1030 4364 (100)?
1077 4291 1174 4348 Est
1198 4308 1328 4363 ergo
1360 4292 1565 4364 proprii
1595 4295 1837 4349 muneris

2023 3098 2132 3153 \‘ll.
2178 3098 2251 3154 Ut.
2280 3106 2460 3155 autem
2502 3100 2636 3154 vidit
2679 3100 2869 3155 turbas
2914 3102 3059 3156 velut
3097 3103 3333 3172 ingentis
3371 3104 3520 3160 ﬂuvii

1953 3189 2251 3247 inundasse
2281 3193 2455 3247 lenem
2489 3198 2723 3246 meatum
2748 3231 2764 3256 ,
2797 3192 3099 3249 ascendens
3133 3210 3297 3264 supra
3346 3197 3518 3251 basim

1950 3283 2240 3353 quamdam
2262 3326 2276 3348 ,
2311 3299 2431 3354 qua:
2464 3283 2605 3338 forte
2629 3284 2786 3353 juxta
2820 3284 2959 3340 horti
2989 3286 3248 3355 parietem
3299 3290 3514 3354 stabat,

1950 3376 2127 3445 primo
2159 3376 2439 3446 religionis
2476 3392 2626 3431 more
2661 3378 2919 3447 pOpulum
2958 3379 3233 3433 salutavit.
3278 3380 3509 3447 Quidam

1949 3464 2129 3522 autem
2154 3484 2217 3523 ex
2248 3469 2436 3539 bisqui
2458 3469 2705 3533 aderant,
2736 3478 2786 3522 et
2806 3470 2977 3524 multo
3006 3479 3249 3540 tempore
3267 3488 3295 3525 a
3314 3473 3518 3528 daemo-

1948 3562 2109 3616 nibus
2133 3560 2346 3615 fuerant
2380 3560 2610 3631 fatigati,
2634 3560 2686 3614 in
2704 3568 2850 3615 terra
2881 3571 3148 3631 proruunt
3171 3563 3515 3619 obsecranti-

1947 3651 2049 3706 bus
2074 3650 2359 3722 spiritibus
2384 3650 2697 3714 immundis,
2715 3658 2774 3705 ut
2792 3651 2875 3706 vel
2901 3667 3010 3706 uno
3035 3651 3121 3707 die
3138 3652 3512 3724 indulgeretur

1945 3740 2025 3796 eis
2054 3739 2109 3794 in
2139 3739 2381 3795 obsessis
2409 3738 2732 3809 corporibus
2764 3753 3081 3808 permanere
3109 3756 3123 3804 ;
3153 3755 3290 3809 quos
3318 3738 3511 3797 Petrus

1944 3832 2236 3902 increpans
2262 3830 2427 3899 jussit
2458 3829 2754 3884 abscedere
2773 3868 2788 3893 ,
2819 3838 2873 3884 et
2905 3830 3024 3885 sine
3052 3844 3203 3884 mora
3235 3830 3510 3888 discesse-

1943 3931 2091 3978 runt.
2122 3922 2251 3978 Post
2284 3922 2385 3977 hos
2414 3922 2506 3975 alii
2536 3921 2713 3990 longis
2748 3919 2930 3975 amicti
2964 3921 3322 3991 languoribus
3351 3938 3509 3995 roga.

1943 4017 2075 4071 bant
2105 4014 2325 4069 Petrum
2345 4054 2359 4078 ,
2396 4020 2452 4067 ut
2481 4012 2789 4083 reciperent
2816 4012 3141 4078 sanitatem,
3175 4027 3273 4082 pro
3301 4013 3503 4082 quibus

1938 4123 2003 4164 se
2051 4106 2481 4177 supplicaturum
2535 4101 2761 4157 Domino
2810 4101 3117 4171 pollicetur,
3165 4116 3290 4155 cum
3337 4103 3513 4172 prius,

1938 4192 2391 4255 sermod’octrina:
2406 4192 2600 4247 fuisset
2629 4191 2898 4261 expletus.
2934 4190 3039 4245 Sed
3068 4190 3250 4245 statim
3285 4199 3345 4245 ut
3372 4205 3504 4261 pro-

1940 4289 2119 4352 misit,
2151 4284 2505 4356 languoribus
2536 4283 2762 4339 resoluti
2793 4290 2949 4346 sunt,
2976 4282 3211 4351 etjussit
3233 4298 3327 4337 eos
3352 4298 3506 4338 seoro

262 4390 294 4429 a
322 4374 435 4432 Deo
461 4356 711 4436 concessi
766 4356 1041 4446 Hebraeis,
1080 4392 1139 4437 ut
1170 4356 1340 4454 Movsi
1361 4356 1631 4451 credant,
1661 4384 1835 4455 genti-
1864 4356 1908 4412 θ
1937 4382 2041 4438 sim
2079 4377 2318 4433 residere
2360 4390 2483 4430 eum
2537 4374 2652 4437 his,
2701 4374 2794 4443 qui
2844 4388 2874 4426 a
2918 4374 3257 4428 dasmonibus
3288 4373 3505 4429 fuerant

264 4463 365 4519 bus
397 4475 575 4522 autem
604 4508 620 4535 ,
653 4478 711 4523 ut
739 4469 924 4527 Jesum
955 4472 1203 4542 diligant.
1239 4471 1352 4526 Hoc
1380 4473 1524 4526 enim
1558 4472 1835 4526 indicabat

259 4562 312 4608 et
340 4556 619 4628 Magister,
650 4562 742 4615 ubi
773 4563 848 4616 ait
874 4578 887 4615 :
920 4562 1221 4632 Conﬁtebor
1248 4562 1363 4628 tibi,
1396 4563 1585 4628 Pater,
1607 4562 1828 4618 Domine

260 4650 374 4703 creti
413 4660 461 4705 et
505 4663 659 4708 terra:
685 4655 782 4725 (Ι),
812 4657 939 4726 quia
976 4656 1253 4709 occultasti
1284 4655 1394 4710 hate
1430 4672 1463 4713 α
1507 4653 1829 4723 sapientibus

1937 4467 2144 4527 curati,
2194 4463 2350 4534 quasi
2401 4470 2524 4533 post
2580 4461 2782 4517 laboris
2835 4461 3232 4531 fatigationem.
3288 4462 3503 4518 Interea

1935 4557 2063 4611 dum
2116 4555 2229 4608 hzec
2279 4559 2532 4623 aguntur,
2585 4550 2818 4621 plurima
2868 4550 3161 4605 multitudo
3206 4553 3499 4616 convenit,

1934 4663 2074 4718 quos
2102 4662 2211 4700 non
2244 4645 2420 4701 solum
2451 4642 2785 4697 desiderium
2837 4640 3019 4709 Petri,
3064 4642 3160 4698 sed
3200 4655 3254 4697 et
3293 4643 3500 4697 sanita-

323 4834 364 4864 ¹²
398 4830 585 4888 Matth.
621 4849 707 4897 tx,
743 4833 832 4896 57,
865 4833 953 4888 58.
1032 4834 1075 4865 ¹³
1099 4833 1234 4890 Luc.
1263 4846 1399 4893 xm,
1428 4829 1865 4898 29;Matth.vm,
1896 4829 1980 4883 il.
2059 4828 2102 4858 “
2134 4824 2601 4898 Desideriumergo
2629 4830 2683 4877 et
2712 4836 2834 4898 sq_q_._
2874 4810 3337 4898 usqueadﬁnem
3370 4837 3491 4898 cap.

259 4901 291 4956 5
316 4919 421 4958 non
448 4902 700 4974 leguntur
728 4904 784 4959 in
813 4903 975 4961 codd.
1003 4901 1183 4974 Lipss.
1263 4903 1305 4933 ¹¹⁵
1329 4901 1503 4956 Exod.
1534 4916 1647 4967 xw,
1676 4900 1764 4955 3t.

1843 4901 1886 4931 “
1910 4898 2046 4953 Luc.
2078 4914 2153 4962 v1,
2189 4897 2278 4951 46.

2360 4896 2398 4926 ¹⁷
2432 4890 2622 4949 Matth.
2649 4907 2729 4958 ιι,
2764 4890 2855 4948 25.
2961 4892 3003 4923 ¹⁸
3025 4890 3215 4947 Matth.
3250 4908 3367 4955 xm,
3400 4890 3488 4945 52.

1554 5080 1920 5137 COTELERII
1953 5077 2182 5135 NOTAE.

327 5225 474 5297 (100)
515 5224 653 5291 Quid
684 5234 855 5297 autem
912 5224 1086 5279 dicitis
1135 5224 1302 5297 mihi,
1379 5222 1630 5297 Domine,
1700 5230 1807 5297 etc.

254 5293 410 5350 Luca:
444 5293 518 5358 vt,
545 5297 614 5350 46
645 5316 656 5349 :
691 5296 833 5348 Τίδέ
854 5310 919 5365 με
946 5297 1176 5362 καλεῖτε,
1204 5296 1395 5366 Κύριε,
1417 5293 1607 5366 Κύριε,
1635 5294 1726 5366 καὶ
1747 5294 1809 5345 οὐ

256 5371 452 5419 ποιεῖτε
493 5368 529 5421 ἃ,
567 5366 746 5434 λέγω;
796 5363 935 5431 Quid
990 5376 1162 5419 autem
1198 5363 1395 5419 vocatis
1432 5363 1513 5417 me
1527 5378 1546 5416 .'
1568 5363 1805 5434 Domine,

255 5434 497 5498 Domine,
542 5447 589 5489 et
635 5433 737 5489 non
769 5437 948 5504 facitis
985 5453 1100 5506 qua:
1142 5435 1302 5489 dico?
1332 5449 1427 5506 seu
1462 5449 1529 5506 es
1558 5433 1662 5506 alia
1686 5448 1810 5506 [er—

254 5508 400 5583 sione
429 5507 569 5577 apud
602 5502 898 5561 Caesarium
939 5502 1329 5583 Arelatensem,
1355 5504 1553 5583 homil.
1599 5502 1657 5583 ιιι
1698 5502 1738 5583 ἓ
1753 5511 1808 5557 et

258 5575 351 5646 l2,
381 5572 566 5631 earum
594 5592 730 5646 quas
760 5592 905 5630 curas
936 5576 1035 5629 viri
1079 5575 1369 5646 clarissimi
1403 5572 1660 5646 Stephani
1702 5572 1804 5646 Da—

256 5644 375 5723 lugii
398 5642 658 5723 debemus
690 5666 702 5700 :
739 5646 876 5712 Quid
900 5646 1110 5723 prodest
1144 5646 1280 5715 quod
1311 5644 1486 5723 dicitis
1523 5642 1807 5723 minantia:

256 5716 404 5773 mine.
432 5717 671 5781 Domine,
715 5711 770 5774 et,
792 5711 908 5772 nou'
939 5718 1111 5773 facitis
1142 5711 1256 5773 aute
1298 5716 1376 5771 vel
1407 5733 1467 5771 ea
1496 5730 1621 5785 quia
1641 5711 1800 5768 dico?

1892 5220 1971 5276 ’S.
2001 5222 2360 5286 Augustinus,
2392 5235 2556 5275 serm.
2591 5219 2682 5281 58,
2749 5220 2820 5273 De
2858 5218 3054 5272 sanctis
3088 5230 3105 5267 :
3149 5215 3295 5269 Illud
3335 5216 3486 5271 valde

1913 5286 2199 5346 (intendam
2227 5301 2324 5351 est,
2349 5290 2485 5359 quod
2513 5291 2700 5343 iterum
2721 5289 2977 5342 Dominus
2999 5286 3125 5337 dicit
3156 5302 3174 5338 :
3206 5286 3345 5359 Quid
3368 5302 3485 5359 pro.

1910 5363 2024 5416 dest
2054 5360 2191 5431 quod
2220 5356 2396 5415 dicitis
2427 5376 2445 5414 :
2475 5360 2717 5424 Domine,
2758 5358 3001 5422 Domine,
3049 5364 3098 5410 et
3146 5373 3248 5418 non
3298 5356 3476 5424 facitis

1909 5450 2024 5504 qua:
2044 5433 2160 5504 dico
2190 5431 2367 5504 vobis?

1982 5505 2058 5574 (l)
2100 5503 2279 5574 Pater,
2320 5500 2539 5553 Domine
2574 5498 2688 5574 creti
2727 5506 2777 5574 et
2805 5494 3305 5574 terrw._Ca_ndeler.

1916 5562 2131 5627 Domine
2168 5562 2350 5637 Pater,
2380 5585 2488 5640 quo
2524 5568 2685 5625 modo
2716 5570 2917 5624 citatur
2959 5566 3026 5620 ab
3072 5564 3299 5629 llilario,
3348 5562 3462 5625 liie

1910 5660 2159 5710 ronymo,
2191 5643 2335 5699 aliis-
