4030 6342
574 240 714 299 1519

1457 238 1514 293 S.
1557 235 1949 293 CLEMENTIS
1982 237 2001 291 I
2042 236 2207 295 ROM.
2247 238 2449 296 PONT.
2492 233 2723 293 OPERA
2762 230 2987 289 DUDIA.

3613 238 3713 291 I330

574 366 727 422 tum,
749 367 869 425 qua:
895 356 1217 423 perpetrata:
1239 351 1489 417 fuerant,
1517 352 1657 407 fama
1684 360 2042 423 pertraxerat.
2070 354 2138 407 At
2165 362 2213 418 Α
2240 354 2444 409 divina.
2475 353 2540 406 Et
2572 353 2646 406 ita
2675 350 2876 404 factum
2902 355 3015 410 est,
3047 352 3105 400 ut
3134 345 3333 399 cultum
3364 343 3448 399 Dei
3484 362 3618 415 quem
3648 366 3716 419 pro

575 445 772 502 Petrus
799 458 960 497 manu
991 443 1273 511 quiescere
1305 444 1564 512 pupulum
1592 444 1797 498 docens
1818 482 1833 507 ,
1865 450 1921 495 et
1952 442 2142 498 turbas

578 537 637 593 in
690 533 1088 605 tranquillitate
1141 549 1477 605 componens
1510 536 1573 601 l’,
1631 535 1734 590 hoc
1793 534 1956 589 modo
2016 534 2144 589 fecit

575 627 857 684 exordium
875 645 887 681 :

649 718 786 773 VIII.
826 717 1110 788 lncipienti
1141 716 1209 771 de
1240 732 1370 771 vero
1400 715 1496 771 Dei
1530 716 1682 770 cultu
1713 714 1895 771 facere
1925 730 2142 771 sermo-

576 826 702 867 nem
736 810 1110 864 necessarium
1163 808 1296 861 mihi
1341 808 1576 875 videtur,
1623 824 1719 863 eos
1761 809 1855 878 qui
1902 810 2144 863 nondum

578 903 643 959 de
674 904 777 956 hoc
803 902 1007 971 aliquid
1040 902 1283 955 scientiae
1314 900 1600 954 consecuti
1632 910 1794 963 sunt,
1826 901 2005 970 primo
2036 915 2149 954 orn-

578 1001 729 1053 nium
764 997 998 1058 docere,
1042 1010 1137 1065 per
1180 995 1363 1048 omnia
1414 995 1795 1064 inculpabilem
1841 994 2147 1063 ponendam

578 1106 702 1147 esse
732 1089 974 1144 divinam
997 1086 1441 1149 Providentiam,
1480 1102 1575 1155 per
1607 1103 1771 1156 quam
1804 1087 2039 1139 mundus
2071 1100 2149 1139 re-

580 1183 730 1253 gitur
762 1189 814 1236 et
844 1180 1203 1250 gubernatur.
1240 1178 1396 1231 llunc
1425 1185 1605 1232 autem
1637 1179 1795 1233 nobis
1831 1176 2042 1232 exordii
2079 1176 2151 1229 ti-

582 1273 755 1325 tulum
786 1270 933 1324 dedit
962 1270 1245 1339 prmsentis
1276 1270 1457 1338 operis
1488 1268 1628 1321 ratio
1649 1309 1662 1332 ,
1698 1277 1752 1322 et
1785 1284 1975 1322 eorum
2011 1283 2149 1337 quos

581 1361 676 1417 Dei
708 1363 883 1415 virtus
914 1361 1127 1415 sanavit
1167 1360 1421 1424 occasio,
1466 1367 1524 1412 nt
1565 1359 1920 1414 ostendamus
1942 1400 1958 1424 ,
2004 1360 2149 1430 quod

579 1462 732 1510 recta
768 1456 977 1507 ratione
1037 1454 1425 1523 quamplurimi
1472 1468 1503 1505 a
1541 1453 1773 1508 diversis
1814 1452 2151 1508 daemonibus

582 1547 920 1607 obtinentur,
954 1554 1015 1599 ut
1046 1561 1140 1615 per
1169 1546 1271 1599 hoc
1303 1553 1563 1615 appareat
1586 1544 1800 1613 justitia
1831 1543 1948 1598 Dei.
1996 1545 2155 1599 Inve-

584 1638 766 1693 nietur
811 1638 955 1691 enim
1005 1636 1247 1690 omnium
1300 1653 1438 1706 pene
1488 1637 1759 1690 malorum
1811 1643 1987 1690 mater
2030 1652 2153 1690 esse

584 1728 913 1801 ignorantia.
948 1726 1051 1781 Sed
1078 1728 1191 1797 jam
1222 1729 1500 1781 veniamus
1531 1728 1597 1781 ad
1628 1743 1869 1783 causam.

656 1818 748 1874 IX.
788 1819 932 1873 Deus
963 1835 1085 1873 cum
1121 1818 1340 1874 fecisset
1370 1819 1643 1872 hominem
1680 1819 1744 1871 ad
1780 1818 2068 1888 imaginem
2101 1825 2153 1873 et

587 1910 1000 1967 similitudinem
1035 1926 1188 1964 suam
1213 1950 1228 1973 ,
1262 1910 1411 1979 operi
1444 1924 1543 1964 suo
1575 1909 1849 1978 spiramen
1880 1908 2153 1978 quoddam

586 2012 642 2059 et
672 2003 891 2057 odorem
922 2018 1034 2057 sua:
1061 2001 1361 2056 divinitatis
1394 2001 1661 2064 inseruit,
1693 2006 1749 2053 ut
1778 2016 1874 2069 per
1896 2001 1999 2054 hoc
2030 2017 2156 2069 par-

588 2097 783 2165 tieipes
835 2094 961 2149 facti
1013 2094 1272 2147 mortales
1310 2091 1583 2161 L'nigeniti
1632 2094 1785 2160 ejus,
1838 2106 1933 2160 per
1977 2092 2154 2159 ipsum

588 2189 751 2245 etiam
784 2186 946 2240 amici
976 2184 1070 2239 Dei
1103 2193 1157 2239 et
1188 2184 1282 2237 ﬁlii
1312 2183 1623 2252 adoptionis
1650 2185 1981 2248 existerent;
2015 2182 2157 2235 unde

588 2290 641 2333 et
672 2294 777 2347 qua
804 2278 889 2329 via
917 2277 967 2329 id
1002 2276 1215 2345 possint
1247 2273 1477 2342 adipisci
1505 2314 1520 2334 ,
1555 2273 1670 2341 ipse
1698 2289 1791 2327 eos
1817 2283 1875 2325 ut
1898 2271 2157 2341 propheta

589 2386 753 2425 verus
775 2369 1020 2432 edocuit,
1046 2368 1224 2422 sciens
1248 2367 1446 2436 quibus
1471 2366 1686 2419 actibus
1714 2366 1993 2419 hominum
2010 2365 2157 2418 dele-

591 2471 835 2516 ctaretur
856 2461 1035 2516 Pater.
1072 2460 1223 2514 Unus
1242 2461 1424 2528 itaque
1451 2460 1591 2527 apud
1630 2459 1877 2513 homines
1908 2466 2038 2511 tunc
2065 2456 2157 2509 Dei

591 2556 773 2610 cultus
792 2563 929 2617 erat,
953 2570 1105 2607 mens
1119 2568 1251 2621 pura
1267 2559 1317 2605 et
1345 2552 1569 2620 spiritus
1600 2551 1973 2617 incorruptus.
2003 2548 2065 2601 Et
2088 2549 2160 2603 ob

593 2649 697 2703 hoc
716 2648 893 2701 omnis
914 2655 1161 2700 creatura
1186 2645 1424 2696 humano
1449 2643 1631 2713 generi
1655 2640 1833 2696 foedus
1852 2642 2161 2696 inviolabile

595 2741 975 2795 conservabat.
1037 2736 1119 2790 Ob
1182 2736 1543 2790 reverentiam
1602 2750 1835 2803 namque
1886 2733 2161 2787 Creatoris

596 2834 745 2886 nulla
776 2830 1043 2900 aegritudo
1094 2828 1149 2881 in
1190 2842 1324 2891 eos,
1378 2828 1588 2880 nullum
1633 2826 1824 2880 vitium
1883 2826 2158 2895 corporis,

598 2922 749 2976 nulla
778 2920 1025 2974 ciborum
1062 2918 1340 2971 dominata
1372 2918 1657 2986 corruptio
1686 2926 1800 2982 est,
1834 2933 1899 2972 ex
1929 2932 2037 2986 quo
2070 2918 2163 2970 ﬁco

597 3013 719 3076 bat,
770 3021 829 3065 ut
875 3010 1024 3064 mille
1072 3026 1341 3065 annorum
1387 3020 1519 3065 tetas
1562 3011 1619 3063 in
1660 2998 2007 3079 fragilitatem
2055 3025 2162 3063 non

597 3103 861 3159 incideret
890 3104 1207 3158 senectutis.

673 3194 738 3250 X.
783 3194 888 3250 Sed
936 3195 1027 3248 ubi
1074 3196 1184 3246 vita
1221 3195 1422 3248 laboris
1456 3210 1652 3263 expers
1681 3193 1948 3248 bonorum
1982 3208 2166 3263 perse-

597 3289 898 3343 verantiam
930 3303 1038 3341 non
1069 3287 1277 3357 putavit
1306 3287 1489 3339 divina
1520 3287 1827 3356 largitione,
1858 3286 1953 3340 sed
1984 3301 2165 3339 rerum

600 3381 742 3436 forte
774 3395 1094 3435 concessam
1120 3419 1134 3444 ,
1168 3389 1221 3434 et
1255 3380 1373 3434 sine
1404 3380 1514 3433 ullo
1546 3378 1745 3434 sudore
1773 3378 1969 3432 divinae
1995 3392 2168 3431 amoe-

599 3472 792 3526 nitatis
820 3470 1036 3525 deliciis
1070 3468 1313 3540 perfrui,
1340 3478 1551 3525 natura:
1576 3469 1817 3524 debitum
1849 3478 1903 3524 et
1932 3486 2038 3524 non
2071 3470 2166 3524 Dei

600 3563 866 3619 bonitatis
918 3578 1119 3616 munus
1173 3562 1403 3633 accepit.
1456 3559 1516 3615 In
1558 3563 1866 3617 contrarias
1912 3578 2009 3633 per
2054 3563 2168 3618 haec

599 3654 852 3709 homines
882 3663 935 3708 et
970 3654 1168 3723 impias
1215 3654 1576 3723 cogitationes
1620 3655 1732 3708 otio
1775 3654 2005 3709 docente
2046 3672 2170 3726 per-

601 3747 863 3809 veniunt,
895 3752 1146 3815 putantes
1175 3745 1399 3799 deorum
1433 3745 1534 3799 sibi
1569 3745 1737 3799 vitam
1769 3746 1937 3800 nullis
1968 3746 2172 3800 labori-

602 3839 707 3905 bus
755 3838 1031 3907 nullisque
1082 3836 1295 3891 meritis
1339 3845 1546 3889 natam.
1593 3835 1733 3889 Hinc
1778 3836 2070 3906 proﬁciunt
2115 3837 2171 3890 in

603 3932 880 3994 deterius,
913 3938 971 3984 ut
1000 3944 1177 3999 neque
1218 3929 1559 3999 providentia
1610 3928 1707 3984 Dei
1751 3929 2015 3983 mundum
2058 3929 2172 4000 regi

603 4024 920 4086 crederent;
954 4037 1131 4090 neque
1172 4020 1470 4076 virtutibus
1513 4036 1636 4076 esse
1677 4021 1911 4091 aliquem
1954 4021 2169 4086 locum,

604 4112 1046 4185 quandoquidem
1075 4113 1398 4182 semetipsos
1425 4113 1627 4166 scirent
1648 4113 1815 4167 nullis
1842 4114 1992 4182 prius
2017 4114 2175 4169 bonis

604 4205 866 4276 operibus
896 4204 1189 4274 assignatis
1219 4204 1316 4258 otii
1347 4220 1411 4259 ac
1442 4204 1761 4258 deliciarum
1794 4220 2063 4259 summam
2092 4213 2174 4260 te-

600 4286 769 4362 nere,
802 4307 856 4353 et
887 4298 1095 4352 amicos
1126 4297 1221 4353 Dei
1249 4299 1455 4368 absque
1487 4298 1621 4353 ullis
1652 4297 1932 4352 laboribus
1960 4297 2170 4355 haberi.

2242 446 2400 501 bonis
2431 445 2819 516 neglexerant,
2850 446 3245 509 recuperarent
3277 453 3369 507 pro
3396 439 3564 502 malis,
3590 451 3633 494 et
3653 458 3715 496 ωε

2244 536 2534 607 gitationes
2580 536 2634 589 in
2670 533 2837 588 Deum
2879 547 3019 602 quas
3048 537 3377 601 perverterat
3417 530 3717 602 indulgentia,

2244 630 2560 686 emendaret
2612 627 2851 683 afﬂictio.
2901 624 2992 678 Sic
3040 638 3173 694 ergo
3227 622 3401 677 divina
3447 622 3721 683 Providentia

2245 723 2348 777 hoc
2381 737 2503 776 esse
2537 720 2725 773 utilius
2755 716 3069 771 hominibus
3112 713 3333 777 videns,
3378 713 3487 769 vias
3534 715 3720 787 benigni-

2247 818 2373 871 tatis
2405 822 2459 868 et
2491 811 2873 877 abundantiae,
2905 816 3164 877 tanquam
3197 822 3315 876 quae
3357 806 3609 867 laederent,
3634 812 3723 863 sub-

2247 906 2416 961 trahit
2446 907 2513 960 ab
2543 904 2855 960 hominibus
2882 942 2897 967 ,
2927 912 2982 956 et
3013 900 3318 955 vexationis
3344 900 3441 954 iter
3465 915 3522 954 ac
3556 902 3722 956 tribula-

2247 998 2414 1053 tionis
2446 996 2670 1051 inducit.

2320 1089 2434 1144 ΧΠ.
2478 1089 2585 1144 Sed
2644 1089 2704 1141 ut
2743 1085 3055 1142 ostenderet
3116 1086 3249 1156 quia
3288 1084 3400 1137 haec
3437 1098 3524 1154 pro
3560 1084 3725 1155 ingratis

2249 1189 2561 1253 agerentur,
2610 1195 2777 1234 unum
2823 1177 3117 1249 quemdam
3165 1192 3236 1231 ex
3283 1175 3388 1229 illis
3429 1176 3514 1245 qui
3540 1177 3725 1244 primitus

2251 1280 2532 1345 cmperant
2582 1287 2705 1327 esse
2752 1270 3049 1333 mortales,
3106 1266 3253 1338 quod
3302 1283 3422 1321 eum
3468 1268 3619 1337 gratia:
3652 1282 3726 1321 suae

2252 1384 2361 1421 non
2392 1368 2766 1420 immemorem
2798 1363 2968 1426 vidit,
3000 1370 3055 1416 et
3098 1361 3233 1431 quia
3283 1360 3511 1430 speravit
3547 1362 3728 1414 invocare

2251 1472 2448 1512 nomen
2479 1454 2695 1509 Domini
2728 1451 2805 1524 (2)
2827 1493 2841 1517 ,
2875 1452 2941 1506 ad
2975 1452 3317 1505 immortales
3358 1451 3626 1515 transtulit,
3656 1466 3729 1504 ca:-

2255 1550 2385 1605 teris
2418 1549 2509 1619 qui
2541 1548 2597 1601 in
2637 1555 2849 1600 tantum
2881 1546 3079 1616 ingrati
3112 1546 3402 1608 exstitere,
3445 1552 3603 1598 utnec
3625 1545 3728 1597 labo—

2254 1641 2406 1695 ribus
2448 1649 2501 1694 et
2544 1637 2994 1692 tribulationibus
3031 1636 3319 1692 emendari
3359 1643 3411 1690 et
3443 1635 3613 1706 corrigi
3643 1650 3729 1705 pos-

2256 1732 2401 1794 sint,
2436 1729 2763 1801 gravissima
2794 1735 2971 1783 morte
3000 1728 3303 1781 damnatis.
3334 1726 3523 1781 Invenit
3545 1734 3675 1779 tamen
3694 1733 3729 1779 et

2255 1823 2398 1878 inter
2430 1824 2579 1892 ipsos
2604 1837 2773 1875 unum
2804 1819 3092 1890 quemdam
3124 1835 3251 1873 cum
3281 1819 3435 1873 domo
3458 1832 3541 1873 sua
3556 1818 3727 1886 justum.

2256 1932 2418 1986 quem
2454 1919 2786 1978 reservaret,
2826 1919 3101 1983 praecepto
3154 1911 3207 1964 ei
3247 1911 3371 1965 dato
3426 1917 3479 1963 ut
3517 1909 3729 1962 fabricaret

2258 2022 2465 2072 arcam,
2501 2014 2556 2062 et
2602 2008 2657 2059 in
2686 2021 2750 2060 ea
2775 2045 2789 2068 ,
2838 2020 2960 2059 cum
3005 2003 3219 2058 diluvio
3254 2011 3445 2057 cuncta
3473 2010 3728 2055 necarentur.

2260 2101 2376 2171 ipse
2425 2117 2549 2155 cum
2602 2102 2688 2154 his
2738 2100 2937 2169 quibus
2996 2105 3334 2168 praereptum
3384 2095 3563 2157 fuerat,
3610 2105 3729 2162 posset

2257 2192 2525 2255 evadere,
2572 2206 2682 2261 quo
2725 2192 2906 2259 impiis
2953 2190 3373 2244 inundationem
3411 2202 3628 2258 aquarum
3651 2200 3729 2255 per.

2256 2285 2454 2354 emptis
2512 2285 2952 2355 puriﬁcationem
3006 2283 3257 2337 mundus
3316 2282 3589 2351 acciperet,
3627 2279 3729 2332 etis

2260 2377 2353 2446 qui
2384 2377 2453 2431 ad
2483 2379 2856 2447 posteritatem
2903 2377 3120 2448 generis
3155 2375 3337 2429 fuerat
3368 2379 3651 2431 reservatus.
3673 2385 3732 2440 per

2261 2483 2458 2537 aquam
2488 2469 2724 2522 mundus
2752 2468 2999 2531 ellectns,
3027 2469 3299 2520 mundum
3331 2466 3497 2519 denuo
3521 2472 3731 2532 repararet.

2332 2558 2471 2615 XIII.
2513 2560 2619 2615 Sed
2649 2562 2733 2615 his
2763 2561 3020 2616 omnibus
3048 2562 3226 2630 gestis
3265 2574 3449 2612 rursus
3481 2556 3667 2613 homines
3688 2550 3732 2603 ad

2262 2654 2597 2723 impietatem
2630 2660 2943 2718 vertuntur,
2977 2662 3031 2707 et
3060 2659 3294 2724 propter
3324 2652 3421 2704 hoc
3452 2666 3478 2702 a
3514 2648 3599 2701 Deo
3628 2644 3733 2714 poni-

2262 2752 2355 2798 tur
2385 2746 2471 2802 lex
2500 2763 2620 2816 qum
2650 2747 2867 2801 vivendi
2898 2746 3120 2800 modum
3158 2746 3418 2809 doceret;
3447 2741 3524 2796 sed
3550 2748 3733 2809 processu

2262 2839 2528 2911 temporis
2548 2880 2561 2904 ,
2594 2838 2691 2893 Dei
2722 2838 2941 2909 quidem
2972 2839 3161 2894 cultus
3192 2848 3247 2893 et
3271 2836 3471 2906 justitia
3494 2834 3547 2885 ab
3569 2828 3734 2884 inﬁdeli-

2264 2932 2369 2987 bus
2395 2940 2449 2986 et
2481 2932 2663 3000 impiis
2696 2930 3092 3000 corrumpitur,
3123 2929 3278 2983 sicut
3316 2926 3467 2997 paulo
3499 2928 3587 2993 post
3619 2930 3735 2986 aper-

2268 3026 2383 3083 tius
2413 3024 2789 3079 ostendemus.
2820 3021 3103 3076 Perversa:
3134 3028 3323 3075 autem
3357 3026 3408 3072 et
3436 3013 3623 3070 erratica
3644 3006 3737 3059 reli-

2269 3119 2457 3189 giones
2486 3111 2934 3175 introducantur,
2967 3110 3175 3179 quibus
3211 3124 3272 3163 se
3304 3106 3513 3176 plurima
3548 3113 3641 3169 pars
3668 3095 3738 3146 he

2270 3210 2477 3265 minum
2507 3221 2603 3276 per
2643 3202 2989 3257 occasionem
3038 3199 3307 3255 feriarum
3350 3206 3401 3253 et
3437 3190 3737 3250 solemnitatqu

2276 3301 2573 3360 dederunt,
2619 3302 2782 3366 potus
2826 3294 3207 3347 instaurantes
3247 3299 3301 3345 et
3341 3284 3575 3344 convivia,
3611 3278 3737 3333 tibias-

2262 3382 2375 3462 ‘qne
2436 3406 2499 3443 ac
2531 3387 2745 3443 ﬁstulas
2777 3394 2830 3440 et
2855 3385 3097 3438 citharas
3128 3398 3200 3436 ac
3230 3381 3439 3436 diversa
3475 3386 3633 3448 genera
3664 3382 3738 3420 mu-

2271 3485 2513 3541 sicorum
2546 3485 2820 3535 sectantes
2843 3518 2856 3540 ,
2891 3488 2944 3531 ct
2975 3476 3313 3545 semetipsos
3344 3486 3432 3541 per
3457 3465 3605 3521 omnia
3627 3469 3740 3512 temu-

2272 3575 2451 3631 lentiaa
2498 3588 2562 3627 ac
2606 3570 2838 3624 luxuria:
2884 3568 3266 3638 propitiantes.
3313 3562 3443 3617 Hinc
3469 3556 3614 3612 omnis
3637 3561 3738 3604 error

2272 3667 2480 3736 accepit
2509 3664 2774 3734 originem
2800 3702 2816 3726 ,
2851 3661 2979 3714 hinc
3010 3660 3164 3714 lucos
3195 3667 3249 3713 et
3275 3671 3426 3719 aras,
3453 3650 3563 3705 hinc
3582 3652 3740 3734 corona

2272 3764 2326 3812 et
2379 3753 2629 3810 victimas
2679 3765 2970 3820 reperere,
3027 3756 3081 3803 et
3131 3753 3261 3816 post
3314 3742 3597 3800 ebrietatem
3636 3742 3739 3820 quas!

2273 3844 2627 3919 lymphaticis
2656 3817 2900 3896 mortibus
2928 3838 3012 3908 agi
3040 3855 3055 3904 ;
3087 3853 3155 3892 ex
3191 3837 3296 3890 hoc
3326 3836 3430 3903 jam
3460 3832 3652 3900 potestas
3672 3817 3740 3919 ἀεῖ

2261 3911 2475 3991 ~mon-iis
2506 3935 2643 3988 datae
2675 3928 3024 4003 ingrediendi
3066 3920 3447 3997 hujuscemodi
3484 3920 3674 3972 mentes.
3704 3911 3741 3956 ιιι

2262 4028 2473 4082 choros
2498 4025 2700 4080 ducere
2721 4023 2947 4078 insanos
2967 4029 3023 4075 et
3044 4017 3270 4072 Baccho
3296 4014 3465 4069 furere
3484 4005 3740 4093 viderentur;

2268 4116 2403 4174 hinc
2432 4116 2664 4172 fremere
2692 4113 2946 4169 dentibus
2964 4151 2980 4175 ,
3012 4118 3067 4165 et
3095 4107 3313 4179 mugire
3339 4102 3404 4159 de
3430 4091 3663 4171 profundis
3692 4091 3741 4138 vi-

2277 4210 2530 4269 sceribus
2564 4196 2882 4268 inventum,
2915 4204 3044 4257 hinc
3073 4198 3339 4255 terribilis
3381 4195 3543 4250 vultus
3577 4180 3741 4279 clienti

2275 4307 2333 4361 in
2384 4303 2697 4358 hominibus
2753 4307 3050 4368 aspectus,
3102 4302 3165 4349 ut
3216 4293 3266 4349 is
3314 4304 3464 4361 quem
3513 4276 3740 4368 temulean

678 4390 769 4446 XI.
812 4390 1129 4444 Justissimo
1156 4392 1340 4460 itaque
1366 4362 1478 4443 -Dei
1516 4388 1726 4459 judicio
1766 4388 1823 4442 in
1861 4388 2173 4459 huiusmodi
2204 4414 2250 4469 ι)
2279 4398 2623 4454 subverterat
2655 4407 2718 4447 ac
2750 4362 2962 4446 dae-mon
2993 4388 3387 4457 instigaverat,
3418 4374 3608 4433 numine
3626 4362 3741 4433 reple-

608 4483 999 4553 cogitationum
1032 4483 1272 4537 vanitate
1305 4481 1690 4553 languentibus
1714 4521 1729 4545 ,
1760 4481 1981 4537 labores
2009 4492 2060 4537 et
2092 4481 2177 4535 af-

606 4577 879 4630 ﬁictiones
901 4589 1000 4643 pro
1029 4573 1269 4629 remedio
1300 4572 1677 4628 conferuntur.
1707 4572 1807 4628 Ubi
1842 4588 1973 4645 ergo
2001 4574 2177 4629 adfuit

610 4669 764 4724 labor
811 4681 875 4721 ac
906 4665 1186 4720 tribulatio
1208 4706 1223 4729 ,
1256 4665 1575 4720 deliciarum
1605 4674 1660 4720 et
1702 4666 2036 4722 amoenitatis
2078 4682 2175 4722 ex-

608 4762 750 4818 clusi
782 4770 909 4815 sunt
953 4762 1093 4816 loco.
1140 4758 1311 4813 Terra
1345 4767 1522 4814 autem
1570 4761 1739 4831 coepit
1784 4761 1922 4815 nihil
1949 4761 2029 4815 eis
2056 4761 2175 4817 sine

611 4855 797 4909 labore
834 4852 1168 4922 producere;
1199 4859 1416 4917 et.tunc
1445 4866 1712 4907 conversa
1756 4852 1811 4906 in
1855 4852 2177 4909 hominibus

614 4939 913 5011 cogitatio,
979 4940 1247 4993 creatoris
1304 4940 1390 4995 sui
1457 4941 1735 5011 requirere
1800 4953 2179 4998 commonetur

613 5031 875 5086 auxilium
895 5068 912 5095 ,
938 5040 992 5085 et
1020 5030 1359 5085 orationibus
1388 5045 1452 5085 ac
1479 5032 1621 5086 votis
1652 5033 1902 5103 praesidia
1946 5035 2179 5091 invitare

2278 4498 2369 4543 tus
2400 4504 2431 4541 a
2460 4484 2701 4555 deceptis
2728 4492 2782 4538 et
2810 4481 3127 4538 errantibus
3157 4476 3513 4532 crederentur.

2353 4577 2490 4634 XIV.
2534 4543 2690 4632 Unde
2735 4589 2860 4629 cum
2907 4580 3017 4625 tam
3068 4571 3251 4623 multae
3296 4567 3349 4643 in
3393 4563 3521 4616 hunc
3557 4543 3739 4645 mittil"?

2280 4672 2429 4727 falsae
2445 4678 2499 4726 et
2522 4667 2770 4725 erratica:
2786 4666 3076 4736 religiones
3102 4668 3288 4718 essent
3315 4651 3617 4711 introductae,
3641 4646 3739 4692 must

2282 4777 2474 4819 sumus
2504 4776 2608 4816 nos
2655 4742 2967 4814 defer-entes
3012 4756 3169 4811 vobis
3213 4762 3460 4821 tanquam
3496 4738 3602 4797 boni
3632 4740 3741 4823 ιιεεθτ

2283 4857 2544 4919 tiatores,
2591 4869 2622 4908 a
2653 4853 2904 4924 patribus
2952 4849 3213 4905 traditum
3240 4853 3294 4905 et
3322 4841 3647 4899 conservatum

2283 4945 2380 5000 Dei
2423 4910 2675 5008 cultum:
2729 4943 2892 5012 cujus
2922 4938 3100 5011 quasi
3149 4937 3354 4994 semina
3395 4924 3605 5001 quaedam
3641 4910 3739 5007 ῖυθξί

2286 5038 2403 5092 haec
2430 5036 2594 5093 verba
2621 5036 3023 5107 respergimus,
3056 5040 3110 5087 et
3141 5031 3198 5085 in
3230 5033 3408 5083 vestro
3431 5014 3607 5092 judicio
3639 5015 3740 5078 pom‘

686 5165 730 5199 ¹⁹
760 5164 890 5242 Quae
919 5166 1513 5242 sequuntur_v_ocabula
1544 5181 1717 5242 usque
1746 5167 1811 5222 ad
1838 5168 1997 5223 ﬁnem
2016 5187 2132 5242 cap.
2160 5170 2250 5237 56,
2273 5172 2472 5229 desunt
2495 5174 2547 5228 in
2572 5173 2730 5228 codd.
2756 5172 2967 5241 Lipss.;
2995 5170 3449 5226 cohazrentautem
3462 5139 3739 5242 aplefﬁqf'ﬂi:

615 5252 739 5314 cum
770 5224 862 5301 iis,
901 5224 1021 5307 quae
1076 5253 1196 5307 cap.
1229 5237 1299 5293 57
1348 5224 1645 5309 leguntur;
1680 5237 1783 5292 hoc
1830 5242 1990 5295 modo
2021 5224 2206 5295 εγὸοῖη

2147 5224 3051 5314 .i.i,§o?zéiz?,"cilin"alidaaiuéaiu;
3077 5224 3235 5305 esset,
3285 5230 3509 5306 ρτωεερὶι
3533 5233 3580 5279 ιε
3596 5224 3738 5288 Ρο⁵¹⁸¹⁶

618 5306 723 5373 die,
753 5316 860 5363 etc.

1915 5462 2279 5518 COTELERII
2314 5462 2544 5521 NOTAE.

694 5641 771 5713 (Ξ)
811 5640 877 5695 Et
900 5644 1024 5713 quia
1062 5643 1289 5712 speravit
1329 5643 1569 5713 invocaje
1606 5658 1791 5695 nomen
1820 5640 2053 5695 Domini.
2090 5640 2185 5713 Vel

625 5696 1258 5770 confundit'llenochum
1311 5729 1447 5787 cum
1467 5710 1700 5789 HEnoso;
1746 5728 1842 5769 seu
1877 5712 2058 5782 potius
2108 5712 2185 5770 illi

2292 5643 2529 5712 applicat
2550 5642 2693 5709 quod
2729 5643 2793 5697 de
2822 5644 2925 5696 hoc
2955 5642 3158 5697 dictum
3199 5646 3365 5695 luerat
3407 5636 3570 5691 Cenes.
3601 5612 3730 5678 In”!

2286 5711 2441 5781 jtixta
2472 5711 2608 5766 LXX
2639 5713 2984 5785 interpretes.
