4030 6342
281 275 300 329 I
311 273 409 330 32!

1493 271 2056 332 ItECOGNl'I'lONUM
2098 272 2224 330 LIB.
2263 256 2367 332 tv.'

3391 268 3527 330 1522

277 403 398 442 mus
444 387 589 458 quod
641 398 849 458 rectum
886 387 1108 442 videtur
1146 387 1368 460 eligere.
1417 386 1474 442 Si
1517 389 1662 442 enim
1708 387 1848 441 reci-
1875 402 1923 460 Α
1954 387 2057 445 ﬁde
2083 389 2345 454 credunt,
2391 386 2600 460 absque
2650 388 2760 443 ulla
2804 387 3170 446 remoratione
3209 384 3524 446 discedunt.

277 479 443 550 piatis
471 493 589 547 quae
617 488 802 534 nostra
831 485 996 541 sunt,
1027 493 1137 533 non
1163 477 1338 534 solum
1371 477 1475 548 ipsi
1506 477 1854 532 incursiones

277 573 543 628 daemonis
572 570 810 641 eﬂugere
834 610 849 633 ,
883 571 978 626 sed
1011 579 1065 625 et
1093 585 1159 626 ex
1190 570 1314 625 aliis
1341 585 1435 626 eas
1479 565 1714 639 effugare
1755 583 1855 638 po-

279 665 460 721 teritis
479 708 494 730 ,
544 665 705 720 simul
736 670 787 718 et
815 671 1144 718 teternorum
1173 663 1442 718 bonorum
1474 659 1698 731 praemia
1727 675 1854 715 con-

279 759 604 829 scquemini.
636 756 738 823 Qui
768 765 945 811 autem
977 755 1406 826 contempserint
1449 755 1692 824 recipere
1731 769 1853 825 quae

276 850 540 903 dicuntur
568 864 596 900 a
629 847 822 912 nobis,
856 846 910 900 in
938 845 1194 916 praesenti
1225 845 1444 915 quidem
1478 846 1588 898 vita
1621 843 1853 899 diversis

276 941 621 998 damonibus
647 948 702 995 et
730 939 1114 1010 aegritudinum
1144 939 1293 992 vitiis
1323 935 1704 1006 subjacebuut.
1731 943 1854 1005 post

274 1047 564 1089 excessum
628 1042 807 1086 autem
873 1031 1124 1100 corporis
1181 1030 1344 1084 etiam
1405 1029 1601 1083 animte
1661 1040 1852 1082 eorum

276 1127 679 1181 cruciabuntur
709 1125 763 1179 in
797 1132 1143 1195 perpetuum.
1182 1121 1327 1176 Deus
1357 1121 1502 1177 enim
1533 1136 1640 1174 non
1674 1121 1852 1174 solum

275 1220 455 1275 bonus
475 1258 490 1282 ,
526 1217 620 1273 sed
649 1226 703 1271 et
724 1217 911 1286 justus
939 1225 1022 1271 est
1048 1234 1063 1282 ;
1096 1231 1221 1269 nam
1253 1214 1299 1269 si
1331 1227 1547 1284 semper
1579 1213 1753 1267 bonus
1781 1212 1854 1266 sit

273 1321 330 1368 et
362 1326 641 1381 nunquam
668 1311 851 1379 justus
873 1351 888 1375 ,
920 1316 981 1363 ut
1009 1306 1200 1362 reddat
1234 1306 1529 1376 unicuique
1556 1315 1657 1374 pro
1685 1303 1852 1375 gestis

273 1402 429 1468 suis,
462 1403 664 1457 bonum
700 1401 1009 1456 invenietur
1049 1401 1336 1469 injustum.
1385 1395 1652 1468 Injustum
1695 1405 1854 1450 nam-

270 1511 385 1566 que
422 1504 543 1560 est,
588 1495 634 1550 si
678 1495 753 1548 ita
799 1492 943 1565 apud
988 1509 1114 1549 eum
1143 1492 1410 1548 habeatur
1441 1488 1676 1560 impius,
1710 1488 1854 1544 sicut

269 1596 327 1645 et
360 1592 506 1645 Dius.

401 1605 506 1645 lllS.

345 1605 465 1736 ἓν.
504 1679 677 1752 Igitur
707 1678 982 1735 daemones
1003 1719 1017 1743 ,
1048 1679 1192 1735 sicut
1222 1678 1386 1749 paulo
1417 1685 1544 1734 ante
1571 1671 1811 1733 diximus
1831 1713 1847 1738 ,

272 1791 403 1831 cum
445 1773 832 1829 occasionibus
875 1774 1116 1842 acceptis
1157 1771 1405 1842 ingerere
1450 1783 1508 1826 se
1550 1773 1845 1840 potuerunt
1873 1743 1920 1803 Β

266 1880 371 1935 per
402 1865 576 1918 malos
602 1873 654 1918 et
683 1871 872 1934 turpes
901 1871 1056 1919 actus
1087 1862 1414 1934 corporibus
1445 1857 1725 1914 hominum
1751 1898 1767 1922 ,
1798 1855 1848 1914 si

269 1957 453 2011 multo
483 1965 730 2025 tempore
761 1963 1081 2027 permanent
1115 1955 1168 2009 in
1205 1955 1286 2010 eis
1324 1965 1420 2024 per
1457 1949 1846 2024 negligentiam

269 2049 554 2119 ipsorum,
585 2049 713 2118 quia
746 2047 942 2101 animae
974 2059 1086 2102 sum
1113 2047 1257 2117 quod
1302 2053 1387 2101 est
1429 2045 1562 2098 utile
1605 2058 1714 2098 non
1761 2055 1850 2096 re-

266 2143 498 2213 quirunt
524 2182 539 2202 ,
586 2141 902 2196 necessario
949 2148 1154 2210 cogunt
1183 2154 1279 2194 eos
1308 2137 1672 2192 habitantium
1706 2135 1759 2190 in
1790 2148 1850 2190 se

269 2236 580 2290 daemonum
612 2235 679 2289 de
710 2235 924 2304 reliquo
954 2232 1137 2288 facere
1166 2231 1498 2286 voluntates.
1547 2225 1705 2296 Quod
1751 2241 1850 2281 au-

266 2335 380 2382 tem
424 2335 508 2382 est
547 2326 791 2380 omnium
835 2323 1111 2388 deterius,
1152 2323 1206 2378 iu
1240 2317 1713 2402 consummatione
1747 2333 1851 2374 sae-

268 2420 410 2485 culi,
441 2435 566 2475 cum
597 2416 808 2473 daamtm
845 2417 934 2471 ille
965 2417 1074 2487 igni
1105 2415 1354 2469 tradetur
1390 2421 1627 2479 aeterno,
1658 2425 1853 2466 neces-

268 2513 420 2568 sario
447 2519 501 2566 et
530 2511 713 2565 anima
760 2525 884 2580 quae
931 2509 981 2565 ei
1027 2506 1242 2579 paruit,
1293 2521 1418 2562 cum
1464 2506 1584 2576 ipso
1629 2503 1848 2559 aeternis

267 2607 492 2678 ignibus
541 2604 902 2672 cruciahitur,
950 2618 1060 2660 una
1110 2615 1236 2658 cum
1285 2614 1517 2672 corpore
1558 2615 1658 2657 suo
1703 2595 1849 2671 quod

263 2693 488 2765 polluit.

346 2779 489 2838 XVI.
535 2781 816 2839 Daemones
841 2790 1021 2838 autem
1047 2781 1248 2838 habere
1270 2776 1600 2836 desiderium
1628 2779 1850 2834 immer-

264 2876 434 2948 gendi
468 2892 528 2932 se
560 2876 888 2947 corporibus
919 2875 1200 2931 hominum
1234 2874 1351 2929 haec
1381 2887 1551 2929 causa
1582 2883 1685 2928 est.
1727 2870 1850 2942 Spi-

267 2967 414 3025 ritus
494 2977 624 3025 suut
681 2970 949 3024 habentes
1007 2967 1347 3039 propositum
1402 2979 1728 3020 conversum
1781 2961 1849 3018 ad

266 3062 533 3117 malitiam
560 3079 574 3128 ;
610 3076 707 3132 per
738 3062 890 3116 cibos
925 3077 1056 3132 ergo
1086 3069 1139 3116 et
1168 3068 1333 3131 potus
1364 3056 1752 3113 immoderatos
1781 3073 1844 3113 ac
1871 3091 1914 3149 ο

263 3153 549 3208 libidinem
580 3160 873 3222 perurgent
903 3151 1153 3206 homines
1182 3151 1248 3205 ad
1277 3156 1560 3222 peccatum
1588 3168 1603 3217 ;
1635 3163 1732 3204 eos
1762 3158 1844 3203 ta-

262 3261 392 3300 men
439 3246 530 3315 qui
577 3245 840 3315 peccandi
892 3245 1234 3315 propositum
1279 3249 1511 3313 gerunt,
1559 3243 1654 3312 qui
1709 3244 1840 3298 dum

263 3336 525 3391 videntur
564 3336 876 3391 necessaria
930 3345 1138 3389 naturre
1187 3337 1325 3391 velle
1373 3336 1683 3406 complere,
1734 3349 1845 3390 non

262 3435 518 3484 tenentes
560 3428 782 3484 modum
835 3443 933 3499 per
972 3427 1348 3491 nimietatem,
1395 3427 1736 3501 ingrediendi
1788 3428 1843 3483 in

266 3521 602 3591 semetipsos
632 3519 971 3575 dzcmonibus
1019 3519 1226 3572 laciunt
1272 3520 1473 3575 locum.
1521 3516 1702 3574 Donec
1745 3534 1814 3574 au

261 3617 376 3665 tem
409 3618 618 3665 natura:
647 3625 906 3665 mensura
938 3615 1192 3662 servatur
1236 3617 1289 3663 et
1331 3607 1526 3664 modus
1568 3607 1844 3679 legitimus

261 3703 596 3765 custoditur,
653 3702 748 3758 Dei
793 3697 1082 3757 clementia
1127 3697 1468 3770 ingrediendi
1500 3701 1555 3755 in
1589 3699 1837 3755 homines

261 3809 376 3847 non
406 3793 488 3850 eis
529 3793 718 3848 tribuit
763 3793 1099 3848 facultatem.
1143 3787 1245 3846 Ubi
1279 3804 1409 3847 vero
1451 3799 1545 3846 aut
1585 3805 1741 3847 mens
1772 3790 1841 3846 ad

263 3882 598 3952 impietatem
631 3883 1014 3946 declinaverit,
1069 3887 1164 3935 aut
1203 3895 1404 3953 corpus
1454 3879 1839 3938 immoderatis

259 3973 405 4030 cibis
441 3989 504 4028 ac
540 3975 758 4046 potibus
793 3975 1202 4045 adimplebitur,
1253 3983 1513 4045 tanquam
1558 3975 1842 4031 voluntate

261 4071 321 4119 et
365 4069 653 4136 proposito
691 4083 878 4122 eorum
927 4067 1022 4138 qui
1064 4082 1124 4123 se
1169 4068 1244 4122 ita
1277 4069 1560 4138 negligant
1589 4067 1838 4131 invitati,

261 4157 426 4228 quasi
455 4158 744 4213 adversum
775 4173 871 4214 eos
901 4160 994 4229 qui
1036 4172 1066 4214 a
1109 4157 1219 4216 Deo
1251 4161 1486 4230 positam
1521 4161 1694 4231 legem
1729 4161 1842 4216 sol-

261 4249 473 4314 verint,
505 4250 782 4320 accipiunt
814 4251 1149 4308 facultatem.

335 4340 498 4399 XVII.
538 4341 749 4399 Videtis
788 4355 917 4415 ergo
960 4355 1227 4416 quantum
1271 4345 1450 4400 valeat
1494 4343 1702 4416 agnitio
1745 4342 1838 4400 Dei

1954 481 2150 537 Anima
2181 483 2327 536 enim
2374 497 2499 537 cum
2545 482 2756 536 venerit
2796 479 2862 535 ad
2909 479 3067 535 fidem
3101 478 3227 542 Del,
3273 477 3524 537 caelestis

1954 587 2110 643 aquae
2141 573 2399 628 virtutem
2445 573 2826 641 consequitur,
2874 579 2973 641 per
3013 583 3175 641 quam
3224 571 3526 626 dzemonem

1954 671 2211 732 tanquam
2241 663 2534 718 scintillam
2565 661 2708 734 ignis
2737 663 3070 733 exstinguat.

2025 751 2212 811 XVIII.
2253 755 2348 811 Est
2380 771 2508 826 ergo
2541 752 2665 810 ﬁdei
2713 767 3007 819 mensura,
3052 765 3174 824 quae
3215 753 3261 808 si
3312 753 3524 826 integra

1955 849 2063 913 sit,
2095 863 2160 904 ex
2194 847 2408 918 integro
2441 845 2507 902 de
2537 847 2720 902 anima
2754 846 3054 902 daemonem
3087 845 3279 917 fugat;
3313 845 3359 900 si
3391 861 3524 902 vero

1955 938 2135 993 minus
2185 937 2395 1008 aliquid
2443 937 2674 1001 habeat,
2722 938 2927 993 residet
2977 936 3155 992 adhuc
3201 933 3408 1007 aliquid
3457 935 3526 992 de

1954 1030 2202 1100 pel-tione
2235 1029 2502 1085 daemonis
2535 1026 2589 1085 in
2635 1031 2884 1100 portione
2925 1028 3300 1094 infidelitatis,
3345 1039 3398 1084 et
3441 1035 3528 1083 est

1955 1121 2230 1191 plurimus
2271 1123 2451 1186 labor,
2511 1133 2572 1177 ut
2620 1123 2892 1195 intelligat
2938 1124 3120 1178 anima
3168 1121 3386 1194 quando
3433 1130 3527 1176 aut

1953 1216 2208 1286 qualiter,
2258 1214 2304 1270 si
2351 1216 2509 1284 plene
2551 1223 2646 1270 aut
2692 1219 2875 1271 minus
2920 1215 3077 1286 plene
3107 1227 3173 1270 ex
3205 1225 3264 1271 se
3310 1211 3527 1285 fugatus

1955 1305 2024 1360 sit
2055 1303 2288 1359 daemon.
2325 1299 2382 1359 Si
2414 1305 2557 1360 enim
2592 1305 2646 1359 in
2679 1306 2861 1376 aliqua
2889 1317 3041 1376 parte
3071 1305 3335 1362 resederit
3355 1347 3370 1371 ,
3402 1321 3527 1360 cum

1954 1403 2168 1467 tempus
2198 1392 2439 1452 inveniet
2458 1439 2473 1461 ,
2502 1395 2862 1468 cegitationes
2891 1395 3115 1472 subjicit
3140 1397 3398 1454 cordibus
3428 1399 3530 1452 ho-

1955 1489 2162 1544 minum
2189 1533 2204 1556 ,
2238 1497 2291 1545 et
2320 1485 2402 1544 illi
2433 1492 2745 1547 nescientes
2776 1490 2923 1547 unde
2955 1491 3070 1546 haec
3105 1493 3356 1553 veniant,
3401 1507 3532 1561 sug-

1952 1575 2292 1652 gestionibus
2335 1569 2637 1640 daemonum
2687 1582 2845 1654 quasi
2886 1584 3081 1638 animte
3133 1595 3246 1639 suae
3274 1584 3528 1639 sensibus

1954 1672 2204 1727 credunt.
2239 1669 2555 1745 Suggerunt
2581 1689 2712 1746 ergo
2744 1671 2869 1730 aliis
2913 1676 3206 1732 occasiune
3250 1685 3530 1746 c0rporcae

1950 1763 2297 1821 necessitatis
2355 1765 2581 1822 delicias
2640 1768 2825 1838 sequi,
2885 1769 3117 1823 aliorum
3176 1767 3519 1823 iracundiam

1949 1865 2217 1912 excusant
2243 1871 2340 1928 per
2366 1847 2757 1913 abundantiam
2790 1856 2932 1916 fellis
2952 1899 2966 1924 ,
2998 1860 3226 1914 aliorum
3256 1859 3528 1914 insaniam

1951 1947 2093 2019 nigri
2123 1947 2264 2006 fellis
2293 1948 2636 2006 vehementia
2682 1950 2966 2010 colorant.
3002 1951 3096 2006 sed
3139 1952 3194 2005 et
3240 1951 3543 2007 stultitiam

1949 2041 2311 2112 quorumdam
2336 2049 2435 2114 pro
2458 2037 2807 2100 multitudine
2833 2041 3157 2115 phlegmatis
3208 2051 3524 2098 extenuant.

1950 2130 2108 2198 Quod
2158 2131 2259 2186 etsi
2307 2130 2384 2186 ita
2432 2143 2608 2197 esset,
2654 2140 2837 2188 tamen
2883 2133 2998 2188 htec
3043 2133 3258 2205 singula
3296 2134 3528 2187 molesta

1950 2224 2167 2296 corpori
2197 2237 2321 2282 esse
2349 2239 2458 2281 non
2493 2233 2735 2295 possent,
2762 2225 2869 2282 nisi
2893 2241 2960 2282 ex
2986 2227 3232 2280 ciborum
3260 2233 3522 2297 potuum-

1950 2333 2056 2388 que
2112 2313 2427 2382 nimietate,
2481 2319 2573 2384 qui
2632 2318 2948 2388 cum'justo
3013 2318 3249 2388 amplius
3296 2331 3528 2372 suumn-

1950 2419 2062 2475 tur,
2095 2410 2430 2464 abundantia
2466 2421 2655 2465 eorum
2703 2423 2868 2480 quam
2909 2411 3216 2480 decoquere
3261 2409 3527 2466 naturalis

1950 2517 2059 2557 non
2090 2497 2287 2558 sufficit
2316 2501 2487 2565 calor,
2522 2501 2798 2556 crudescit
2828 2501 2886 2556 in
2913 2515 3183 2556 venenum
3213 2501 3520 2572 quoddam,

1950 2595 2114 2666 idque
2143 2593 2449 2650 visceribus
2481 2594 2748 2663 venisque
2781 2591 3034 2647 omnibus
3065 2589 3291 2647 sentinae
3323 2595 3374 2645 in
3406 2605 3526 2646 mo-

1951 2682 2082 2742 dum
2114 2687 2434 2743 redundans
2457 2726 2472 2750 ,
2506 2691 2690 2740 motus
2723 2685 2974 2754 corporis
3004 2684 3229 2739 insanos
3259 2681 3437 2738 reddit
3467 2690 3526 2737 et

1950 2788 2162 2850 turpes.
2213 2777 2446 2850 Propter
2492 2778 2639 2849 quod
2687 2777 2744 2832 in
2796 2775 3051 2832 omnibus
3089 2778 3173 2832 est
3227 2766 3524 2831 obtinenda

1951 2872 2290 2943 parcimonia
2315 2911 2330 2935 ,
2365 2878 2423 2925 ut
2454 2883 2631 2941 neque
2661 2869 3002 2925 daemonibus
3034 2868 3189 2925 locus
3220 2868 3397 2932 detur,
3427 2881 3526 2924 nc-

1952 2977 2058 3035 que
2089 2965 2270 3020 anima
2299 2964 2368 3018 ab
2398 2963 2479 3019 eis
2524 2965 2750 3019 obsessa
2797 2975 2905 3016 una
2941 2971 3066 3016 cum
3106 2960 3242 3031 ipsis
3273 2958 3526 3014 tradatur

1952 3057 2174 3113 aeternis
2209 3055 2430 3125 ignibus
2461 3051 2776 3110 crucianda.

2019 3148 2163 3207 XIX.
2205 3149 2303 3204 Est
2330 3155 2384 3204 et
2414 3148 2557 3203 alius
2587 3159 2744 3202 error
2772 3147 3083 3202 daemoniim
3102 3185 3118 3212 ,
3149 3155 3312 3217 quem
3345 3139 3522 3214 subji-

1946 3245 2101 3300 ciunt
2133 3243 2390 3298 sensibus
2421 3240 2705 3294 hominUm
2725 3279 2740 3303 ,
2787 3246 2848 3292 ut
2879 3242 3071 3308 putent
3102 3252 3162 3292 se
3193 3237 3263 3290 ab
3299 3236 3385 3290 his
3423 3235 3522 3306 qui

1947 3333 2210 3391 dicuntur
2237 3333 2312 3389 dii
2343 3332 2551 3404 perpeti
2585 3341 2705 3402 quae
2733 3329 3036 3401 patiuntur,
3066 3337 3175 3398 quo
3223 3337 3320 3397 per
3363 3326 3476 3380 hmo
3501 3367 3517 3389 ,

1951 3427 2225 3485 sacrificia
2257 3423 2545 3482 offerentes
2576 3431 2630 3479 et
2663 3435 2889 3477 munera
2913 3462 2928 3485 _.
2963 3420 3122 3490 quasi
3151 3417 3520 3490 reprOpitlan-

1945 3525 2029 3572 tes
2059 3531 2196 3577 eos.
2253 3515 2460 3569 cultum
2518 3507 2670 3566 falsae
2718 3509 3005 3581 religionis
3055 3505 3360 3573 allirment,
3417 3521 3520 3562 nos

1945 3617 2081 3662 vero
2112 3602 2392 3677 refugiant
2423 3603 2517 3677 qui
2548 3615 2648 3674 pro
2673 3601 2850 3656 salute
2876 3614 3065 3654 eorum
3096 3597 3394 3668 satagimus
3414 3636 3429 3659 ,
3461 3601 3522 3649 ut

1944 3697 2014 3751 ab
2060 3707 2245 3752 errore
2288 3696 2630 3761 liberentur;
2689 3689 2788 3748 sed
2833 3690 2971 3755 hoc,
3018 3698 3077 3744 ut
3117 3689 3264 3752 dixi,
3311 3677 3521 3743 faciunt

1945 3787 2266 3860 ignorantes
2295 3783 2442 3858 quod
2474 3787 2750 3841 daemones
2781 3784 2888 3840 ista
2921 3783 3026 3838 sibi
3069 3787 3400 3854 suggerant,
3450 3781 3520 3836 ne

1946 3881 2251 3936 salventur.
2310 3876 2406 3934 Est
2455 3893 2586 3949 ergo
2627 3878 2683 3933 in
2727 3881 3002 3948 potestate
3047 3873 3516 3943 uniuscujusque,

1943 3973 2071 4045 quia
2102 3973 2260 4028 liberi
2306 3971 2521 4026 arbitrii
2554 3969 2732 4026 factus
2766 3979 2850 4024 est
2896 3969 3098 4032 homo,
3132 3974 3312 4020 utrum
3358 3966 3528 4020 nobis

1941 4068 2076 4122 velit
2106 4067 2296 4121 audire
2328 4066 2393 4119 ad
2421 4066 2589 4118 vitam
2611 4105 2626 4130 ,
2657 4079 2726 4118 an
2751 4059 3092 4117 daemonibus
3116 4059 3180 4114 ad
3211 4056 3533 4112 interitum.’

1944 4157 2089 4211 Aliis
2118 4155 2280 4210 etiam
2313 4155 2592 4209 dtemones
2622 4155 2682 4208 in
2708 4152 2828 4207 visu
2857 4163 2954 4226 per
2979 4149 3224 4205 diversas
3253 4147 3518 4218 imagines

1943 4256 2275 4320 apparentes
2297 4287 2312 4309 ,
2352 4245 2627 4302 interdum
2661 4243 2838 4299 minas
2882 4243 3206 4303 intendunt,
3242 4240 3514 4294 interdum

1942 4342 2207 4398 sanitates
2233 4337 2774 4395 incommoditatibus
2802 4336 3153 4408 pollicentur,
3184 4341 3241 4389 ut
3269 4333 3356 4387 his
3377 4347 3518 4403 quos

259 4440 318 4487 et
347 4433 547 4488 divinae
590 4434 872 4505 religionis
915 4435 1267 4491 observantia
1293 4478 1308 4501 ,
1342 4453 1462 4508 qua:
1503 4449 1612 4492 non
1660 4438 1837 4493 solum
1873 4427 1918 4487 Β
1945 4433 2229 4505 decipiunt
2259 4434 2487 4488 deorum
2518 4429 2879 4486 nihilominus
2909 4429 2978 4485 de
3008 4445 3068 4484 se
3114 4423 3361 4483 inserant
3398 4425 3510 4496 opi-

259 4523 510 4581 defendit
540 4527 825 4584 credentes
856 4527 924 4583 ab
953 4528 1365 4585 incursionibus
1414 4529 1668 4584 daemonii
1690 4571 1704 4592 ,
1748 4543 1845 4584 ve-

260 4634 382 4672 rum
414 4626 468 4674 et
502 4620 771 4691 imperare
825 4636 922 4676 eos
974 4620 1104 4676 facit
1143 4622 1230 4676 his
1276 4622 1369 4692 qui
1412 4622 1625 4677 caeteris
1668 4621 1844 4676 domi-

260 4721 484 4769 nantur.
519 4712 581 4768 Et
612 4714 734 4768 ideo
763 4715 1135 4770 necessarium
1162 4715 1318 4770 vobis
1344 4723 1456 4782 est,
1486 4716 1579 4785 qui
1611 4715 1745 4770 estis
1774 4727 1842 4770 ex

259 4804 516 4877 gentibus
536 4845 549 4869 ,
582 4803 880 4876 confugere
909 4807 975 4859 ad
1007 4803 1175 4861 Deum
1209 4815 1262 4862 et
1290 4808 1589 4863 observare
1634 4825 1731 4862 vos
1766 4809 1834 4863 ab

257 4897 410 4950 omni
443 4897 788 4951 immunditia
811 4937 827 4961 ,
861 4905 920 4952 ut
960 4899 1205 4969 expulsis
1238 4899 1576 4955 daemonibus
1606 4900 1698 4956 Dei
1729 4901 1832 4955 ba-

258 4992 455 5046 bitatio
490 4992 581 5047 fiat
614 4994 668 5047 in
699 4994 875 5050 vobis.
907 4995 1082 5049 Simul
1109 5007 1164 5051 et
1189 4996 1532 5052 orationibus
1562 5013 1835 5053 commen-

257 5081 385 5138 date
415 5099 511 5138 vos
557 5083 702 5149 Deo,
749 5093 804 5139 et
849 5087 1193 5158 interpellate
1234 5104 1358 5143 eum
1402 5088 1692 5144 adversum
1730 5090 1833 5143 im-

259 5176 573 5245 pudentiam
607 5177 913 5232 daamonum
941 5197 956 5245 ;
989 5180 1275 5234 credentes
1305 5181 1449 5233 enim
1485 5197 1832 5252 qumcunque

255 5270 526 5338 petieritis
545 5311 560 5331 ,
591 5271 872 5340 accipietis
897 5273 962 5328 ’°.
993 5272 1097 5328 Sed
1119 5282 1172 5329 et
1197 5276 1298 5344 ipsi
1325 5275 1601 5330 daemones
1625 5285 1834 5346 quanto

257 5361 492 5416 viderint
524 5363 684 5418 iidem
711 5377 965 5420 crescere
997 5366 1050 5420 in
1083 5366 1299 5421 homine
1319 5407 1333 5431 ,
1368 5373 1522 5421 tanto
1552 5368 1623 5422 ab
1651 5383 1716 5421 eo
1742 5369 1831 5423 re-

257 5452 469 5522 fugiunt
497 5454 552 5507 in
579 5471 641 5508 ea
674 5457 848 5510 solum
882 5467 1034 5526 parte
1063 5457 1367 5513 residentes
1387 5499 1403 5523 ,
1436 5459 1489 5513 in
1513 5475 1618 5530 qua
1649 5459 1828 5514 adhuc

255 5542 458 5611 aliquid
489 5543 823 5599 infidelitatis
848 5545 1147 5616 resederit;
1176 5547 1246 5601 ab
1273 5547 1359 5602 his
1385 5563 1516 5604 vero
1544 5549 1638 5620 qui
1668 5548 1826 5619 plena

364 5722 408 5754 ”
441 5721 626 5776 Matth.
661 5739 776 5786 xxi,
808 5721 898 5776 22.

454 5820 723 5879 PATROL.
770 5818 888 5878 Gn.
939 5817 987 5883 ἰ.

1945 4527 2166 4583 nionem
2187 4566 2202 4590 ,
2234 4533 2289 4581 et
2322 4525 2470 4596 quod
2501 4525 2610 4579 sint
2637 4525 2914 4580 damones
2945 4523 3244 4595 ignoretur.
3281 4519 3385 4574 Sed
3417 4530 3518 4575 nos

1945 4637 2056 4676 non
2086 4622 2288 4684 latent,
2317 4619 2554 4676 scientes
2582 4618 2906 4691 mysterium
2935 4619 3202 4673 creatura!
3221 4656 3236 4678 ,
3271 4621 3324 4669 et
3353 4623 3517 4684 quam

1946 4716 2017 4770 ob
2046 4727 2271 4770 causam
2304 4711 2643 4768 dzemonibus
2674 4711 2789 4766 haec
2818 4725 2980 4781 agere
3022 4709 3076 4763 in
3121 4707 3374 4779 praesenti
3415 4704 3519 4761 sa“:-

1946 4806 2074 4860 culo
2101 4803 2472 4875 permittatur.
2508 4809 2566 4855 ut
2597 4803 2683 4856 Vel
2714 4797 3099 4854 transformari
3130 4798 3210 4852 eis
3254 4795 3416 4849 liceat
3460 4793 3518 4847 in

1941 4909 2082 4970 quas
2105 4896 2299 4950 volunt
2324 4895 2588 4965 imagines
2609 4934 2624 4958 ,
2656 4891 2742 4947 vel
2771 4901 3062 4962 suggerere
3086 4900 3281 4960 pravas
3303 4879 3516 4955 cogita-

1937 4993 2113 5048 tiones
2134 5027 2150 5052 .
2179 4991 2263 5045 vel
2291 4990 2534 5044 inserere
2565 5001 2624 5043 se
2651 4999 2749 5056 per
2777 4985 2930 5041 cibos
2959 4989 3012 5039 et
3037 4991 3222 5054 potum
3253 4979 3361 5038 sibi
3384 4988 3517 5034 con-

1936 5094 2213 5140 secratum
2251 5082 2534 5137 mentibus
2562 5081 2646 5136 vel
2679 5080 3008 5148 corporibus
3043 5093 3233 5132 eorum
3258 5117 3274 5142 ,
3308 5074 3400 5144 qui
3446 5088 3516 5128 ex

1934 5195 2001 5234 eo
2030 5176 2367 5247 sumpserint
2388 5215 2402 5236 ,
2436 5175 2521 5228 vel
2550 5173 2618 5227 ad
2654 5170 2782 5226 idoli
2830 5167 3068 5239 alicujus
3109 5167 3512 5224 venerationem

1938 5273 2150 5329 somnia
2177 5281 2315 5325 vana
2345 5267 2680 5340 confingere.

2009 5364 2129 5421 XX.
2173 5364 2236 5418 Et
2265 5370 2446 5417 tamen
2477 5363 2603 5432 quis
2635 5363 2708 5414 ita
2743 5359 2863 5414 sine
2898 5369 3067 5414 sensu
3095 5355 3390 5414 invenitur,
3420 5350 3510 5406 cui

1936 5456 2258 5530 persuaderi
2295 5455 2524 5516 debeat,
2561 5461 2622 5507 ut
2654 5451 2858 5506 idolum
2892 5451 3072 5515 colat,
3106 5449 3221 5504 sive
3263 5443 3396 5500 illud
3438 5457 3507 5498 ex

1936 5563 2071 5605 auro
2103 5551 2218 5604 sive
2244 5562 2310 5602 ex
2343 5543 2589 5615 quolibet
2621 5541 2840 5597 metallo
2872 5539 3074 5596 factum
3107 5533 3222 5594 sit?
3247 5535 3351 5592 Cui
3393 5549 3505 5589 nou

3122 5807 3199 5868 ΕΞ
