4030 6342
575 210 716 266 15ἓὸ

571 330 753 402 palam
783 337 868 386 est
893 330 949 385 id
971 348 1091 389 esse
1123 334 1256 389 illud
1290 335 1569 390 metallum
1589 377 1603 397 ,
1637 335 1784 405 quod
1817 334 2012 390 artifex
2048 352 2142 389 vo-

539 421 716 495 .luit?
755 421 1041 490 Quomodo
1086 420 1216 494 ergo
1261 426 1442 481 inesse
1486 426 1559 480 ibi
1599 427 1860 481 divinitas
1904 428 2143 496 putanda

528 500 549 519 θ’
574 521 659 581 est
681 554 696 578 ,
728 514 876 584 quod
913 515 959 568 si
994 514 1265 570 uoluisset
1296 516 1491 571 artifex
1513 557 1527 581 ,
1562 519 1789 574 omnino
1821 534 1929 573 non
1960 522 2147 575 esset?

574 613 668 658 aut
709 604 983 676 quomodo
1028 605 1154 661 inde
1191 606 1373 661 futura
1410 608 1513 664 sibi
1544 611 1859 663 annu’ntiari
1892 621 2142 680 sperent,

574 696 669 750 ubi
701 712 803 751 nec
833 696 1187 767 praesentium
1221 698 1422 768 aliquis
1458 699 1769 755 intellectus
1800 702 1924 755 est?
1950 701 2149 767 Quam-

581 788 665 841 vis
706 787 926 842 etiamsi
974 787 1181 858 aliquid
1226 787 1568 851 divinarent,
1613 806 1721 845 non
1763 794 2025 847 continuo
2067 792 2143 846 dii

572 877 761 932 haberi
793 892 1046 949 possent;
1074 880 1203 950 quia
1230 880 1375 935 aliud
1403 890 1487 937 est
1509 883 1803 945 divinatio,
1832 884 1976 939 aliud
2003 883 2145 939 divi-

573 968 737 1025 nitas.
771 966 912 1021 Nam
943 976 998 1021 et
1027 967 1305 1040 Pythones
1338 969 1586 1024 divinare
1616 971 1893 1036 videntur,
1936 980 1991 1027 et
2036 988 2144 1027 non

572 1063 834 1115 continuo
867 1059 943 1114 dii
978 1069 1142 1124 sunt,
1186 1061 1421 1132 denique
1469 1077 1499 1116 a
1540 1062 1869 1118 Christianis
1911 1064 2145 1119 homini-

571 1154 677 1207 bus
706 1152 1021 1223 ell‘ugantur
1055 1154 1131 1225 (5)
1156 1173 1172 1221 ;
1199 1164 1253 1210 et
1280 1155 1555 1225 quomodo
1588 1155 1733 1212 Deus
1775 1165 1890 1220 est,
1924 1158 2017 1227 qui
2061 1157 2147 1211 fu-

571 1253 734 1315 gatur
763 1245 833 1300 ab
864 1245 1129 1300 homine?
1161 1244 1268 1301 Sed
1312 1248 1453 1303 dicis
1502 1248 1775 1304 fortasse:
1823 1249 1957 1318 quid
1996 1250 2145 1321 quod

572 1338 837 1392 sanitates
868 1336 1109 1392 efliciunt
1130 1378 1145 1402 ,
1177 1347 1233 1392 et
1265 1341 1536 1409 quomodo
1566 1344 1689 1412 quis
1714 1352 1935 1398 curetur
1960 1353 2146 1399 osten-

570 1427 754 1491 dunt?
784 1427 897 1482 Hac
942 1429 1156 1485 ratione
1200 1431 1416 1485 colendi
1460 1439 1588 1487 sunt
1630 1433 1795 1488 etiam
1842 1434 2036 1492 medici
2088 1444 2145 1489 ut

571 1516 677 1580 dii,
709 1517 909 1573 multos
940 1519 1083 1572 enim
1128 1528 1357 1586 sanant,
1404 1530 1459 1574 ct
1502 1531 1707 1591 quanto
1748 1523 1873 1594 quis
1914 1526 2143 1595 peritior

571 1606 771 1671 fuerit,
808 1617 961 1666 tanto
994 1611 1180 1679 plures
1219 1613 1457 1668 sanabit.

646 1699 780 1753 XXI.
823 1700 978 1755 Unde
1001 1711 1219 1756 constat
1237 1742 1252 1768 ,
1280 1704 1415 1759 istos
1441 1720 1564 1759 cum
1593 1707 1703 1761 sint
1724 1707 2007 1765 daemonici
2031 1711 2141 1782 spio

570 1790 716 1844 ritus
742 1829 756 1854 ,
792 1799 847 1845 et
881 1792 1055 1845 multo
1085 1792 1252 1847 citius
1283 1794 1424 1849 scire
1456 1796 1637 1867 aliqua
1674 1806 1727 1853 et
1757 1801 1931 1855 multo
1960 1803 2140 1872 perfe-

569 1886 756 1948 otius;
788 1898 896 1937 non
929 1886 1075 1938 enim
1122 1885 1189 1938 ad
1231 1886 1552 1942 discendum
1595 1891 1852 1946 tarditate
1894 1895 2141 1963 corporis

567 1975 955 2045 degravantur.
990 1979 1053 2035 Et
1083 1981 1206 2037 ideo
1233 2000 1355 2055 quae
1381 1984 1578 2041 medici
1612 1988 1775 2055 longo
1807 1996 2057 2059 tempore
2087 1997 2141 2043 et

567 2064 754 2123 labore
786 2070 1022 2140 plurimo
1050 2084 1403 2145 asscquntur,
1435 2077 1552 2131 IIIBC
1597 2078 1675 2145 illi
1718 2087 1977 2149 tanquam
2023 2082 2140 2151 spi-

566 2158 711 2214 ritus
732 2201 747 2225 ,
779 2162 987 2233 absque
1019 2180 1173 2220 mora
1204 2170 1311 2223 ulla
1340 2178 1394 2224 et
1440 2170 1645 2241 absque
1689 2170 2005 2228 difficultate
2048 2188 2141 2228 co-

568 2260 864 2320 gnoscunt.
900 2253 1017 2309 Non
1060 2273 1191 2329 ergo
1233 2260 1431 2315 mirum
1479 2269 1600 2326 est,
1652 2263 1700 2318 si
1760 2264 1884 2333 plus
1934 2265 2140 2335 aliquid

564 2356 731 2413 quam
778 2342 1026 2401 homines
1074 2351 1295 2415 sciunt;
1351 2350 1447 2405 sed
1490 2350 1595 2409 hoc
1640 2353 1966 2409 intuendum
2016 2363 2135 2421 est,

569 2433 718 2503 quod
751 2451 813 2489 ea
848 2452 970 2507 qua:
1014 2441 1237 2505 sciunt,
1288 2459 1395 2497 non
1430 2444 1495 2498 ad
1531 2445 1761 2500 salutem
1794 2449 1887 2503 sed
1932 2449 2000 2502 ad
2045 2451 2140 2506 de-

560 2523 869 2593 ceptionem
906 2528 1191 2597 proferunt
1241 2534 1549 2587 animarum
1582 2574 1595 2596 ,
1647 2545 1706 2590 ut
1748 2552 1845 2607 per
1889 2539 2003 2594 haec
2048 2556 2141 2597 eas

569 2615 778 2669 cultum
830 2616 981 2673 falsae
1030 2621 1310 2691 religionis
1358 2625 1641 2683 edoceant.
1696 2628 1803 2683 Sed
1850 2628 2027 2695 Deus,
2074 2648 2142 2687 ne

566 2713 736 2760 tanta:
765 2706 1106 2781 deceptionis
1134 2729 1289 2768 error
1322 2716 1515 2771 lateret
1558 2727 1611 2774 et
1659 2721 1977 2777 errantibus
2027 2724 2143 2791 ipse

560 2811 735 2853 causa
761 2800 1038 2856 videretur
1063 2805 1333 2872 existere,
1358 2808 1449 2878 qui
1484 2818 1691 2864 tantum
1718 2811 1798 2867 eis
1826 2812 1989 2869 licere
2019 2830 2143 2886 per-

571 2889 762 2953 misit,
800 2898 860 2945 ut
889 2908 986 2962 per
1012 2894 1414 2964 divinationes,
1448 2916 1545 2970 per
1590 2903 1907 2960 curationes
1946 2914 2000 2959 et
2048 2922 2144 2975 per

563 2979 780 3033 somnia
809 2980 1059 3054 decipere
1090 2986 1345 3043 homines
1394 2992 1649 3060 possint,
1683 2994 1987 3051 clementia:
2031 3013 2143 3053 sua:

563 3070 865 3126 remedium
892 3076 1127 3144 providit
1146 3077 1479 3146 hominibus,
1508 3093 1560 3139 et
1585 3083 1995 3142 distinctionem
2020 3088 2141 3144 falsi

566 3160 792 3233 verique
849 3166 994 3221 scire
1052 3169 1402 3239 cupientibus
1463 3176 1518 3230 in
1583 3180 1874 3248 propatulo
1938 3182 2140 3250 posuit.

572 3248 671 3307 Est
701 3271 833 3325 ergo
866 3258 973 3313 ista
1004 3260 1287 3318 distinctio
1323 3265 1400 3335 (4)
1431 3284 1444 3321 :
1481 3266 1638 3333 Quod
1684 3286 1713 3324 a
1758 3287 1888 3326 vero
1922 3248 2032 3329 Ceo
2060 3274 2145 3329 di-

570 3346 719 3401 titur
748 3350 861 3407 sive
890 3368 987 3423 per
1018 3356 1312 3425 prephetas
1332 3400 1349 3424 ,
1381 3361 1495 3415 sive
1540 3376 1639 3431 per
1685 3365 1925 3421 visiones
1962 3368 2144 3423 diver-

570 3454 663 3494 sas
687 3481 700 3504 ,
734 3457 949 3514 semper
979 3463 1167 3502 verum
1198 3459 1281 3505 est
1307 3470 1321 3507 :
1354 3452 1502 3524 quod
1533 3464 1713 3510 autem
1745 3472 1772 3510 a
1804 3457 2143 3519 daamouibus

566 3535 902 3601 pl'zedieitur,
935 3555 1043 3594 non
1085 3558 1300 3613 semper
1342 3561 1531 3601 verum
1572 3559 1675 3604 est.
1726 3550 1819 3606 Est
1859 3570 1990 3626 ergo
2030 3557 2143 3611 evi-

565 3629 747 3685 dentia
782 3632 1006 3700 indicii,
1044 3653 1151 3691 non
1184 3655 1212 3691 a
1243 3656 1372 3696 vero
1403 3641 1513 3697 Deo
1550 3644 1656 3698 diei
1690 3660 1785 3710 ea,
1837 3647 1892 3701 in
1941 3651 2143 3721 quibus

568 3722 868 3791 aliquando
899 3727 1244 3782 mendacium
1276 3740 1389 3797 est,
1438 3731 1493 3787 in
1546 3734 1776 3791 veritate
1818 3738 1963 3792 enim
2001 3755 2143 3794 nun-

567 3827 733 3882 quam
768 3817 1113 3872 mendacium
1147 3828 1264 3883 cst,
1296 3821 1350 3875 in
1387 3824 1471 3877 his
1501 3833 1684 3881 autem
1721 3828 1815 3898 qui
1859 3833 2143 3887 mentiun-

566 3913 677 3975 tur,
714 3915 893 3976 potest
944 3911 1240 3983 aliquando
1285 3924 1340 3972 et
1389 3916 1636 3974 veritatis
1679 3921 1887 3991 aliquid
1940 3924 2145 3980 admis-

566 3998 715 4058 ceri.
749 4016 845 4069 per
874 4004 1019 4071 quod
1053 4006 1343 4061 mendacia
1375 4009 1723 4065 condiantur.

640 4089 803 4151 XXII.
842 4094 999 4159 Quod
1041 4097 1085 4153 si
1131 4098 1279 4153 dicat
1328 4101 1566 4171 aliquis:
1614 4103 1754 4169 Quid
1802 4106 1946 4161 enim
2005 4124 2143 4180 opus

566 4191 689 4239 erat
722 4184 827 4239 hoc
858 4186 1038 4257 ipsum
1061 4230 1077 4254 ,
1107 4198 1166 4243 ut
1197 4190 1278 4246 eis
1305 4193 1713 4262 permitteretur
1739 4198 1820 4251 vel
1850 4200 2143 4269 aliquando

568 4289 759 4329 verum
792 4277 1003 4342 dicere,
1038 4289 1092 4335 et
1123 4297 1221 4351 per
1253 4283 1355 4337 hoc
1397 4293 1609 4339 tantum
1654 4303 1897 4343 errorem
1941 4306 2143 4348 morta-

564 4366 716 4423 libus
745 4368 1059 4435 introduci,
1094 4374 1281 4428 audiat
1322 4375 1390 4430 ad
1430 4376 1586 4432 haec:
1636 4376 1692 4433 Si
1735 4380 1815 4436 eis
1859 4399 2140 4455 nunquam

570 4463 765 4518 fuisset
792 4464 1062 4521 indultum
1106 4469 1219 4523 veri
1264 4471 1473 4542 aliquid
1518 4473 1736 4541 dicere,
1778 4478 2002 4532 omnino
2044 4495 2144 4535 nec

570 4554 931 4622 praedicerent
960 4559 1204 4629 aliquid;
1235 4576 1343 4615 non
1382 4563 1742 4630 praedicentes
1786 4573 1999 4634 autem,
2044 4584 2142 4624 nec

569 4647 716 4716 quod
773 4660 960 4706 essent
1009 4653 1284 4709 daemones
1329 4668 1822 4727 cognoscerentur.
1881 4658 2038 4725 Quod
2096 4661 2141 4716 si

571 4740 959 4809 ignorarentur
990 4760 1115 4800 esse
1147 4747 1422 4804 daemones
1456 4749 1509 4805 in
1544 4750 1647 4805 hoc
1680 4753 1915 4815 mundo,
1950 4754 2142 4824 agonis

571 4832 748 4889 nostri
777 4842 832 4888 et
860 4836 1181 4891 certaminis
1211 4853 1313 4894 nos
1356 4855 1523 4895 causa
1568 4841 1851 4905 latuisset,
1896 4850 1950 4896 et
1992 4851 2141 4913 pate-

572 4941 757 4982 remur
786 4928 965 4998 palam
1000 4946 1121 5000 quae
1149 4942 1413 5001 geruntur
1443 4934 1499 4988 in
1545 4935 1761 4989 occulto
1799 4948 1811 4984 :
1850 4935 2051 5006 quippe
2094 4935 2141 4989 si

1495 219 1549 273 S.
1587 216 1985 273 CLEMENTIS
2022 217 2043 272 Ι
2076 216 2241 277 ROM.
2280 220 2482 275 ΡΟΝΤ,
2522 219 2747 274 OPEllA
2785 221 3006 278 DUBIA.

3609 239 3709 296 liii

2172 343 2217 396 Α
2246 337 2438 406 agendi
2490 345 2701 390 tantum
2751 339 3042 396 adversum
3093 357 3226 407 nos,
3277 353 3325 399 et
3366 346 3483 400 nihil
3514 350 3711 420 loquendi

2248 428 2480 483 facultas
2510 430 2590 485 eis
2633 445 2899 486 concessa
2943 433 3235 489 videretur.
3282 435 3425 491 Nune
3467 450 3615 496 autem
3650 450 3713 503 ubi

2246 516 2540 587 aliquando
2587 534 2747 583 vera,
2795 521 3088 591 aliquando
3134 524 3266 579 falsa
3312 528 3556 595 dicuntur,
3596 535 3718 591 delle.

2245 623 2369 665 mus
2394 625 2720 680 agnoscere,
2747 620 2806 665 ut
2831 615 3084 683 superius
3108 616 3253 682 dixi,
3279 618 3549 677 daemonum
3573 634 3617 679 et
3641 644 3716 685 non

2248 698 2344 755 Dei
2389 716 2511 757 esse
2560 718 2851 772 responsa,
2906 708 3047 774 apud
3089 723 3245 777 quem
3287 712 3587 770 mendacium
3617 734 3719 773 nun-

2248 808 2412 863 quam
2445 803 2550 850 est.

2317 884 2505 942 XXIII.
2541 888 2696 954 Quod
2726 890 2770 945 si
2799 891 3074 946 curiosius
3100 894 3225 963 quis
3250 899 3567 967 progrediens
3586 902 3717 959 dicat:

2247 976 2389 1044 Quid
2421 981 2566 1035 enim
2600 997 2739 1053 opus
2768 990 2887 1038 erat
2918 983 3235 1053 hujusmodi
3267 992 3399 1043 mala
3434 1007 3459 1043 a
3490 991 3581 1047 Deo
3607 998 3719 1063 fieri,

2246 1071 2447 1142 quibus
2472 1072 2537 1127 ad
2570 1074 2966 1131 snbvertendas
2991 1088 3201 1133 mentes
3218 1080 3469 1138 humanas
3481 1092 3605 1139 tanta
3618 1100 3720 1143 esset

2247 1162 2522 1219 intentio?
2558 1165 2683 1222 Haec
2711 1170 3038 1239 proponenti
3086 1176 3554 1242 respondebimus:
3591 1184 3720 1250 requi-

2245 1256 2476 1311 rendum
2519 1274 2643 1314 esse
2694 1262 2871 1329 primo
2923 1265 3208 1328 omnium,
3261 1268 3305 1320 si
3353 1276 3433 1320 est
3482 1270 3647 1339 aliquid
3682 1275 3721 1326 in

2247 1348 2555 1403 substantia
2590 1353 2816 1409 malum.
2848 1353 2914 1407 Et
2949 1358 3202 1425 quamvis
3232 1358 3485 1414 sufﬁceret
3511 1360 3655 1418 dicere
3676 1365 3721 1417 ad

2246 1452 2401 1502 eum,
2434 1440 2562 1509 quia
2595 1456 2701 1494 non
2734 1452 2818 1497 est
2857 1446 3191 1500 conveniens
3223 1456 3282 1501 ut
3314 1457 3542 1502 creatura
3576 1451 3723 1519 iudicet

2236 1528 2582 1596 Creatorem,
2620 1533 2714 1588 sed
2743 1534 2888 1590 illius
2917 1547 3000 1591 est
3023 1537 3271 1603 judicare
3297 1554 3426 1608 opus
3448 1540 3638 1595 alienum
3660 1546 3723 1613 qui

2248 1630 2341 1675 aut
2369 1622 2565 1677 similis
2601 1624 2818 1679 artificii
2848 1635 2942 1679 aut
2964 1628 3162 1682 similis
3198 1630 3439 1698 potentia:
3462 1640 3570 1696 est;
3596 1640 3723 1687 tamen

2172 1681 2218 1740 Β
2246 1726 2314 1767 ne
2344 1712 2762 1770 circuitionibus
2794 1724 3034 1782 utamur,
3066 1720 3315 1774 absolute
3344 1721 3555 1777 dicimus
3578 1724 3619 1777 in
3640 1726 3725 1781 sub-

2244 1805 2444 1860 stantia
2476 1806 2614 1860 nibil
2645 1822 2769 1863 esse
2801 1808 2949 1863 mali.
2996 1808 3153 1874 Quod
3199 1811 3246 1866 si
3289 1811 3361 1865 ita
3404 1822 3510 1876 est,
3539 1815 3723 1870 substan-

2241 1897 2440 1951 tiarum
2472 1899 2730 1954 conditor
2761 1899 2966 1955 frustra
2995 1903 3297 1974 culpatur?

2304 1989 2496 2047 XXIV.
2568 1991 2675 2047 Sed
2707 2008 2968 2048 occurres
2999 1996 3131 2050 mihi
3170 2005 3225 2052 et
3256 1997 3441 2052 dices:
3477 1997 3655 2054 Etiamsi
3679 2016 3725 2055 ex

2242 2081 2453 2135 arbitrii
2487 2083 2737 2139 libertate
2768 2085 2821 2139 in
2853 2086 2957 2141 hoc
2984 2099 3209 2143 ventum
3241 2096 3357 2152 est,
3389 2092 3595 2161 nunquid
3619 2093 3724 2162 igno-

2241 2174 2399 2229 rabat
2426 2175 2516 2230 ille
2540 2177 2633 2246 qui
2659 2179 2880 2232 creabat
2910 2195 3004 2234 eos
3025 2222 3040 2247 ,
3073 2182 3224 2251 quod
3257 2182 3310 2236 in
3342 2184 3525 2238 malum
3549 2185 3726 2238 declina-

2239 2267 2350 2319 turi
2382 2276 2568 2323 essent
2599 2284 2738 2338 quos
2769 2272 2991 2326 creabat
3017 2273 3040 2326 ?
3070 2273 3327 2344 Oportuit
3355 2291 3475 2347 ergo
3498 2291 3584 2329 nec
3604 2279 3723 2332 creari

2240 2373 2335 2414 eos
2354 2398 2369 2424 ,
2396 2375 2534 2431 quos
2560 2361 2876 2421 deviuturos
2903 2365 2972 2420 ab
2997 2367 3193 2424 itinere
3218 2368 3439 2440 justitia:
3461 2369 3722 2438 prmvidebat.

2241 2455 2479 2510 Audiant
2510 2459 2578 2512 ad
2608 2459 2723 2514 hac
2748 2461 2841 2531 qui
2875 2462 2952 2516 ita
2999 2473 3353 2533 proponunt,
3386 2466 3515 2537 quod
3541 2465 3723 2535 hujusce.

2242 2547 2390 2603 modi
2423 2550 2823 2606 assertionibus
2854 2552 2987 2606 illud
3021 2554 3194 2609 voluit
3224 2556 3527 2618 ostendere,
3557 2572 3632 2609 cur
3651 2571 3723 2609 non

2242 2641 2450 2694 malitia
2482 2658 2673 2696 eorum
2711 2644 2805 2713 qui
2842 2646 3084 2700 nondum
3114 2654 3315 2711 erant,
3349 2649 3603 2702 bonitatem
3626 2648 3725 2701 vice-

2242 2733 2314 2787 rit
2349 2731 2650 2790 Creatoris.
2688 2733 2744 2789 Si
2778 2738 2925 2791 enim
2961 2738 3149 2794 volens
3182 2740 3408 2810 implere
3434 2755 3661 2793 numerum
3688 2745 3725 2790 et

2243 2839 2557 2879 mensuram
2591 2829 2890 2882 creationis
2924 2845 3073 2893 suae,
3109 2832 3457 2886 extimuisset
3480 2847 3625 2886 eorum
3658 2831 3723 2899 qui

2244 2916 2414 2972 futuri
2444 2928 2600 2975 erant
2629 2922 2923 2986 malitiam,
2954 2932 3007 2978 et
3053 2927 3219 2995 quasi
3261 2926 3353 2996 qui
3403 2926 3541 2979 aliam
3571 2925 3715 2977 nullam

2168 3029 2211 3087 ο
2246 3010 2490 3066 invenire
2520 3014 2663 3067 viam
2701 3016 2927 3071 remedii
2959 3031 3021 3071 ac
3054 3017 3348 3072 medicina:
3376 3018 3620 3088 potuisset,
3640 3015 3722 3068 nisi

2246 3101 2351 3156 hoc
2383 3103 2558 3157 solum
2592 3112 2650 3158 ut
2676 3105 2979 3160 retraheret
3010 3122 3069 3162 se
3098 3120 3128 3160 a
3161 3108 3441 3179 proposito
3464 3107 3655 3163 creandi.
3675 3122 3725 3158 ne

2246 3190 2350 3245 sibi
2384 3190 2754 3247 aseriberetur
2783 3194 2989 3247 malitia
3029 3211 3225 3250 eorum
3272 3196 3369 3267 qui
3409 3195 3550 3249 futuri
3584 3200 3728 3254 erant;

2244 3282 2376 3353 quid
2405 3284 2552 3339 aliud
2583 3300 2679 3354 per
2713 3285 2829 3339 haec
2857 3285 3171 3350 doceretur,
3223 3289 3332 3342 nisi
3368 3286 3568 3355 indigna
3601 3282 3729 3352 passio

2243 3383 2298 3431 et
2342 3375 2601 3430 indecora
2644 3376 2916 3448 fragilitas
2962 3377 3321 3445 Conditoris,
3371 3380 3455 3449 qui
3505 3378 3565 3431 ita
3609 3373 3729 3444 parti

2245 3469 2446 3523 muerit
2477 3484 2668 3524 eorum
2704 3477 2862 3525 actus
2896 3471 2987 3540 qui
3020 3470 3274 3526 nondum
3317 3480 3493 3533 erant,
3522 3475 3618 3523 uta
3639 3480 3729 3536 pro-

2244 3560 2419 3628 posita
2450 3560 2765 3615 conditione
2793 3565 3072 3617 cessaret?

2316 3650 2480 3707 XXV.
2522 3652 2627 3707 Sed
2655 3651 2741 3706 his
2768 3652 2958 3723 procul
2986 3653 3189 3707 amotis
3222 3653 3355 3707 illud
3379 3652 3543 3705 animo
3564 3652 3735 3700 contun-

2244 3741 2479 3811 plemur,
2514 3742 2645 3812 quia
2682 3741 2826 3797 Deus
2858 3742 3242 3797 universitatis
3273 3740 3511 3797 conditor
3537 3732 3733 3791 conditio-

2244 3835 2332 3889 nis
2373 3848 2486 3889 sua:
2530 3834 2744 3890 futuras
2790 3833 3126 3890 differentias
3154 3835 3489 3904 praevidens,
3516 3827 3736 3892 unicuique

2243 3936 2508 3980 creatura:
2540 3925 2842 3981 secundum
2872 3927 3124 3995 preprios
3157 3933 3375 3989 motus,
3406 3939 3531 3994 quos
3556 3937 3608 3974 ex
3632 3914 3735 3970 arbi-

2244 4018 2335 4071 trii
2369 4018 2622 4072 libertate
2653 4016 2995 4088 proferebat,
3030 4019 3317 4087 prospexit
3345 4026 3396 4073 et
3447 4013 3651 4086 praevidit
3679 4007 3737 4059 di-

2242 4123 2432 4164 versos
2455 4108 2676 4164 ordines
2703 4117 2865 4179 atque
2889 4108 3063 4163 ollicia
3087 4109 3416 4170 differentia,
3434 4118 3486 4161 ut
3506 4121 3607 4159 cum
3622 4108 3737 4153 unius

2241 4208 2428 4255 essent
2473 4201 2793 4256 substantia:
2834 4214 3025 4254 omnes
3066 4200 3374 4254 secundum
3420 4207 3644 4252 creature
3677 4206 3736 4242 ra-

2242 4292 2482 4358 tionem,
2534 4302 2680 4348 esset
2733 4300 2915 4346 tamen
2983 4291 3281 4346 diversitas
3332 4292 3384 4345 in
3435 4287 3670 4343 ordinibus
3701 4288 3736 4333 et

2170 4371 2221 4430 D
2246 4383 2435 4439 officiis
2478 4383 2777 4440 secundum
2828 4384 3079 4454 proprios
3130 4384 3437 4438 animorum
3480 4389 3660 4436 motus,
3693 4388 3737 4425 ex

2244 4477 2455 4532 arbitrii
2491 4475 2747 4531 libertate
2780 4476 3161 4546 proferendos.
3193 4474 3521 4531 Prmvidehat
3546 4484 3651 4538 ergo
3681 4463 3739 4516 fu-

2245 4576 2394 4623 turas
2445 4568 2500 4621 in
2547 4569 2821 4623 creaturis
2862 4570 3088 4638 culpas,
3133 4578 3189 4622 et
3227 4569 3456 4638 justitim
3495 4566 3597 4633 ejus
3641 4559 3739 4613 ratio

2244 4660 2534 4729 poscebat,
2571 4667 2626 4712 ut
2658 4660 3057 4714 emendationis
3093 4675 3261 4714 causa
3301 4661 3483 4728 culpas
3520 4668 3651 4726 poena
3681 4664 3739 4702 se

2244 4760 2520 4823 queretur.
2569 4750 2822 4822 Oportuit
2862 4768 2993 4823 ergo
3033 4768 3162 4808 esse
3204 4760 3259 4806 et
3312 4764 3574 4821 pmnarum
3618 4742 3738 4797 mini-

2245 4852 2428 4906 stros,
2463 4859 2603 4913 quos
2653 4851 2833 4898 tamen
2873 4844 3097 4899 libertas
3143 4843 3358 4898 arbitrii
3400 4844 3450 4897 in
3491 4840 3615 4893 hunc
3635 4832 3740 4888 ordi-

2246 4950 2370 4991 nem
2425 4935 2700 5001 traheret;
2754 4942 2950 5005 praeter
3000 4935 3115 4989 haec
3170 4944 3353 4989 autem
3403 4943 3452 4987 et
3501 4931 3741 4985 debuerunt

1879 5089 2247 5146 COTELERII
2286 5089 2518 5148 ΝΟΤᾸΕ.

645 5248 719 5305 f5l
758 5247 797 5299 Α
832 5246 1151 5323 Christianis
1180 5246 1475 5323 hominibus
1500 5250 1824 5323 rer/fugantur.
1857 5251 1999 5323 Lege
2036 5247 2141 5301 AC-

573 5328 752 5375 tornm
788 5334 900 5379 xvt,
936 5320 1001 5372 16
1026 5329 1081 5373 et
1111 5334 1250 5388 seq.,
1285 5320 1469 5388 ibique
1497 5322 1838 5388 interpretes.

642 5390 719 5457 (4)
762 5387 996 5461 Est‘ergo
1025 5387 1444 5461 istudistinctio,
1477 5402 1582 5448 etc.
1618 5387 1754 5447 Hinc
1782 5402 1973 5448 auctor
2005 5392 2139 5461 0pc-

572 5459 649 5511 ris
686 5459 973 5535 imperfecti
1002 5458 1427 5535 in__Matt_hwum,
1466 5465 1605 5518 alius
1640 5481 1668 5517 a
1719 5462 1926 5535 Joanne
1968 5458 2141 5535 cm-

574 5540 836 5605 sostotno,
871 5531 1015 5585 hom.
1051 5532 1138 5605 49,
1169 5532 1411 5605 adAcap.
1472 5550 1572 5597 vn,
1630 5550 1772 5589 vers.
1816 5534 1888 5588 2:7.
1934 5554 1946 5588 :
2004 5531 2143 5605 Ertio

573 5601 883 5675 prop/letam
911 5604 961 5654 in
990 5603 1197 5675 nomine
1238 5602 1459 5670 Christi,
1502 5606 1554 5658 in
1591 5606 1777 5675 spiritu
1810 5615 1981 5658 autem
2026 5601 2146 5658 dio-

580 5670 704 5723 boli.
738 5673 932 5737 Quales
966 5682 1085 5726 sunt
1111 5674 1451 5729 diriuatores.
1493 5675 1594 5729 Sed
1618 5670 1708 5731 ἐἰσ
1732 5676 2100 5730 discernuntur
2130 5691 2146 5728 :

2243 5253 2489 5323 quoniam
2511 5252 2754 5305 diabolus
2786 5251 3049 5305 interdum
3078 5268 3253 5306 rerum
3283 5252 3430 5323 dicit,
3457 5253 3641 5323 sanctus
3671 5252 3741 5290 αα-

2246 5316 2349 5378 tem
2390 5322 2622 5392 Spiritus
2660 5338 2925 5393 nunquam
2972 5323 3232 5393 interdum
3274 5322 3533 5393 mentitur.
3569 5316 3739 5393 Coti“?

2244 5411 2361 5448 sum
2386 5382 2463 5448 est
2493 5403 2667 5446 autem
2701 5382 2915 5447 didbolo
2948 5404 2994 5447 et
3036 5392 3297 5448 interdum
3328 5382 3736 5462 veritateiridifetli

2245 5473 2302 5517 ut
2331 5463 2656 5518 mendacium
2676 5480 2829 5518 suum
2854 5481 2979 5517 rara
3014 5466 3224 5517 veritate
3247 5458 3571 5516 commendet.
3599 5450 3647 5506 Si
3668 5462 3737 5500 aI-

2247 5543 2350 5587 tem
2378 5551 2445 5588 nu
2452 5535 2641 5607 nquam
2671 5536 2863 5588 diceret
2877 5551 3087 5607 perum,
3112 5550 3206 5607 nec
3220 5600 3231 5607 .
3242 5533 3313 5585 ad
3326 5599 3335 5607 '
3348 5529 3736 5607 teiit_qtiouf['f_[9:

2243 5610 2374 5650 terat
2394 5592 2638 5666 sufficere,
2664 5608 2743 5653 Vel
2762 5600 3015 5665 prolicere
3033 5592 3264 5652 reductio
3286 5599 3419 5665 eius.
3444 5593 3559 5648 Vide
3576 5592 3735 5643 fieri“

2243 5671 2555 5724 mandatum
2580 5669 2665 5728 lt).
