4030 6342
302 406 327 460 I
336 400 443 461 329

1507 403 2075 463 RECOGNITIONUM
2115 406 2242 465 LIB.
2286 408 2375 465 IV.

3418 398 3598 469 me

298 529 544 587 etaritur,
587 520 812 591 adjutis,
852 520 1046 592 religio
1078 519 1173 574 Dei
1214 537 1334 591 qua:
1360 535 1454 591 per
1485 523 1875 577 continentiam
1906 531 1948 586 Α
1980 525 2208 588 viribus,
2244 534 2422 580 tamen
2446 525 2578 580 dicit
2604 526 2725 579 huic
2753 523 2903 585 vade,
2946 534 2995 578 et
3038 525 3202 591 vadit,
3228 534 3277 581 et
3298 527 3395 581 alii
3416 529 3550 592 veni,

300 613 762 682 sobrietatemque
800 616 1110 676 constabat,
1144 628 1425 669 rarescere
1458 614 1600 668 inter
1625 614 1874 671 homines

296 713 465 776 atque
487 704 694 759 aboleri
722 704 1109 774 prapemodum
1142 706 1326 773 erepit.

371 795 565 850 XXXI.
607 794 741 849 Nam
784 810 908 849 cum
952 812 1017 849 ex
1068 796 1229 850 initio
1271 797 1541 861 homines,
1583 807 1771 869 utpote
1792 799 1877 869 ju-

298 896 445 943 stum
477 894 531 942 et
558 888 740 941 omnia
796 894 1145 942 contuentem
1192 887 1359 943 Deum
1407 892 1672 955 colentes,
1699 904 1877 963 neque

299 994 529 1051 peccare
560 980 824 1033 auderent
859 992 1037 1049 neque
1083 980 1338 1049 iujuriam
1399 980 1578 1037 facere
1615 976 1875 1053 proximis

299 1068 439 1131 suis,
497 1068 635 1122 certi
684 1069 828 1138 quod
886 1070 1321 1141 uniuscujusque
1368 1080 1525 1129 actus
1583 1081 1638 1129 et
1693 1083 1875 1131 motus

299 1160 572 1229 aspiceret
602 1158 744 1214 Deus
778 1179 791 1215 :
819 1162 910 1217 ubi
942 1163 1223 1233 religionis
1269 1166 1448 1220 cultus
1486 1166 1553 1221 ad
1579 1166 1874 1223 simulacra

298 1252 550 1307 exanima
595 1267 894 1310 conversus
936 1263 1042 1320 est,
1088 1264 1349 1326 tanquam
1386 1256 1455 1312 de
1500 1260 1701 1329 quibus
1740 1264 1874 1317 certi

296 1352 507 1406 essent,
539 1344 685 1414 quod
717 1360 896 1414 neque
931 1345 1180 1402 viderent
1218 1364 1394 1418 neque
1423 1351 1672 1406 audirent
1700 1369 1876 1423 neque

298 1443 656 1489 moverentur
690 1438 744 1489 in
773 1437 980 1507 aliquo,
1020 1438 1250 1493 licenter
1293 1454 1519 1509 peccare
1548 1449 1601 1495 et
1629 1442 1682 1495 in
1715 1459 1876 1500 omne

300 1527 515 1582 facinus
554 1530 807 1599 progredi
854 1544 1088 1599 coepere,
1123 1532 1322 1602 quippe
1352 1533 1444 1603 qui
1478 1533 1612 1587 nihil
1652 1537 1760 1605 pati
1786 1553 1876 1591 ve-

299 1630 555 1679 rerentur
580 1622 648 1677 ab
683 1622 768 1677 bis
798 1636 938 1691 quos
978 1621 1228 1676 colebant
1263 1631 1323 1676 ut
1347 1624 1499 1680 deos.
1541 1624 1680 1680 Hinc
1705 1627 1876 1682 bello-

301 1732 426 1772 rum
481 1715 662 1770 rabies
709 1714 934 1777 exarsit,
983 1714 1112 1768 hinc
1142 1715 1359 1784 praedae,
1390 1718 1612 1786 rapinae,
1646 1721 1874 1789 captivi-

298 1813 463 1869 tates,
489 1813 543 1861 et
568 1804 790 1859 libertas
820 1803 875 1857 in
897 1804 1217 1860 servitutem
1254 1805 1497 1871 redacta,
1531 1817 1696 1879 prout
1724 1811 1875 1881 quis-

297 1913 405 1969 que
446 1896 623 1968 potuit
693 1894 909 1949 libidini
955 1904 1011 1950 et
1058 1897 1344 1966 cupiditati
1405 1916 1520 1953 sua'.
1578 1902 1870 1969 satisfecit,

297 1989 551 2059 quamvis
569 1986 889 2042 satisfacere
918 1988 1201 2058 cupiditati
1240 1990 1388 2044 nulla
1420 1992 1503 2046 vis
1532 1994 1725 2062 possit.
1756 1996 1876 2050 Sic-

298 2090 359 2137 ut
389 2081 535 2136 enim
574 2080 717 2151 ignis
744 2088 950 2149 quanto
973 2081 1146 2151 magis
1191 2081 1338 2153 ligna
1392 2087 1689 2155 acceperit,
1720 2095 1875 2143 tanto

299 2177 538 2246 amplius
586 2175 906 2229 accenditur
935 2184 989 2230 et
1022 2176 1326 2241 invalescit,
1366 2178 1438 2233 ita
1468 2187 1522 2235 et
1558 2182 1874 2251 cupiditatis

298 2269 501 2331 rabies,
537 2283 632 2338 per
660 2282 723 2322 ea
761 2282 883 2338 quae
908 2266 1249 2339 adipiscitur,
1280 2273 1492 2327 auctior
1512 2282 1568 2329 et
1587 2274 1874 2330 vehemen-

298 2360 407 2416 tior
436 2358 688 2414 efficitur.
1332 2366 1333 2369 “

368 2448 583 2505 XXXII.
625 2448 855 2520 Propter
877 2449 1022 2520 quod
1042 2448 1267 2520 incipite
1284 2451 1398 2521 jam
1420 2452 1644 2508 meliore
1668 2452 1874 2508 intelle-

299 2549 391 2596 ctu
443 2541 849 2612 vobismetipsis
894 2543 1152 2600 resistere
1200 2545 1255 2598 in
1290 2544 1376 2598 his
1419 2559 1541 2613 quae
1573 2560 1682 2599 non
1723 2553 1873 2602 recte

298 2632 524 2702 cupitis,
555 2633 599 2689 si
625 2648 735 2703 quo
766 2633 905 2689 forte
934 2635 1097 2689 modo
1147 2650 1404 2705 reparare
1429 2636 1481 2689 in
1508 2636 1667 2692 vobis
1695 2651 1759 2691 ac
1786 2652 1874 2695 re-

300 2725 530 2783 stituere
576 2725 799 2797 possitis
844 2727 1013 2795 illam,
1047 2743 1168 2799 quae
1206 2736 1273 2784 ex
1298 2728 1455 2784 initio
1485 2731 1809 2788 mortalibus
1840 2748 1871 2787 a

300 2816 413 2874 Deo
447 2818 639 2873 tradita
669 2827 772 2885 est,
820 2820 1100 2891 religionis
1133 2822 1426 2892 puritatem
1458 2832 1513 2877 et
1542 2825 1870 2879 inocentiam

298 2912 445 2976 vitae,
472 2918 529 2965 ut
568 2928 665 2983 per
706 2928 825 2967 eam
871 2914 1031 2969 vobis
1066 2916 1229 2969 etiam
1273 2931 1398 2985 spes
1451 2917 1718 2971 bonorum
1768 2916 1871 2969 im-

297 3004 612 3057 mortalium
668 3011 1003 3075 reparetur;
1051 3013 1105 3062 et
1147 3007 1323 3076 agatis
1373 3007 1577 3077 gratias
1624 3008 1868 3077 largitori

297 3096 541 3148 omnium
577 3097 740 3165 patri,
768 3112 863 3166 per
877 3113 1001 3152 eum
1030 3114 1189 3169 quem
1220 3100 1403 3170 posuit
1429 3115 1607 3170 regem
1633 3099 1783 3170 pacis
1814 3107 1869 3155 et

298 3185 613 3240 thesaurum
668 3187 1019 3242 inelI'abilium
1071 3189 1363 3250 bonorum,
1403 3197 1461 3243 ut
1507 3189 1561 3243 in
1612 3189 1864 3259 priesenti
1895 3214 1937 3271 ε

297 3277 517 3346 quidem
604 3285 847 3349 tempore
914 3281 1195 3335 diluantor
1256 3288 1476 3351 peccata
1534 3291 1715 3335 vestra
1775 3294 1871 3350 per

297 3381 493 3437 aquam
552 3368 739 3431 fontis,
792 3377 884 3423 aut
932 3370 1194 3433 fluminis,
1230 3378 1323 3424 aut
1361 3372 1522 3425 etiam
1563 3371 1751 3437 maris,
1787 3372 1872 3425 in-

296 3468 493 3516 vocato
528 3476 692 3531 super
721 3478 818 3518 vos
841 3462 985 3517 trino
1012 3463 1367 3519 beatitudinis
1415 3466 1654 3527 nomine,
1685 3474 1745 3518 ut
1775 3480 1872 3535 per

298 3551 401 3607 hoc
436 3568 541 3607 non
574 3554 751 3607 solum
783 3555 1057 3626 fugentur,
1091 3557 1137 3610 si
1176 3557 1319 3610 intra
1354 3572 1452 3613 vos
1485 3559 1731 3612 habitant
1760 3559 1871 3629 spi-

297 3645 438 3699 ritus
502 3645 748 3715 maligni,
813 3664 1001 3702 verum
1058 3648 1222 3702 etiam
1272 3664 1397 3703 cum
1455 3650 1781 3708 destiteritis
1839 3667 1870 3706 a

299 3736 560 3806 peccatis,
587 3746 641 3791 et
674 3746 783 3791 tota
826 3738 928 3794 fide
966 3747 1190 3810 totaque
1238 3742 1435 3797 mentis
1489 3744 1729 3813 puritate
1758 3744 1870 3800 Deo

298 3827 665 3892 credideritis,
696 3829 861 3882 etiam
891 3847 955 3884 ex
997 3832 1119 3885 aliis
1147 3847 1243 3887 vos
1274 3834 1543 3904 malignos
1571 3836 1796 3906 spiritus
1817 3840 1871 3891 et

296 3915 573 3972 daemones
613 3918 884 3990 ell‘ugetis.
938 3929 1102 3991 atque
1133 3937 1161 3975 a
1196 3924 1545 3992 passionibus
1567 3936 1620 3980 et
1651 3926 1873 3997 languo«

299 4011 452 4067 ribus
500 4012 637 4066 alios
692 4014 927 4068 liberare
977 4016 1223 4084 possitis.
1280 4018 1386 4089 Ipsi
1423 4019 1568 4073 enim
1598 4019 1871 4076 daemones

298 4104 482 4159 sciunt
511 4112 565 4158 et
593 4117 897 4175 agnoscunt
943 4123 1037 4163 eos
1069 4108 1165 4177 qui
1195 4125 1254 4163 se
1287 4110 1615 4165 tradiderint
1646 4111 1784 4180 Deo,
1816 4114 1871 4169 et

297 4194 573 4250 interdum
604 4198 719 4253 sola
754 4214 941 4252 eorum
971 4201 1260 4268 praesentia
1300 4203 1697 4272 propelluntur.
1726 4204 1870 4259 sicut

297 4288 461 4358 paulo
508 4296 633 4343 ante
676 4289 914 4353 vidistis,
956 4292 1232 4361 quomodo
1283 4308 1407 4348 cum
1439 4310 1625 4349 vocem
1659 4304 1868 4351 tantum

298 4380 645 4435 salutationis
700 4380 1022 4437 fecissemus
1057 4383 1124 4437 ad
1152 4400 1270 4449 vos,
1305 4387 1567 4442 continuo
1595 4388 1869 4444 daemones

297 4480 521 4541 propter
549 4471 811 4528 honorem
847 4476 1125 4545 religionis
1163 4486 1369 4533 nostra:
1416 4479 1727 4534 exclamare
1755 4495 1869 4534 ece-

298 4570 519 4629 perunt,
551 4569 604 4616 et
642 4580 710 4617 ne
745 4580 936 4634 parum
986 4566 1205 4637 quidem
1264 4568 1528 4638 temperis
1576 4572 1871 4638 potuerunt
1902 4550 1944 4605 Ῐ)

295 4650 443 4706 ferre
474 4656 819 4722 praesentiam
856 4665 1124 4712 nostram.

371 4743 611 4803 XXXIII.
652 4746 908 4818 Nunquid
938 4764 1044 4803 nos
1072 4750 1299 4805 alterius
1326 4766 1519 4806 sumus
1550 4760 1760 4806 natura:
1785 4767 1874 4806 su-

294 4837 529 4905 perioris
578 4838 835 4908 alicujus,
887 4848 942 4895 et
1000 4850 1286 4911 propterea
1343 4858 1445 4897 nos
1493 4842 1765 4899 daemones
1803 4845 1873 4897 ti-

295 4928 699 4985 ment?Unius
751 4930 996 4998 ejusdem
1051 4932 1336 4987 vobiscum
1386 4940 1595 4988 natura:
1656 4950 1870 4999 smnus,

296 5020 393 5075 sed
424 5022 683 5091 religione
714 5022 1036 5078 differimus.
1080 5024 1236 5091 Quod
1265 5034 1319 5080 et
1339 5026 1385 5080 si
1408 5042 1503 5081 vos
1535 5043 1658 5082 esse
1681 5029 1867 5093 vultis,

297 5129 408 5167 non
448 5114 778 5179 invidemus,
816 5116 948 5186 quin
982 5118 1165 5186 potius
1188 5126 1242 5173 et
1265 5118 1551 5171 hortamur
1579 5128 1870 5190 certosque

296 5220 421 5259 esse
441 5220 537 5260 vos
576 5206 701 5260 volu
729 5223 850 5271 usus,
883 5209 1029 5278 quod
1067 5224 1191 5263 cum
1225 5209 1389 5263 fuerit
1420 5211 1473 5263 in
1502 5211 1657 5267 vobis
1679 5213 1869 5266 eadem

295 5312 420 5366 qua:
449 5297 504 5351 in
535 5299 693 5354 nobis
723 5306 808 5355 est
837 5300 973 5357 fides
1002 5309 1057 5357 et
1095 5303 1285 5373 religio
1321 5316 1386 5357 ac
1429 5304 1555 5359 vita:
1605 5304 1869 5360 innocen-

298 5389 403 5450 tia,
454 5400 839 5446 remunerante
894 5392 1005 5448 Deo
1060 5394 1217 5448 fidem
1298 5401 1557 5458 vestram,
1618 5397 1721 5450 erit
1773 5412 1872 5466 par

298 5478 454 5532 vobis
477 5485 639 5548 atque
679 5479 866 5535 eadem
915 5483 1079 5536 etiam
1104 5490 1295 5537 contra
1322 5484 1599 5538 datmones
1630 5496 1877 5553 potestas

296 5577 351 5622 et
384 5569 591 5624 ~virtus.
652 5570 805 5625 Sicut
844 5574 989 5627 enim
1027 5574 1072 5627 is
1106 5575 1198 5643 qui
1246 5578 1520 5645 acceperit
1552 5578 1655 5631 sub
1678 5590 1735 5633 se
1770 5578 1873 5630 mi-

298 5660 439 5725 lites,
474 5661 689 5717 etiamsi
734 5663 852 5732 ipse
897 5664 1143 5729 inferior,
1178 5676 1233 5720 et
1278 5666 1353 5721 illi
1404 5668 1715 5737 superiores
1759 5667 1866 5725 sint

377 5843 415 5875 "
450 5840 639 5897 Μειιιιι.
675 5859 789 5906 vtu,
824 5842 875 5897 9.
954 5844 996 5875 ”
1021 5843 1209 5901 Matth.
1250 5861 1320 5911 Iv,
1365 5846 1445 5901 ltl.

1525 5847 1567 5877 ’³
1602 5845 1735 5901 Luc.
1772 5863 1844 5911 tv,
1882 5847 1971 5907 19.

1975 629 2025 670 et
2062 620 2219 681 venit,
2250 627 2297 671 et
2329 617 2423 671 alii
2444 617 2531 686 [ac
2560 621 2678 681 hoc,
2714 626 2762 672 et
2796 617 2926 687 facit
2947 610 3013 682 “,
3057 618 3160 673 hoc
3218 629 3401 675 autem
3452 637 3551 699 po-

1976 716 2082 761 test
2112 723 2218 761 non
2255 709 2471 777 propria
2500 709 2721 773 virtute,
2760 710 2855 765 sed
2886 709 3121 764 Caesaris
3144 717 3291 764 metu
3325 729 3338 765 :
3376 712 3451 766 ita
3489 713 3554 767 ll-

1976 795 2112 850 delis
2140 798 2371 867 quisque
2398 799 2739 854 daemonibus
2792 800 3043 871 imperat,
3073 800 3291 857 etiamsi
3321 803 3555 857 videan~

1976 892 2068 938 tur
2094 887 2171 939 illi
2198 889 2367 941 multo
2394 903 2520 943 esse
2544 888 2861 945 hominibus
2891 890 3165 955 fortiores,
3197 907 3307 946 non
3332 902 3555 963 propter

1977 993 2132 1031 suam
2184 978 2465 1043 virtutem,
2526 980 2621 1035 sed
2668 987 2891 1053 propter
2937 982 3029 1036 Dei
3057 984 3152 1053 qui
3188 998 3285 1038 eos
3318 984 3554 1054 subjecit

1975 1077 2322 1140 potestatem.
2372 1070 2507 1125 Nam
2536 1080 2591 1126 et
2623 1073 2769 1143 quod
2810 1073 3068 1139 diximus,
3095 1083 3154 1129 ut
3177 1074 3362 1130 Caesar
3407 1078 3551 1147 apud

1975 1179 2168 1221 omnes
2221 1165 2423 1222 milites
2460 1174 2515 1221 et
2542 1158 2597 1221 in
2621 1168 2875 1223 omnibus
2903 1170 3103 1227 castris
3131 1178 3293 1241 atque
3322 1170 3375 1225 in
3405 1171 3554 1227 omni

1978 1271 2144 1327 regno
2193 1258 2471 1322 timeatur,
2528 1275 2653 1313 eum
2685 1260 2758 1313 sit
2787 1275 2930 1316 unus
2954 1269 3008 1315 et
3047 1262 3299 1317 fortassis
3322 1261 3553 1333 exiguus

1975 1350 2207 1415 viribus,
2234 1351 2452 1404 nonnisi
2494 1359 2763 1421 potestate
2801 1351 2895 1406 Dei
2942 1355 3141 1425 agtur,
3173 1356 3265 1425 qui
3294 1355 3548 1410 timorem

1976 1440 2068 1494 dat
2096 1441 2351 1495 omnibus
2382 1445 2440 1494 ut
2464 1440 2560 1495 uni
2584 1442 2979 1513 obtemperent.

2045 1532 2287 1589 XXXIV.
2334 1532 2449 1590 Hoc
2473 1551 2607 1593 sane
2642 1536 2786 1591 scire
2812 1551 2912 1590 vos
2942 1534 3197 1591 volumus
3251 1536 3397 1607 quod
3445 1537 3555 1592 daa-

1980 1642 2131 1691 mon,
2164 1628 2271 1682 nisi
2308 1629 2433 1699 quis
2480 1628 2857 1684 voluntatibus
2887 1628 3008 1698 ejus
3036 1643 3097 1683 se
3133 1636 3329 1697 Sponte
3367 1629 3557 1685 subdi-

1976 1717 2135 1783 derit,
2168 1728 2494 1790 potestatem
2543 1720 2835 1775 adversum
2880 1719 3154 1774 hominem
3212 1736 3321 1774 non
3367 1720 3552 1778 habet.

1978 1812 2132 1868 Unde
2170 1821 2224 1868 et
2265 1814 2383 1884 ipse
2429 1815 2521 1885 qui
2563 1823 2651 1869 est
2690 1817 2945 1885 princeps
2983 1815 3225 1881 malitiae,
3276 1816 3345 1872 ad
3404 1817 3553 1873 hunc

1977 1921 2138 1977 quem
2194 1906 2434 1964 diximus
2472 1922 2503 1962 a
2541 1907 2652 1962 Deo
2694 1909 3029 1985 destinatum
3066 1925 3251 1982 regem
3279 1912 3431 1981 pacis
3456 1926 3554 1967 ac-

1976 1998 2141 2053 cessit
2170 2006 2410 2063 tentans,
2453 2006 2509 2055 et
2539 1999 2784 2070 polliceri
2814 2000 3042 2071 eicoepit
3070 2017 3289 2057 omnem
3322 2002 3554 2073 gloriam

1980 2087 2191 2151 mundi,
2230 2089 2374 2159 quod
2401 2104 2525 2144 cum
2555 2090 2679 2145 aliis
2700 2091 2991 2146 obtulisset
3026 2092 3327 2162 decipiendi
3360 2108 3551 2158 causa,

1976 2179 2260 2234 adoratum
2292 2195 2351 2235 se
2381 2190 2625 2237 noverat.
2658 2180 2861 2252 Impius
2884 2191 2937 2237 et
2965 2182 3250 2239 immemor
3279 2184 3385 2251 sui,
3408 2185 3554 2255 quod

1973 2278 2055 2326 est
2091 2270 2371 2340 proprium
2396 2279 2451 2325 et
2480 2272 2720 2342 speciale
2749 2273 2988 2336 malitiae,
3030 2274 3368 2328 adorandum
3397 2291 3456 2331 se
3485 2276 3556 2331 ab

1974 2374 2041 2414 eo
2082 2360 2464 2430 praesumebat,
2510 2377 2540 2414 a
2578 2377 2688 2431 quo
2745 2377 2805 2415 se
2860 2370 3086 2416 noverat
3137 2362 3550 2420 destruendum.

1973 2446 2237 2505 Dominus
2266 2466 2397 2523 ergo
2426 2461 2613 2509 noster
2643 2452 2808 2506 unius
2839 2450 2935 2506 Dei
2962 2453 3168 2507 cultum
3192 2455 3550 2519 confirmans,

1971 2542 2253 2613 respondit
2277 2545 2327 2600 ei
2368 2564 2381 2599 ς
2412 2543 2679 2614 Scriptum
2708 2556 2785 2600 est
2812 2559 2831 2598 :
2862 2543 3149 2600 Dominum
3208 2546 3371 2602 Deum
3405 2557 3554 2601 tuum

1974 2634 2227 2689 adorabis
2277 2644 2328 2689 et
2381 2636 2464 2690 illi
2513 2637 2616 2691 soli
2670 2639 2976 2701 servies";
3029 2654 3137 2709 qua
3195 2640 3553 2711 responsione

1973 2726 2294 2795 deterritus,
2318 2738 2372 2784 et
2408 2736 2655 2784 metuens
2682 2746 2750 2785 ne
2775 2731 2943 2786 unius
2973 2739 3025 2785 et
3055 2731 3168 2787 veri
3199 2730 3294 2787 Dei
3324 2746 3551 2803 repara-

1972 2829 2127 2875 retur
2178 2835 2306 2876 vera
2351 2820 2561 2892 religio,
2618 2818 2841 2877 festinat
2886 2823 3151 2878 continuo
3194 2825 3444 2879 emittere
3496 2824 3553 2879 in

1973 2912 2121 2969 hunc
2164 2912 2426 2968 mundum
2478 2914 2981 2985 pseudopmphetas
3019 2922 3073 2971 et
3118 2915 3553 2988 pseudoaposto-

1971 3002 2052 3059 los
2071 3003 2346 3074 falsosque
2361 3005 2637 3070 doctores,
2668 3005 2761 3076 qui
2780 3006 2883 3061 sub
2908 3007 3127 3062 nomine
3146 3007 3364 3079 quidem
3392 3004 3555 3061 Chri-

1969 3094 2039 3149 sti
2090 3094 2463 3166 loquerentur,
2511 3094 2776 3154 daemonis
2831 3104 3016 3153 autem
3066 3096 3311 3154 facerent
3352 3096 3549 3152 volun-

1970 3195 2160 3243 tatem.

2042 3278 2259 3335 XXXV.
2298 3277 2527 3351 Propter
2547 3279 2691 3351 quod
2724 3280 3009 3338 observate
3037 3283 3275 3346 cautius,
3303 3290 3364 3337 ut
3412 3282 3551 3337 nulli

1972 3371 2261 3426 doctorum
2312 3373 2570 3436 credatis,
2620 3372 2726 3427 nisi
2760 3373 2853 3442 qui
2879 3371 3069 3428 Jacobi
3115 3373 3301 3428 fratris
3331 3373 3549 3430 Dcmini

1970 3479 2040 3518 ex
2070 3462 2412 3518 Hierusalem
2451 3462 2707 3519 detulerit
2756 3466 3154 3530 testimonium,
3179 3467 3262 3521 vel
3287 3467 3407 3537 ejus
3430 3466 3552 3537 qui-

1971 3564 2188 3625 cunque
2237 3562 2362 3625 post
2415 3554 2594 3626 ipsum
2645 3555 2829 3611 fuerit.
2877 3554 2993 3611 Nisi
3042 3557 3189 3612 enim
3242 3559 3367 3628 quis
3418 3558 3549 3612 illuc

1972 3646 2307 3711 ascenderit,
2350 3656 2404 3701 et
2442 3647 2515 3701 ibi
2572 3645 2737 3702 fuerit
2787 3648 3055 3717 probatus
3088 3648 3233 3719 quod
3264 3650 3335 3705 sit
3360 3650 3552 3705 doctor

1969 3737 2202 3791 idoneus
2231 3746 2283 3792 et
2315 3736 2487 3792 fidelis
2520 3736 2586 3791 ad
2617 3736 3025 3807 praedicandum
3047 3738 3253 3794 Christi
3285 3740 3550 3807 verbum;

1971 3828 2100 3895 nisi,
2127 3829 2371 3899 inquam,
2404 3829 2530 3884 inde
2559 3829 2814 3883 detulerit
2841 3831 3238 3894 testimonium,
3278 3833 3552 3904 recipien-

1972 3924 2076 3979 dus
2126 3922 2351 3977 omnino
2380 3936 2488 3976 non
2519 3931 2604 3977 est
2631 3939 2646 3988 ;
2678 3921 2773 3977 sed
2811 3939 2988 3995 neque
3032 3924 3321 3995 prapheta,
3372 3941 3551 3995 neque

1971 4015 2251 4085 apostolus
2275 4015 2329 4068 in
2368 4014 2472 4070 hoc
2512 4022 2758 4085 tempore
2812 4024 3065 4087 speretur
3091 4033 3122 4070 a
3152 4017 3306 4072 vobis
3348 4018 3548 4088 aliquis

1971 4102 2113 4159 alius
2162 4112 2357 4173 printer
2397 4118 2520 4159 nos.
2557 4102 2708 4158 Unus
2764 4105 2909 4159 enim
2947 4114 3032 4161 est
3060 4121 3221 4161 verus
3258 4106 3546 4178 propheta,

1970 4196 2130 4267 cujus
2182 4213 2282 4253 nos
2326 4196 2613 4252 duodecim
2663 4197 2895 4267 apostoli
2951 4198 3113 4253 verba
3161 4199 3542 4269 praedicamus.

1970 4287 2090 4361 Ipse
2126 4291 2270 4345 enim
2301 4297 2383 4345 est
2421 4303 2600 4344 annus
2651 4286 2746 4344 Dei
2798 4296 3079 4360 acceptus,
3136 4306 3239 4345 nos
3269 4291 3547 4361 apostolos

1970 4383 2179 4437 habens
2228 4380 2515 4437 duodecim
2550 4398 2767 4438 menses
2789 4380 2855 4438 ’³.
2902 4381 3018 4448 Qua
3058 4389 3238 4437 autem
3271 4398 3435 4438 causa
3459 4386 3547 4438 vel

1972 4474 2211 4529 mundus
2261 4474 2380 4543 ipse
2419 4472 2597 4529 factus
2654 4474 2745 4541 sit,
2770 4475 2851 4529 vel
2886 4474 3233 4530 diversitates
3268 4490 3387 4546 quae
3416 4486 3545 4529 sunt

1974 4567 2028 4620 in
2076 4580 2144 4619 eo
2180 4564 2497 4625 acciderint,
2540 4571 2594 4619 et
2636 4578 2735 4618 cur
2764 4562 2829 4617 ad
2864 4564 3260 4634 reparationem
3296 4564 3416 4633 ejus
3446 4581 3543 4619 ve-

1975 4655 2133 4709 niens
2166 4653 2429 4708 Dominus
2460 4660 2671 4718 noster,
2725 4654 2947 4723 elegerit
2975 4668 3078 4708 nos
3099 4652 3385 4708 duodecim
3413 4669 3545 4724 apo-

1974 4747 2146 4802 stolos
2192 4754 2250 4801 et
2302 4746 2536 4810 miserit,
2588 4747 2725 4801 alias
2772 4744 2937 4801 latius
2989 4746 3389 4815 explanabitur.
3453 4744 3544 4800 ln-

1976 4839 2134 4893 terim
2167 4838 2449 4906 nosjussit
2477 4838 2626 4892 exire
2670 4838 2737 4891 ad
2769 4836 3171 4907 praedicandum
3218 4844 3271 4891 et
3313 4838 3545 4891 invitare

1974 4949 2071 4987 vos
2104 4932 2169 4987 ad
2225 4947 2439 4987 emnam
2468 4931 2630 5002 Regis
2680 4932 2945 4996 cmlestis,
2998 4948 3160 5002 quam
3220 4932 3546 5002 prmparavit

1971 5032 2130 5087 Pater
2161 5024 2216 5079 in
2244 5024 2451 5095 nuptiis
2468 5023 2585 5078 Filii
2629 5024 2734 5089 sui,
2764 5032 2819 5080 et
2847 5033 2905 5078 ut
2934 5024 3126 5079 demus
3174 5023 3328 5079 vobis
3384 5023 3546 5078 indu-

1978 5124 2157 5171 menta
2190 5117 2455 5187 nuptialia
2478 5115 2543 5181 ’⁵,
2568 5117 2712 5187 quod
2744 5123 2829 5172 est
2872 5115 3045 5188 gratia
3072 5115 3354 5187 baptismi,
3380 5132 3543 5186 quam

1976 5210 2066 5279 qui
2089 5208 2255 5263 fuerit
2282 5218 2631 5270 consecutus,
2666 5215 2925 5278 tanquam
2969 5210 3351 5263 vestimentum
3380 5220 3544 5260 mim-

1976 5303 2128 5365 dum,
2185 5318 2309 5355 eum
2347 5318 2458 5372 quo
2510 5302 2559 5355 ei
2616 5300 3026 5372 ingrediendum
3080 5307 3165 5355 est
3221 5298 3287 5353 ad
3329 5313 3545 5353 ccenam

1978 5394 2142 5463 regis,
2192 5392 2484 5447 observare
2522 5390 2701 5453 debet,
2726 5406 2795 5444 ne
2829 5398 3056 5460 peccato
3091 5389 3271 5459 aliqua
3300 5405 3367 5444 ex
3393 5398 3547 5458 parte

1975 5486 2296 5547 maculetur,
2320 5492 2373 5538 et
2399 5484 2469 5539 ob
2492 5483 2595 5537 hoc
2624 5490 2880 5551 tanquam
2916 5481 3169 5552 indignus
3197 5488 3250 5536 et
3280 5479 3546 5551 reprobus

1974 5576 2280 5643 abjiciatur.
2990 5564 3001 5574 ’

2047 5666 2286 5721 XXXVI.
2327 5666 2517 5722 Causae
2564 5675 2743 5724 autem
2780 5667 2978 5738 quibus
3034 5666 3337 5723 maculetur
3392 5664 3545 5719 istud

2045 5848 2085 5880 ”
2116 5847 2306 5903 Matth.
2344 5861 2479 5914 uti,
2502 5846 2657 5902 :l-ll.
