4030 6342
574 347 704 403 1331

1426 347 1483 403 S.
1526 347 1920 407 CLEMENTIS
1959 351 1976 404 l
2012 351 2179 408 ROM.
2216 354 2420 411 PONT.
2462 354 2691 410 OPERA
2725 355 2954 421 DUBIA.
3621 370 3722 426 1552

573 463 952 519 indumentum
1001 462 1085 517 hae
1138 471 1267 518 sunt
1298 483 1309 517 :
1341 464 1387 518 si
1441 466 1566 534 quis
1609 468 1828 523 recedat
1855 485 1883 523 a
1919 478 2070 539 patre
2100 481 2154 524 et
2185 480 2230 536 Α
2261 476 2564 545 sexaginta,
2597 476 2794 531 tertius
2835 475 2927 547 qui
2972 483 3209 540 centum,
3235 476 3366 531 sicut
3399 477 3509 536 dias
3538 482 3724 544 vobisde

573 558 854 611 Conditore
884 556 1132 609 omnium
1165 555 1295 620 Deo,
1331 558 1495 611 alium
1557 561 1828 632 recipiens
1870 563 2151 617 doctorem

571 655 768 716 praeter
794 646 1094 709 Christum,
1128 647 1219 717 qui
1252 659 1337 703 est
1361 651 1512 705 solus
1550 652 1724 707 ﬁdelis
1749 669 1812 707 ac
1839 671 2001 709 verus
2037 671 2155 723 pro-

572 741 754 807 pheta,
812 738 1016 808 quique
1067 755 1169 796 nos
1220 741 1507 797 duodecim
1559 745 1838 813 apostolos
1898 747 2045 799 misit
2086 747 2153 800 ad

572 830 983 898 praedicandum
1026 832 1255 887 verbum
1283 853 1296 901 ;
1332 843 1385 888 et
1410 836 1453 888 si
1489 836 1615 905 quis
1645 835 1712 890 de
1743 836 2049 892 substantia
2079 839 2156 891 di-

570 923 818 977 vinitatis
877 939 998 992 qua:
1056 933 1253 979 cuncta
1302 926 1583 995 przecellit,
1642 928 1800 982 aliter
1856 944 2016 998 quam
2069 931 2153 984 di-

573 1031 737 1084 gnum
771 1024 855 1071 est
888 1017 1110 1080 sentiat,
1144 1017 1258 1072 haec
1281 1030 1406 1073 sunt
1448 1036 1569 1090 qua:
1598 1037 1770 1090 usque
1812 1022 1879 1076 ad
1923 1033 2151 1081 mortem

573 1106 832 1176 baptismi
865 1108 1116 1176 polluunt
1149 1108 1552 1167 indumentum.
1600 1111 1731 1177 Quae
1771 1129 1902 1167 vero
1935 1115 1987 1168 in
2019 1118 2154 1170 acti-

570 1197 675 1251 bus
702 1199 970 1267 polluunt,
1000 1200 1103 1254 ista
1128 1208 1257 1255 sunt
1291 1216 1303 1251 :
1349 1202 1660 1270 homicidia,
1692 1205 1981 1270 adulteria,
2005 1207 2151 1273 odia,

571 1289 821 1353 avaritia,
853 1290 1124 1359 cupiditas
1150 1294 1314 1345 mala.
1347 1293 1478 1357 Quae
1503 1305 1680 1348 autem
1723 1297 1962 1351 animam
1988 1301 2152 1354 simul

571 1386 624 1431 et
661 1393 859 1448 corpus
900 1380 1171 1448 polluunt,
1233 1381 1334 1435 ista
1363 1393 1490 1436 sunt
1528 1398 1539 1433 :
1593 1385 1921 1455 participare
1953 1389 2153 1442 daemo-

576 1486 706 1524 num
732 1487 955 1537 mensae,
988 1473 1092 1526 hoc
1114 1480 1217 1539 est,
1256 1474 1531 1529 iunnolata
1570 1476 1878 1547 degustare,
1910 1482 1991 1535 vel
2027 1499 2154 1537 san-

574 1564 815 1631 guinem,
850 1564 933 1618 vel
962 1565 1331 1619 morticinium
1362 1569 1506 1637 quod
1540 1577 1622 1623 est
1651 1570 1997 1639 sudocatum,
2022 1584 2075 1629 et
2104 1577 2150 1632 si

572 1651 702 1722 quid
752 1652 900 1706 aliud
930 1654 1188 1724 estquod
1238 1656 1576 1713 daemonibus
1622 1661 1861 1716 oblatum
1910 1674 2013 1721 est.
2053 1666 2151 1722 ilic

572 1757 705 1812 ergo
735 1744 890 1798 vobis
922 1744 992 1799 sit
1022 1746 1231 1815 primus
1260 1748 1461 1816 gradus
1491 1766 1553 1802 ex
1578 1751 1774 1817 tribus,
1812 1755 1902 1823 qui
1947 1757 2150 1826 gradus

572 1834 795 1906 triginta
824 1851 888 1891 ex
917 1852 977 1891 se
1005 1836 1176 1907 gignit
1217 1839 1470 1893 mandata
1502 1840 1575 1904 '5,
1600 1845 1874 1901 secundus
1899 1863 2025 1902 vero
2058 1851 2149 1920 qui

645 1967 689 2000 "
724 1967 914 2023 Matth.
948 1983 1080 2032 xut,
1110 1967 1201 2023 23.

599 2126 2907 2155 mw

2261 562 2345 617 his
2375 564 2589 632 plenius
2615 580 2972 633 exponemus.

2328 654 2593 710 XXXVII.
2636 656 2700 709 Et
2738 657 2851 712 haec
2872 673 2995 711 cum
3022 656 3264 721 dixisaet,
3297 674 3355 715 ac
3381 665 3666 732 praecepisset
3687 678 3725 721 ut

2256 748 2344 802 die
2402 759 2613 818 postera
2644 750 2710 803 ad
2740 751 2987 805 eumdem
3031 752 3207 806 locant
3258 756 3497 808 maturius
3536 761 3721 812 conveni-

2258 846 2398 902 rrnt,
2433 840 2621 895 turbas
2662 840 2909 906 dimisit;
2945 841 3143 911 quibus
3190 842 3424 898 recedere
3465 847 3720 914 nolentibus,

2256 930 2330 983 ait
2363 929 2555 985 Petrus
2581 946 2595 985 ι
2639 931 2848 985 Donate
2895 932 3024 985 mihi
3054 932 3192 986 hanc
3220 935 3432 1004 gratiam
3460 942 3715 1006 propterhe-

2255 1020 2425 1073 sterni
2480 1019 2690 1075 itineris
2762 1020 3009 1087 labores;
3049 1031 3103 1075 et
3150 1037 3292 1076 nunc
3343 1022 3633 1082 discedentes
3670 1031 3727 1086 die

2255 1110 2494 1165 crastina
2546 1111 2811 1166 maturius
2861 1112 3145 1167 convenite
3180 1130 3195 1179 ;
3226 1122 3278 1167 et
3318 1116 3387 1168 ita
3436 1130 3542 1169 cum
3591 1120 3723 1177 latitia

2255 1206 2581 1261 diSCt‘SSCI’C.
2618 1207 2684 1260 At
2713 1206 2906 1262 Petrus
2924 1209 3199 1278 paululum
3237 1226 3319 1264 me
3339 1212 3562 1266 secedere
3584 1216 3722 1282 preci-

2256 1301 2412 1368 piens
2441 1301 2703 1355 orationis
2745 1316 2934 1366 causa,
2967 1302 3122 1370 jubet
3153 1311 3272 1371 post
3301 1302 3405 1358 hzec
3439 1303 3484 1356 in
3512 1304 3609 1357 loco
3631 1306 3725 1360 horti

2260 1408 2417 1461 quem
2479 1395 2666 1446 umbra
2736 1396 3095 1463 contegebat,
3143 1396 3439 1449 accubitum
3488 1398 3649 1458 sterni.
3692 1406 3728 1451 ιι

2258 1484 2631 1554 unusquisque
2653 1501 2718 1538 ex
2750 1500 2899 1538 more
2946 1500 3342 1554 recognoscens
3372 1488 3550 1556 proprii
3577 1488 3725 1542 ordinis

2258 1577 2457 1639 locum,
2513 1576 2695 1630 cibum
2733 1576 3087 1645 sumpsimus.
3138 1575 3275 1631 Tum
3319 1579 3497 1634 deinde
3537 1579 3635 1648 quia
3665 1594 3727 1632 su-

2255 1677 2467 1738 pererat
2525 1668 2703 1723 adhuc
2752 1671 3150 1740 aliquantulum
3198 1671 3323 1730 diei.
3365 1672 3427 1724 de
3468 1670 3727 1723 mirabilibus

2258 1758 2468 1812 Domini
2505 1760 2811 1817 collocutus
2852 1762 3163 1825 nobiscum,
3202 1776 3419 1832 vespere
3445 1760 3727 1830 iactoingrcs

2262 1868 2357 1907 sus
2382 1852 2693 1906 cubiculum
2725 1855 2948 1924 quievit.

2910 2138 3703 2163 ’,δ-*Ἣ

1685 2255 2042 2343 LIBER
2120 2257 2705 2359 QUINTUS.

642 2554 683 2610 1.
726 2551 985 2620 Sequenti
1021 2559 1201 2603 autem
1238 2550 1348 2612 die,
1373 2551 1533 2620 paulo
1555 2551 1716 2607 citius
1746 2568 1910 2621 quam
1932 2553 2139 2607 solebat

572 2659 912 2714 consurgens
961 2640 1177 2701 Petrus,
1219 2641 1424 2696 invenit
1455 2658 1555 2697 nos
1585 2643 1915 2699 dormientes
1948 2663 1963 2710 ;
1993 2646 2141 2715 quod

572 2736 663 2801 ubi
693 2732 885 2794 sensit,
909 2731 1067 2800 quasi
1106 2731 1221 2798 ipse
1259 2730 1440 2784 adhuc
1472 2732 1709 2787 dormire
1740 2734 1945 2799 volens,
1970 2736 2107 2790 silen

571 2829 708 2882 tiu'n
750 2825 853 2881 sibi
907 2822 1021 2877 ﬁeri
1061 2822 1249 2893 jussit,
1284 2830 1341 2875 ut
1368 2823 1526 2877 nobis
1557 2824 1874 2895 quiescendi
1907 2825 2141 2882 faculta-

569 2927 681 2981 tem
712 2917 881 2972 daret.
916 2913 1017 2970 Ubi
1046 2920 1223 2967 autem
1254 2913 1440 2969 refecti
1476 2931 1668 2970 somno
1700 2920 2133 2987 cxsurreximus,

569 3014 878 3072 invenimus
908 3027 1031 3073 eum
1062 3012 1308 3064 oratione
1335 3009 1629 3068 factaintra
1646 3013 1953 3069 cubiculum
1967 3032 2137 3088 oppe-
2174 3024 2177 3088 ξ

570 3109 800 3163 rientem
834 3120 954 3159 nos.
988 3102 1200 3156 Etcum
1227 3103 1337 3172 jam
1368 3113 1513 3158 esset
1545 3105 1954 3175 crepusculum,
1995 3111 2124 3162 satu.
2168 3076 2212 3136 Ο

569 3205 693 3251 tans
718 3210 784 3247 cx
815 3208 963 3246 more
1002 3192 1239 3246 breviter
1277 3191 1546 3247 allocutus
1573 3201 1679 3258 est,
1711 3203 1765 3249 et
1785 3196 2046 3252 continuo
2076 3198 2144 3252 ad

568 3295 895 3355 consuetum
956 3284 1132 3349 locum
1189 3283 1422 3339 docendi
1493 3286 1665 3354 gratia
1718 3288 2002 3356 procedit,
2052 3289 2143 3343 ubi

569 3394 693 3431 eum
730 3374 955 3445 vidisset
984 3374 1052 3435 ad
1103 3373 1432 3435 audiendum
1484 3375 1746 3444 plurimos
1794 3380 2141 3446 convenisse,

568 3470 746 3540 primo
797 3466 1082 3536 religionis
1125 3467 1235 3531 ritu
1267 3480 1399 3535 pace
1424 3467 1505 3522 eis
1533 3468 1801 3534 invocata,
1830 3471 2011 3529 dicere
2043 3473 2145 3528 hoc

570 3559 733 3629 modo
757 3559 924 3627 erepit
958 3576 971 3611 :

641 3649 703 3707 ll.
747 3651 792 3681 “
834 3650 976 3705 Deus
1007 3658 1224 3705 creator
1270 3651 1511 3719 omnium
1543 3667 1608 3705 ex
1635 3652 1791 3708 initio
1834 3656 1900 3710 ad
1948 3657 2142 3729 imagi-

568 3758 694 3796 nem
758 3757 913 3795 suam
964 3742 1238 3795 hominem
1301 3740 1449 3805 fecit,
1508 3745 1669 3813 eique
1718 3746 2142 3805 dominationem

567 3843 729 3886 teme
752 3832 1030 3902 marisque
1058 3843 1111 3887 et
1139 3833 1281 3888 aeris
1318 3834 1492 3903 ipsius
1536 3835 1705 3903 dedit,
1739 3838 1880 3893 sicut
1900 3848 1954 3894 et
1981 3856 2143 3897 verus

567 3923 729 3995 nobis
760 3922 1023 3995 propheta
1056 3924 1317 3987 narravit,
1340 3930 1394 3978 et
1423 3924 1539 3999 ipsa
1559 3940 1740 3981 rerum
1778 3927 1916 3982 ratio
1937 3928 2094 3983 docet
2126 3947 2141 3998 ;

568 4016 721 4070 solus
766 4016 909 4069 enim
958 4023 1043 4069 est
1100 4016 1464 4079 rationabilis,
1502 4024 1557 4075 et
1594 4032 1939 4091 consequens
1974 4029 2057 4076 est
2088 4034 2146 4078 ut

566 4108 709 4161 ratio
733 4107 1204 4179 irrationabilibus
1234 4108 1563 4175 dominetur.
1613 4108 1710 4164 llic
1732 4127 1861 4182 ergo
1891 4114 1958 4167 ah
1989 4114 2143 4168 initio

567 4215 694 4253 eum
724 4199 902 4253 adhuc
928 4199 1112 4268 justus
1139 4208 1304 4263 esset,
1336 4201 1553 4268 cunctis
1577 4201 1723 4258 vitiis
1748 4211 1803 4258 ct
1842 4204 1989 4258 oumi
2036 4205 2144 4258 fra-

566 4291 774 4364 gilitate
813 4293 1064 4362 superior
1106 4300 1267 4361 erat;
1310 4292 1399 4361 ubi
1453 4300 1632 4347 autem
1680 4296 1945 4365 peccavit.
1998 4296 2144 4350 sicut

566 4383 825 4437 hesterno
853 4385 940 4439 die
968 4384 1347 4449 docuimus,et
1380 4385 1555 4451 factus
1578 4394 1661 4453 est
1692 4404 1884 4443 servus
1910 4390 2139 4458 peccati,

2244 2555 2442 2624 pietate
2500 2554 2789 2623 passibiles
2831 2554 2959 2609 facti
2997 2566 3141 2613 sunt.
3178 2556 3250 2609 ita
3290 2571 3380 2624 per
3410 2554 3617 2623 pietatem
3639 2570 3727 2623 pos-

2245 2653 2375 2700 sunt
2396 2661 2519 2699 esse
2550 2645 2920 2715 impassibiles
2956 2646 3091 2717 (16),
3119 2656 3178 2700 et
3204 2662 3309 2699 non
3335 2647 3493 2700 solum
3540 2644 3721 2713 impassi-

2244 2737 2400 2798 biles,
2428 2752 2612 2790 verum
2639 2744 2693 2790 et
2721 2752 2887 2806 parva
2920 2737 2972 2790 in
3019 2736 3190 2791 Deum
3217 2736 3317 2790 tide
3344 2736 3547 2789 aliorum
3579 2734 3729 2801 passio-

2243 2844 2341 2882 nes
2368 2835 2646 2881 curantes.
2675 2825 2751 2880 Ita
2782 2828 2925 2880 enim
2965 2843 3128 2882 verus
3189 2827 3444 2897 propheta
3497 2825 3620 2877 nobis
3640 2839 3728 2892 prec

2246 2920 2397 2974 misit
2450 2920 2639 2975 dicens
2666 2939 2679 2974 :
2706 2924 2874 2973 Amen
2931 2918 3048 2973 dico
3101 2920 3270 2985 vobis,
3305 2920 3422 2990 quia
3454 2919 3493 2972 si
3511 2916 3723 2968 habueritis

2242 3013 2400 3082 ﬁdem
2419 3013 2791 3082 sicutgranum
2815 3013 3034 3081 sinapis,
3063 3012 3251 3065 dicetis
3284 3012 3439 3063 monti
3458 3010 3562 3070 huic,
3586 3002 3725 3059 Transi

2248 3105 2387 3169 hinc,
2447 3114 2495 3157 et
2552 3103 2798 3157 transibit
2852 3105 2917 3159 "’.
2961 3103 3133 3172 Hujus
3184 3104 3336 3158 vocis
3383 3102 3523 3157 etiam
3555 3115 3627 3153 vos
3650 3098 3729 3166 ipsi

2250 3198 2577 3253 documenta
2634 3197 2923 3265 accepistis
2954 3214 2968 3263 ;
3022 3198 3284 3253 hesterno
3312 3197 3449 3253 enim
3480 3196 3550 3250 die
3570 3191 3727 3245 vidistis

2249 3288 2520 3360 quomodo
2559 3288 2868 3343 astantibus
2912 3289 3092 3352 nobis,
3135 3288 3409 3343 daemones
3452 3302 3554 3341 cum
3577 3283 3729 3353 passio-

2248 3382 2411 3437 nibus
2456 3397 2593 3451 quas
2641 3380 2955 3436 hominibus
2996 3382 3337 3445 invexerant,
3392 3378 3661 3433 transierunt
3690 3379 3731 3425 et

2250 3471 2418 3541 fugati
2449 3480 2597 3528 sunt.

2320 3563 2409 3620 lll.
2436 3565 2573 3631 Quia
2598 3581 2729 3636 ergo
2756 3565 2847 3618 alii
2881 3564 3098 3634 quidem
3129 3564 3379 3618 homines
3403 3561 3650 3633 patiuntur,
3669 3553 3733 3607 alii

2246 3657 2517 3724 patientes
2546 3662 2765 3717 sanant,
2799 3670 2968 3708 causa
2999 3655 3117 3709 sine
3141 3654 3313 3707 dubio
3342 3655 3419 3707 vel
3465 3647 3657 3720 patiendi
3676 3644 3732 3697 vel

2247 3748 2475 3802 curandi
2506 3746 2787 3801 noscenda
2832 3756 2937 3810 est,
2995 3762 3117 3816 quae
3171 3760 3285 3798 non
3326 3744 3425 3797 alia
3477 3746 3733 3805 essequam

2246 3840 2576 3909 patientibus
2634 3838 2852 3909 quidem
2913 3838 3275 3896 inﬁdelitatis,
3329 3833 3612 3889 curantibus
3648 3839 3735 3879 vero

2248 3932 2370 3987 tidei
2399 3932 2827 3986 demonstratur.
2857 3930 3153 3985 lnlidelitas
3182 3931 3332 3985 enim
3361 3928 3479 3982 dum
3503 3940 3592 3979 non
3614 3917 3737 3974 credit

2250 4023 2494 4077 futurum
2520 4021 2787 4092 judicium
2848 4021 2967 4085 Dei,
2996 4019 3261 4091 peccandi
3297 4018 3550 4073 licentiam
3574 4008 3734 4080 prabet.

2250 4122 2536 4186 peccatum
2568 4129 2695 4168 vero
2720 4114 2990 4167 hominem
3017 4113 3369 4182 passionibus
3412 4105 3655 4162 obnoxium
3681 4096 3735 4147 fa-

2244 4209 2338 4263 cit.
2373 4207 2533 4262 Fides
2563 4216 2742 4261 autem
2790 4205 3035 4260 futurum
3085 4219 3211 4260 esse
3265 4202 3356 4257 Dei
3398 4196 3627 4270 judicium
3650 4202 3734 4241 cre—

2244 4302 2379 4356 dens
2409 4301 2654 4354 continet
2686 4299 2939 4354 homines
2986 4312 3016 4351 a
3066 4304 3327 4367 peccato;
3380 4308 3476 4347 non
3516 4287 3735 4380 peccantes

2244 4408 2374 4447 vero
2406 4407 2513 4445 non
2537 4390 2712 4445 solum
2745 4389 2901 4444 liberi
2926 4397 3055 4445 sunt
3091 4405 3120 4442 a
3151 4384 3479 4442 daemonibus
3507 4387 3553 4433 et
3577 4383 3734 4446 passm-

568 4473 730 4526 simul
755 4482 809 4527 et
838 4472 1115 4545 fragilitati
1143 4474 1377 4543 edicitur
1422 4479 1714 4534 obnoxius.
1749 4453 2141 4559 Quod-idcirco
2176 4453 2216 4515 θ
2246 4484 2434 4546 nibus,
2461 4498 2650 4537 verum
2681 4491 2736 4537 et
2764 4483 2999 4537 aliorum
3029 4480 3308 4535 daemones
3348 4484 3398 4531 et
3425 4475 3661 4545 passiones
3678 4461 3736 4515 iu-

567 4566 831 4636 scriptum
861 4576 966 4629 est,
1008 4575 1067 4621 ut
1094 4568 1271 4621 sciant
1313 4567 1563 4635 homines
1608 4572 1737 4642 quia
1785 4574 1928 4628 sicut
1953 4590 2018 4637 ex
2048 4575 2144 4627 im-

2246 4590 2377 4646 gare
2404 4586 2652 4645 possunt.

640 4771 688 4844 "_
712 4770 843 4840 Cap.
880 4769 916 4822 2
941 4800 968 4809 -
998 4770 1067 4844 53
1120 4771 1319 4825 desunt
1348 4771 1401 4824 in
1455 4772 1615 4844 codd.
1643 4770 1845 4844 ULipss.
1882 4768 2195 4844 ‘Cuhaerent
2251 4781 2433 4844 autem
2488 4788 2553 4827 ea
2598 4788 2718 4844 quae
2776 4784 3080 4844 sequuntur
3128 4786 3254 4844 cum
3295 4766 3634 4844 superioribus.
3664 4758 3736 4844 huc

564 4842 730 4907 tnudu
769 4860 781 4895 :

564 4919 671 4966 etc.
785 4912 826 4941 ²⁷
860 4909 1050 4965 Matth.
1084 4926 1217 4974 xvu,
1256 4913 1341 4970 19.

832 4856 957 4915 pace
995 4842 1094 4915 ‘eis
1125 4844 1389 4915 invocata,
1425 4842 1605 4915 aliqua
1633 4831 1750 4914 illis
1772 4843 1835 4895 de
1871 4841 2093 4907 hominis
2127 4843 2387 4897 creatione
2416 4854 2464 4897 et
2497 4831 2647 4911 lapsi:
2672 4831 2932 4913 exposuit.
2966 4843 3034 4897 Et
3061 4853 3179 4911 post
3230 4843 3339 4896 Itatc
3360 4831 3511 4911 jussit
3552 4831 3634 4887 sibi
3650 4842 3732 4887 ιω,

1887 5022 2253 5082 COTELERII
2290 5024 2520 5081 NOTAE.

640 5141 753 5218 (l6)
812 5141 1193 5210 Impassibiles.
1266 5145 1523 5218 ‘Ajndesm
1549 5155 1602 5202 et
1638 5147 2045 5218 ἀναμαρτησία,
2085 5147 2133 5202 si

569 5214 754 5286 stricte
788 5222 1099 5286 sumantur.
1122 5224 1276 5286 sunt
1314 5214 1841 5286 imperturbabiliias'
1861 5214 2134 5284 et'intpec-

566 5281 835 5357 cubilitas,
862 5282 1254 5350 imperturbatio
1282 5295 1336 5339 et
1366 5281 1929 5357 iiupcccanlia.'Verum
1961 5281 2136 5356 laxius

567 5353 843 5428 interdum
902 5364 1238 5423 usurpantur
1282 5372 1309 5412 a
1367 5353 1585 5412 sanctis
1619 5358 1895 5417 Patribus.
1946 5353 2138 5428 proeo

568 5431 712 5499 statu
743 5425 796 5477 in
832 5440 941 5499 quo
995 5428 1221 5499 positus,
1243 5443 1326 5480 th‘
1354 5437 1598 5491 sanctus,
1630 5445 1726 5499 per
1766 5425 1992 5497 gratiam
2043 5427 2135 5499 Dei

566 5496 751 5547 minus
771 5496 979 5549 crebris
1009 5497 1422 5567 minoribusque
1451 5496 1843 5555 tentationihus
1865 5498 2137 5554 obnoxius

565 5573 671 5638 est,
704 5567 1177 5638 nec_gravrot-ibtts
1220 5570 1461 5638 peccatis
1487 5572 1793 5624 succumbit
1826 5568 2136 5633 :‘Arta'thtl,

566 5632 745 5710 inquit
784 5632 1071 5710 Maximus,
1106 5638 1181 5692 De
1200 5632 1476 5710 c'liaritate,
1508 5642 1753 5695 centuria
1782 5642 1834 5703 1,
1865 5657 1986 5710 cap.
2028 5632 2134 5703 36,

568 5705 716 5758 ἐστὶν
786 5706 1032 5782 simi/ixi;
1080 5709 1410 5782 κςιτάσῖασις
1452 5711 1647 5782 ψυχῆς,
1695 5711 1814 5766 καθ’
1858 5705 2144 5781 ἠείδυσκί-

566 5790 725 5843 γητος
756 5774 963 5850 γίνεται
1000 5774 1146 5849 ψυχὴ
1187 5778 1321 5850 πρὸς
1363 5774 1710 5836 κακῖαἶίίΕδε
1739 5774 1995 5848 ἀπάθεια,
2042 5794 2138 5845 pa-

569 5855 718 5907 catus
745 5847 935 5901 animw
967 5847 1157 5909 status,
1199 5847 1475 5906 secundum
1499 5870 1645 5911 quem
1677 5851 1946 5920 difﬁculter
1975 5847 2140 5909 more-

2236 5158 2324 5217 tur
2353 5147 2532 5200 anima
2555 5163 2681 5217 erga
2715 5146 2999 5210 malitiam,
3016 5144 3355 5217 δυσκίνητρς,
3386 5156 3485 5195 non
3507 5133 3730 5217 ,ἀξίγηῖοῨ

2240 5204 2412 5284 Reddi
2442 5204 2636 5269 autem"
2665 5217 2823 5271 debet
2863 5232 2966 5271 vox
2985 5204 3244 5277 ’ἀπαθείξ
3268 5204 3731 5284 Clementiﬁietan-

2240 5282 2637 5359 drinoAStrom.
2678 5303 2776 5351 vn,
2822 5302 2875 5357 p.
2908 5286 3030 5349 750,
3080 5285 3169 5338 ubi
3212 5272 3729 5359 ⁷άτεεειθξζς,ιθίῖξάεηέιφέτ

2242 5357 2508 5431 semidei;
2537 5335 2910 5431 (ςοιΊ-εξχθῖειιίιιΔ
2942 5335 3038 5431 act
3052 5361 3347 5431 verterunt.
3392 5350 3492 5403 Καίι
3522 5335 3731 5431 ξὲγξψξς

2239 5427 2347 5483 τῶν
2398 5414 2676 5499 πρότέρων
2721 5430 2847 5488 τοὺς
2889 5426 3170 5495 δευτέρους
3198 5423 3463 5495 ἀμείνους,
3489 5414 3660 5469 οὐδέπω
3682 5414 3729 5521 ἓ

2245 5497 2467 5521 z.__n-~.-_
2519 5500 2583 5521 Δ-.
2619 5498 2687 5521 με.
2724 5499 3078 5521 2...-..._.---..-.-.
3125 5495 3301 5521 νίκη-..
3327 5490 3576 5521 νοηληε-υηι
3630 5492 3700 5521 am.

2241 5490 2487 5592 ἀζεαθεῖξ,
2519 5490 2584 5568 ἧι)
2617 5498 2690 5584 μὴ
2719 5490 3082 5592 τζμμσίκαὲςὸι
3125 5490 3301 5547 «eam
3327 5490 3601 5592 γενόμενοὲ

2244 5584 2270 5592 -
2315 5584 2342 5592 ..
2369 5568 2457 5592 --π
2491 5570 2692 5592 νην-..
2774 5587 2783 5592 .
2821 5567 2982 5592 ..---..‘.
3021 5584 3080 5592 ..η
3113 5563 3489 5592 -,--..ξε,..μ-η.
3531 5574 3559 5592 ν
3659 5580 3681 5592 ..

2242 5565 2342 5649 τῂν
2368 5554 2468 5649 eo?
2477 5554 2695 5649 ’1ςῖῳῖεᾶ
2738 5554 3092 5649 διδαὲκαλίαί
3112 5554 3727 5649 προσξήξω“ιται,ᾕξξξξξεξ

2242 5614 2352 5712 τών
2379 5614 2607 5709 ἐχθρῶνῗ
2634 5638 2802 5693 Porro
2826 5646 3018 5712 auctor
3049 5614 3461 5712 Recognitionam
3496 5614 3728 5712 ἰηιίζαξιξζ

2247 5706 2319 5783 tes
2356 5694 2450 5762 eos
2479 5694 2735 5783 appellat.
2779 5709 2870 5778 qui
2898 5720 3126 5783 propter
3158 5694 3504 5783 innocentiam
3530 5694 3725 5783 tibi?“

2246 5771 2529 5837 incursant
2533 5771 2597 5834 ur
2626 5795 2655 5834 a
2681 5771 3037 5845 daemonibus,
3071 5794 3167 5835 nec
3192 5775 3387 5833 morbis
3412 5771 3675 5840 adﬁguntur.
