  <div class='ocr_page' id='page_1' title='image "/cluster/home/n/w/nwhite01/storage/ocr_20150623/1/hvd.32044073501405/676.png"; bbox 0 0 4030 6342; ppageno 0'>
   <div class='ocr_carea' id='block_1_1' title="bbox 294 372 433 433">
    <p class='ocr_par' dir='ltr' id='par_1_1' title="bbox 294 372 433 433">
     <span class='ocr_line' id='line_1_1' title="bbox 294 372 433 433; baseline -0.022 -7"><span class='ocrx_word' id='word_1_1' title='bbox 294 372 433 433; x_wconf 66' lang='grc'><strong>1555</strong></span> 
     </span>
    </p>
   </div>
   <div class='ocr_carea' id='block_1_2' title="bbox 1515 352 2345 415">
    <p class='ocr_par' dir='ltr' id='par_1_2' title="bbox 1515 352 2345 415">
     <span class='ocr_line' id='line_1_2' title="bbox 1515 352 2345 415; baseline -0.01 0"><span class='ocrx_word' id='word_1_2' title='bbox 1515 352 2076 415; x_wconf 72' lang='lat' dir='ltr'><strong>RECOGNITIONUM</strong></span> <span class='ocrx_word' id='word_1_3' title='bbox 2114 354 2240 411; x_wconf 82' lang='lat' dir='ltr'><strong>LIB.</strong></span> <span class='ocrx_word' id='word_1_4' title='bbox 2280 353 2345 407; x_wconf 69' lang='grc' dir='ltr'><strong>Υ.</strong></span> 
     </span>
    </p>
   </div>
   <div class='ocr_carea' id='block_1_3' title="bbox 3400 348 3539 405">
    <p class='ocr_par' dir='ltr' id='par_1_3' title="bbox 3400 348 3539 405">
     <span class='ocr_line' id='line_1_3' title="bbox 3400 348 3539 405; baseline 0 -3"><span class='ocrx_word' id='word_1_5' title='bbox 3400 348 3539 405; x_wconf 65' lang='grc' dir='ltr'><strong>ηδε</strong></span> 
     </span>
    </p>
   </div>
   <div class='ocr_carea' id='block_1_4' title="bbox 363 463 3538 555">
    <p class='ocr_par' dir='ltr' id='par_1_4' title="bbox 363 463 3538 555">
     <span class='ocr_line' id='line_1_4' title="bbox 363 463 3538 555; baseline -0.006 -17"><span class='ocrx_word' id='word_1_6' title='bbox 363 484 455 539; x_wconf 72' lang='grc' dir='ltr'><strong>ιν.</strong></span> <span class='ocrx_word' id='word_1_7' title='bbox 488 483 564 537; x_wconf 80' lang='lat' dir='ltr'><strong>Ex</strong></span> <span class='ocrx_word' id='word_1_8' title='bbox 593 484 679 540; x_wconf 99' lang='lat' dir='ltr'><strong>his</strong></span> <span class='ocrx_word' id='word_1_9' title='bbox 725 498 854 555; x_wconf 86' lang='lat' dir='ltr'><strong>ergo</strong></span> <span class='ocrx_word' id='word_1_10' title='bbox 884 482 1138 536; x_wconf 90' lang='lat' dir='ltr'><strong>omnibus</strong></span> <span class='ocrx_word' id='word_1_11' title='bbox 1192 479 1485 551; x_wconf 83' lang='lat' dir='ltr'><strong>colligitur,</strong></span> <span class='ocrx_word' id='word_1_12' title='bbox 1540 477 1681 548; x_wconf 89' lang='lat' dir='ltr'><strong>quod</strong></span> <span class='ocrx_word' id='word_1_13' title='bbox 1713 474 1865 543; x_wconf 81' lang='lat' dir='ltr'><strong>origo</strong></span> <span class='ocrx_word' id='word_1_14' title='bbox 1895 477 1940 530; x_wconf 80' lang='grc' dir='ltr'><strong>Α</strong></span> <span class='ocrx_word' id='word_1_15' title='bbox 1970 470 2112 525; x_wconf 90' lang='lat' dir='ltr'><strong>latnr</strong></span> <span class='ocrx_word' id='word_1_16' title='bbox 2139 471 2407 525; x_wconf 88' lang='lat' dir='ltr'><strong>bonorum</strong></span> <span class='ocrx_word' id='word_1_17' title='bbox 2440 467 2543 524; x_wconf 84' lang='lat' dir='ltr'><strong>sibi</strong></span> <span class='ocrx_word' id='word_1_18' title='bbox 2567 466 2870 522; x_wconf 75' lang='lat' dir='ltr'><strong>doctrinam</strong></span> <span class='ocrx_word' id='word_1_19' title='bbox 2921 464 3093 520; x_wconf 79' lang='lat' dir='ltr'><strong>fuisse</strong></span> <span class='ocrx_word' id='word_1_20' title='bbox 3144 463 3399 527; x_wconf 76' lang='lat' dir='ltr'><strong>delatam,</strong></span> <span class='ocrx_word' id='word_1_21' title='bbox 3450 479 3538 518; x_wconf 85' lang='lat' dir='ltr'><strong>re-</strong></span> 
     </span>
    </p>
   </div>
   <div class='ocr_carea' id='block_1_5' title="bbox 288 568 1865 645">
    <p class='ocr_par' dir='ltr' id='par_1_5' title="bbox 288 568 1865 645">
     <span class='ocr_line' id='line_1_5' title="bbox 288 568 1865 645; baseline -0.006 -16"><span class='ocrx_word' id='word_1_22' title='bbox 288 576 462 632; x_wconf 85' lang='lat' dir='ltr'><strong>totius</strong></span> <span class='ocrx_word' id='word_1_23' title='bbox 493 576 617 630; x_wconf 90' lang='lat' dir='ltr'><strong>mali</strong></span> <span class='ocrx_word' id='word_1_24' title='bbox 648 574 716 629; x_wconf 88' lang='lat' dir='ltr'><strong>ab</strong></span> <span class='ocrx_word' id='word_1_25' title='bbox 737 572 1043 645; x_wconf 73' lang='lat' dir='ltr'><strong>ignorantia</strong></span> <span class='ocrx_word' id='word_1_26' title='bbox 1066 571 1382 634; x_wconf 70' lang='lat' dir='ltr'><strong>descendat,</strong></span> <span class='ocrx_word' id='word_1_27' title='bbox 1419 578 1472 623; x_wconf 91' lang='lat' dir='ltr'><strong>et</strong></span> <span class='ocrx_word' id='word_1_28' title='bbox 1506 571 1622 640; x_wconf 91' lang='lat' dir='ltr'><strong>ipsa</strong></span> <span class='ocrx_word' id='word_1_29' title='bbox 1656 568 1728 623; x_wconf 93' lang='lat' dir='ltr'><strong>sit</strong></span> <span class='ocrx_word' id='word_1_30' title='bbox 1750 581 1865 621; x_wconf 84' lang='lat' dir='ltr'><strong>ma-</strong></span> 
     </span>
    </p>
   </div>
   <div class='ocr_carea' id='block_1_6' title="bbox 292 658 1868 731">
    <p class='ocr_par' dir='ltr' id='par_1_6' title="bbox 292 658 1868 731">
     <span class='ocr_line' id='line_1_6' title="bbox 292 658 1868 731; baseline -0.006 -11"><span class='ocrx_word' id='word_1_31' title='bbox 292 668 470 722; x_wconf 87' lang='lat' dir='ltr'><strong>lorum</strong></span> <span class='ocrx_word' id='word_1_32' title='bbox 526 665 767 719; x_wconf 91' lang='lat' dir='ltr'><strong>omnium</strong></span> <span class='ocrx_word' id='word_1_33' title='bbox 826 669 1043 726; x_wconf 84' lang='lat' dir='ltr'><strong>mater,</strong></span> <span class='ocrx_word' id='word_1_34' title='bbox 1093 676 1216 731; x_wconf 74' lang='lat' dir='ltr'><strong>qua:</strong></span> <span class='ocrx_word' id='word_1_35' title='bbox 1269 660 1483 715; x_wconf 90' lang='lat' dir='ltr'><strong>incuria</strong></span> <span class='ocrx_word' id='word_1_36' title='bbox 1535 658 1755 729; x_wconf 86' lang='lat' dir='ltr'><strong>quidem</strong></span> <span class='ocrx_word' id='word_1_37' title='bbox 1814 667 1868 712; x_wconf 91' lang='lat' dir='ltr'><strong>et</strong></span> 
     </span>
    </p>
   </div>
   <div class='ocr_carea' id='block_1_7' title="bbox 292 753 1865 825">
    <p class='ocr_par' dir='ltr' id='par_1_7' title="bbox 292 753 1865 825">
     <span class='ocr_line' id='line_1_7' title="bbox 292 753 1865 825; baseline -0.004 -16"><span class='ocrx_word' id='word_1_38' title='bbox 292 756 511 825; x_wconf 81' lang='lat' dir='ltr'><strong>ignavia</strong></span> <span class='ocrx_word' id='word_1_39' title='bbox 549 755 809 825; x_wconf 85' lang='lat' dir='ltr'><strong>gignitur,</strong></span> <span class='ocrx_word' id='word_1_40' title='bbox 841 754 1168 825; x_wconf 74' lang='lat' dir='ltr'><strong>negligentia</strong></span> <span class='ocrx_word' id='word_1_41' title='bbox 1199 768 1329 807; x_wconf 86' lang='lat' dir='ltr'><strong>vero</strong></span> <span class='ocrx_word' id='word_1_42' title='bbox 1358 753 1523 805; x_wconf 91' lang='lat' dir='ltr'><strong>alitur</strong></span> <span class='ocrx_word' id='word_1_43' title='bbox 1554 759 1608 805; x_wconf 89' lang='lat' dir='ltr'><strong>et</strong></span> <span class='ocrx_word' id='word_1_44' title='bbox 1637 757 1865 821; x_wconf 78' lang='lat' dir='ltr'><strong>augetur</strong></span> 
     </span>
    </p>
   </div>
   <div class='ocr_carea' id='block_1_8' title="bbox 290 842 1867 915">
    <p class='ocr_par' dir='ltr' id='par_1_8' title="bbox 290 842 1867 915">
     <span class='ocr_line' id='line_1_8' title="bbox 290 842 1867 915; baseline -0.003 -16"><span class='ocrx_word' id='word_1_45' title='bbox 290 856 456 915; x_wconf 73' lang='lat' dir='ltr'><strong>atpte</strong></span> <span class='ocrx_word' id='word_1_46' title='bbox 477 848 528 901; x_wconf 91' lang='lat' dir='ltr'><strong>in</strong></span> <span class='ocrx_word' id='word_1_47' title='bbox 562 847 817 902; x_wconf 76' lang='lat' dir='ltr'><strong>sensibus</strong></span> <span class='ocrx_word' id='word_1_48' title='bbox 841 846 1124 902; x_wconf 85' lang='lat' dir='ltr'><strong>hominum</strong></span> <span class='ocrx_word' id='word_1_49' title='bbox 1150 845 1448 906; x_wconf 90' lang='lat' dir='ltr'><strong>radicatur,</strong></span> <span class='ocrx_word' id='word_1_50' title='bbox 1476 858 1639 913; x_wconf 89' lang='lat' dir='ltr'><strong>quam</strong></span> <span class='ocrx_word' id='word_1_51' title='bbox 1670 843 1714 899; x_wconf 88' lang='lat' dir='ltr'><strong>si</strong></span> <span class='ocrx_word' id='word_1_52' title='bbox 1744 842 1867 912; x_wconf 89' lang='lat' dir='ltr'><strong>quis</strong></span> 
     </span>
    </p>
   </div>
   <div class='ocr_carea' id='block_1_9' title="bbox 292 935 1867 1008">
    <p class='ocr_par' dir='ltr' id='par_1_9' title="bbox 292 935 1867 1008">
     <span class='ocr_line' id='line_1_9' title="bbox 292 935 1867 1008; baseline -0.001 -18"><span class='ocrx_word' id='word_1_53' title='bbox 292 938 435 992; x_wconf 90' lang='lat' dir='ltr'><strong>forte</strong></span> <span class='ocrx_word' id='word_1_54' title='bbox 465 938 659 993; x_wconf 85' lang='lat' dir='ltr'><strong>doceat</strong></span> <span class='ocrx_word' id='word_1_55' title='bbox 693 938 1057 1008; x_wconf 75' lang='lat' dir='ltr'><strong>etlugandam,</strong></span> <span class='ocrx_word' id='word_1_56' title='bbox 1084 937 1233 991; x_wconf 90' lang='lat' dir='ltr'><strong>velut</strong></span> <span class='ocrx_word' id='word_1_57' title='bbox 1285 935 1527 1006; x_wconf 88' lang='lat' dir='ltr'><strong>antiquis</strong></span> <span class='ocrx_word' id='word_1_58' title='bbox 1555 943 1609 989; x_wconf 89' lang='lat' dir='ltr'><strong>et</strong></span> <span class='ocrx_word' id='word_1_59' title='bbox 1640 935 1867 988; x_wconf 71' lang='lat' dir='ltr'><strong>Incredi—</strong></span> 
     </span>
    </p>
   </div>
   <div class='ocr_carea' id='block_1_10' title="bbox 292 1026 1869 1099">
    <p class='ocr_par' dir='ltr' id='par_1_10' title="bbox 292 1026 1869 1099">
     <span class='ocr_line' id='line_1_10' title="bbox 292 1026 1869 1099; baseline -0.001 -17"><span class='ocrx_word' id='word_1_60' title='bbox 292 1031 452 1086; x_wconf 88' lang='lat' dir='ltr'><strong>tariis</strong></span> <span class='ocrx_word' id='word_1_61' title='bbox 480 1031 704 1086; x_wconf 85' lang='lat' dir='ltr'><strong>sedibus</strong></span> <span class='ocrx_word' id='word_1_62' title='bbox 732 1032 961 1085; x_wconf 90' lang='lat' dir='ltr'><strong>moleste</strong></span> <span class='ocrx_word' id='word_1_63' title='bbox 990 1038 1045 1085; x_wconf 91' lang='lat' dir='ltr'><strong>et</strong></span> <span class='ocrx_word' id='word_1_64' title='bbox 1095 1029 1443 1099; x_wconf 84' lang='lat' dir='ltr'><strong>indignanter</strong></span> <span class='ocrx_word' id='word_1_65' title='bbox 1492 1026 1765 1082; x_wconf 87' lang='lat' dir='ltr'><strong>avellitur.</strong></span> <span class='ocrx_word' id='word_1_66' title='bbox 1802 1026 1869 1080; x_wconf 86' lang='lat' dir='ltr'><strong>Et</strong></span> 
     </span>
    </p>
   </div>
   <div class='ocr_carea' id='block_1_11' title="bbox 294 1120 1867 1195">
    <p class='ocr_par' dir='ltr' id='par_1_11' title="bbox 294 1120 1867 1195">
     <span class='ocr_line' id='line_1_11' title="bbox 294 1120 1867 1195; baseline -0.001 -19"><span class='ocrx_word' id='word_1_67' title='bbox 294 1124 417 1179; x_wconf 90' lang='lat' dir='ltr'><strong>ideo</strong></span> <span class='ocrx_word' id='word_1_68' title='bbox 441 1124 721 1195; x_wconf 85' lang='lat' dir='ltr'><strong>paululum</strong></span> <span class='ocrx_word' id='word_1_69' title='bbox 754 1123 1114 1178; x_wconf 89' lang='lat' dir='ltr'><strong>laborandum</strong></span> <span class='ocrx_word' id='word_1_70' title='bbox 1139 1121 1297 1176; x_wconf 89' lang='lat' dir='ltr'><strong>nobis</strong></span> <span class='ocrx_word' id='word_1_71' title='bbox 1318 1129 1423 1185; x_wconf 89' lang='lat' dir='ltr'><strong>est,</strong></span> <span class='ocrx_word' id='word_1_72' title='bbox 1459 1130 1517 1175; x_wconf 93' lang='lat' dir='ltr'><strong>ut</strong></span> <span class='ocrx_word' id='word_1_73' title='bbox 1545 1120 1867 1191; x_wconf 86' lang='lat' dir='ltr'><strong>indagantes</strong></span> 
     </span>
    </p>
   </div>
   <div class='ocr_carea' id='block_1_12' title="bbox 293 1215 1868 1287">
    <p class='ocr_par' dir='ltr' id='par_1_12' title="bbox 293 1215 1868 1287">
     <span class='ocr_line' id='line_1_12' title="bbox 293 1215 1868 1287; baseline -0.001 -18"><span class='ocrx_word' id='word_1_74' title='bbox 293 1216 614 1286; x_wconf 70' lang='lat' dir='ltr'><strong>ignorantire</strong></span> <span class='ocrx_word' id='word_1_75' title='bbox 667 1217 1122 1287; x_wconf 76' lang='lat' dir='ltr'><strong>praesumptiones</strong></span> <span class='ocrx_word' id='word_1_76' title='bbox 1176 1215 1420 1271; x_wconf 67' lang='lat' dir='ltr'><strong>scientia:</strong></span> <span class='ocrx_word' id='word_1_77' title='bbox 1464 1215 1675 1268; x_wconf 89' lang='lat' dir='ltr'><strong>ratione</strong></span> <span class='ocrx_word' id='word_1_78' title='bbox 1714 1229 1868 1268; x_wconf 46' lang='lat' dir='ltr'><strong>rese‘</strong></span> 
     </span>
    </p>
   </div>
   <div class='ocr_carea' id='block_1_13' title="bbox 295 1304 1869 1379">
    <p class='ocr_par' dir='ltr' id='par_1_13' title="bbox 295 1304 1869 1379">
     <span class='ocr_line' id='line_1_13' title="bbox 295 1304 1869 1379; baseline -0.003 -17"><span class='ocrx_word' id='word_1_79' title='bbox 295 1324 507 1373; x_wconf 90' lang='lat' dir='ltr'><strong>cemus,</strong></span> <span class='ocrx_word' id='word_1_80' title='bbox 543 1310 597 1363; x_wconf 92' lang='lat' dir='ltr'><strong>in</strong></span> <span class='ocrx_word' id='word_1_81' title='bbox 622 1308 708 1363; x_wconf 88' lang='lat' dir='ltr'><strong>his</strong></span> <span class='ocrx_word' id='word_1_82' title='bbox 729 1310 999 1379; x_wconf 84' lang='lat' dir='ltr'><strong>praecipue</strong></span> <span class='ocrx_word' id='word_1_83' title='bbox 1022 1308 1114 1378; x_wconf 91' lang='lat' dir='ltr'><strong>qui</strong></span> <span class='ocrx_word' id='word_1_84' title='bbox 1153 1307 1207 1361; x_wconf 93' lang='lat' dir='ltr'><strong>in</strong></span> <span class='ocrx_word' id='word_1_85' title='bbox 1240 1307 1514 1376; x_wconf 85' lang='lat' dir='ltr'><strong>aliquibus</strong></span> <span class='ocrx_word' id='word_1_86' title='bbox 1562 1304 1746 1359; x_wconf 90' lang='lat' dir='ltr'><strong>minus</strong></span> <span class='ocrx_word' id='word_1_87' title='bbox 1781 1321 1869 1359; x_wconf 90' lang='lat' dir='ltr'><strong>re—</strong></span> 
     </span>
    </p>
   </div>
   <div class='ocr_carea' id='block_1_14' title="bbox 295 1398 1869 1471">
    <p class='ocr_par' dir='ltr' id='par_1_14' title="bbox 295 1398 1869 1471">
     <span class='ocr_line' id='line_1_14' title="bbox 295 1398 1869 1471; baseline -0.001 -16"><span class='ocrx_word' id='word_1_88' title='bbox 295 1402 399 1456; x_wconf 90' lang='lat' dir='ltr'><strong>ctis</strong></span> <span class='ocrx_word' id='word_1_89' title='bbox 434 1401 786 1471; x_wconf 81' lang='lat' dir='ltr'><strong>Opinionibus</strong></span> <span class='ocrx_word' id='word_1_90' title='bbox 807 1400 1065 1471; x_wconf 73' lang='lat' dir='ltr'><strong>praeventi</strong></span> <span class='ocrx_word' id='word_1_91' title='bbox 1098 1409 1247 1463; x_wconf 91' lang='lat' dir='ltr'><strong>sunt,</strong></span> <span class='ocrx_word' id='word_1_92' title='bbox 1284 1415 1381 1469; x_wconf 88' lang='lat' dir='ltr'><strong>per</strong></span> <span class='ocrx_word' id='word_1_93' title='bbox 1408 1413 1547 1469; x_wconf 90' lang='lat' dir='ltr'><strong>quas</strong></span> <span class='ocrx_word' id='word_1_94' title='bbox 1580 1398 1737 1468; x_wconf 91' lang='lat' dir='ltr'><strong>quasi</strong></span> <span class='ocrx_word' id='word_1_95' title='bbox 1766 1398 1869 1454; x_wconf 91' lang='lat' dir='ltr'><strong>sub</strong></span> 
     </span>
    </p>
   </div>
   <div class='ocr_carea' id='block_1_15' title="bbox 294 1490 1870 1561">
    <p class='ocr_par' dir='ltr' id='par_1_15' title="bbox 294 1490 1870 1561">
     <span class='ocr_line' id='line_1_15' title="bbox 294 1490 1870 1561; baseline -0.002 -15"><span class='ocrx_word' id='word_1_96' title='bbox 294 1491 477 1561; x_wconf 86' lang='lat' dir='ltr'><strong>specie</strong></span> <span class='ocrx_word' id='word_1_97' title='bbox 507 1492 741 1560; x_wconf 89' lang='lat' dir='ltr'><strong>alicujus</strong></span> <span class='ocrx_word' id='word_1_98' title='bbox 760 1492 1022 1557; x_wconf 57' lang='lat' dir='ltr'><strong>scientiae,</strong></span> <span class='ocrx_word' id='word_1_99' title='bbox 1049 1490 1356 1561; x_wconf 84' lang='lat' dir='ltr'><strong>ignorantia</strong></span> <span class='ocrx_word' id='word_1_100' title='bbox 1386 1492 1441 1545; x_wconf 92' lang='lat' dir='ltr'><strong>in</strong></span> <span class='ocrx_word' id='word_1_101' title='bbox 1465 1490 1546 1546; x_wconf 89' lang='lat' dir='ltr'><strong>eis</strong></span> <span class='ocrx_word' id='word_1_102' title='bbox 1573 1490 1870 1545; x_wconf 83' lang='lat' dir='ltr'><strong>vehemen-</strong></span> 
     </span>
    </p>
   </div>
   <div class='ocr_carea' id='block_1_16' title="bbox 293 1582 1870 1653">
    <p class='ocr_par' dir='ltr' id='par_1_16' title="bbox 293 1582 1870 1653">
     <span class='ocr_line' id='line_1_16' title="bbox 293 1582 1870 1653; baseline 0.001 -18"><span class='ocrx_word' id='word_1_103' title='bbox 293 1584 406 1638; x_wconf 85' lang='lat' dir='ltr'><strong>tius</strong></span> <span class='ocrx_word' id='word_1_104' title='bbox 442 1583 685 1638; x_wconf 89' lang='lat' dir='ltr'><strong>radicata</strong></span> <span class='ocrx_word' id='word_1_105' title='bbox 716 1593 832 1649; x_wconf 87' lang='lat' dir='ltr'><strong>est;</strong></span> <span class='ocrx_word' id='word_1_106' title='bbox 884 1583 1019 1637; x_wconf 89' lang='lat' dir='ltr'><strong>nihil</strong></span> <span class='ocrx_word' id='word_1_107' title='bbox 1066 1584 1213 1638; x_wconf 89' lang='lat' dir='ltr'><strong>enim</strong></span> <span class='ocrx_word' id='word_1_108' title='bbox 1264 1584 1483 1653; x_wconf 84' lang='lat' dir='ltr'><strong>gravius</strong></span> <span class='ocrx_word' id='word_1_109' title='bbox 1517 1597 1681 1653; x_wconf 90' lang='lat' dir='ltr'><strong>quam</strong></span> <span class='ocrx_word' id='word_1_110' title='bbox 1714 1583 1762 1637; x_wconf 95' lang='lat' dir='ltr'><strong>si</strong></span> <span class='ocrx_word' id='word_1_111' title='bbox 1816 1582 1870 1638; x_wconf 87' lang='lat' dir='ltr'><strong>id</strong></span> 
     </span>
    </p>
   </div>
   <div class='ocr_carea' id='block_1_17' title="bbox 294 1674 1871 1745">
    <p class='ocr_par' dir='ltr' id='par_1_17' title="bbox 294 1674 1871 1745">
     <span class='ocr_line' id='line_1_17' title="bbox 294 1674 1871 1745; baseline 0.001 -17"><span class='ocrx_word' id='word_1_112' title='bbox 294 1674 443 1745; x_wconf 91' lang='lat' dir='ltr'><strong>quod</strong></span> <span class='ocrx_word' id='word_1_113' title='bbox 476 1676 693 1745; x_wconf 85' lang='lat' dir='ltr'><strong>ignorat</strong></span> <span class='ocrx_word' id='word_1_114' title='bbox 722 1676 868 1745; x_wconf 89' lang='lat' dir='ltr'><strong>quis,</strong></span> <span class='ocrx_word' id='word_1_115' title='bbox 903 1676 1045 1731; x_wconf 90' lang='lat' dir='ltr'><strong>scire</strong></span> <span class='ocrx_word' id='word_1_116' title='bbox 1078 1692 1136 1731; x_wconf 91' lang='lat' dir='ltr'><strong>se</strong></span> <span class='ocrx_word' id='word_1_117' title='bbox 1165 1675 1374 1739; x_wconf 86' lang='lat' dir='ltr'><strong>credat,</strong></span> <span class='ocrx_word' id='word_1_118' title='bbox 1409 1682 1463 1729; x_wconf 91' lang='lat' dir='ltr'><strong>et</strong></span> <span class='ocrx_word' id='word_1_119' title='bbox 1491 1674 1748 1731; x_wconf 80' lang='lat' dir='ltr'><strong>defendat</strong></span> <span class='ocrx_word' id='word_1_120' title='bbox 1777 1691 1871 1730; x_wconf 86' lang='lat' dir='ltr'><strong>ve-</strong></span> 
     </span>
    </p>
   </div>
   <div class='ocr_carea' id='block_1_18' title="bbox 294 1767 1866 1839">
    <p class='ocr_par' dir='ltr' id='par_1_18' title="bbox 294 1767 1866 1839">
     <span class='ocr_line' id='line_1_18' title="bbox 294 1767 1866 1839; baseline -0.001 -16"><span class='ocrx_word' id='word_1_121' title='bbox 294 1786 419 1823; x_wconf 88' lang='lat' dir='ltr'><strong>rum</strong></span> <span class='ocrx_word' id='word_1_122' title='bbox 445 1784 568 1824; x_wconf 88' lang='lat' dir='ltr'><strong>esse</strong></span> <span class='ocrx_word' id='word_1_123' title='bbox 592 1768 738 1839; x_wconf 89' lang='lat' dir='ltr'><strong>quod</strong></span> <span class='ocrx_word' id='word_1_124' title='bbox 770 1767 967 1824; x_wconf 89' lang='lat' dir='ltr'><strong>falsum</strong></span> <span class='ocrx_word' id='word_1_125' title='bbox 1003 1776 1108 1831; x_wconf 87' lang='lat' dir='ltr'><strong>est,</strong></span> <span class='ocrx_word' id='word_1_126' title='bbox 1165 1767 1313 1838; x_wconf 87' lang='lat' dir='ltr'><strong>quod</strong></span> <span class='ocrx_word' id='word_1_127' title='bbox 1364 1769 1473 1823; x_wconf 87' lang='lat' dir='ltr'><strong>tale</strong></span> <span class='ocrx_word' id='word_1_128' title='bbox 1496 1778 1599 1831; x_wconf 88' lang='lat' dir='ltr'><strong>est,</strong></span> <span class='ocrx_word' id='word_1_129' title='bbox 1632 1769 1793 1838; x_wconf 88' lang='lat' dir='ltr'><strong>quale</strong></span> <span class='ocrx_word' id='word_1_130' title='bbox 1821 1768 1866 1823; x_wconf 90' lang='lat' dir='ltr'><strong>si</strong></span> 
     </span>
    </p>
   </div>
   <div class='ocr_carea' id='block_1_19' title="bbox 1968 555 3541 632">
    <p class='ocr_par' dir='ltr' id='par_1_19' title="bbox 1968 555 3541 632">
     <span class='ocr_line' id='line_1_19' title="bbox 1968 555 3541 632; baseline -0.007 -15"><span class='ocrx_word' id='word_1_131' title='bbox 1968 564 2140 632; x_wconf 88' lang='lat' dir='ltr'><strong>quirit</strong></span> <span class='ocrx_word' id='word_1_132' title='bbox 2172 563 2431 617; x_wconf 88' lang='lat' dir='ltr'><strong>intentius</strong></span> <span class='ocrx_word' id='word_1_133' title='bbox 2478 570 2534 615; x_wconf 88' lang='lat' dir='ltr'><strong>et</strong></span> <span class='ocrx_word' id='word_1_134' title='bbox 2580 559 2792 614; x_wconf 87' lang='lat' dir='ltr'><strong>discere</strong></span> <span class='ocrx_word' id='word_1_135' title='bbox 2843 572 2952 612; x_wconf 89' lang='lat' dir='ltr'><strong>non</strong></span> <span class='ocrx_word' id='word_1_136' title='bbox 2986 555 3209 619; x_wconf 88' lang='lat' dir='ltr'><strong>desinit,</strong></span> <span class='ocrx_word' id='word_1_137' title='bbox 3250 568 3541 625; x_wconf 89' lang='lat' dir='ltr'><strong>usquequo</strong></span> 
     </span>
    </p>
   </div>
   <div class='ocr_carea' id='block_1_20' title="bbox 1969 645 3539 723">
    <p class='ocr_par' dir='ltr' id='par_1_20' title="bbox 1969 645 3539 723">
     <span class='ocr_line' id='line_1_20' title="bbox 1969 645 3539 723; baseline -0.008 -12"><span class='ocrx_word' id='word_1_138' title='bbox 1969 664 2288 723; x_wconf 71' lang='lat' dir='ltr'><strong>cognoscat,</strong></span> <span class='ocrx_word' id='word_1_139' title='bbox 2319 654 2366 709; x_wconf 91' lang='lat' dir='ltr'><strong>si</strong></span> <span class='ocrx_word' id='word_1_140' title='bbox 2396 662 2481 709; x_wconf 89' lang='lat' dir='ltr'><strong>est</strong></span> <span class='ocrx_word' id='word_1_141' title='bbox 2506 668 2634 708; x_wconf 89' lang='lat' dir='ltr'><strong>vere</strong></span> <span class='ocrx_word' id='word_1_142' title='bbox 2663 650 2807 705; x_wconf 87' lang='lat' dir='ltr'><strong>aliud</strong></span> <span class='ocrx_word' id='word_1_143' title='bbox 2840 649 3119 711; x_wconf 61' lang='lat' dir='ltr'><strong>saeculum,</strong></span> <span class='ocrx_word' id='word_1_144' title='bbox 3150 648 3205 701; x_wconf 92' lang='lat' dir='ltr'><strong>in</strong></span> <span class='ocrx_word' id='word_1_145' title='bbox 3240 662 3347 716; x_wconf 90' lang='lat' dir='ltr'><strong>quo</strong></span> <span class='ocrx_word' id='word_1_146' title='bbox 3378 645 3539 700; x_wconf 80' lang='lat' dir='ltr'><strong>bonis</strong></span> 
     </span>
    </p>
   </div>
   <div class='ocr_carea' id='block_1_21' title="bbox 1968 740 3540 819">
    <p class='ocr_par' dir='ltr' id='par_1_21' title="bbox 1968 740 3540 819">
     <span class='ocr_line' id='line_1_21' title="bbox 1968 740 3540 819; baseline -0.007 -18"><span class='ocrx_word' id='word_1_147' title='bbox 1968 750 2188 818; x_wconf 74' lang='lat' dir='ltr'><strong>pnemia</strong></span> <span class='ocrx_word' id='word_1_148' title='bbox 2216 754 2514 819; x_wconf 72' lang='lat' dir='ltr'><strong>pneparata</strong></span> <span class='ocrx_word' id='word_1_149' title='bbox 2546 757 2706 811; x_wconf 88' lang='lat' dir='ltr'><strong>sunt;</strong></span> <span class='ocrx_word' id='word_1_150' title='bbox 2732 750 2786 798; x_wconf 90' lang='lat' dir='ltr'><strong>et</strong></span> <span class='ocrx_word' id='word_1_151' title='bbox 2826 758 2949 796; x_wconf 89' lang='lat' dir='ltr'><strong>cum</strong></span> <span class='ocrx_word' id='word_1_152' title='bbox 2982 749 3164 795; x_wconf 86' lang='lat' dir='ltr'><strong>certus</strong></span> <span class='ocrx_word' id='word_1_153' title='bbox 3191 740 3257 795; x_wconf 88' lang='lat' dir='ltr'><strong>de</strong></span> <span class='ocrx_word' id='word_1_154' title='bbox 3290 740 3394 793; x_wconf 88' lang='lat' dir='ltr'><strong>hoc</strong></span> <span class='ocrx_word' id='word_1_155' title='bbox 3425 740 3540 792; x_wconf 84' lang='lat' dir='ltr'><strong>fue-</strong></span> 
     </span>
    </p>
   </div>
   <div class='ocr_carea' id='block_1_22' title="bbox 1968 831 3540 911">
    <p class='ocr_par' dir='ltr' id='par_1_22' title="bbox 1968 831 3540 911">
     <span class='ocr_line' id='line_1_22' title="bbox 1968 831 3540 911; baseline -0.008 -15"><span class='ocrx_word' id='word_1_156' title='bbox 1968 844 2062 905; x_wconf 90' lang='lat' dir='ltr'><strong>rit,</strong></span> <span class='ocrx_word' id='word_1_157' title='bbox 2089 841 2296 911; x_wconf 85' lang='lat' dir='ltr'><strong>gratias</strong></span> <span class='ocrx_word' id='word_1_158' title='bbox 2343 854 2513 909; x_wconf 86' lang='lat' dir='ltr'><strong>agens</strong></span> <span class='ocrx_word' id='word_1_159' title='bbox 2564 837 2695 900; x_wconf 89' lang='lat' dir='ltr'><strong>Deo,</strong></span> <span class='ocrx_word' id='word_1_160' title='bbox 2718 834 2863 905; x_wconf 88' lang='lat' dir='ltr'><strong>quod</strong></span> <span class='ocrx_word' id='word_1_161' title='bbox 2914 833 3015 888; x_wconf 86' lang='lat' dir='ltr'><strong>sibi</strong></span> <span class='ocrx_word' id='word_1_162' title='bbox 3069 832 3312 887; x_wconf 73' lang='lat' dir='ltr'><strong>veritatis</strong></span> <span class='ocrx_word' id='word_1_163' title='bbox 3356 831 3540 884; x_wconf 89' lang='lat' dir='ltr'><strong>lumen</strong></span> 
     </span>
    </p>
   </div>
   <div class='ocr_carea' id='block_1_23' title="bbox 1969 922 3540 998">
    <p class='ocr_par' dir='ltr' id='par_1_23' title="bbox 1969 922 3540 998">
     <span class='ocr_line' id='line_1_23' title="bbox 1969 922 3540 998; baseline -0.01 -7"><span class='ocrx_word' id='word_1_164' title='bbox 1969 933 2297 995; x_wconf 87' lang='lat' dir='ltr'><strong>ostenderit,</strong></span> <span class='ocrx_word' id='word_1_165' title='bbox 2323 932 2390 987; x_wconf 91' lang='lat' dir='ltr'><strong>de</strong></span> <span class='ocrx_word' id='word_1_166' title='bbox 2421 940 2620 987; x_wconf 67' lang='lat' dir='ltr'><strong>caetero</strong></span> <span class='ocrx_word' id='word_1_167' title='bbox 2644 929 2831 998; x_wconf 85' lang='lat' dir='ltr'><strong>dirigit</strong></span> <span class='ocrx_word' id='word_1_168' title='bbox 2857 933 3014 980; x_wconf 88' lang='lat' dir='ltr'><strong>actus</strong></span> <span class='ocrx_word' id='word_1_169' title='bbox 3044 940 3174 979; x_wconf 92' lang='lat' dir='ltr'><strong>suos</strong></span> <span class='ocrx_word' id='word_1_170' title='bbox 3210 924 3263 977; x_wconf 91' lang='lat' dir='ltr'><strong>in</strong></span> <span class='ocrx_word' id='word_1_171' title='bbox 3286 922 3540 978; x_wconf 88' lang='lat' dir='ltr'><strong>omnibus</strong></span> 
     </span>
    </p>
   </div>
   <div class='ocr_carea' id='block_1_24' title="bbox 1968 1013 3540 1096">
    <p class='ocr_par' dir='ltr' id='par_1_24' title="bbox 1968 1013 3540 1096">
     <span class='ocr_line' id='line_1_24' title="bbox 1968 1013 3540 1096; baseline -0.008 -17"><span class='ocrx_word' id='word_1_172' title='bbox 1968 1024 2227 1096; x_wconf 86' lang='lat' dir='ltr'><strong>operibus</strong></span> <span class='ocrx_word' id='word_1_173' title='bbox 2253 1022 2445 1084; x_wconf 89' lang='lat' dir='ltr'><strong>bonis,</strong></span> <span class='ocrx_word' id='word_1_174' title='bbox 2492 1034 2724 1090; x_wconf 91' lang='lat' dir='ltr'><strong>quorum</strong></span> <span class='ocrx_word' id='word_1_175' title='bbox 2756 1017 2858 1072; x_wconf 92' lang='lat' dir='ltr'><strong>sibi</strong></span> <span class='ocrx_word' id='word_1_176' title='bbox 2906 1015 2961 1068; x_wconf 92' lang='lat' dir='ltr'><strong>in</strong></span> <span class='ocrx_word' id='word_1_177' title='bbox 3019 1013 3202 1068; x_wconf 88' lang='lat' dir='ltr'><strong>futuro</strong></span> <span class='ocrx_word' id='word_1_178' title='bbox 3236 1013 3540 1068; x_wconf 80' lang='lat' dir='ltr'><strong>mercedem</strong></span> 
     </span>
    </p>
   </div>
   <div class='ocr_carea' id='block_1_25' title="bbox 1968 1105 3544 1184">
    <p class='ocr_par' dir='ltr' id='par_1_25' title="bbox 1968 1105 3544 1184">
     <span class='ocr_line' id='line_1_25' title="bbox 1968 1105 3544 1184; baseline -0.008 -14"><span class='ocrx_word' id='word_1_179' title='bbox 1968 1125 2155 1172; x_wconf 83' lang='lat' dir='ltr'><strong>certus</strong></span> <span class='ocrx_word' id='word_1_180' title='bbox 2184 1122 2269 1169; x_wconf 91' lang='lat' dir='ltr'><strong>est</strong></span> <span class='ocrx_word' id='word_1_181' title='bbox 2294 1121 2678 1184; x_wconf 71' lang='lat' dir='ltr'><strong>prmparatam,</strong></span> <span class='ocrx_word' id='word_1_182' title='bbox 2710 1123 2807 1181; x_wconf 89' lang='lat' dir='ltr'><strong>per</strong></span> <span class='ocrx_word' id='word_1_183' title='bbox 2835 1106 3018 1161; x_wconf 89' lang='lat' dir='ltr'><strong>omnia</strong></span> <span class='ocrx_word' id='word_1_184' title='bbox 3047 1105 3323 1160; x_wconf 90' lang='lat' dir='ltr'><strong>demirans</strong></span> <span class='ocrx_word' id='word_1_185' title='bbox 3350 1109 3405 1158; x_wconf 92' lang='lat' dir='ltr'><strong>et</strong></span> <span class='ocrx_word' id='word_1_186' title='bbox 3427 1112 3544 1158; x_wconf 87' lang='lat' dir='ltr'><strong>stn-</strong></span> 
     </span>
    </p>
   </div>
   <div class='ocr_carea' id='block_1_26' title="bbox 1971 1194 3544 1277">
    <p class='ocr_par' dir='ltr' id='par_1_26' title="bbox 1971 1194 3544 1277">
     <span class='ocr_line' id='line_1_26' title="bbox 1971 1194 3544 1277; baseline -0.009 -15"><span class='ocrx_word' id='word_1_187' title='bbox 1971 1223 2105 1277; x_wconf 88' lang='lat' dir='ltr'><strong>pens</strong></span> <span class='ocrx_word' id='word_1_188' title='bbox 2129 1213 2451 1261; x_wconf 62' lang='lat' dir='ltr'><strong>exterarum</strong></span> <span class='ocrx_word' id='word_1_189' title='bbox 2510 1201 2793 1256; x_wconf 91' lang='lat' dir='ltr'><strong>hominum</strong></span> <span class='ocrx_word' id='word_1_190' title='bbox 2839 1212 3081 1259; x_wconf 85' lang='lat' dir='ltr'><strong>errores,</strong></span> <span class='ocrx_word' id='word_1_191' title='bbox 3130 1202 3184 1248; x_wconf 88' lang='lat' dir='ltr'><strong>et</strong></span> <span class='ocrx_word' id='word_1_192' title='bbox 3242 1194 3385 1264; x_wconf 90' lang='lat' dir='ltr'><strong>quod</strong></span> <span class='ocrx_word' id='word_1_193' title='bbox 3416 1201 3544 1248; x_wconf 85' lang='lat' dir='ltr'><strong>ante</strong></span> 
     </span>
    </p>
   </div>
   <div class='ocr_carea' id='block_1_27' title="bbox 1970 1287 3541 1369">
    <p class='ocr_par' dir='ltr' id='par_1_27' title="bbox 1970 1287 3541 1369">
     <span class='ocr_line' id='line_1_27' title="bbox 1970 1287 3541 1369; baseline -0.011 -14"><span class='ocrx_word' id='word_1_194' title='bbox 1970 1302 2162 1355; x_wconf 89' lang='lat' dir='ltr'><strong>oculos</strong></span> <span class='ocrx_word' id='word_1_195' title='bbox 2209 1296 2445 1369; x_wconf 87' lang='lat' dir='ltr'><strong>positam</strong></span> <span class='ocrx_word' id='word_1_196' title='bbox 2472 1294 2756 1349; x_wconf 74' lang='lat' dir='ltr'><strong>veritatem</strong></span> <span class='ocrx_word' id='word_1_197' title='bbox 2788 1304 2950 1344; x_wconf 89' lang='lat' dir='ltr'><strong>nemo</strong></span> <span class='ocrx_word' id='word_1_198' title='bbox 2978 1287 3178 1342; x_wconf 82' lang='lat' dir='ltr'><strong>videat.</strong></span> <span class='ocrx_word' id='word_1_199' title='bbox 3206 1287 3327 1356; x_wconf 88' lang='lat' dir='ltr'><strong>ipse</strong></span> <span class='ocrx_word' id='word_1_200' title='bbox 3358 1292 3541 1338; x_wconf 89' lang='lat' dir='ltr'><strong>tamen</strong></span> 
     </span>
    </p>
   </div>
   <div class='ocr_carea' id='block_1_28' title="bbox 1972 1375 3541 1462">
    <p class='ocr_par' dir='ltr' id='par_1_28' title="bbox 1972 1375 3541 1462">
     <span class='ocr_line' id='line_1_28' title="bbox 1972 1375 3541 1462; baseline -0.01 -18"><span class='ocrx_word' id='word_1_201' title='bbox 1972 1390 2215 1462; x_wconf 82' lang='lat' dir='ltr'><strong>gaudens</strong></span> <span class='ocrx_word' id='word_1_202' title='bbox 2249 1402 2414 1457; x_wconf 85' lang='lat' dir='ltr'><strong>super</strong></span> <span class='ocrx_word' id='word_1_203' title='bbox 2457 1384 2665 1439; x_wconf 87' lang='lat' dir='ltr'><strong>divitiis</strong></span> <span class='ocrx_word' id='word_1_204' title='bbox 2711 1379 2993 1451; x_wconf 66' lang='lat' dir='ltr'><strong>sapientia:</strong></span> <span class='ocrx_word' id='word_1_205' title='bbox 3028 1392 3166 1448; x_wconf 91' lang='lat' dir='ltr'><strong>quas</strong></span> <span class='ocrx_word' id='word_1_206' title='bbox 3197 1377 3422 1439; x_wconf 87' lang='lat' dir='ltr'><strong>invenit,</strong></span> <span class='ocrx_word' id='word_1_207' title='bbox 3454 1375 3541 1429; x_wconf 84' lang='lat' dir='ltr'><strong>in-</strong></span> 
     </span>
    </p>
   </div>
   <div class='ocr_carea' id='block_1_29' title="bbox 1972 1468 3546 1547">
    <p class='ocr_par' dir='ltr' id='par_1_29' title="bbox 1972 1468 3546 1547">
     <span class='ocr_line' id='line_1_29' title="bbox 1972 1468 3546 1547; baseline -0.01 -11"><span class='ocrx_word' id='word_1_208' title='bbox 1972 1481 2301 1537; x_wconf 91' lang='lat' dir='ltr'><strong>satiabiliter</strong></span> <span class='ocrx_word' id='word_1_209' title='bbox 2336 1480 2419 1533; x_wconf 90' lang='lat' dir='ltr'><strong>eis</strong></span> <span class='ocrx_word' id='word_1_210' title='bbox 2464 1475 2674 1547; x_wconf 80' lang='lat' dir='ltr'><strong>perfrui</strong></span> <span class='ocrx_word' id='word_1_211' title='bbox 2712 1474 2864 1543; x_wconf 90' lang='lat' dir='ltr'><strong>cupit</strong></span> <span class='ocrx_word' id='word_1_212' title='bbox 2894 1479 2947 1526; x_wconf 90' lang='lat' dir='ltr'><strong>et</strong></span> <span class='ocrx_word' id='word_1_213' title='bbox 2979 1469 3246 1525; x_wconf 78' lang='lat' dir='ltr'><strong>exercitio</strong></span> <span class='ocrx_word' id='word_1_214' title='bbox 3275 1468 3546 1523; x_wconf 88' lang='lat' dir='ltr'><strong>bonorum</strong></span> 
     </span>
    </p>
   </div>
   <div class='ocr_carea' id='block_1_30' title="bbox 1971 1559 3545 1644">
    <p class='ocr_par' dir='ltr' id='par_1_30' title="bbox 1971 1559 3545 1644">
     <span class='ocr_line' id='line_1_30' title="bbox 1971 1559 3545 1644; baseline -0.011 -14"><span class='ocrx_word' id='word_1_215' title='bbox 1971 1589 2195 1644; x_wconf 89' lang='lat' dir='ltr'><strong>operum</strong></span> <span class='ocrx_word' id='word_1_216' title='bbox 2227 1571 2551 1636; x_wconf 85' lang='lat' dir='ltr'><strong>delectatur,</strong></span> <span class='ocrx_word' id='word_1_217' title='bbox 2584 1566 2852 1623; x_wconf 89' lang='lat' dir='ltr'><strong>festinans</strong></span> <span class='ocrx_word' id='word_1_218' title='bbox 2899 1563 2967 1617; x_wconf 93' lang='lat' dir='ltr'><strong>ad</strong></span> <span class='ocrx_word' id='word_1_219' title='bbox 3014 1561 3273 1619; x_wconf 56' lang='lat' dir='ltr'><strong>saeculum</strong></span> <span class='ocrx_word' id='word_1_220' title='bbox 3298 1559 3545 1614; x_wconf 85' lang='lat' dir='ltr'><strong>futurum</strong></span> 
     </span>
    </p>
   </div>
   <div class='ocr_carea' id='block_1_31' title="bbox 1973 1655 3543 1734">
    <p class='ocr_par' dir='ltr' id='par_1_31' title="bbox 1973 1655 3543 1734">
     <span class='ocr_line' id='line_1_31' title="bbox 1973 1655 3543 1734; baseline -0.01 -10"><span class='ocrx_word' id='word_1_221' title='bbox 1973 1669 2178 1724; x_wconf 92' lang='lat' dir='ltr'><strong>mundo</strong></span> <span class='ocrx_word' id='word_1_222' title='bbox 2229 1665 2393 1722; x_wconf 90' lang='lat' dir='ltr'><strong>corde</strong></span> <span class='ocrx_word' id='word_1_223' title='bbox 2442 1672 2497 1720; x_wconf 90' lang='lat' dir='ltr'><strong>et</strong></span> <span class='ocrx_word' id='word_1_224' title='bbox 2551 1677 2687 1734; x_wconf 90' lang='lat' dir='ltr'><strong>pura</strong></span> <span class='ocrx_word' id='word_1_225' title='bbox 2736 1659 3072 1716; x_wconf 90' lang='lat' dir='ltr'><strong>conscientia</strong></span> <span class='ocrx_word' id='word_1_226' title='bbox 3115 1656 3418 1728; x_wconf 88' lang='lat' dir='ltr'><strong>pervenire,</strong></span> <span class='ocrx_word' id='word_1_227' title='bbox 3452 1655 3543 1710; x_wconf 90' lang='lat' dir='ltr'><strong>ubi</strong></span> 
     </span>
    </p>
   </div>
   <div class='ocr_carea' id='block_1_32' title="bbox 1972 1748 3253 1822">
    <p class='ocr_par' dir='ltr' id='par_1_32' title="bbox 1972 1748 3253 1822">
     <span class='ocr_line' id='line_1_32' title="bbox 1972 1748 3253 1822; baseline -0.011 -7"><span class='ocrx_word' id='word_1_228' title='bbox 1972 1760 2135 1816; x_wconf 88' lang='lat' dir='ltr'><strong>etiam</strong></span> <span class='ocrx_word' id='word_1_229' title='bbox 2166 1757 2353 1812; x_wconf 82' lang='lat' dir='ltr'><strong>videre</strong></span> <span class='ocrx_word' id='word_1_230' title='bbox 2383 1755 2551 1810; x_wconf 87' lang='lat' dir='ltr'><strong>Deum</strong></span> <span class='ocrx_word' id='word_1_231' title='bbox 2578 1767 2760 1822; x_wconf 88' lang='lat' dir='ltr'><strong>regem</strong></span> <span class='ocrx_word' id='word_1_232' title='bbox 2784 1750 3027 1806; x_wconf 91' lang='lat' dir='ltr'><strong>omnium</strong></span> <span class='ocrx_word' id='word_1_233' title='bbox 3059 1748 3253 1820; x_wconf 83' lang='lat' dir='ltr'><strong>possit.</strong></span> 
     </span>
    </p>
   </div>
   <div class='ocr_carea' id='block_1_33' title="bbox 296 1830 3542 1932">
    <p class='ocr_par' dir='ltr' id='par_1_33' title="bbox 296 1830 3542 1932">
     <span class='ocr_line' id='line_1_33' title="bbox 296 1830 3542 1932; baseline -0.01 -13"><span class='ocrx_word' id='word_1_234' title='bbox 296 1862 424 1929; x_wconf 86' lang='lat' dir='ltr'><strong>quis</strong></span> <span class='ocrx_word' id='word_1_235' title='bbox 454 1830 638 1917; x_wconf 77' lang='lat' dir='ltr'><strong>ebrius</strong></span> <span class='ocrx_word' id='word_1_236' title='bbox 665 1863 907 1918; x_wconf 90' lang='lat' dir='ltr'><strong>sobrium</strong></span> <span class='ocrx_word' id='word_1_237' title='bbox 954 1877 1013 1917; x_wconf 91' lang='lat' dir='ltr'><strong>se</strong></span> <span class='ocrx_word' id='word_1_238' title='bbox 1059 1830 1212 1932; x_wconf 71' lang='lat' dir='ltr'><strong>putet</strong></span> <span class='ocrx_word' id='word_1_239' title='bbox 1259 1868 1313 1915; x_wconf 88' lang='lat' dir='ltr'><strong>et</strong></span> <span class='ocrx_word' id='word_1_240' title='bbox 1338 1867 1463 1930; x_wconf 83' lang='lat' dir='ltr'><strong>agat</strong></span> <span class='ocrx_word' id='word_1_241' title='bbox 1491 1830 1709 1929; x_wconf 54' lang='lat' dir='ltr'><strong>quidem</strong></span> <span class='ocrx_word' id='word_1_242' title='bbox 1733 1874 1871 1913; x_wconf 80' lang='lat' dir='ltr'><strong>cun-</strong></span> <span class='ocrx_word' id='word_1_243' title='bbox 1900 1830 1943 1887; x_wconf 74' lang='grc' dir='ltr'>Β</span> <span class='ocrx_word' id='word_1_244' title='bbox 2047 1847 2181 1903; x_wconf 80' lang='lat' dir='ltr'><strong>VIII.</strong></span> <span class='ocrx_word' id='word_1_245' title='bbox 2216 1847 2313 1903; x_wconf 82' lang='lat' dir='ltr'><strong>His</strong></span> <span class='ocrx_word' id='word_1_246' title='bbox 2343 1854 2523 1900; x_wconf 89' lang='lat' dir='ltr'><strong>autem</strong></span> <span class='ocrx_word' id='word_1_247' title='bbox 2546 1842 2800 1898; x_wconf 83' lang='lat' dir='ltr'><strong>omnibus</strong></span> <span class='ocrx_word' id='word_1_248' title='bbox 2846 1854 3037 1895; x_wconf 89' lang='lat' dir='ltr'><strong>carere</strong></span> <span class='ocrx_word' id='word_1_249' title='bbox 3065 1852 3167 1893; x_wconf 89' lang='lat' dir='ltr'><strong>nos</strong></span> <span class='ocrx_word' id='word_1_250' title='bbox 3191 1846 3245 1892; x_wconf 88' lang='lat' dir='ltr'><strong>et</strong></span> <span class='ocrx_word' id='word_1_251' title='bbox 3279 1835 3542 1932; x_wconf 77' lang='lat' dir='ltr'><strong>fraudari,</strong></span> 
     </span>
    </p>
   </div>
   <div class='ocr_carea' id='block_1_34' title="bbox 295 1950 1875 2021">
    <p class='ocr_par' dir='ltr' id='par_1_34' title="bbox 295 1950 1875 2021">
     <span class='ocr_line' id='line_1_34' title="bbox 295 1950 1875 2021; baseline -0.001 -16"><span class='ocrx_word' id='word_1_252' title='bbox 295 1958 388 2005; x_wconf 92' lang='lat' dir='ltr'><strong>cta</strong></span> <span class='ocrx_word' id='word_1_253' title='bbox 436 1962 494 2006; x_wconf 90' lang='lat' dir='ltr'><strong>ut</strong></span> <span class='ocrx_word' id='word_1_254' title='bbox 521 1953 727 2020; x_wconf 87' lang='lat' dir='ltr'><strong>ebrius,</strong></span> <span class='ocrx_word' id='word_1_255' title='bbox 778 1953 1023 2007; x_wconf 90' lang='lat' dir='ltr'><strong>sobrium</strong></span> <span class='ocrx_word' id='word_1_256' title='bbox 1075 1968 1135 2008; x_wconf 90' lang='lat' dir='ltr'><strong>se</strong></span> <span class='ocrx_word' id='word_1_257' title='bbox 1170 1960 1352 2006; x_wconf 88' lang='lat' dir='ltr'><strong>tamen</strong></span> <span class='ocrx_word' id='word_1_258' title='bbox 1380 1958 1433 2006; x_wconf 89' lang='lat' dir='ltr'><strong>et</strong></span> <span class='ocrx_word' id='word_1_259' title='bbox 1485 1950 1600 2021; x_wconf 90' lang='lat' dir='ltr'><strong>ipse</strong></span> <span class='ocrx_word' id='word_1_260' title='bbox 1632 1956 1783 2021; x_wconf 87' lang='lat' dir='ltr'><strong>putet</strong></span> <span class='ocrx_word' id='word_1_261' title='bbox 1821 1957 1875 2005; x_wconf 91' lang='lat' dir='ltr'><strong>et</strong></span> 
     </span>
    </p>
   </div>
   <div class='ocr_carea' id='block_1_35' title="bbox 297 2044 1877 2115">
    <p class='ocr_par' dir='ltr' id='par_1_35' title="bbox 297 2044 1877 2115">
     <span class='ocr_line' id='line_1_35' title="bbox 297 2044 1877 2115; baseline -0.001 -17"><span class='ocrx_word' id='word_1_262' title='bbox 297 2044 407 2099; x_wconf 87' lang='lat' dir='ltr'><strong>dici</strong></span> <span class='ocrx_word' id='word_1_263' title='bbox 439 2060 468 2098; x_wconf 90' lang='lat' dir='ltr'><strong>a</strong></span> <span class='ocrx_word' id='word_1_264' title='bbox 490 2046 701 2100; x_wconf 74' lang='lat' dir='ltr'><strong>czeteris</strong></span> <span class='ocrx_word' id='word_1_265' title='bbox 725 2046 875 2100; x_wconf 88' lang='lat' dir='ltr'><strong>velit.</strong></span> <span class='ocrx_word' id='word_1_266' title='bbox 909 2044 988 2099; x_wconf 90' lang='lat' dir='ltr'><strong>lta</strong></span> <span class='ocrx_word' id='word_1_267' title='bbox 1020 2052 1149 2101; x_wconf 83' lang='lat' dir='ltr'><strong>sunt</strong></span> <span class='ocrx_word' id='word_1_268' title='bbox 1172 2060 1302 2115; x_wconf 83' lang='lat' dir='ltr'><strong>ergo</strong></span> <span class='ocrx_word' id='word_1_269' title='bbox 1332 2051 1386 2097; x_wconf 89' lang='lat' dir='ltr'><strong>et</strong></span> <span class='ocrx_word' id='word_1_270' title='bbox 1416 2044 1470 2097; x_wconf 91' lang='lat' dir='ltr'><strong>hi</strong></span> <span class='ocrx_word' id='word_1_271' title='bbox 1501 2044 1595 2114; x_wconf 90' lang='lat' dir='ltr'><strong>qui</strong></span> <span class='ocrx_word' id='word_1_272' title='bbox 1626 2044 1877 2114; x_wconf 88' lang='lat' dir='ltr'><strong>ignoran-</strong></span> 
     </span>
    </p>
   </div>
   <div class='ocr_carea' id='block_1_36' title="bbox 298 2138 1877 2209">
    <p class='ocr_par' dir='ltr' id='par_1_36' title="bbox 298 2138 1877 2209">
     <span class='ocr_line' id='line_1_36' title="bbox 298 2138 1877 2209; baseline 0 -16"><span class='ocrx_word' id='word_1_273' title='bbox 298 2146 382 2194; x_wconf 88' lang='lat' dir='ltr'><strong>tes</strong></span> <span class='ocrx_word' id='word_1_274' title='bbox 412 2139 557 2208; x_wconf 89' lang='lat' dir='ltr'><strong>quod</strong></span> <span class='ocrx_word' id='word_1_275' title='bbox 591 2155 779 2194; x_wconf 90' lang='lat' dir='ltr'><strong>verum</strong></span> <span class='ocrx_word' id='word_1_276' title='bbox 819 2147 925 2201; x_wconf 90' lang='lat' dir='ltr'><strong>est,</strong></span> <span class='ocrx_word' id='word_1_277' title='bbox 964 2138 1201 2209; x_wconf 89' lang='lat' dir='ltr'><strong>speciem</strong></span> <span class='ocrx_word' id='word_1_278' title='bbox 1235 2147 1417 2193; x_wconf 90' lang='lat' dir='ltr'><strong>tamen</strong></span> <span class='ocrx_word' id='word_1_279' title='bbox 1447 2138 1679 2208; x_wconf 89' lang='lat' dir='ltr'><strong>alicujus</strong></span> <span class='ocrx_word' id='word_1_280' title='bbox 1703 2139 1877 2194; x_wconf 87' lang='lat' dir='ltr'><strong>scien-</strong></span> 
     </span>
    </p>
   </div>
   <div class='ocr_carea' id='block_1_37' title="bbox 299 2230 1875 2302">
    <p class='ocr_par' dir='ltr' id='par_1_37' title="bbox 299 2230 1875 2302">
     <span class='ocr_line' id='line_1_37' title="bbox 299 2230 1875 2302; baseline 0.001 -17"><span class='ocrx_word' id='word_1_281' title='bbox 299 2234 391 2286; x_wconf 63' lang='lat' dir='ltr'><strong>tiae</strong></span> <span class='ocrx_word' id='word_1_282' title='bbox 425 2239 633 2295; x_wconf 88' lang='lat' dir='ltr'><strong>tenent,</strong></span> <span class='ocrx_word' id='word_1_283' title='bbox 665 2239 718 2286; x_wconf 91' lang='lat' dir='ltr'><strong>et</strong></span> <span class='ocrx_word' id='word_1_284' title='bbox 748 2232 890 2285; x_wconf 91' lang='lat' dir='ltr'><strong>mala</strong></span> <span class='ocrx_word' id='word_1_285' title='bbox 922 2230 1079 2301; x_wconf 90' lang='lat' dir='ltr'><strong>quasi</strong></span> <span class='ocrx_word' id='word_1_286' title='bbox 1130 2230 1272 2285; x_wconf 91' lang='lat' dir='ltr'><strong>bona</strong></span> <span class='ocrx_word' id='word_1_287' title='bbox 1325 2237 1543 2300; x_wconf 87' lang='lat' dir='ltr'><strong>gerunt,</strong></span> <span class='ocrx_word' id='word_1_288' title='bbox 1591 2238 1757 2302; x_wconf 89' lang='lat' dir='ltr'><strong>atque</strong></span> <span class='ocrx_word' id='word_1_289' title='bbox 1806 2233 1875 2287; x_wconf 90' lang='lat' dir='ltr'><strong>ad</strong></span> 
     </span>
    </p>
   </div>
   <div class='ocr_carea' id='block_1_38' title="bbox 300 2322 1469 2398">
    <p class='ocr_par' dir='ltr' id='par_1_38' title="bbox 300 2322 1469 2398">
     <span class='ocr_line' id='line_1_38' title="bbox 300 2322 1469 2398; baseline -0.002 -16"><span class='ocrx_word' id='word_1_290' title='bbox 300 2327 601 2398; x_wconf 84' lang='lat' dir='ltr'><strong>perniciem</strong></span> <span class='ocrx_word' id='word_1_291' title='bbox 631 2326 789 2396; x_wconf 92' lang='lat' dir='ltr'><strong>quasi</strong></span> <span class='ocrx_word' id='word_1_292' title='bbox 821 2327 889 2379; x_wconf 90' lang='lat' dir='ltr'><strong>ad</strong></span> <span class='ocrx_word' id='word_1_293' title='bbox 922 2324 1155 2380; x_wconf 89' lang='lat' dir='ltr'><strong>salutem</strong></span> <span class='ocrx_word' id='word_1_294' title='bbox 1189 2322 1469 2380; x_wconf 87' lang='lat' dir='ltr'><strong>festinant.</strong></span> 
     </span>
    </p>
   </div>
   <div class='ocr_carea' id='block_1_39' title="bbox 373 2414 1875 2487">
    <p class='ocr_par' dir='ltr' id='par_1_39' title="bbox 373 2414 1875 2487">
     <span class='ocr_line' id='line_1_39' title="bbox 373 2414 1875 2487; baseline 0.002 -22"><span class='ocrx_word' id='word_1_295' title='bbox 373 2415 437 2471; x_wconf 90' lang='lat' dir='ltr'><strong>V.</strong></span> <span class='ocrx_word' id='word_1_296' title='bbox 468 2416 698 2487; x_wconf 89' lang='lat' dir='ltr'><strong>Propter</strong></span> <span class='ocrx_word' id='word_1_297' title='bbox 727 2416 873 2486; x_wconf 91' lang='lat' dir='ltr'><strong>quod</strong></span> <span class='ocrx_word' id='word_1_298' title='bbox 904 2426 1029 2470; x_wconf 88' lang='lat' dir='ltr'><strong>ante</strong></span> <span class='ocrx_word' id='word_1_299' title='bbox 1057 2415 1239 2469; x_wconf 89' lang='lat' dir='ltr'><strong>omnia</strong></span> <span class='ocrx_word' id='word_1_300' title='bbox 1266 2414 1663 2485; x_wconf 88' lang='lat' dir='ltr'><strong>properandum</strong></span> <span class='ocrx_word' id='word_1_301' title='bbox 1699 2422 1785 2470; x_wconf 90' lang='lat' dir='ltr'><strong>est</strong></span> <span class='ocrx_word' id='word_1_302' title='bbox 1807 2414 1875 2469; x_wconf 92' lang='lat' dir='ltr'><strong>ad</strong></span> 
     </span>
    </p>
   </div>
   <div class='ocr_carea' id='block_1_40' title="bbox 300 2507 1877 2581">
    <p class='ocr_par' dir='ltr' id='par_1_40' title="bbox 300 2507 1877 2581">
     <span class='ocr_line' id='line_1_40' title="bbox 300 2507 1877 2581; baseline 0 -19"><span class='ocrx_word' id='word_1_303' title='bbox 300 2510 629 2581; x_wconf 85' lang='lat' dir='ltr'><strong>agnitionem</strong></span> <span class='ocrx_word' id='word_1_304' title='bbox 659 2510 926 2574; x_wconf 88' lang='lat' dir='ltr'><strong>veritatis,</strong></span> <span class='ocrx_word' id='word_1_305' title='bbox 965 2515 1024 2562; x_wconf 90' lang='lat' dir='ltr'><strong>ut</strong></span> <span class='ocrx_word' id='word_1_306' title='bbox 1050 2508 1325 2578; x_wconf 89' lang='lat' dir='ltr'><strong>possimus</strong></span> <span class='ocrx_word' id='word_1_307' title='bbox 1354 2508 1513 2578; x_wconf 91' lang='lat' dir='ltr'><strong>quasi</strong></span> <span class='ocrx_word' id='word_1_308' title='bbox 1541 2507 1746 2563; x_wconf 90' lang='lat' dir='ltr'><strong>lumine</strong></span> <span class='ocrx_word' id='word_1_309' title='bbox 1775 2522 1877 2562; x_wconf 83' lang='lat' dir='ltr'><strong>no-</strong></span> 
     </span>
    </p>
   </div>
   <div class='ocr_carea' id='block_1_41' title="bbox 303 2599 1873 2668">
    <p class='ocr_par' dir='ltr' id='par_1_41' title="bbox 303 2599 1873 2668">
     <span class='ocr_line' id='line_1_41' title="bbox 303 2599 1873 2668; baseline 0.001 -15"><span class='ocrx_word' id='word_1_310' title='bbox 303 2599 389 2654; x_wconf 86' lang='lat' dir='ltr'><strong>bis</strong></span> <span class='ocrx_word' id='word_1_311' title='bbox 442 2599 567 2656; x_wconf 90' lang='lat' dir='ltr'><strong>inde</strong></span> <span class='ocrx_word' id='word_1_312' title='bbox 611 2615 903 2665; x_wconf 82' lang='lat' dir='ltr'><strong>succenso,</strong></span> <span class='ocrx_word' id='word_1_313' title='bbox 960 2614 1207 2655; x_wconf 89' lang='lat' dir='ltr'><strong>errorum</strong></span> <span class='ocrx_word' id='word_1_314' title='bbox 1257 2599 1513 2655; x_wconf 89' lang='lat' dir='ltr'><strong>tenebras</strong></span> <span class='ocrx_word' id='word_1_315' title='bbox 1573 2599 1873 2668; x_wconf 88' lang='lat' dir='ltr'><strong>depellere;</strong></span> 
     </span>
    </p>
   </div>
   <div class='ocr_carea' id='block_1_42' title="bbox 301 2690 1874 2762">
    <p class='ocr_par' dir='ltr' id='par_1_42' title="bbox 301 2690 1874 2762">
     <span class='ocr_line' id='line_1_42' title="bbox 301 2690 1874 2762; baseline 0 -17"><span class='ocrx_word' id='word_1_316' title='bbox 301 2691 512 2762; x_wconf 88' lang='lat' dir='ltr'><strong>grande</strong></span> <span class='ocrx_word' id='word_1_317' title='bbox 539 2691 683 2746; x_wconf 90' lang='lat' dir='ltr'><strong>enim</strong></span> <span class='ocrx_word' id='word_1_318' title='bbox 716 2692 917 2746; x_wconf 89' lang='lat' dir='ltr'><strong>malum</strong></span> <span class='ocrx_word' id='word_1_319' title='bbox 967 2700 1073 2755; x_wconf 88' lang='lat' dir='ltr'><strong>est,</strong></span> <span class='ocrx_word' id='word_1_320' title='bbox 1113 2698 1171 2745; x_wconf 92' lang='lat' dir='ltr'><strong>ut</strong></span> <span class='ocrx_word' id='word_1_321' title='bbox 1230 2690 1486 2755; x_wconf 75' lang='lat' dir='ltr'><strong>diximus,</strong></span> <span class='ocrx_word' id='word_1_322' title='bbox 1536 2691 1874 2762; x_wconf 85' lang='lat' dir='ltr'><strong>ignorantia;</strong></span> 
     </span>
    </p>
   </div>
   <div class='ocr_carea' id='block_1_43' title="bbox 304 2782 1875 2854">
    <p class='ocr_par' dir='ltr' id='par_1_43' title="bbox 304 2782 1875 2854">
     <span class='ocr_line' id='line_1_43' title="bbox 304 2782 1875 2854; baseline -0.001 -16"><span class='ocrx_word' id='word_1_323' title='bbox 304 2784 403 2838; x_wconf 89' lang='lat' dir='ltr'><strong>sed</strong></span> <span class='ocrx_word' id='word_1_324' title='bbox 437 2784 565 2854; x_wconf 84' lang='lat' dir='ltr'><strong>quia</strong></span> <span class='ocrx_word' id='word_1_325' title='bbox 597 2784 961 2839; x_wconf 87' lang='lat' dir='ltr'><strong>substantiam</strong></span> <span class='ocrx_word' id='word_1_326' title='bbox 996 2799 1103 2838; x_wconf 90' lang='lat' dir='ltr'><strong>non</strong></span> <span class='ocrx_word' id='word_1_327' title='bbox 1136 2783 1319 2847; x_wconf 86' lang='lat' dir='ltr'><strong>habet,</strong></span> <span class='ocrx_word' id='word_1_328' title='bbox 1353 2782 1513 2837; x_wconf 89' lang='lat' dir='ltr'><strong>facile</strong></span> <span class='ocrx_word' id='word_1_329' title='bbox 1550 2783 1618 2837; x_wconf 90' lang='lat' dir='ltr'><strong>ab</strong></span> <span class='ocrx_word' id='word_1_330' title='bbox 1649 2782 1735 2836; x_wconf 87' lang='lat' dir='ltr'><strong>his</strong></span> <span class='ocrx_word' id='word_1_331' title='bbox 1781 2783 1875 2852; x_wconf 92' lang='lat' dir='ltr'><strong>qui</strong></span> 
     </span>
    </p>
   </div>
   <div class='ocr_carea' id='block_1_44' title="bbox 303 2875 1875 2947">
    <p class='ocr_par' dir='ltr' id='par_1_44' title="bbox 303 2875 1875 2947">
     <span class='ocr_line' id='line_1_44' title="bbox 303 2875 1875 2947; baseline -0.002 -15"><span class='ocrx_word' id='word_1_332' title='bbox 303 2878 536 2933; x_wconf 77' lang='lat' dir='ltr'><strong>studiosi</strong></span> <span class='ocrx_word' id='word_1_333' title='bbox 568 2886 715 2935; x_wconf 86' lang='lat' dir='ltr'><strong>sunt.</strong></span> <span class='ocrx_word' id='word_1_334' title='bbox 743 2876 1028 2947; x_wconf 71' lang='lat' dir='ltr'><strong>effugatur.</strong></span> <span class='ocrx_word' id='word_1_335' title='bbox 1051 2875 1167 2930; x_wconf 87' lang='lat' dir='ltr'><strong>Non</strong></span> <span class='ocrx_word' id='word_1_336' title='bbox 1192 2878 1336 2936; x_wconf 85' lang='lat' dir='ltr'><strong>enim</strong></span> <span class='ocrx_word' id='word_1_337' title='bbox 1368 2876 1512 2931; x_wconf 89' lang='lat' dir='ltr'><strong>aliud</strong></span> <span class='ocrx_word' id='word_1_338' title='bbox 1542 2882 1627 2932; x_wconf 89' lang='lat' dir='ltr'><strong>est</strong></span> <span class='ocrx_word' id='word_1_339' title='bbox 1657 2875 1875 2945; x_wconf 83' lang='lat' dir='ltr'><strong>quidem</strong></span> 
     </span>
    </p>
   </div>
   <div class='ocr_carea' id='block_1_45' title="bbox 305 2966 1877 3039">
    <p class='ocr_par' dir='ltr' id='par_1_45' title="bbox 305 2966 1877 3039">
     <span class='ocr_line' id='line_1_45' title="bbox 305 2966 1877 3039; baseline -0.001 -17"><span class='ocrx_word' id='word_1_340' title='bbox 305 2968 635 3039; x_wconf 84' lang='lat' dir='ltr'><strong>ignorantia,</strong></span> <span class='ocrx_word' id='word_1_341' title='bbox 667 2969 774 3024; x_wconf 90' lang='lat' dir='ltr'><strong>nisi</strong></span> <span class='ocrx_word' id='word_1_342' title='bbox 810 2984 919 3023; x_wconf 92' lang='lat' dir='ltr'><strong>non</strong></span> <span class='ocrx_word' id='word_1_343' title='bbox 952 2967 1242 3039; x_wconf 88' lang='lat' dir='ltr'><strong>agnovisse</strong></span> <span class='ocrx_word' id='word_1_344' title='bbox 1285 2968 1430 3038; x_wconf 91' lang='lat' dir='ltr'><strong>quod</strong></span> <span class='ocrx_word' id='word_1_345' title='bbox 1484 2967 1739 3037; x_wconf 81' lang='lat' dir='ltr'><strong>expedit;</strong></span> <span class='ocrx_word' id='word_1_346' title='bbox 1783 2966 1877 3021; x_wconf 90' lang='lat' dir='ltr'><strong>ubi</strong></span> 
     </span>
    </p>
   </div>
   <div class='ocr_carea' id='block_1_46' title="bbox 304 3061 1872 3134">
    <p class='ocr_par' dir='ltr' id='par_1_46' title="bbox 304 3061 1872 3134">
     <span class='ocr_line' id='line_1_46' title="bbox 304 3061 1872 3134; baseline -0.001 -19"><span class='ocrx_word' id='word_1_347' title='bbox 304 3071 487 3115; x_wconf 81' lang='lat' dir='ltr'><strong>autem</strong></span> <span class='ocrx_word' id='word_1_348' title='bbox 520 3063 831 3134; x_wconf 82' lang='lat' dir='ltr'><strong>agnoveris,</strong></span> <span class='ocrx_word' id='word_1_349' title='bbox 863 3062 1003 3132; x_wconf 89' lang='lat' dir='ltr'><strong>perit</strong></span> <span class='ocrx_word' id='word_1_350' title='bbox 1029 3063 1357 3133; x_wconf 86' lang='lat' dir='ltr'><strong>ignorantia.</strong></span> <span class='ocrx_word' id='word_1_351' title='bbox 1391 3061 1570 3128; x_wconf 67' lang='lat' dir='ltr'><strong>Qua&#39;ri</strong></span> <span class='ocrx_word' id='word_1_352' title='bbox 1602 3075 1732 3130; x_wconf 89' lang='lat' dir='ltr'><strong>ergo</strong></span> <span class='ocrx_word' id='word_1_353' title='bbox 1754 3073 1872 3113; x_wconf 89' lang='lat' dir='ltr'><strong>ma-</strong></span> 
     </span>
    </p>
   </div>
   <div class='ocr_carea' id='block_1_47' title="bbox 1977 1926 3546 2008">
    <p class='ocr_par' dir='ltr' id='par_1_47' title="bbox 1977 1926 3546 2008">
     <span class='ocr_line' id='line_1_47' title="bbox 1977 1926 3546 2008; baseline -0.012 -10"><span class='ocrx_word' id='word_1_354' title='bbox 1977 1941 2093 1998; x_wconf 89' lang='lat' dir='ltr'><strong>sola</strong></span> <span class='ocrx_word' id='word_1_355' title='bbox 2116 1940 2247 1994; x_wconf 88' lang='lat' dir='ltr'><strong>facit</strong></span> <span class='ocrx_word' id='word_1_356' title='bbox 2276 1934 2607 2008; x_wconf 89' lang='lat' dir='ltr'><strong>ignorantia.</strong></span> <span class='ocrx_word' id='word_1_357' title='bbox 2658 1932 2793 1986; x_wconf 88' lang='lat' dir='ltr'><strong>Dum</strong></span> <span class='ocrx_word' id='word_1_358' title='bbox 2837 1930 2980 1987; x_wconf 88' lang='lat' dir='ltr'><strong>enim</strong></span> <span class='ocrx_word' id='word_1_359' title='bbox 3006 1929 3257 2000; x_wconf 87' lang='lat' dir='ltr'><strong>ignorant</strong></span> <span class='ocrx_word' id='word_1_360' title='bbox 3296 1926 3546 1980; x_wconf 87' lang='lat' dir='ltr'><strong>homines</strong></span> 
     </span>
    </p>
   </div>
   <div class='ocr_carea' id='block_1_48' title="bbox 1976 2014 3551 2105">
    <p class='ocr_par' dir='ltr' id='par_1_48' title="bbox 1976 2014 3551 2105">
     <span class='ocr_line' id='line_1_48' title="bbox 1976 2014 3551 2105; baseline -0.013 -16"><span class='ocrx_word' id='word_1_361' title='bbox 1976 2038 2242 2105; x_wconf 90' lang='lat' dir='ltr'><strong>quantum</strong></span> <span class='ocrx_word' id='word_1_362' title='bbox 2255 2025 2594 2084; x_wconf 83' lang='lat' dir='ltr'><strong>bonihabeat</strong></span> <span class='ocrx_word' id='word_1_363' title='bbox 2613 2022 2863 2088; x_wconf 84' lang='lat' dir='ltr'><strong>scicntia,</strong></span> <span class='ocrx_word' id='word_1_364' title='bbox 2892 2019 3213 2092; x_wconf 76' lang='lat' dir='ltr'><strong>ignorantia:</strong></span> <span class='ocrx_word' id='word_1_365' title='bbox 3242 2017 3445 2070; x_wconf 89' lang='lat' dir='ltr'><strong>malum</strong></span> <span class='ocrx_word' id='word_1_366' title='bbox 3480 2014 3551 2069; x_wconf 85' lang='lat' dir='ltr'><strong>de</strong></span> 
     </span>
    </p>
   </div>
   <div class='ocr_carea' id='block_1_49' title="bbox 1977 2110 3550 2196">
    <p class='ocr_par' dir='ltr' id='par_1_49' title="bbox 1977 2110 3550 2196">
     <span class='ocr_line' id='line_1_49' title="bbox 1977 2110 3550 2196; baseline -0.017 -10"><span class='ocrx_word' id='word_1_367' title='bbox 1977 2145 2037 2186; x_wconf 89' lang='lat' dir='ltr'><strong>se</strong></span> <span class='ocrx_word' id='word_1_368' title='bbox 2064 2142 2174 2182; x_wconf 89' lang='lat' dir='ltr'><strong>non</strong></span> <span class='ocrx_word' id='word_1_369' title='bbox 2200 2123 2486 2196; x_wconf 86' lang='lat' dir='ltr'><strong>patiuntur</strong></span> <span class='ocrx_word' id='word_1_370' title='bbox 2507 2116 2759 2183; x_wconf 75' lang='lat' dir='ltr'><strong>excludi;</strong></span> <span class='ocrx_word' id='word_1_371' title='bbox 2788 2115 3043 2171; x_wconf 90' lang='lat' dir='ltr'><strong>nesciunt</strong></span> <span class='ocrx_word' id='word_1_372' title='bbox 3070 2112 3215 2167; x_wconf 89' lang='lat' dir='ltr'><strong>enim</strong></span> <span class='ocrx_word' id='word_1_373' title='bbox 3240 2115 3445 2180; x_wconf 89' lang='lat' dir='ltr'><strong>quanta</strong></span> <span class='ocrx_word' id='word_1_374' title='bbox 3476 2110 3550 2161; x_wconf 92' lang='lat' dir='ltr'><strong>sit</strong></span> 
     </span>
    </p>
   </div>
   <div class='ocr_carea' id='block_1_50' title="bbox 1978 2198 3552 2286">
    <p class='ocr_par' dir='ltr' id='par_1_50' title="bbox 1978 2198 3552 2286">
     <span class='ocr_line' id='line_1_50' title="bbox 1978 2198 3552 2286; baseline -0.018 -8"><span class='ocrx_word' id='word_1_375' title='bbox 1978 2223 2034 2278; x_wconf 94' lang='lat' dir='ltr'><strong>in</strong></span> <span class='ocrx_word' id='word_1_376' title='bbox 2070 2221 2266 2275; x_wconf 89' lang='lat' dir='ltr'><strong>horum</strong></span> <span class='ocrx_word' id='word_1_377' title='bbox 2318 2210 2717 2286; x_wconf 88' lang='lat' dir='ltr'><strong>permutatione</strong></span> <span class='ocrx_word' id='word_1_378' title='bbox 2766 2206 3081 2261; x_wconf 87' lang='lat' dir='ltr'><strong>diversitas.</strong></span> <span class='ocrx_word' id='word_1_379' title='bbox 3125 2203 3354 2272; x_wconf 87' lang='lat' dir='ltr'><strong>Propter</strong></span> <span class='ocrx_word' id='word_1_380' title='bbox 3404 2198 3552 2270; x_wconf 84' lang='lat' dir='ltr'><strong>quod</strong></span> 
     </span>
    </p>
   </div>
   <div class='ocr_carea' id='block_1_51' title="bbox 1977 2295 3553 2371">
    <p class='ocr_par' dir='ltr' id='par_1_51' title="bbox 1977 2295 3553 2371">
     <span class='ocr_line' id='line_1_51' title="bbox 1977 2295 3553 2371; baseline -0.016 -2"><span class='ocrx_word' id='word_1_381' title='bbox 1977 2312 2269 2369; x_wconf 91' lang='lat' dir='ltr'><strong>consilium</strong></span> <span class='ocrx_word' id='word_1_382' title='bbox 2328 2307 2398 2362; x_wconf 92' lang='lat' dir='ltr'><strong>do</strong></span> <span class='ocrx_word' id='word_1_383' title='bbox 2443 2302 2740 2371; x_wconf 88' lang='lat' dir='ltr'><strong>unicuique</strong></span> <span class='ocrx_word' id='word_1_384' title='bbox 2783 2299 3130 2359; x_wconf 88' lang='lat' dir='ltr'><strong>discentium,</strong></span> <span class='ocrx_word' id='word_1_385' title='bbox 3160 2295 3393 2348; x_wconf 89' lang='lat' dir='ltr'><strong>libenter</strong></span> <span class='ocrx_word' id='word_1_386' title='bbox 3420 2306 3553 2362; x_wconf 64' lang='lat' dir='ltr'><strong>pm-</strong></span> 
     </span>
    </p>
   </div>
   <div class='ocr_carea' id='block_1_52' title="bbox 1978 2385 3549 2462">
    <p class='ocr_par' dir='ltr' id='par_1_52' title="bbox 1978 2385 3549 2462">
     <span class='ocr_line' id='line_1_52' title="bbox 1978 2385 3549 2462; baseline -0.017 0"><span class='ocrx_word' id='word_1_387' title='bbox 1978 2408 2106 2462; x_wconf 89' lang='lat' dir='ltr'><strong>bere</strong></span> <span class='ocrx_word' id='word_1_388' title='bbox 2133 2416 2317 2458; x_wconf 88' lang='lat' dir='ltr'><strong>aurem</strong></span> <span class='ocrx_word' id='word_1_389' title='bbox 2346 2398 2515 2453; x_wconf 90' lang='lat' dir='ltr'><strong>verbo</strong></span> <span class='ocrx_word' id='word_1_390' title='bbox 2538 2394 2654 2462; x_wconf 91' lang='lat' dir='ltr'><strong>Dei,</strong></span> <span class='ocrx_word' id='word_1_391' title='bbox 2678 2401 2733 2449; x_wconf 91' lang='lat' dir='ltr'><strong>et</strong></span> <span class='ocrx_word' id='word_1_392' title='bbox 2770 2406 2896 2446; x_wconf 90' lang='lat' dir='ltr'><strong>cum</strong></span> <span class='ocrx_word' id='word_1_393' title='bbox 2952 2402 3137 2443; x_wconf 89' lang='lat' dir='ltr'><strong>amore</strong></span> <span class='ocrx_word' id='word_1_394' title='bbox 3179 2385 3422 2441; x_wconf 87' lang='lat' dir='ltr'><strong>veritatis</strong></span> <span class='ocrx_word' id='word_1_395' title='bbox 3447 2399 3549 2436; x_wconf 91' lang='lat' dir='ltr'><strong>au-</strong></span> 
     </span>
    </p>
   </div>
   <div class='ocr_carea' id='block_1_53' title="bbox 1978 2481 3550 2568">
    <p class='ocr_par' dir='ltr' id='par_1_53' title="bbox 1978 2481 3550 2568">
     <span class='ocr_line' id='line_1_53' title="bbox 1978 2481 3550 2568; baseline -0.015 -12"><span class='ocrx_word' id='word_1_396' title='bbox 1978 2501 2095 2556; x_wconf 86' lang='lat' dir='ltr'><strong>dire</strong></span> <span class='ocrx_word' id='word_1_397' title='bbox 2125 2510 2247 2568; x_wconf 65' lang='lat' dir='ltr'><strong>qua:</strong></span> <span class='ocrx_word' id='word_1_398' title='bbox 2288 2494 2547 2551; x_wconf 88' lang='lat' dir='ltr'><strong>dicimus.</strong></span> <span class='ocrx_word' id='word_1_399' title='bbox 2590 2497 2650 2543; x_wconf 92' lang='lat' dir='ltr'><strong>ut</strong></span> <span class='ocrx_word' id='word_1_400' title='bbox 2698 2501 2852 2541; x_wconf 89' lang='lat' dir='ltr'><strong>mens</strong></span> <span class='ocrx_word' id='word_1_401' title='bbox 2883 2483 3087 2553; x_wconf 89' lang='lat' dir='ltr'><strong>optimo</strong></span> <span class='ocrx_word' id='word_1_402' title='bbox 3126 2481 3331 2535; x_wconf 87' lang='lat' dir='ltr'><strong>semine</strong></span> <span class='ocrx_word' id='word_1_403' title='bbox 3358 2493 3550 2533; x_wconf 84' lang='lat' dir='ltr'><strong>susce-</strong></span> 
     </span>
    </p>
   </div>
   <div class='ocr_carea' id='block_1_54' title="bbox 1978 2569 3553 2666">
    <p class='ocr_par' dir='ltr' id='par_1_54' title="bbox 1978 2569 3553 2666">
     <span class='ocr_line' id='line_1_54' title="bbox 1978 2569 3553 2666; baseline -0.017 -18"><span class='ocrx_word' id='word_1_404' title='bbox 1978 2602 2093 2666; x_wconf 81' lang='lat' dir='ltr'><strong>pto,</strong></span> <span class='ocrx_word' id='word_1_405' title='bbox 2118 2606 2216 2662; x_wconf 90' lang='lat' dir='ltr'><strong>per</strong></span> <span class='ocrx_word' id='word_1_406' title='bbox 2252 2590 2424 2642; x_wconf 89' lang='lat' dir='ltr'><strong>bonos</strong></span> <span class='ocrx_word' id='word_1_407' title='bbox 2474 2591 2630 2635; x_wconf 89' lang='lat' dir='ltr'><strong>actus</strong></span> <span class='ocrx_word' id='word_1_408' title='bbox 2672 2580 2821 2633; x_wconf 69' lang='lat' dir='ltr'><strong>laetos</strong></span> <span class='ocrx_word' id='word_1_409' title='bbox 2860 2576 3049 2630; x_wconf 79' lang='lat' dir='ltr'><strong>afferat</strong></span> <span class='ocrx_word' id='word_1_410' title='bbox 3072 2574 3304 2627; x_wconf 84' lang='lat' dir='ltr'><strong>fructus.</strong></span> <span class='ocrx_word' id='word_1_411' title='bbox 3338 2569 3470 2624; x_wconf 87' lang='lat' dir='ltr'><strong>Nam</strong></span> <span class='ocrx_word' id='word_1_412' title='bbox 3503 2570 3553 2623; x_wconf 83' lang='lat' dir='ltr'><strong>si</strong></span> 
     </span>
    </p>
   </div>
   <div class='ocr_carea' id='block_1_55' title="bbox 1979 2661 3552 2745">
    <p class='ocr_par' dir='ltr' id='par_1_55' title="bbox 1979 2661 3552 2745">
     <span class='ocr_line' id='line_1_55' title="bbox 1979 2661 3552 2745; baseline -0.019 -3"><span class='ocrx_word' id='word_1_413' title='bbox 1979 2661 2067 2742; x_wconf 79' lang='lat' dir='ltr'><strong>me</strong></span> <span class='ocrx_word' id='word_1_414' title='bbox 2091 2661 2324 2739; x_wconf 87' lang='lat' dir='ltr'><strong>docente</strong></span> <span class='ocrx_word' id='word_1_415' title='bbox 2338 2693 2401 2731; x_wconf 89' lang='lat' dir='ltr'><strong>ea</strong></span> <span class='ocrx_word' id='word_1_416' title='bbox 2431 2688 2552 2745; x_wconf 64' lang='lat' dir='ltr'><strong>quae</strong></span> <span class='ocrx_word' id='word_1_417' title='bbox 2592 2672 2660 2727; x_wconf 91' lang='lat' dir='ltr'><strong>ad</strong></span> <span class='ocrx_word' id='word_1_418' title='bbox 2716 2669 2946 2724; x_wconf 90' lang='lat' dir='ltr'><strong>salutem</strong></span> <span class='ocrx_word' id='word_1_419' title='bbox 2979 2665 3276 2735; x_wconf 88' lang='lat' dir='ltr'><strong>pertinent,</strong></span> <span class='ocrx_word' id='word_1_420' title='bbox 3308 2661 3552 2730; x_wconf 82' lang='lat' dir='ltr'><strong>recipere</strong></span> 
     </span>
    </p>
   </div>
   <div class='ocr_carea' id='block_1_56' title="bbox 1978 2756 3556 2852">
    <p class='ocr_par' dir='ltr' id='par_1_56' title="bbox 1978 2756 3556 2852">
     <span class='ocr_line' id='line_1_56' title="bbox 1978 2756 3556 2852; baseline -0.02 -17"><span class='ocrx_word' id='word_1_421' title='bbox 1978 2779 2106 2852; x_wconf 92' lang='lat' dir='ltr'><strong>quis</strong></span> <span class='ocrx_word' id='word_1_422' title='bbox 2133 2774 2344 2835; x_wconf 89' lang='lat' dir='ltr'><strong>abnuit,</strong></span> <span class='ocrx_word' id='word_1_423' title='bbox 2372 2777 2426 2824; x_wconf 91' lang='lat' dir='ltr'><strong>et</strong></span> <span class='ocrx_word' id='word_1_424' title='bbox 2458 2768 2643 2821; x_wconf 91' lang='lat' dir='ltr'><strong>animo</strong></span> <span class='ocrx_word' id='word_1_425' title='bbox 2688 2761 2874 2835; x_wconf 88' lang='lat' dir='ltr'><strong>pravis</strong></span> <span class='ocrx_word' id='word_1_426' title='bbox 2906 2756 3258 2830; x_wconf 84' lang='lat' dir='ltr'><strong>Opinionibus</strong></span> <span class='ocrx_word' id='word_1_427' title='bbox 3284 2759 3556 2823; x_wconf 87' lang='lat' dir='ltr'><strong>occupato</strong></span> 
     </span>
    </p>
   </div>
   <div class='ocr_carea' id='block_1_57' title="bbox 1978 2844 3557 2925">
    <p class='ocr_par' dir='ltr' id='par_1_57' title="bbox 1978 2844 3557 2925">
     <span class='ocr_line' id='line_1_57' title="bbox 1978 2844 3557 2925; baseline -0.02 1"><span class='ocrx_word' id='word_1_428' title='bbox 1978 2844 2249 2925; x_wconf 76' lang='lat' dir='ltr'><strong>obsistere</strong></span> <span class='ocrx_word' id='word_1_429' title='bbox 2279 2862 2502 2924; x_wconf 83' lang='lat' dir='ltr'><strong>nititur,</strong></span> <span class='ocrx_word' id='word_1_430' title='bbox 2541 2872 2652 2912; x_wconf 89' lang='lat' dir='ltr'><strong>non</strong></span> <span class='ocrx_word' id='word_1_431' title='bbox 2683 2870 2748 2909; x_wconf 81' lang='lat' dir='ltr'><strong>ex</strong></span> <span class='ocrx_word' id='word_1_432' title='bbox 2786 2851 2977 2913; x_wconf 91' lang='lat' dir='ltr'><strong>nobis,</strong></span> <span class='ocrx_word' id='word_1_433' title='bbox 3034 2846 3129 2903; x_wconf 86' lang='lat' dir='ltr'><strong>sed</strong></span> <span class='ocrx_word' id='word_1_434' title='bbox 3156 2862 3222 2899; x_wconf 78' lang='lat' dir='ltr'><strong>ex</strong></span> <span class='ocrx_word' id='word_1_435' title='bbox 3255 2844 3557 2913; x_wconf 87' lang='lat' dir='ltr'><strong>semetipso</strong></span> 
     </span>
    </p>
   </div>
   <div class='ocr_carea' id='block_1_58' title="bbox 1980 2935 3555 3029">
    <p class='ocr_par' dir='ltr' id='par_1_58' title="bbox 1980 2935 3555 3029">
     <span class='ocr_line' id='line_1_58' title="bbox 1980 2935 3555 3029; baseline -0.019 -10"><span class='ocrx_word' id='word_1_436' title='bbox 1980 2960 2205 3020; x_wconf 87' lang='lat' dir='ltr'><strong>habebit</strong></span> <span class='ocrx_word' id='word_1_437' title='bbox 2232 2951 2495 3029; x_wconf 89' lang='lat' dir='ltr'><strong>pereundi</strong></span> <span class='ocrx_word' id='word_1_438' title='bbox 2525 2961 2772 3005; x_wconf 88' lang='lat' dir='ltr'><strong>causam.</strong></span> <span class='ocrx_word' id='word_1_439' title='bbox 2806 2943 2978 2998; x_wconf 88' lang='lat' dir='ltr'><strong>Debet</strong></span> <span class='ocrx_word' id='word_1_440' title='bbox 3005 2939 3149 2995; x_wconf 90' lang='lat' dir='ltr'><strong>enim</strong></span> <span class='ocrx_word' id='word_1_441' title='bbox 3170 2938 3321 3008; x_wconf 83' lang='lat' dir='ltr'><strong>justo</strong></span> <span class='ocrx_word' id='word_1_442' title='bbox 3346 2935 3555 3029; x_wconf 87' lang='lat' dir='ltr'><strong>judicio</strong></span> 
     </span>
    </p>
   </div>
   <div class='ocr_carea' id='block_1_59' title="bbox 1979 3028 3556 3118">
    <p class='ocr_par' dir='ltr' id='par_1_59' title="bbox 1979 3028 3556 3118">
     <span class='ocr_line' id='line_1_59' title="bbox 1979 3028 3556 3118; baseline -0.02 -4"><span class='ocrx_word' id='word_1_443' title='bbox 1979 3028 2297 3114; x_wconf 81' lang='lat' dir='ltr'><strong>examinare</strong></span> <span class='ocrx_word' id='word_1_444' title='bbox 2341 3061 2461 3118; x_wconf 69' lang='lat' dir='ltr'><strong>qua:</strong></span> <span class='ocrx_word' id='word_1_445' title='bbox 2482 3043 2738 3103; x_wconf 90' lang='lat' dir='ltr'><strong>dicimus,</strong></span> <span class='ocrx_word' id='word_1_446' title='bbox 2791 3046 2846 3092; x_wconf 87' lang='lat' dir='ltr'><strong>et</strong></span> <span class='ocrx_word' id='word_1_447' title='bbox 2897 3032 3199 3103; x_wconf 88' lang='lat' dir='ltr'><strong>intelligere</strong></span> <span class='ocrx_word' id='word_1_448' title='bbox 3232 3028 3361 3099; x_wconf 92' lang='lat' dir='ltr'><strong>quia</strong></span> <span class='ocrx_word' id='word_1_449' title='bbox 3392 3028 3556 3083; x_wconf 84' lang='lat' dir='ltr'><strong>verba</strong></span> 
     </span>
    </p>
   </div>
   <div class='ocr_carea' id='block_1_60' title="bbox 305 3125 3558 3226">
    <p class='ocr_par' dir='ltr' id='par_1_60' title="bbox 305 3125 3558 3226">
     <span class='ocr_line' id='line_1_60' title="bbox 305 3125 3558 3226; baseline -0.01 -20"><span class='ocrx_word' id='word_1_450' title='bbox 305 3125 737 3224; x_wconf 45' lang='lat' dir='ltr'><strong>gnoperevdehet</strong></span> <span class='ocrx_word' id='word_1_451' title='bbox 764 3125 1009 3209; x_wconf 80' lang='lat' dir='ltr'><strong>veritatis</strong></span> <span class='ocrx_word' id='word_1_452' title='bbox 1052 3125 1287 3224; x_wconf 71' lang='lat' dir='ltr'><strong>agnitio,</strong></span> <span class='ocrx_word' id='word_1_453' title='bbox 1321 3125 1484 3224; x_wconf 80' lang='lat' dir='ltr'><strong>quam</strong></span> <span class='ocrx_word' id='word_1_454' title='bbox 1539 3125 1700 3207; x_wconf 75' lang='lat' dir='ltr'><strong>nemo</strong></span> <span class='ocrx_word' id='word_1_455' title='bbox 1731 3151 1872 3207; x_wconf 90' lang='lat' dir='ltr'><strong>alius</strong></span> <span class='ocrx_word' id='word_1_456' title='bbox 1898 3150 2255 3226; x_wconf 65' lang='lat' dir='ltr'><strong>eloquimur</strong></span> <span class='ocrx_word' id='word_1_457' title='bbox 2317 3139 2588 3197; x_wconf 85' lang='lat' dir='ltr'><strong>veritatis,</strong></span> <span class='ocrx_word' id='word_1_458' title='bbox 2641 3140 2703 3187; x_wconf 90' lang='lat' dir='ltr'><strong>ut</strong></span> <span class='ocrx_word' id='word_1_459' title='bbox 2746 3128 2982 3226; x_wconf 83' lang='lat' dir='ltr'><strong>cognitis</strong></span> <span class='ocrx_word' id='word_1_460' title='bbox 3037 3125 3127 3226; x_wconf 76' lang='lat' dir='ltr'><strong>his</strong></span> <span class='ocrx_word' id='word_1_461' title='bbox 3176 3138 3295 3194; x_wconf 85' lang='lat' dir='ltr'><strong>quae</strong></span> <span class='ocrx_word' id='word_1_462' title='bbox 3340 3128 3469 3176; x_wconf 91' lang='lat' dir='ltr'><strong>sunt</strong></span> <span class='ocrx_word' id='word_1_463' title='bbox 3498 3131 3558 3173; x_wconf 86' lang='lat' dir='ltr'><strong>ut</strong></span> 
     </span>
    </p>
   </div>
   <div class='ocr_carea' id='block_1_61' title="bbox 305 3242 1874 3316">
    <p class='ocr_par' dir='ltr' id='par_1_61' title="bbox 305 3242 1874 3316">
     <span class='ocr_line' id='line_1_61' title="bbox 305 3242 1874 3316; baseline 0 -20"><span class='ocrx_word' id='word_1_464' title='bbox 305 3252 488 3314; x_wconf 86' lang='lat' dir='ltr'><strong>potest</strong></span> <span class='ocrx_word' id='word_1_465' title='bbox 516 3246 816 3315; x_wconf 89' lang='lat' dir='ltr'><strong>assignare,</strong></span> <span class='ocrx_word' id='word_1_466' title='bbox 872 3245 975 3299; x_wconf 92' lang='lat' dir='ltr'><strong>nisi</strong></span> <span class='ocrx_word' id='word_1_467' title='bbox 1010 3259 1174 3300; x_wconf 88' lang='lat' dir='ltr'><strong>verus</strong></span> <span class='ocrx_word' id='word_1_468' title='bbox 1225 3245 1509 3316; x_wconf 90' lang='lat' dir='ltr'><strong>propheta.</strong></span> <span class='ocrx_word' id='word_1_469' title='bbox 1561 3242 1689 3297; x_wconf 60' lang='lat' dir='ltr'><strong>Haec</strong></span> <span class='ocrx_word' id='word_1_470' title='bbox 1729 3242 1874 3297; x_wconf 90' lang='lat' dir='ltr'><strong>enim</strong></span> 
     </span>
    </p>
   </div>
   <div class='ocr_carea' id='block_1_62' title="bbox 307 3335 1876 3407">
    <p class='ocr_par' dir='ltr' id='par_1_62' title="bbox 307 3335 1876 3407">
     <span class='ocr_line' id='line_1_62' title="bbox 307 3335 1876 3407; baseline 0.001 -19"><span class='ocrx_word' id='word_1_471' title='bbox 307 3344 463 3405; x_wconf 87' lang='lat' dir='ltr'><strong>porta</strong></span> <span class='ocrx_word' id='word_1_472' title='bbox 493 3344 577 3391; x_wconf 89' lang='lat' dir='ltr'><strong>est</strong></span> <span class='ocrx_word' id='word_1_473' title='bbox 604 3335 730 3391; x_wconf 77' lang='lat' dir='ltr'><strong>vitae</strong></span> <span class='ocrx_word' id='word_1_474' title='bbox 771 3336 1079 3391; x_wconf 90' lang='lat' dir='ltr'><strong>volentibus</strong></span> <span class='ocrx_word' id='word_1_475' title='bbox 1129 3336 1358 3407; x_wconf 90' lang='lat' dir='ltr'><strong>ingredi,</strong></span> <span class='ocrx_word' id='word_1_476' title='bbox 1412 3344 1467 3391; x_wconf 90' lang='lat' dir='ltr'><strong>et</strong></span> <span class='ocrx_word' id='word_1_477' title='bbox 1501 3336 1606 3391; x_wconf 90' lang='lat' dir='ltr'><strong>iter</strong></span> <span class='ocrx_word' id='word_1_478' title='bbox 1651 3350 1876 3407; x_wconf 90' lang='lat' dir='ltr'><strong>operum</strong></span> 
     </span>
    </p>
   </div>
   <div class='ocr_carea' id='block_1_63' title="bbox 304 3427 1581 3500">
    <p class='ocr_par' dir='ltr' id='par_1_63' title="bbox 304 3427 1581 3500">
     <span class='ocr_line' id='line_1_63' title="bbox 304 3427 1581 3500; baseline 0.001 -18"><span class='ocrx_word' id='word_1_479' title='bbox 304 3427 573 3482; x_wconf 88' lang='lat' dir='ltr'><strong>bonorum</strong></span> <span class='ocrx_word' id='word_1_480' title='bbox 600 3430 948 3500; x_wconf 89' lang='lat' dir='ltr'><strong>pergentibus</strong></span> <span class='ocrx_word' id='word_1_481' title='bbox 979 3429 1044 3484; x_wconf 91' lang='lat' dir='ltr'><strong>ad</strong></span> <span class='ocrx_word' id='word_1_482' title='bbox 1075 3428 1346 3484; x_wconf 89' lang='lat' dir='ltr'><strong>civitatem</strong></span> <span class='ocrx_word' id='word_1_483' title='bbox 1370 3429 1581 3485; x_wconf 90' lang='lat' dir='ltr'><strong>salutis.</strong></span> 
     </span>
    </p>
   </div>
   <div class='ocr_carea' id='block_1_64' title="bbox 381 3519 1879 3592">
    <p class='ocr_par' dir='ltr' id='par_1_64' title="bbox 381 3519 1879 3592">
     <span class='ocr_line' id='line_1_64' title="bbox 381 3519 1879 3592; baseline 0 -19"><span class='ocrx_word' id='word_1_484' title='bbox 381 3520 470 3576; x_wconf 82' lang='lat' dir='ltr'><strong>Vl.</strong></span> <span class='ocrx_word' id='word_1_485' title='bbox 506 3520 563 3576; x_wconf 88' lang='lat' dir='ltr'><strong>Si</strong></span> <span class='ocrx_word' id='word_1_486' title='bbox 594 3522 720 3592; x_wconf 87' lang='lat' dir='ltr'><strong>quis</strong></span> <span class='ocrx_word' id='word_1_487' title='bbox 776 3537 908 3577; x_wconf 87' lang='lat' dir='ltr'><strong>sane</strong></span> <span class='ocrx_word' id='word_1_488' title='bbox 960 3521 1188 3577; x_wconf 87' lang='lat' dir='ltr'><strong>audiens</strong></span> <span class='ocrx_word' id='word_1_489' title='bbox 1237 3535 1543 3577; x_wconf 88' lang='lat' dir='ltr'><strong>sermonem</strong></span> <span class='ocrx_word' id='word_1_490' title='bbox 1589 3519 1703 3575; x_wconf 88' lang='lat' dir='ltr'><strong>veri</strong></span> <span class='ocrx_word' id='word_1_491' title='bbox 1751 3533 1879 3590; x_wconf 89' lang='lat' dir='ltr'><strong>pro-</strong></span> 
     </span>
    </p>
   </div>
   <div class='ocr_carea' id='block_1_65' title="bbox 310 3611 1878 3684">
    <p class='ocr_par' dir='ltr' id='par_1_65' title="bbox 310 3611 1878 3684">
     <span class='ocr_line' id='line_1_65' title="bbox 310 3611 1878 3684; baseline -0.001 -19"><span class='ocrx_word' id='word_1_492' title='bbox 310 3613 508 3684; x_wconf 65' lang='lat' dir='ltr'><strong>phetat,</strong></span> <span class='ocrx_word' id='word_1_493' title='bbox 555 3615 684 3667; x_wconf 87' lang='lat' dir='ltr'><strong>velit</strong></span> <span class='ocrx_word' id='word_1_494' title='bbox 743 3615 987 3683; x_wconf 88' lang='lat' dir='ltr'><strong>recipere</strong></span> <span class='ocrx_word' id='word_1_495' title='bbox 1042 3622 1135 3666; x_wconf 87' lang='lat' dir='ltr'><strong>aut</strong></span> <span class='ocrx_word' id='word_1_496' title='bbox 1167 3612 1323 3677; x_wconf 89' lang='lat' dir='ltr'><strong>nolit,</strong></span> <span class='ocrx_word' id='word_1_497' title='bbox 1372 3622 1427 3667; x_wconf 86' lang='lat' dir='ltr'><strong>et</strong></span> <span class='ocrx_word' id='word_1_498' title='bbox 1459 3611 1710 3681; x_wconf 90' lang='lat' dir='ltr'><strong>amplecti</strong></span> <span class='ocrx_word' id='word_1_499' title='bbox 1737 3625 1878 3665; x_wconf 92' lang='lat' dir='ltr'><strong>onus</strong></span> 
     </span>
    </p>
   </div>
   <div class='ocr_carea' id='block_1_66' title="bbox 311 3703 1876 3774">
    <p class='ocr_par' dir='ltr' id='par_1_66' title="bbox 311 3703 1876 3774">
     <span class='ocr_line' id='line_1_66' title="bbox 311 3703 1876 3774; baseline -0.003 -16"><span class='ocrx_word' id='word_1_500' title='bbox 311 3706 452 3774; x_wconf 87' lang='lat' dir='ltr'><strong>ejus,</strong></span> <span class='ocrx_word' id='word_1_501' title='bbox 488 3704 537 3759; x_wconf 87' lang='lat' dir='ltr'><strong>id</strong></span> <span class='ocrx_word' id='word_1_502' title='bbox 568 3710 653 3759; x_wconf 87' lang='lat' dir='ltr'><strong>est</strong></span> <span class='ocrx_word' id='word_1_503' title='bbox 682 3703 936 3758; x_wconf 86' lang='lat' dir='ltr'><strong>mandata</strong></span> <span class='ocrx_word' id='word_1_504' title='bbox 971 3703 1112 3766; x_wconf 62' lang='lat' dir='ltr'><strong>vitae,</strong></span> <span class='ocrx_word' id='word_1_505' title='bbox 1147 3704 1309 3759; x_wconf 88' lang='lat' dir='ltr'><strong>habet</strong></span> <span class='ocrx_word' id='word_1_506' title='bbox 1348 3703 1402 3756; x_wconf 92' lang='lat' dir='ltr'><strong>in</strong></span> <span class='ocrx_word' id='word_1_507' title='bbox 1436 3719 1533 3758; x_wconf 90' lang='lat' dir='ltr'><strong>sua</strong></span> <span class='ocrx_word' id='word_1_508' title='bbox 1567 3708 1876 3772; x_wconf 88' lang='lat' dir='ltr'><strong>potestate;</strong></span> 
     </span>
    </p>
   </div>
   <div class='ocr_carea' id='block_1_67' title="bbox 310 3795 1881 3858">
    <p class='ocr_par' dir='ltr' id='par_1_67' title="bbox 310 3795 1881 3858">
     <span class='ocr_line' id='line_1_67' title="bbox 310 3795 1881 3858; baseline -0.003 -9"><span class='ocrx_word' id='word_1_509' title='bbox 310 3796 469 3850; x_wconf 88' lang='lat' dir='ltr'><strong>liberi</strong></span> <span class='ocrx_word' id='word_1_510' title='bbox 501 3798 645 3850; x_wconf 88' lang='lat' dir='ltr'><strong>enim</strong></span> <span class='ocrx_word' id='word_1_511' title='bbox 671 3813 861 3853; x_wconf 90' lang='lat' dir='ltr'><strong>sumus</strong></span> <span class='ocrx_word' id='word_1_512' title='bbox 909 3796 1143 3851; x_wconf 91' lang='lat' dir='ltr'><strong>arbitrii.</strong></span> <span class='ocrx_word' id='word_1_513' title='bbox 1177 3795 1310 3850; x_wconf 84' lang='lat' dir='ltr'><strong>Nam</strong></span> <span class='ocrx_word' id='word_1_514' title='bbox 1343 3796 1389 3850; x_wconf 90' lang='lat' dir='ltr'><strong>si</strong></span> <span class='ocrx_word' id='word_1_515' title='bbox 1455 3795 1558 3849; x_wconf 88' lang='lat' dir='ltr'><strong>hoc</strong></span> <span class='ocrx_word' id='word_1_516' title='bbox 1603 3800 1769 3858; x_wconf 90' lang='lat' dir='ltr'><strong>esset,</strong></span> <span class='ocrx_word' id='word_1_517' title='bbox 1822 3800 1881 3846; x_wconf 93' lang='lat' dir='ltr'><strong>ut</strong></span> 
     </span>
    </p>
   </div>
   <div class='ocr_carea' id='block_1_68' title="bbox 312 3882 1878 3959">
    <p class='ocr_par' dir='ltr' id='par_1_68' title="bbox 312 3882 1878 3959">
     <span class='ocr_line' id='line_1_68' title="bbox 312 3882 1878 3959; baseline -0.004 -17"><span class='ocrx_word' id='word_1_518' title='bbox 312 3890 597 3945; x_wconf 88' lang='lat' dir='ltr'><strong>audientes</strong></span> <span class='ocrx_word' id='word_1_519' title='bbox 622 3905 746 3945; x_wconf 90' lang='lat' dir='ltr'><strong>eum</strong></span> <span class='ocrx_word' id='word_1_520' title='bbox 773 3890 885 3959; x_wconf 91' lang='lat' dir='ltr'><strong>jam</strong></span> <span class='ocrx_word' id='word_1_521' title='bbox 915 3906 1024 3944; x_wconf 91' lang='lat' dir='ltr'><strong>non</strong></span> <span class='ocrx_word' id='word_1_522' title='bbox 1056 3888 1319 3943; x_wconf 89' lang='lat' dir='ltr'><strong>haberent</strong></span> <span class='ocrx_word' id='word_1_523' title='bbox 1346 3887 1399 3941; x_wconf 92' lang='lat' dir='ltr'><strong>in</strong></span> <span class='ocrx_word' id='word_1_524' title='bbox 1436 3894 1705 3957; x_wconf 87' lang='lat' dir='ltr'><strong>potestate</strong></span> <span class='ocrx_word' id='word_1_525' title='bbox 1733 3882 1878 3938; x_wconf 84' lang='lat' dir='ltr'><strong>aliud</strong></span> 
     </span>
    </p>
   </div>
   <div class='ocr_carea' id='block_1_69' title="bbox 310 3975 1877 4047">
    <p class='ocr_par' dir='ltr' id='par_1_69' title="bbox 310 3975 1877 4047">
     <span class='ocr_line' id='line_1_69' title="bbox 310 3975 1877 4047; baseline -0.003 -17"><span class='ocrx_word' id='word_1_526' title='bbox 310 3976 493 4032; x_wconf 83' lang='lat' dir='ltr'><strong>facere</strong></span> <span class='ocrx_word' id='word_1_527' title='bbox 521 3994 684 4047; x_wconf 91' lang='lat' dir='ltr'><strong>quam</strong></span> <span class='ocrx_word' id='word_1_528' title='bbox 713 3978 1020 4044; x_wconf 88' lang='lat' dir='ltr'><strong>audierant,</strong></span> <span class='ocrx_word' id='word_1_529' title='bbox 1074 3977 1160 4031; x_wconf 89' lang='lat' dir='ltr'><strong>vis</strong></span> <span class='ocrx_word' id='word_1_530' title='bbox 1203 3981 1319 4029; x_wconf 88' lang='lat' dir='ltr'><strong>erat</strong></span> <span class='ocrx_word' id='word_1_531' title='bbox 1373 3975 1619 4045; x_wconf 67' lang='lat' dir='ltr'><strong>quaedam</strong></span> <span class='ocrx_word' id='word_1_532' title='bbox 1650 3982 1877 4038; x_wconf 59' lang='lat' dir='ltr'><strong>naturae,</strong></span> 
     </span>
    </p>
   </div>
   <div class='ocr_carea' id='block_1_70' title="bbox 314 4069 1881 4141">
    <p class='ocr_par' dir='ltr' id='par_1_70' title="bbox 314 4069 1881 4141">
     <span class='ocr_line' id='line_1_70' title="bbox 314 4069 1881 4141; baseline -0.003 -16"><span class='ocrx_word' id='word_1_533' title='bbox 314 4084 410 4141; x_wconf 87' lang='lat' dir='ltr'><strong>per</strong></span> <span class='ocrx_word' id='word_1_534' title='bbox 436 4086 597 4141; x_wconf 90' lang='lat' dir='ltr'><strong>quam</strong></span> <span class='ocrx_word' id='word_1_535' title='bbox 631 4071 858 4125; x_wconf 89' lang='lat' dir='ltr'><strong>liberum</strong></span> <span class='ocrx_word' id='word_1_536' title='bbox 892 4086 999 4124; x_wconf 91' lang='lat' dir='ltr'><strong>non</strong></span> <span class='ocrx_word' id='word_1_537' title='bbox 1030 4079 1175 4125; x_wconf 87' lang='lat' dir='ltr'><strong>esset</strong></span> <span class='ocrx_word' id='word_1_538' title='bbox 1205 4070 1270 4123; x_wconf 92' lang='lat' dir='ltr'><strong>ad</strong></span> <span class='ocrx_word' id='word_1_539' title='bbox 1298 4069 1456 4123; x_wconf 90' lang='lat' dir='ltr'><strong>aliam</strong></span> <span class='ocrx_word' id='word_1_540' title='bbox 1482 4069 1718 4139; x_wconf 89' lang='lat' dir='ltr'><strong>migrare</strong></span> <span class='ocrx_word' id='word_1_541' title='bbox 1755 4084 1881 4124; x_wconf 89' lang='lat' dir='ltr'><strong>sen-</strong></span> 
     </span>
    </p>
   </div>
   <div class='ocr_carea' id='block_1_71' title="bbox 316 4160 1882 4218">
    <p class='ocr_par' dir='ltr' id='par_1_71' title="bbox 316 4160 1882 4218">
     <span class='ocr_line' id='line_1_71' title="bbox 316 4160 1882 4218; baseline -0.003 -2"><span class='ocrx_word' id='word_1_542' title='bbox 316 4164 566 4217; x_wconf 88' lang='lat' dir='ltr'><strong>tentiam.</strong></span> <span class='ocrx_word' id='word_1_543' title='bbox 596 4162 703 4215; x_wconf 84' lang='lat' dir='ltr'><strong>Aut</strong></span> <span class='ocrx_word' id='word_1_544' title='bbox 730 4162 774 4217; x_wconf 91' lang='lat' dir='ltr'><strong>si</strong></span> <span class='ocrx_word' id='word_1_545' title='bbox 810 4177 1002 4218; x_wconf 91' lang='lat' dir='ltr'><strong>rursus</strong></span> <span class='ocrx_word' id='word_1_546' title='bbox 1033 4178 1097 4217; x_wconf 78' lang='lat' dir='ltr'><strong>ex</strong></span> <span class='ocrx_word' id='word_1_547' title='bbox 1155 4161 1502 4215; x_wconf 85' lang='lat' dir='ltr'><strong>audientibus</strong></span> <span class='ocrx_word' id='word_1_548' title='bbox 1531 4160 1716 4214; x_wconf 90' lang='lat' dir='ltr'><strong>nullus</strong></span> <span class='ocrx_word' id='word_1_549' title='bbox 1763 4175 1882 4214; x_wconf 90' lang='lat' dir='ltr'><strong>om-</strong></span> 
     </span>
    </p>
   </div>
   <div class='ocr_carea' id='block_1_72' title="bbox 314 4254 1880 4325">
    <p class='ocr_par' dir='ltr' id='par_1_72' title="bbox 314 4254 1880 4325">
     <span class='ocr_line' id='line_1_72' title="bbox 314 4254 1880 4325; baseline -0.003 -17"><span class='ocrx_word' id='word_1_550' title='bbox 314 4256 447 4308; x_wconf 88' lang='lat' dir='ltr'><strong>nino</strong></span> <span class='ocrx_word' id='word_1_551' title='bbox 474 4256 759 4325; x_wconf 88' lang='lat' dir='ltr'><strong>reciperet,</strong></span> <span class='ocrx_word' id='word_1_552' title='bbox 811 4263 864 4309; x_wconf 91' lang='lat' dir='ltr'><strong>et</strong></span> <span class='ocrx_word' id='word_1_553' title='bbox 894 4254 998 4308; x_wconf 92' lang='lat' dir='ltr'><strong>hoc</strong></span> <span class='ocrx_word' id='word_1_554' title='bbox 1043 4264 1252 4308; x_wconf 62' lang='lat' dir='ltr'><strong>natura:</strong></span> <span class='ocrx_word' id='word_1_555' title='bbox 1281 4256 1362 4307; x_wconf 87' lang='lat' dir='ltr'><strong>vis</strong></span> <span class='ocrx_word' id='word_1_556' title='bbox 1389 4260 1529 4315; x_wconf 89' lang='lat' dir='ltr'><strong>erat,</strong></span> <span class='ocrx_word' id='word_1_557' title='bbox 1563 4268 1683 4322; x_wconf 69' lang='lat' dir='ltr'><strong>quae</strong></span> <span class='ocrx_word' id='word_1_558' title='bbox 1712 4267 1880 4305; x_wconf 90' lang='lat' dir='ltr'><strong>unum</strong></span> 
     </span>
    </p>
   </div>
   <div class='ocr_carea' id='block_1_73' title="bbox 315 4344 1883 4419">
    <p class='ocr_par' dir='ltr' id='par_1_73' title="bbox 315 4344 1883 4419">
     <span class='ocr_line' id='line_1_73' title="bbox 315 4344 1883 4419; baseline -0.002 -18"><span class='ocrx_word' id='word_1_559' title='bbox 315 4347 518 4417; x_wconf 84' lang='lat' dir='ltr'><strong>aliquid</strong></span> <span class='ocrx_word' id='word_1_560' title='bbox 550 4347 667 4401; x_wconf 83' lang='lat' dir='ltr'><strong>tieri</strong></span> <span class='ocrx_word' id='word_1_561' title='bbox 714 4355 953 4417; x_wconf 87' lang='lat' dir='ltr'><strong>cogeret,</strong></span> <span class='ocrx_word' id='word_1_562' title='bbox 1014 4354 1068 4402; x_wconf 89' lang='lat' dir='ltr'><strong>et</strong></span> <span class='ocrx_word' id='word_1_563' title='bbox 1098 4348 1250 4402; x_wconf 89' lang='lat' dir='ltr'><strong>alteri</strong></span> <span class='ocrx_word' id='word_1_564' title='bbox 1302 4346 1443 4417; x_wconf 89' lang='lat' dir='ltr'><strong>parti</strong></span> <span class='ocrx_word' id='word_1_565' title='bbox 1474 4360 1581 4399; x_wconf 87' lang='lat' dir='ltr'><strong>non</strong></span> <span class='ocrx_word' id='word_1_566' title='bbox 1614 4344 1770 4419; x_wconf 80' lang='lat' dir='ltr'><strong>daret</strong></span> <span class='ocrx_word' id='word_1_567' title='bbox 1801 4344 1883 4398; x_wconf 83' lang='lat' dir='ltr'><strong>lo-</strong></span> 
     </span>
    </p>
   </div>
   <div class='ocr_carea' id='block_1_74' title="bbox 312 4435 1878 4509">
    <p class='ocr_par' dir='ltr' id='par_1_74' title="bbox 312 4435 1878 4509">
     <span class='ocr_line' id='line_1_74' title="bbox 312 4435 1878 4509; baseline -0.001 -17"><span class='ocrx_word' id='word_1_568' title='bbox 312 4455 460 4494; x_wconf 86' lang='lat' dir='ltr'><strong>cum.</strong></span> <span class='ocrx_word' id='word_1_569' title='bbox 492 4439 649 4493; x_wconf 88' lang='lat' dir='ltr'><strong>Nunc</strong></span> <span class='ocrx_word' id='word_1_570' title='bbox 672 4448 850 4494; x_wconf 88' lang='lat' dir='ltr'><strong>autem</strong></span> <span class='ocrx_word' id='word_1_571' title='bbox 876 4441 999 4509; x_wconf 90' lang='lat' dir='ltr'><strong>quia</strong></span> <span class='ocrx_word' id='word_1_572' title='bbox 1026 4441 1254 4495; x_wconf 92' lang='lat' dir='ltr'><strong>liberum</strong></span> <span class='ocrx_word' id='word_1_573' title='bbox 1284 4447 1370 4495; x_wconf 89' lang='lat' dir='ltr'><strong>est</strong></span> <span class='ocrx_word' id='word_1_574' title='bbox 1400 4438 1603 4502; x_wconf 91' lang='lat' dir='ltr'><strong>animo,</strong></span> <span class='ocrx_word' id='word_1_575' title='bbox 1637 4436 1694 4493; x_wconf 87' lang='lat' dir='ltr'><strong>in</strong></span> <span class='ocrx_word' id='word_1_576' title='bbox 1717 4435 1878 4508; x_wconf 67' lang='lat' dir='ltr'><strong>Quam</strong></span> 
     </span>
    </p>
   </div>
   <div class='ocr_carea' id='block_1_75' title="bbox 1978 3217 3559 3305">
    <p class='ocr_par' dir='ltr' id='par_1_75' title="bbox 1978 3217 3559 3305">
     <span class='ocr_line' id='line_1_75' title="bbox 1978 3217 3559 3305; baseline -0.026 -1"><span class='ocrx_word' id='word_1_577' title='bbox 1978 3217 2130 3305; x_wconf 74' lang='lat' dir='ltr'><strong>sunt,</strong></span> <span class='ocrx_word' id='word_1_578' title='bbox 2164 3250 2220 3296; x_wconf 90' lang='lat' dir='ltr'><strong>et</strong></span> <span class='ocrx_word' id='word_1_579' title='bbox 2253 3239 2309 3293; x_wconf 92' lang='lat' dir='ltr'><strong>in</strong></span> <span class='ocrx_word' id='word_1_580' title='bbox 2341 3231 2502 3289; x_wconf 91' lang='lat' dir='ltr'><strong>bonis</strong></span> <span class='ocrx_word' id='word_1_581' title='bbox 2546 3227 2763 3283; x_wconf 90' lang='lat' dir='ltr'><strong>actibus</strong></span> <span class='ocrx_word' id='word_1_582' title='bbox 2803 3222 3049 3291; x_wconf 90' lang='lat' dir='ltr'><strong>dirigens</strong></span> <span class='ocrx_word' id='word_1_583' title='bbox 3079 3217 3248 3271; x_wconf 88' lang='lat' dir='ltr'><strong>vitam</strong></span> <span class='ocrx_word' id='word_1_584' title='bbox 3278 3229 3456 3277; x_wconf 89' lang='lat' dir='ltr'><strong>suam,</strong></span> <span class='ocrx_word' id='word_1_585' title='bbox 3479 3228 3559 3265; x_wconf 90' lang='lat' dir='ltr'><strong>rc-</strong></span> 
     </span>
    </p>
   </div>
   <div class='ocr_carea' id='block_1_76' title="bbox 1978 3305 3558 3412">
    <p class='ocr_par' dir='ltr' id='par_1_76' title="bbox 1978 3305 3558 3412">
     <span class='ocr_line' id='line_1_76' title="bbox 1978 3305 3558 3412; baseline -0.023 -17"><span class='ocrx_word' id='word_1_586' title='bbox 1978 3340 2071 3412; x_wconf 81' lang='lat' dir='ltr'><strong>gni</strong></span> <span class='ocrx_word' id='word_1_587' title='bbox 2100 3334 2363 3391; x_wconf 68' lang='lat' dir='ltr'><strong>caelorum</strong></span> <span class='ocrx_word' id='word_1_588' title='bbox 2394 3323 2572 3395; x_wconf 87' lang='lat' dir='ltr'><strong>possit</strong></span> <span class='ocrx_word' id='word_1_589' title='bbox 2622 3315 2897 3389; x_wconf 87' lang='lat' dir='ltr'><strong>particeps</strong></span> <span class='ocrx_word' id='word_1_590' title='bbox 2942 3308 3197 3372; x_wconf 89' lang='lat' dir='ltr'><strong>inveniri,</strong></span> <span class='ocrx_word' id='word_1_591' title='bbox 3245 3305 3558 3375; x_wconf 86' lang='lat' dir='ltr'><strong>subjiciens</strong></span> 
     </span>
    </p>
   </div>
   <div class='ocr_carea' id='block_1_77' title="bbox 1980 3398 3560 3487">
    <p class='ocr_par' dir='ltr' id='par_1_77' title="bbox 1980 3398 3560 3487">
     <span class='ocr_line' id='line_1_77' title="bbox 1980 3398 3560 3487; baseline -0.025 -1"><span class='ocrx_word' id='word_1_592' title='bbox 1980 3398 2087 3487; x_wconf 64' lang='lat' dir='ltr'><strong>sibi</strong></span> <span class='ocrx_word' id='word_1_593' title='bbox 2124 3424 2307 3483; x_wconf 88' lang='lat' dir='ltr'><strong>carnis</strong></span> <span class='ocrx_word' id='word_1_594' title='bbox 2339 3413 2634 3474; x_wconf 88' lang='lat' dir='ltr'><strong>desideria,</strong></span> <span class='ocrx_word' id='word_1_595' title='bbox 2660 3416 2716 3464; x_wconf 90' lang='lat' dir='ltr'><strong>et</strong></span> <span class='ocrx_word' id='word_1_596' title='bbox 2746 3405 3005 3462; x_wconf 87' lang='lat' dir='ltr'><strong>dominus</strong></span> <span class='ocrx_word' id='word_1_597' title='bbox 3029 3416 3219 3455; x_wconf 91' lang='lat' dir='ltr'><strong>eorum</strong></span> <span class='ocrx_word' id='word_1_598' title='bbox 3251 3398 3449 3458; x_wconf 87' lang='lat' dir='ltr'><strong>factus,</strong></span> <span class='ocrx_word' id='word_1_599' title='bbox 3500 3402 3560 3448; x_wconf 90' lang='lat' dir='ltr'><strong>ut</strong></span> 
     </span>
    </p>
   </div>
   <div class='ocr_carea' id='block_1_78' title="bbox 1981 3485 3561 3578">
    <p class='ocr_par' dir='ltr' id='par_1_78' title="bbox 1981 3485 3561 3578">
     <span class='ocr_line' id='line_1_78' title="bbox 1981 3485 3561 3578; baseline -0.027 1"><span class='ocrx_word' id='word_1_600' title='bbox 1981 3485 2056 3578; x_wconf 82' lang='lat' dir='ltr'><strong>ita</strong></span> <span class='ocrx_word' id='word_1_601' title='bbox 2087 3521 2304 3575; x_wconf 90' lang='lat' dir='ltr'><strong>demum</strong></span> <span class='ocrx_word' id='word_1_602' title='bbox 2327 3511 2490 3567; x_wconf 89' lang='lat' dir='ltr'><strong>etiam</strong></span> <span class='ocrx_word' id='word_1_603' title='bbox 2522 3506 2639 3575; x_wconf 86' lang='lat' dir='ltr'><strong>ipse</strong></span> <span class='ocrx_word' id='word_1_604' title='bbox 2668 3500 2761 3554; x_wconf 84' lang='lat' dir='ltr'><strong>ﬁat</strong></span> <span class='ocrx_word' id='word_1_605' title='bbox 2809 3492 3173 3551; x_wconf 91' lang='lat' dir='ltr'><strong>dominatoris</strong></span> <span class='ocrx_word' id='word_1_606' title='bbox 3207 3489 3451 3545; x_wconf 90' lang='lat' dir='ltr'><strong>omnium</strong></span> <span class='ocrx_word' id='word_1_607' title='bbox 3477 3485 3561 3554; x_wconf 90' lang='lat' dir='ltr'><strong>ju-</strong></span> 
     </span>
    </p>
   </div>
   <div class='ocr_carea' id='block_1_79' title="bbox 1979 3602 3530 3679">
    <p class='ocr_par' dir='ltr' id='par_1_79' title="bbox 1979 3602 3530 3679">
     <span class='ocr_line' id='line_1_79' title="bbox 1979 3602 3530 3679; baseline -0.015 -9"><span class='ocrx_word' id='word_1_608' title='bbox 1979 3613 2157 3670; x_wconf 91' lang='lat' dir='ltr'><strong>cunda</strong></span> <span class='ocrx_word' id='word_1_609' title='bbox 2187 3602 2484 3678; x_wconf 90' lang='lat' dir='ltr'><strong>possessio.</strong></span> <span class='ocrx_word' id='word_1_610' title='bbox 2922 3678 2926 3679; x_wconf 9' lang='grc' dir='ltr'><em>γ</em></span> <span class='ocrx_word' id='word_1_611' title='bbox 3371 3677 3376 3679; x_wconf 16' lang='grc' dir='ltr'><strong><em>Δ</em></strong></span> <span class='ocrx_word' id='word_1_612' title='bbox 3498 3668 3530 3679; x_wconf 49' lang='grc' dir='ltr'>η</span> 
     </span>
    </p>
   </div>
   <div class='ocr_carea' id='block_1_80' title="bbox 2054 3668 3563 3766">
    <p class='ocr_par' dir='ltr' id='par_1_80' title="bbox 2054 3668 3563 3766">
     <span class='ocr_line' id='line_1_80' title="bbox 2054 3668 3563 3766; baseline -0.028 -5"><span class='ocrx_word' id='word_1_613' title='bbox 2054 3702 2145 3760; x_wconf 79' lang='lat' dir='ltr'><strong>IX.</strong></span> <span class='ocrx_word' id='word_1_614' title='bbox 2168 3668 2303 3755; x_wconf 37' lang='lat' dir='ltr'><strong>bulam</strong></span> <span class='ocrx_word' id='word_1_615' title='bbox 2319 3695 2414 3766; x_wconf 77' lang='lat' dir='ltr'><strong>qui</strong></span> <span class='ocrx_word' id='word_1_616' title='bbox 2447 3690 2727 3761; x_wconf 79' lang='lat' dir='ltr'><strong>permanet</strong></span> <span class='ocrx_word' id='word_1_617' title='bbox 2745 3682 2797 3735; x_wconf 90' lang='lat' dir='ltr'><strong>in</strong></span> <span class='ocrx_word' id='word_1_618' title='bbox 2825 3678 2971 3733; x_wconf 91' lang='lat' dir='ltr'><strong>malo</strong></span> <span class='ocrx_word' id='word_1_619' title='bbox 2993 3683 3046 3732; x_wconf 90' lang='lat' dir='ltr'><strong>et</strong></span> <span class='ocrx_word' id='word_1_620' title='bbox 3076 3689 3272 3730; x_wconf 88' lang='lat' dir='ltr'><strong>servus</strong></span> <span class='ocrx_word' id='word_1_621' title='bbox 3301 3677 3384 3727; x_wconf 87' lang='lat' dir='ltr'><strong>est</strong></span> <span class='ocrx_word' id='word_1_622' title='bbox 3408 3668 3563 3766; x_wconf 81' lang='lat' dir='ltr'><strong>mali,</strong></span> 
     </span>
    </p>
   </div>
   <div class='ocr_carea' id='block_1_81' title="bbox 1982 3759 3559 3866">
    <p class='ocr_par' dir='ltr' id='par_1_81' title="bbox 1982 3759 3559 3866">
     <span class='ocr_line' id='line_1_81' title="bbox 1982 3759 3559 3866; baseline -0.026 -12"><span class='ocrx_word' id='word_1_623' title='bbox 1982 3759 2092 3854; x_wconf 88' lang='lat' dir='ltr'><strong>non</strong></span> <span class='ocrx_word' id='word_1_624' title='bbox 2124 3798 2302 3866; x_wconf 82' lang='lat' dir='ltr'><strong>potest</strong></span> <span class='ocrx_word' id='word_1_625' title='bbox 2338 3759 2479 3842; x_wconf 33' lang='lat' dir='ltr'><strong>Eme—1</strong></span> <span class='ocrx_word' id='word_1_626' title='bbox 2520 3778 2700 3853; x_wconf 89' lang='lat' dir='ltr'><strong>portio</strong></span> <span class='ocrx_word' id='word_1_627' title='bbox 2753 3774 2904 3834; x_wconf 87' lang='lat' dir='ltr'><strong>boni,</strong></span> <span class='ocrx_word' id='word_1_628' title='bbox 2960 3770 3133 3825; x_wconf 89' lang='lat' dir='ltr'><strong>donec</strong></span> <span class='ocrx_word' id='word_1_629' title='bbox 3186 3769 3467 3866; x_wconf 73' lang='lat' dir='ltr'><strong>permanet</strong></span> <span class='ocrx_word' id='word_1_630' title='bbox 3504 3759 3559 3814; x_wconf 91' lang='lat' dir='ltr'><strong>in</strong></span> 
     </span>
    </p>
   </div>
   <div class='ocr_carea' id='block_1_82' title="bbox 1983 3855 3559 3955">
    <p class='ocr_par' dir='ltr' id='par_1_82' title="bbox 1983 3855 3559 3955">
     <span class='ocr_line' id='line_1_82' title="bbox 1983 3855 3559 3955; baseline -0.027 -9"><span class='ocrx_word' id='word_1_631' title='bbox 1983 3855 2148 3951; x_wconf 58' lang='lat' dir='ltr'><strong>malo,</strong></span> <span class='ocrx_word' id='word_1_632' title='bbox 2180 3884 2308 3955; x_wconf 89' lang='lat' dir='ltr'><strong>quia</strong></span> <span class='ocrx_word' id='word_1_633' title='bbox 2337 3880 2407 3935; x_wconf 90' lang='lat' dir='ltr'><strong>ab</strong></span> <span class='ocrx_word' id='word_1_634' title='bbox 2447 3874 2625 3937; x_wconf 89' lang='lat' dir='ltr'><strong>initio,</strong></span> <span class='ocrx_word' id='word_1_635' title='bbox 2650 3877 2711 3925; x_wconf 93' lang='lat' dir='ltr'><strong>ut</strong></span> <span class='ocrx_word' id='word_1_636' title='bbox 2756 3875 2886 3922; x_wconf 88' lang='lat' dir='ltr'><strong>ante</strong></span> <span class='ocrx_word' id='word_1_637' title='bbox 2934 3861 3198 3955; x_wconf 79' lang='lat' dir='ltr'><strong>diximus,</strong></span> <span class='ocrx_word' id='word_1_638' title='bbox 3229 3855 3355 3955; x_wconf 69' lang='lat' dir='ltr'><strong>duo</strong></span> <span class='ocrx_word' id='word_1_639' title='bbox 3385 3867 3559 3955; x_wconf 65' lang='lat' dir='ltr'><strong>regna</strong></span> 
     </span>
    </p>
   </div>
   <div class='ocr_carea' id='block_1_83' title="bbox 1983 3944 3563 4039">
    <p class='ocr_par' dir='ltr' id='par_1_83' title="bbox 1983 3944 3563 4039">
     <span class='ocr_line' id='line_1_83' title="bbox 1983 3944 3563 4039; baseline -0.027 -1"><span class='ocrx_word' id='word_1_640' title='bbox 1983 3944 2177 4039; x_wconf 85' lang='lat' dir='ltr'><strong>statuit</strong></span> <span class='ocrx_word' id='word_1_641' title='bbox 2201 3944 2367 4035; x_wconf 79' lang='lat' dir='ltr'><strong>Deus,</strong></span> <span class='ocrx_word' id='word_1_642' title='bbox 2409 3976 2464 4025; x_wconf 89' lang='lat' dir='ltr'><strong>et</strong></span> <span class='ocrx_word' id='word_1_643' title='bbox 2505 3970 2830 4038; x_wconf 87' lang='lat' dir='ltr'><strong>potestatem</strong></span> <span class='ocrx_word' id='word_1_644' title='bbox 2860 3954 3009 4011; x_wconf 86' lang='lat' dir='ltr'><strong>dedit</strong></span> <span class='ocrx_word' id='word_1_645' title='bbox 3057 3948 3354 4039; x_wconf 81' lang='lat' dir='ltr'><strong>unicuique</strong></span> <span class='ocrx_word' id='word_1_646' title='bbox 3385 3944 3563 4039; x_wconf 70' lang='lat' dir='ltr'><strong>homi-</strong></span> 
     </span>
    </p>
   </div>
   <div class='ocr_carea' id='block_1_84' title="bbox 1983 4032 3561 4134">
    <p class='ocr_par' dir='ltr' id='par_1_84' title="bbox 1983 4032 3561 4134">
     <span class='ocr_line' id='line_1_84' title="bbox 1983 4032 3561 4134; baseline -0.028 -7"><span class='ocrx_word' id='word_1_647' title='bbox 1983 4032 2136 4134; x_wconf 57' lang='grc' dir='ltr'>ξιιῖιιῖ,</span> <span class='ocrx_word' id='word_1_648' title='bbox 2163 4032 2223 4121; x_wconf 82' lang='grc' dir='ltr'><strong>ιιι</strong></span> <span class='ocrx_word' id='word_1_649' title='bbox 2251 4032 2397 4118; x_wconf 85' lang='lat' dir='ltr'><strong>illius</strong></span> <span class='ocrx_word' id='word_1_650' title='bbox 2434 4032 2587 4127; x_wconf 81' lang='lat' dir='ltr'><strong>regni</strong></span> <span class='ocrx_word' id='word_1_651' title='bbox 2622 4052 2713 4107; x_wconf 85' lang='lat' dir='ltr'><strong>fiat</strong></span> <span class='ocrx_word' id='word_1_652' title='bbox 2740 4046 2942 4121; x_wconf 89' lang='lat' dir='ltr'><strong>portio,</strong></span> <span class='ocrx_word' id='word_1_653' title='bbox 2965 4041 3071 4134; x_wconf 15' lang='lat' dir='ltr'><strong>icui</strong></span> <span class='ocrx_word' id='word_1_654' title='bbox 3096 4054 3176 4134; x_wconf 24' lang='lat' dir='ltr'><strong>‘se</strong></span> <span class='ocrx_word' id='word_1_655' title='bbox 3208 4035 3274 4090; x_wconf 90' lang='lat' dir='ltr'><strong>ad</strong></span> <span class='ocrx_word' id='word_1_656' title='bbox 3298 4032 3561 4134; x_wconf 50' lang='lat' dir='ltr'><strong>obedien:</strong></span> 
     </span>
    </p>
   </div>
   <div class='ocr_carea' id='block_1_85' title="bbox 1982 4124 3561 4230">
    <p class='ocr_par' dir='ltr' id='par_1_85' title="bbox 1982 4124 3561 4230">
     <span class='ocr_line' id='line_1_85' title="bbox 1982 4124 3561 4230; baseline -0.028 -11"><span class='ocrx_word' id='word_1_657' title='bbox 1982 4124 2262 4230; x_wconf 47' lang='lat' dir='ltr'><strong>dum&#39;ipse</strong></span> <span class='ocrx_word' id='word_1_658' title='bbox 2298 4124 2617 4221; x_wconf 80' lang='lat' dir='ltr'><strong>subjecerit.</strong></span> <span class='ocrx_word' id='word_1_659' title='bbox 2673 4142 2737 4198; x_wconf 84' lang='lat' dir='ltr'><strong>Et</strong></span> <span class='ocrx_word' id='word_1_660' title='bbox 2770 4138 2898 4210; x_wconf 90' lang='lat' dir='ltr'><strong>quia</strong></span> <span class='ocrx_word' id='word_1_661' title='bbox 2948 4131 3229 4230; x_wconf 81' lang='lat' dir='ltr'><strong>deﬁnitum</strong></span> <span class='ocrx_word' id='word_1_662' title='bbox 3285 4135 3371 4181; x_wconf 89' lang='lat' dir='ltr'><strong>est</strong></span> <span class='ocrx_word' id='word_1_663' title='bbox 3416 4124 3561 4230; x_wconf 70' lang='lat' dir='ltr'><strong>apud</strong></span> 
     </span>
    </p>
   </div>
   <div class='ocr_carea' id='block_1_86' title="bbox 1983 4221 3559 4319">
    <p class='ocr_par' dir='ltr' id='par_1_86' title="bbox 1983 4221 3559 4319">
     <span class='ocr_line' id='line_1_86' title="bbox 1983 4221 3559 4319; baseline -0.025 -11"><span class='ocrx_word' id='word_1_664' title='bbox 1983 4221 2185 4318; x_wconf 54' lang='lat' dir='ltr'><strong>Deum,</strong></span> <span class='ocrx_word' id='word_1_665' title='bbox 2208 4266 2318 4306; x_wconf 92' lang='lat' dir='ltr'><strong>non</strong></span> <span class='ocrx_word' id='word_1_666' title='bbox 2356 4260 2516 4319; x_wconf 88' lang='lat' dir='ltr'><strong>posse</strong></span> <span class='ocrx_word' id='word_1_667' title='bbox 2568 4253 2735 4294; x_wconf 90' lang='lat' dir='ltr'><strong>unum</strong></span> <span class='ocrx_word' id='word_1_668' title='bbox 2775 4230 3052 4288; x_wconf 87' lang='lat' dir='ltr'><strong>hominem</strong></span> <span class='ocrx_word' id='word_1_669' title='bbox 3086 4222 3371 4319; x_wconf 80' lang='lat' dir='ltr'><strong>utriusque</strong></span> <span class='ocrx_word' id='word_1_670' title='bbox 3403 4221 3559 4290; x_wconf 82' lang='lat' dir='ltr'><strong>regni</strong></span> 
     </span>
    </p>
   </div>
   <div class='ocr_carea' id='block_1_87' title="bbox 1982 4313 3563 4403">
    <p class='ocr_par' dir='ltr' id='par_1_87' title="bbox 1982 4313 3563 4403">
     <span class='ocr_line' id='line_1_87' title="bbox 1982 4313 3563 4403; baseline -0.025 0"><span class='ocrx_word' id='word_1_671' title='bbox 1982 4361 2103 4402; x_wconf 86' lang='lat' dir='ltr'><strong>esse</strong></span> <span class='ocrx_word' id='word_1_672' title='bbox 2133 4313 2374 4403; x_wconf 61' lang='lat' dir='ltr'><strong>servum,</strong></span> <span class='ocrx_word' id='word_1_673' title='bbox 2400 4335 2549 4392; x_wconf 91' lang='lat' dir='ltr'><strong>omni</strong></span> <span class='ocrx_word' id='word_1_674' title='bbox 2596 4329 2777 4387; x_wconf 88' lang='lat' dir='ltr'><strong>studio</strong></span> <span class='ocrx_word' id='word_1_675' title='bbox 2815 4325 2939 4379; x_wconf 90' lang='lat' dir='ltr'><strong>date</strong></span> <span class='ocrx_word' id='word_1_676' title='bbox 2965 4329 3209 4387; x_wconf 84' lang='lat' dir='ltr'><strong>cperam,</strong></span> <span class='ocrx_word' id='word_1_677' title='bbox 3238 4314 3293 4367; x_wconf 93' lang='lat' dir='ltr'><strong>in</strong></span> <span class='ocrx_word' id='word_1_678' title='bbox 3318 4313 3445 4367; x_wconf 91' lang='lat' dir='ltr'><strong>boni</strong></span> <span class='ocrx_word' id='word_1_679' title='bbox 3475 4326 3563 4364; x_wconf 86' lang='lat' dir='ltr'><strong>re—</strong></span> 
     </span>
    </p>
   </div>
   <div class='ocr_carea' id='block_1_88' title="bbox 1986 4403 3561 4510">
    <p class='ocr_par' dir='ltr' id='par_1_88' title="bbox 1986 4403 3561 4510">
     <span class='ocr_line' id='line_1_88' title="bbox 1986 4403 3561 4510; baseline -0.025 -18"><span class='ocrx_word' id='word_1_680' title='bbox 1986 4440 2069 4510; x_wconf 91' lang='lat' dir='ltr'><strong>gis</strong></span> <span class='ocrx_word' id='word_1_681' title='bbox 2099 4435 2280 4491; x_wconf 74' lang='lat' dir='ltr'><strong>fmdus</strong></span> <span class='ocrx_word' id='word_1_682' title='bbox 2316 4447 2379 4485; x_wconf 91' lang='lat' dir='ltr'><strong>ac</strong></span> <span class='ocrx_word' id='word_1_683' title='bbox 2400 4430 2524 4499; x_wconf 84' lang='lat' dir='ltr'><strong>jura</strong></span> <span class='ocrx_word' id='word_1_684' title='bbox 2556 4430 2906 4477; x_wconf 85' lang='lat' dir='ltr'><strong>concurrere.</strong></span> <span class='ocrx_word' id='word_1_685' title='bbox 2930 4412 3161 4481; x_wconf 82' lang='lat' dir='ltr'><strong>Propter</strong></span> <span class='ocrx_word' id='word_1_686' title='bbox 3188 4408 3295 4510; x_wconf 77' lang='lat' dir='ltr'><strong>hoc</strong></span> <span class='ocrx_word' id='word_1_687' title='bbox 3322 4403 3561 4510; x_wconf 72' lang='lat' dir='ltr'><strong>denique</strong></span> 
     </span>
    </p>
   </div>
   <div class='ocr_carea' id='block_1_89' title="bbox 312 4498 3562 4603">
    <p class='ocr_par' dir='ltr' id='par_1_89' title="bbox 312 4498 3562 4603">
     <span class='ocr_line' id='line_1_89' title="bbox 312 4498 3562 4603; baseline -0.01 -18"><span class='ocrx_word' id='word_1_688' title='bbox 312 4534 442 4587; x_wconf 70' lang='lat' dir='ltr'><strong>velit</strong></span> <span class='ocrx_word' id='word_1_689' title='bbox 471 4543 676 4603; x_wconf 89' lang='lat' dir='ltr'><strong>partem</strong></span> <span class='ocrx_word' id='word_1_690' title='bbox 700 4534 972 4588; x_wconf 89' lang='lat' dir='ltr'><strong>declinare</strong></span> <span class='ocrx_word' id='word_1_691' title='bbox 998 4533 1259 4602; x_wconf 88' lang='lat' dir='ltr'><strong>judicium</strong></span> <span class='ocrx_word' id='word_1_692' title='bbox 1287 4537 1537 4597; x_wconf 90' lang='lat' dir='ltr'><strong>suum,et</strong></span> <span class='ocrx_word' id='word_1_693' title='bbox 1565 4545 1725 4601; x_wconf 92' lang='lat' dir='ltr'><strong>quam</strong></span> <span class='ocrx_word' id='word_1_694' title='bbox 1757 4545 1882 4600; x_wconf 86' lang='lat' dir='ltr'><strong>pro-</strong></span> <span class='ocrx_word' id='word_1_695' title='bbox 1911 4509 1956 4565; x_wconf 77' lang='lat' dir='ltr'><strong>D</strong></span> <span class='ocrx_word' id='word_1_696' title='bbox 1987 4542 2149 4581; x_wconf 87' lang='lat' dir='ltr'><strong>verus</strong></span> <span class='ocrx_word' id='word_1_697' title='bbox 2199 4520 2459 4594; x_wconf 87' lang='lat' dir='ltr'><strong>propheta</strong></span> <span class='ocrx_word' id='word_1_698' title='bbox 2509 4530 2632 4570; x_wconf 89' lang='lat' dir='ltr'><strong>cum</strong></span> <span class='ocrx_word' id='word_1_699' title='bbox 2684 4518 2831 4603; x_wconf 80' lang='lat' dir='ltr'><strong>esset.</strong></span> <span class='ocrx_word' id='word_1_700' title='bbox 2884 4518 3126 4575; x_wconf 68' lang='lat' dir='ltr'><strong>praesens</strong></span> <span class='ocrx_word' id='word_1_701' title='bbox 3174 4498 3480 4603; x_wconf 40' lang='lat' dir='ltr'><strong>nobiscum.</strong></span> 
     </span>
    </p>
   </div>
   <div class='ocr_carea' id='block_1_90' title="bbox 314 4622 1884 4697">
    <p class='ocr_par' dir='ltr' id='par_1_90' title="bbox 314 4622 1884 4697">
     <span class='ocr_line' id='line_1_90' title="bbox 314 4622 1884 4697; baseline -0.005 -15"><span class='ocrx_word' id='word_1_702' title='bbox 314 4627 525 4683; x_wconf 86' lang='lat' dir='ltr'><strong>bavcrit</strong></span> <span class='ocrx_word' id='word_1_703' title='bbox 547 4627 745 4697; x_wconf 87' lang='lat' dir='ltr'><strong>eligere</strong></span> <span class='ocrx_word' id='word_1_704' title='bbox 766 4626 929 4691; x_wconf 85' lang='lat' dir='ltr'><strong>viam,</strong></span> <span class='ocrx_word' id='word_1_705' title='bbox 950 4634 1167 4680; x_wconf 88' lang='lat' dir='ltr'><strong>constat</strong></span> <span class='ocrx_word' id='word_1_706' title='bbox 1196 4624 1474 4680; x_wconf 88' lang='lat' dir='ltr'><strong>evidenter</strong></span> <span class='ocrx_word' id='word_1_707' title='bbox 1505 4625 1687 4680; x_wconf 88' lang='lat' dir='ltr'><strong>inesse</strong></span> <span class='ocrx_word' id='word_1_708' title='bbox 1708 4622 1884 4676; x_wconf 68' lang='lat' dir='ltr'><strong>homio</strong></span> 
     </span>
    </p>
   </div>
   <div class='ocr_carea' id='block_1_91' title="bbox 312 4717 1279 4773">
    <p class='ocr_par' dir='ltr' id='par_1_91' title="bbox 312 4717 1279 4773">
     <span class='ocr_line' id='line_1_91' title="bbox 312 4717 1279 4773; baseline -0.003 0"><span class='ocrx_word' id='word_1_709' title='bbox 312 4718 476 4773; x_wconf 90' lang='lat' dir='ltr'><strong>nibus</strong></span> <span class='ocrx_word' id='word_1_710' title='bbox 507 4718 717 4772; x_wconf 84' lang='lat' dir='ltr'><strong>arbitrii</strong></span> <span class='ocrx_word' id='word_1_711' title='bbox 759 4717 1083 4772; x_wconf 87' lang='lat' dir='ltr'><strong>libertatem.</strong></span> <span class='ocrx_word' id='word_1_712' title='bbox 1273 4720 1279 4729; x_wconf 90' lang='lat'><strong>&#39;</strong></span> 
     </span>
    </p>
   </div>
   <div class='ocr_carea' id='block_1_92' title="bbox 391 4828 1889 4901">
    <p class='ocr_par' dir='ltr' id='par_1_92' title="bbox 391 4828 1889 4901">
     <span class='ocr_line' id='line_1_92' title="bbox 391 4828 1889 4901; baseline 0 -16"><span class='ocrx_word' id='word_1_713' title='bbox 391 4831 497 4886; x_wconf 76' lang='grc' dir='ltr'><strong>νη.</strong></span> <span class='ocrx_word' id='word_1_714' title='bbox 526 4828 695 4901; x_wconf 80' lang='lat' dir='ltr'><strong>lgitiir</strong></span> <span class='ocrx_word' id='word_1_715' title='bbox 726 4830 1044 4900; x_wconf 85' lang='lat' dir='ltr'><strong>priusquam</strong></span> <span class='ocrx_word' id='word_1_716' title='bbox 1100 4828 1285 4883; x_wconf 89' lang='lat' dir='ltr'><strong>audiat</strong></span> <span class='ocrx_word' id='word_1_717' title='bbox 1315 4828 1438 4899; x_wconf 91' lang='lat' dir='ltr'><strong>quis</strong></span> <span class='ocrx_word' id='word_1_718' title='bbox 1469 4828 1613 4898; x_wconf 89' lang='lat' dir='ltr'><strong>quod</strong></span> <span class='ocrx_word' id='word_1_719' title='bbox 1644 4829 1692 4883; x_wconf 92' lang='lat' dir='ltr'><strong>ei</strong></span> <span class='ocrx_word' id='word_1_720' title='bbox 1725 4844 1889 4898; x_wconf 80' lang='lat' dir='ltr'><strong>expe-</strong></span> 
     </span>
    </p>
   </div>
   <div class='ocr_carea' id='block_1_93' title="bbox 312 4920 1889 4992">
    <p class='ocr_par' dir='ltr' id='par_1_93' title="bbox 312 4920 1889 4992">
     <span class='ocr_line' id='line_1_93' title="bbox 312 4920 1889 4992; baseline -0.003 -14"><span class='ocrx_word' id='word_1_721' title='bbox 312 4924 416 4985; x_wconf 90' lang='lat' dir='ltr'><strong>dit,</strong></span> <span class='ocrx_word' id='word_1_722' title='bbox 449 4933 660 4977; x_wconf 87' lang='lat' dir='ltr'><strong>certum</strong></span> <span class='ocrx_word' id='word_1_723' title='bbox 690 4930 774 4975; x_wconf 89' lang='lat' dir='ltr'><strong>est</strong></span> <span class='ocrx_word' id='word_1_724' title='bbox 803 4922 928 4992; x_wconf 90' lang='lat' dir='ltr'><strong>quia</strong></span> <span class='ocrx_word' id='word_1_725' title='bbox 985 4922 1220 4991; x_wconf 87' lang='lat' dir='ltr'><strong>ignorat,</strong></span> <span class='ocrx_word' id='word_1_726' title='bbox 1274 4928 1329 4973; x_wconf 90' lang='lat' dir='ltr'><strong>et</strong></span> <span class='ocrx_word' id='word_1_727' title='bbox 1382 4920 1641 4990; x_wconf 90' lang='lat' dir='ltr'><strong>ignorans</strong></span> <span class='ocrx_word' id='word_1_728' title='bbox 1689 4920 1802 4974; x_wconf 88' lang='lat' dir='ltr'><strong>vult</strong></span> <span class='ocrx_word' id='word_1_729' title='bbox 1834 4928 1889 4975; x_wconf 89' lang='lat' dir='ltr'><strong>et</strong></span> 
     </span>
    </p>
   </div>
   <div class='ocr_carea' id='block_1_94' title="bbox 314 5014 1887 5086">
    <p class='ocr_par' dir='ltr' id='par_1_94' title="bbox 314 5014 1887 5086">
     <span class='ocr_line' id='line_1_94' title="bbox 314 5014 1887 5086; baseline -0.001 -15"><span class='ocrx_word' id='word_1_730' title='bbox 314 5017 591 5072; x_wconf 88' lang='lat' dir='ltr'><strong>desiderat</strong></span> <span class='ocrx_word' id='word_1_731' title='bbox 619 5016 761 5086; x_wconf 90' lang='lat' dir='ltr'><strong>quod</strong></span> <span class='ocrx_word' id='word_1_732' title='bbox 807 5031 915 5069; x_wconf 90' lang='lat' dir='ltr'><strong>non</strong></span> <span class='ocrx_word' id='word_1_733' title='bbox 972 5014 1188 5083; x_wconf 67' lang='lat' dir='ltr'><strong>expedit</strong></span> <span class='ocrx_word' id='word_1_734' title='bbox 1247 5028 1425 5083; x_wconf 88' lang='lat' dir='ltr'><strong>agere,</strong></span> <span class='ocrx_word' id='word_1_735' title='bbox 1482 5023 1705 5084; x_wconf 86' lang='lat' dir='ltr'><strong>preptcr</strong></span> <span class='ocrx_word' id='word_1_736' title='bbox 1743 5014 1887 5084; x_wconf 90' lang='lat' dir='ltr'><strong>quod</strong></span> 
     </span>
    </p>
   </div>
   <div class='ocr_carea' id='block_1_95' title="bbox 316 5107 1888 5182">
    <p class='ocr_par' dir='ltr' id='par_1_95' title="bbox 316 5107 1888 5182">
     <span class='ocr_line' id='line_1_95' title="bbox 316 5107 1888 5182; baseline -0.001 -19"><span class='ocrx_word' id='word_1_737' title='bbox 316 5127 417 5182; x_wconf 77' lang='lat' dir='ltr'><strong>pro</strong></span> <span class='ocrx_word' id='word_1_738' title='bbox 450 5111 553 5164; x_wconf 91' lang='lat' dir='ltr'><strong>hoc</strong></span> <span class='ocrx_word' id='word_1_739' title='bbox 582 5109 1007 5179; x_wconf 89' lang='lat' dir='ltr'><strong>nonjudicatur.</strong></span> <span class='ocrx_word' id='word_1_740' title='bbox 1046 5110 1181 5164; x_wconf 89' lang='lat' dir='ltr'><strong>Cum</strong></span> <span class='ocrx_word' id='word_1_741' title='bbox 1237 5124 1365 5164; x_wconf 85' lang='lat' dir='ltr'><strong>vero</strong></span> <span class='ocrx_word' id='word_1_742' title='bbox 1419 5107 1656 5162; x_wconf 90' lang='lat' dir='ltr'><strong>audierit</strong></span> <span class='ocrx_word' id='word_1_743' title='bbox 1688 5124 1888 5163; x_wconf 79' lang='lat' dir='ltr'><strong>causas</strong></span> 
     </span>
    </p>
   </div>
   <div class='ocr_carea' id='block_1_96' title="bbox 317 5201 1887 5271">
    <p class='ocr_par' dir='ltr' id='par_1_96' title="bbox 317 5201 1887 5271">
     <span class='ocr_line' id='line_1_96' title="bbox 317 5201 1887 5271; baseline -0.004 -11"><span class='ocrx_word' id='word_1_744' title='bbox 317 5205 523 5260; x_wconf 84' lang='lat' dir='ltr'><strong>erroris</strong></span> <span class='ocrx_word' id='word_1_745' title='bbox 556 5205 664 5267; x_wconf 93' lang='lat' dir='ltr'><strong>sui,</strong></span> <span class='ocrx_word' id='word_1_746' title='bbox 696 5213 751 5258; x_wconf 90' lang='lat' dir='ltr'><strong>et</strong></span> <span class='ocrx_word' id='word_1_747' title='bbox 781 5204 1046 5258; x_wconf 90' lang='lat' dir='ltr'><strong>rationem</strong></span> <span class='ocrx_word' id='word_1_748' title='bbox 1079 5201 1328 5257; x_wconf 84' lang='lat' dir='ltr'><strong>veritatis</strong></span> <span class='ocrx_word' id='word_1_749' title='bbox 1350 5202 1641 5271; x_wconf 88' lang='lat' dir='ltr'><strong>acceperit,</strong></span> <span class='ocrx_word' id='word_1_750' title='bbox 1674 5209 1804 5256; x_wconf 91' lang='lat' dir='ltr'><strong>tunc</strong></span> <span class='ocrx_word' id='word_1_751' title='bbox 1839 5202 1887 5256; x_wconf 92' lang='lat' dir='ltr'><strong>si</strong></span> 
     </span>
    </p>
   </div>
   <div class='ocr_carea' id='block_1_97' title="bbox 316 5291 1887 5368">
    <p class='ocr_par' dir='ltr' id='par_1_97' title="bbox 316 5291 1887 5368">
     <span class='ocr_line' id='line_1_97' title="bbox 316 5291 1887 5368; baseline -0.004 -18"><span class='ocrx_word' id='word_1_752' title='bbox 316 5297 679 5368; x_wconf 87' lang='lat' dir='ltr'><strong>permanserit</strong></span> <span class='ocrx_word' id='word_1_753' title='bbox 711 5296 764 5348; x_wconf 93' lang='lat' dir='ltr'><strong>in</strong></span> <span class='ocrx_word' id='word_1_754' title='bbox 797 5295 884 5348; x_wconf 92' lang='lat' dir='ltr'><strong>his</strong></span> <span class='ocrx_word' id='word_1_755' title='bbox 930 5294 1212 5348; x_wconf 86' lang='lat' dir='ltr'><strong>erroribus</strong></span> <span class='ocrx_word' id='word_1_756' title='bbox 1242 5293 1442 5362; x_wconf 89' lang='lat' dir='ltr'><strong>quibus</strong></span> <span class='ocrx_word' id='word_1_757' title='bbox 1477 5291 1681 5345; x_wconf 89' lang='lat' dir='ltr'><strong>dudum</strong></span> <span class='ocrx_word' id='word_1_758' title='bbox 1713 5292 1887 5346; x_wconf 88' lang='lat' dir='ltr'><strong>fuerat</strong></span> 
     </span>
    </p>
   </div>
   <div class='ocr_carea' id='block_1_98' title="bbox 318 5383 1886 5459">
    <p class='ocr_par' dir='ltr' id='par_1_98' title="bbox 318 5383 1886 5459">
     <span class='ocr_line' id='line_1_98' title="bbox 318 5383 1886 5459; baseline -0.001 -19"><span class='ocrx_word' id='word_1_759' title='bbox 318 5396 647 5459; x_wconf 66' lang='lat' dir='ltr'><strong>praeventus,</strong></span> <span class='ocrx_word' id='word_1_760' title='bbox 680 5394 827 5441; x_wconf 88' lang='lat' dir='ltr'><strong>recte</strong></span> <span class='ocrx_word' id='word_1_761' title='bbox 852 5385 965 5454; x_wconf 90' lang='lat' dir='ltr'><strong>jam</strong></span> <span class='ocrx_word' id='word_1_762' title='bbox 992 5386 1278 5439; x_wconf 88' lang='lat' dir='ltr'><strong>vocabitur</strong></span> <span class='ocrx_word' id='word_1_763' title='bbox 1308 5383 1373 5438; x_wconf 89' lang='lat' dir='ltr'><strong>ad</strong></span> <span class='ocrx_word' id='word_1_764' title='bbox 1393 5383 1661 5453; x_wconf 84' lang='lat' dir='ltr'><strong>judicium</strong></span> <span class='ocrx_word' id='word_1_765' title='bbox 1696 5398 1886 5454; x_wconf 59' lang='lat' dir='ltr'><strong>poenas</strong></span> 
     </span>
    </p>
   </div>
   <div class='ocr_carea' id='block_1_99' title="bbox 316 5474 1885 5547">
    <p class='ocr_par' dir='ltr' id='par_1_99' title="bbox 316 5474 1885 5547">
     <span class='ocr_line' id='line_1_99' title="bbox 316 5474 1885 5547; baseline -0.001 -14"><span class='ocrx_word' id='word_1_766' title='bbox 316 5480 568 5542; x_wconf 87' lang='lat' dir='ltr'><strong>daturus,</strong></span> <span class='ocrx_word' id='word_1_767' title='bbox 600 5495 699 5532; x_wconf 87' lang='lat' dir='ltr'><strong>cur</strong></span> <span class='ocrx_word' id='word_1_768' title='bbox 729 5478 849 5532; x_wconf 70' lang='lat' dir='ltr'><strong>vita:</strong></span> <span class='ocrx_word' id='word_1_769' title='bbox 872 5476 993 5546; x_wconf 88' lang='lat' dir='ltr'><strong>ejus</strong></span> <span class='ocrx_word' id='word_1_770' title='bbox 1043 5478 1277 5547; x_wconf 89' lang='lat' dir='ltr'><strong>spatium</strong></span> <span class='ocrx_word' id='word_1_771' title='bbox 1315 5474 1461 5546; x_wconf 90' lang='lat' dir='ltr'><strong>quod</strong></span> <span class='ocrx_word' id='word_1_772' title='bbox 1514 5475 1582 5530; x_wconf 86' lang='lat' dir='ltr'><strong>ad</strong></span> <span class='ocrx_word' id='word_1_773' title='bbox 1617 5476 1751 5530; x_wconf 87' lang='lat' dir='ltr'><strong>bene</strong></span> <span class='ocrx_word' id='word_1_774' title='bbox 1803 5477 1885 5531; x_wconf 79' lang='lat' dir='ltr'><strong>vi-</strong></span> 
     </span>
    </p>
   </div>
   <div class='ocr_carea' id='block_1_100' title="bbox 318 5567 1881 5638">
    <p class='ocr_par' dir='ltr' id='par_1_100' title="bbox 318 5567 1881 5638">
     <span class='ocr_line' id='line_1_100' title="bbox 318 5567 1881 5638; baseline 0.001 -16"><span class='ocrx_word' id='word_1_775' title='bbox 318 5570 550 5623; x_wconf 84' lang='lat' dir='ltr'><strong>vendum</strong></span> <span class='ocrx_word' id='word_1_776' title='bbox 596 5569 824 5637; x_wconf 89' lang='lat' dir='ltr'><strong>accepit,</strong></span> <span class='ocrx_word' id='word_1_777' title='bbox 856 5568 910 5622; x_wconf 89' lang='lat' dir='ltr'><strong>in</strong></span> <span class='ocrx_word' id='word_1_778' title='bbox 959 5567 1211 5623; x_wconf 79' lang='lat' dir='ltr'><strong>ludibriis</strong></span> <span class='ocrx_word' id='word_1_779' title='bbox 1243 5568 1587 5638; x_wconf 89' lang='lat' dir='ltr'><strong>consumpsit</strong></span> <span class='ocrx_word' id='word_1_780' title='bbox 1613 5584 1881 5624; x_wconf 87' lang='lat' dir='ltr'><strong>errorum.</strong></span> 
     </span>
    </p>
   </div>
   <div class='ocr_carea' id='block_1_101' title="bbox 317 5660 1884 5732">
    <p class='ocr_par' dir='ltr' id='par_1_101' title="bbox 317 5660 1884 5732">
     <span class='ocr_line' id='line_1_101' title="bbox 317 5660 1884 5732; baseline 0.003 -19"><span class='ocrx_word' id='word_1_781' title='bbox 317 5662 420 5729; x_wconf 85' lang='lat' dir='ltr'><strong>Qui</strong></span> <span class='ocrx_word' id='word_1_782' title='bbox 455 5679 581 5717; x_wconf 87' lang='lat' dir='ltr'><strong>vero</strong></span> <span class='ocrx_word' id='word_1_783' title='bbox 615 5663 843 5716; x_wconf 83' lang='lat' dir='ltr'><strong>audiens</strong></span> <span class='ocrx_word' id='word_1_784' title='bbox 888 5661 1000 5715; x_wconf 68' lang='lat' dir='ltr'><strong>lucc</strong></span> <span class='ocrx_word' id='word_1_785' title='bbox 1061 5662 1289 5718; x_wconf 79' lang='lat' dir='ltr'><strong>libenter</strong></span> <span class='ocrx_word' id='word_1_786' title='bbox 1336 5660 1555 5731; x_wconf 74' lang='lat' dir='ltr'><strong>accipit,</strong></span> <span class='ocrx_word' id='word_1_787' title='bbox 1609 5670 1660 5715; x_wconf 73' lang='lat' dir='ltr'><strong>et</strong></span> <span class='ocrx_word' id='word_1_788' title='bbox 1696 5672 1884 5732; x_wconf 83' lang='lat' dir='ltr'><strong>gratu-</strong></span> 
     </span>
    </p>
   </div>
   <div class='ocr_carea' id='block_1_102' title="bbox 423 5884 905 5956">
    <p class='ocr_par' dir='ltr' id='par_1_102' title="bbox 423 5884 905 5956">
     <span class='ocr_line' id='line_1_102' title="bbox 423 5884 905 5956; baseline 0.006 -17"><span class='ocrx_word' id='word_1_789' title='bbox 423 5887 468 5917; x_wconf 79' lang='grc'>⁸⁸</span> <span class='ocrx_word' id='word_1_790' title='bbox 501 5884 688 5941; x_wconf 75' lang='lat' dir='ltr'><strong>Matth.</strong></span> <span class='ocrx_word' id='word_1_791' title='bbox 723 5904 792 5956; x_wconf 75' lang='lat' dir='ltr'><strong>rt,</strong></span> <span class='ocrx_word' id='word_1_792' title='bbox 819 5887 905 5942; x_wconf 61' lang='lat' dir='ltr'><strong>“ll.</strong></span> 
     </span>
    </p>
   </div>
   <div class='ocr_carea' id='block_1_103' title="bbox 1988 4586 3561 4689">
    <p class='ocr_par' dir='ltr' id='par_1_103' title="bbox 1988 4586 3561 4689">
     <span class='ocr_line' id='line_1_103' title="bbox 1988 4586 3561 4689; baseline -0.021 -18"><span class='ocrx_word' id='word_1_793' title='bbox 1988 4586 2255 4689; x_wconf 74' lang='lat' dir='ltr'><strong>quosdam</strong></span> <span class='ocrx_word' id='word_1_794' title='bbox 2282 4586 2349 4667; x_wconf 78' lang='lat' dir='ltr'><strong>ex</strong></span> <span class='ocrx_word' id='word_1_795' title='bbox 2389 4607 2650 4663; x_wconf 91' lang='lat' dir='ltr'><strong>divitibus</strong></span> <span class='ocrx_word' id='word_1_796' title='bbox 2676 4601 3010 4672; x_wconf 84' lang='lat' dir='ltr'><strong>negligentes</strong></span> <span class='ocrx_word' id='word_1_797' title='bbox 3065 4606 3192 4689; x_wconf 79' lang='lat' dir='ltr'><strong>erga</strong></span> <span class='ocrx_word' id='word_1_798' title='bbox 3217 4588 3309 4643; x_wconf 90' lang='lat' dir='ltr'><strong>Dei</strong></span> <span class='ocrx_word' id='word_1_799' title='bbox 3354 4586 3561 4689; x_wconf 72' lang='lat' dir='ltr'><strong>cultum</strong></span> 
     </span>
    </p>
   </div>
   <div class='ocr_carea' id='block_1_104' title="bbox 1992 4676 3561 4772">
    <p class='ocr_par' dir='ltr' id='par_1_104' title="bbox 1992 4676 3561 4772">
     <span class='ocr_line' id='line_1_104' title="bbox 1992 4676 3561 4772; baseline -0.022 -11"><span class='ocrx_word' id='word_1_800' title='bbox 1992 4676 2220 4765; x_wconf 65' lang='lat' dir='ltr'><strong>videret.</strong></span> <span class='ocrx_word' id='word_1_801' title='bbox 2273 4703 2441 4772; x_wconf 90' lang='lat' dir='ltr'><strong>hujus</strong></span> <span class='ocrx_word' id='word_1_802' title='bbox 2501 4699 2577 4752; x_wconf 87' lang='lat' dir='ltr'><strong>rei</strong></span> <span class='ocrx_word' id='word_1_803' title='bbox 2642 4697 2715 4749; x_wconf 89' lang='lat' dir='ltr'><strong>ita</strong></span> <span class='ocrx_word' id='word_1_804' title='bbox 2763 4690 2980 4762; x_wconf 88' lang='lat' dir='ltr'><strong>aperuit</strong></span> <span class='ocrx_word' id='word_1_805' title='bbox 3009 4687 3332 4742; x_wconf 83' lang='lat' dir='ltr'><strong>veritatem:</strong></span> <span class='ocrx_word' id='word_1_806' title='bbox 3394 4676 3561 4772; x_wconf 73' lang='lat' dir='ltr'><strong>Nemo</strong></span> 
     </span>
    </p>
   </div>
   <div class='ocr_carea' id='block_1_105' title="bbox 1993 4768 3560 4870">
    <p class='ocr_par' dir='ltr' id='par_1_105' title="bbox 1993 4768 3560 4870">
     <span class='ocr_line' id='line_1_105' title="bbox 1993 4768 3560 4870; baseline -0.023 -14"><span class='ocrx_word' id='word_1_807' title='bbox 1993 4809 2182 4870; x_wconf 71' lang='lat' dir='ltr'><strong>potest,</strong></span> <span class='ocrx_word' id='word_1_808' title='bbox 2216 4768 2410 4866; x_wconf 88' lang='lat' dir='ltr'><strong>inquit,</strong></span> <span class='ocrx_word' id='word_1_809' title='bbox 2436 4790 2637 4845; x_wconf 83' lang='lat' dir='ltr'><strong>duobus</strong></span> <span class='ocrx_word' id='word_1_810' title='bbox 2682 4784 2908 4839; x_wconf 80' lang='lat' dir='ltr'><strong>dominis</strong></span> <span class='ocrx_word' id='word_1_811' title='bbox 2937 4781 3158 4838; x_wconf 81' lang='lat' dir='ltr'><strong>servire,</strong></span> <span class='ocrx_word' id='word_1_812' title='bbox 3191 4789 3294 4829; x_wconf 84' lang='lat' dir='ltr'><strong>non</strong></span> <span class='ocrx_word' id='word_1_813' title='bbox 3346 4768 3560 4869; x_wconf 73' lang='lat' dir='ltr'><strong>potestis</strong></span> 
     </span>
    </p>
   </div>
   <div class='ocr_carea' id='block_1_106' title="bbox 1994 4867 3563 4946">
    <p class='ocr_par' dir='ltr' id='par_1_106' title="bbox 1994 4867 3563 4946">
     <span class='ocr_line' id='line_1_106' title="bbox 1994 4867 3563 4946; baseline -0.025 1"><span class='ocrx_word' id='word_1_814' title='bbox 1994 4867 2103 4946; x_wconf 72' lang='lat' dir='ltr'><strong>Deo</strong></span> <span class='ocrx_word' id='word_1_815' title='bbox 2132 4889 2321 4944; x_wconf 69' lang='lat' dir='ltr'><strong>servire</strong></span> <span class='ocrx_word' id='word_1_816' title='bbox 2351 4895 2398 4939; x_wconf 86' lang='lat' dir='ltr'><strong>et</strong></span> <span class='ocrx_word' id='word_1_817' title='bbox 2447 4893 2762 4936; x_wconf 77' lang='lat' dir='ltr'><strong>manunona:</strong></span> <span class='ocrx_word' id='word_1_818' title='bbox 2799 4874 2878 4939; x_wconf 65' lang='lat'><strong>&#39;3;</strong></span> <span class='ocrx_word' id='word_1_819' title='bbox 2929 4880 3237 4926; x_wconf 88' lang='lat' dir='ltr'><strong>mammona</strong></span> <span class='ocrx_word' id='word_1_820' title='bbox 3264 4867 3438 4934; x_wconf 84' lang='lat' dir='ltr'><strong>patria</strong></span> <span class='ocrx_word' id='word_1_821' title='bbox 3469 4872 3563 4919; x_wconf 44' lang='lat' dir='ltr'><strong>eo:</strong></span> 
     </span>
    </p>
   </div>
   <div class='ocr_carea' id='block_1_107' title="bbox 1994 4978 2765 5038">
    <p class='ocr_par' dir='ltr' id='par_1_107' title="bbox 1994 4978 2765 5038">
     <span class='ocr_line' id='line_1_107' title="bbox 1994 4978 2765 5038; baseline -0.017 0"><span class='ocrx_word' id='word_1_822' title='bbox 1994 4998 2113 5038; x_wconf 87' lang='lat' dir='ltr'><strong>rum</strong></span> <span class='ocrx_word' id='word_1_823' title='bbox 2143 4996 2271 5036; x_wconf 81' lang='lat' dir='ltr'><strong>voce</strong></span> <span class='ocrx_word' id='word_1_824' title='bbox 2293 4978 2514 5034; x_wconf 87' lang='lat' dir='ltr'><strong>divitias</strong></span> <span class='ocrx_word' id='word_1_825' title='bbox 2543 4988 2765 5028; x_wconf 86' lang='lat' dir='ltr'><strong>vocans.</strong></span> 
     </span>
    </p>
   </div>
   <div class='ocr_carea' id='block_1_108' title="bbox 2066 5091 3570 5182">
    <p class='ocr_par' dir='ltr' id='par_1_108' title="bbox 2066 5091 3570 5182">
     <span class='ocr_line' id='line_1_108' title="bbox 2066 5091 3570 5182; baseline -0.019 -11"><span class='ocrx_word' id='word_1_826' title='bbox 2066 5116 2132 5170; x_wconf 76' lang='grc' dir='ltr'>Χ.</span> <span class='ocrx_word' id='word_1_827' title='bbox 2165 5114 2263 5169; x_wconf 91' lang='lat' dir='ltr'><strong>llic</strong></span> <span class='ocrx_word' id='word_1_828' title='bbox 2306 5128 2436 5182; x_wconf 89' lang='lat' dir='ltr'><strong>ergo</strong></span> <span class='ocrx_word' id='word_1_829' title='bbox 2476 5118 2562 5165; x_wconf 89' lang='lat' dir='ltr'><strong>est</strong></span> <span class='ocrx_word' id='word_1_830' title='bbox 2609 5122 2772 5163; x_wconf 90' lang='lat' dir='ltr'><strong>verus</strong></span> <span class='ocrx_word' id='word_1_831' title='bbox 2810 5103 3096 5176; x_wconf 87' lang='lat' dir='ltr'><strong>propheta,</strong></span> <span class='ocrx_word' id='word_1_832' title='bbox 3137 5099 3228 5168; x_wconf 92' lang='lat' dir='ltr'><strong>qui</strong></span> <span class='ocrx_word' id='word_1_833' title='bbox 3288 5096 3342 5149; x_wconf 91' lang='lat' dir='ltr'><strong>in</strong></span> <span class='ocrx_word' id='word_1_834' title='bbox 3375 5091 3570 5182; x_wconf 47' lang='lat' dir='ltr'><strong>Iudaea.</strong></span> 
     </span>
    </p>
   </div>
   <div class='ocr_carea' id='block_1_109' title="bbox 1996 5179 3562 5276">
    <p class='ocr_par' dir='ltr' id='par_1_109' title="bbox 1996 5179 3562 5276">
     <span class='ocr_line' id='line_1_109' title="bbox 1996 5179 3562 5276; baseline -0.02 -13"><span class='ocrx_word' id='word_1_835' title='bbox 1996 5208 2153 5263; x_wconf 86' lang='lat' dir='ltr'><strong>nobis</strong></span> <span class='ocrx_word' id='word_1_836' title='bbox 2179 5179 2433 5276; x_wconf 77' lang='lat' dir='ltr'><strong>apparuit</strong></span> <span class='ocrx_word' id='word_1_837' title='bbox 2454 5208 2517 5255; x_wconf 93' lang='lat' dir='ltr'><strong>ut</strong></span> <span class='ocrx_word' id='word_1_838' title='bbox 2549 5197 2815 5261; x_wconf 89' lang='lat' dir='ltr'><strong>audistis;</strong></span> <span class='ocrx_word' id='word_1_839' title='bbox 2854 5194 2948 5264; x_wconf 88' lang='lat' dir='ltr'><strong>qui</strong></span> <span class='ocrx_word' id='word_1_840' title='bbox 2997 5198 3150 5247; x_wconf 89' lang='lat' dir='ltr'><strong>stans</strong></span> <span class='ocrx_word' id='word_1_841' title='bbox 3179 5184 3394 5257; x_wconf 79' lang='lat' dir='ltr'><strong>publice</strong></span> <span class='ocrx_word' id='word_1_842' title='bbox 3445 5179 3562 5276; x_wconf 77' lang='lat' dir='ltr'><strong>sola</strong></span> 
     </span>
    </p>
   </div>
   <div class='ocr_carea' id='block_1_110' title="bbox 1988 5273 3565 5371">
    <p class='ocr_par' dir='ltr' id='par_1_110' title="bbox 1988 5273 3565 5371">
     <span class='ocr_line' id='line_1_110' title="bbox 1988 5273 3565 5371; baseline -0.02 -15"><span class='ocrx_word' id='word_1_843' title='bbox 1988 5273 2265 5371; x_wconf 12' lang='lat' dir='ltr'><strong>jussioneﬁ</strong></span> <span class='ocrx_word' id='word_1_844' title='bbox 2293 5295 2528 5350; x_wconf 87' lang='lat' dir='ltr'><strong>faciebat</strong></span> <span class='ocrx_word' id='word_1_845' title='bbox 2558 5306 2734 5347; x_wconf 60' lang='lat' dir='ltr'><strong>caecos</strong></span> <span class='ocrx_word' id='word_1_846' title='bbox 2762 5287 2966 5349; x_wconf 79' lang='lat' dir='ltr'><strong>videte,</strong></span> <span class='ocrx_word' id='word_1_847' title='bbox 3000 5281 3198 5339; x_wconf 89' lang='lat' dir='ltr'><strong>surdos</strong></span> <span class='ocrx_word' id='word_1_848' title='bbox 3243 5275 3451 5337; x_wconf 90' lang='lat' dir='ltr'><strong>audire,</strong></span> <span class='ocrx_word' id='word_1_849' title='bbox 3484 5273 3565 5325; x_wconf 78' lang='lat' dir='ltr'><strong>fu-</strong></span> 
     </span>
    </p>
   </div>
   <div class='ocr_carea' id='block_1_111' title="bbox 1990 5370 3564 5464">
    <p class='ocr_par' dir='ltr' id='par_1_111' title="bbox 1990 5370 3564 5464">
     <span class='ocr_line' id='line_1_111' title="bbox 1990 5370 3564 5464; baseline -0.022 -15"><span class='ocrx_word' id='word_1_850' title='bbox 1990 5370 2153 5464; x_wconf 63' lang='lat' dir='ltr'><strong>gabAt</strong></span> <span class='ocrx_word' id='word_1_851' title='bbox 2186 5390 2481 5452; x_wconf 68' lang='lat' dir='ltr'><strong>daemones,</strong></span> <span class='ocrx_word' id='word_1_852' title='bbox 2525 5384 2685 5456; x_wconf 62' lang='lat' dir='ltr'><strong>aegris</strong></span> <span class='ocrx_word' id='word_1_853' title='bbox 2728 5379 3016 5436; x_wconf 88' lang='lat' dir='ltr'><strong>sanitatem</strong></span> <span class='ocrx_word' id='word_1_854' title='bbox 3053 5370 3314 5464; x_wconf 76' lang='lat' dir='ltr'><strong>reddebat</strong></span> <span class='ocrx_word' id='word_1_855' title='bbox 3343 5371 3397 5420; x_wconf 85' lang='lat' dir='ltr'><strong>et</strong></span> <span class='ocrx_word' id='word_1_856' title='bbox 3423 5377 3564 5464; x_wconf 75' lang='lat' dir='ltr'><strong>mor-</strong></span> 
     </span>
    </p>
   </div>
   <div class='ocr_carea' id='block_1_112' title="bbox 1991 5454 3560 5549">
    <p class='ocr_par' dir='ltr' id='par_1_112' title="bbox 1991 5454 3560 5549">
     <span class='ocr_line' id='line_1_112' title="bbox 1991 5454 3560 5549; baseline -0.02 -10"><span class='ocrx_word' id='word_1_857' title='bbox 1991 5454 2101 5539; x_wconf 66' lang='lat' dir='ltr'><strong>tuis</strong></span> <span class='ocrx_word' id='word_1_858' title='bbox 2127 5483 2311 5537; x_wconf 91' lang='lat' dir='ltr'><strong>vitam.</strong></span> <span class='ocrx_word' id='word_1_859' title='bbox 2332 5454 2739 5549; x_wconf 37' lang='lat' dir='ltr'><strong>Cumque‘nibil</strong></span> <span class='ocrx_word' id='word_1_860' title='bbox 2766 5472 2815 5527; x_wconf 91' lang='lat' dir='ltr'><strong>ei</strong></span> <span class='ocrx_word' id='word_1_861' title='bbox 2839 5476 2985 5525; x_wconf 88' lang='lat' dir='ltr'><strong>esset</strong></span> <span class='ocrx_word' id='word_1_862' title='bbox 3012 5458 3369 5535; x_wconf 85' lang='lat' dir='ltr'><strong>impossibile,</strong></span> <span class='ocrx_word' id='word_1_863' title='bbox 3395 5454 3560 5549; x_wconf 71' lang='lat' dir='ltr'><strong>etiam</strong></span> 
     </span>
    </p>
   </div>
   <div class='ocr_carea' id='block_1_113' title="bbox 1993 5546 3565 5645">
    <p class='ocr_par' dir='ltr' id='par_1_113' title="bbox 1993 5546 3565 5645">
     <span class='ocr_line' id='line_1_113' title="bbox 1993 5546 3565 5645; baseline -0.021 -14"><span class='ocrx_word' id='word_1_864' title='bbox 1993 5575 2351 5645; x_wconf 86' lang='lat' dir='ltr'><strong>cogitationes</strong></span> <span class='ocrx_word' id='word_1_865' title='bbox 2384 5569 2667 5625; x_wconf 90' lang='lat' dir='ltr'><strong>hominum</strong></span> <span class='ocrx_word' id='word_1_866' title='bbox 2721 5560 3075 5635; x_wconf 88' lang='lat' dir='ltr'><strong>pervidebat,</strong></span> <span class='ocrx_word' id='word_1_867' title='bbox 3120 5551 3264 5645; x_wconf 82' lang='lat' dir='ltr'><strong>quod</strong></span> <span class='ocrx_word' id='word_1_868' title='bbox 3314 5546 3447 5609; x_wconf 85' lang='lat' dir='ltr'><strong>nulli</strong></span> <span class='ocrx_word' id='word_1_869' title='bbox 3475 5550 3565 5598; x_wconf 79' lang='lat' dir='ltr'><strong>est</strong></span> 
     </span>
    </p>
   </div>
   <div class='ocr_carea' id='block_1_114' title="bbox 1994 5643 3562 5737">
    <p class='ocr_par' dir='ltr' id='par_1_114' title="bbox 1994 5643 3562 5737">
     <span class='ocr_line' id='line_1_114' title="bbox 1994 5643 3562 5737; baseline -0.02 -19"><span class='ocrx_word' id='word_1_870' title='bbox 1994 5643 2255 5737; x_wconf 79' lang='lat' dir='ltr'><strong>possibile</strong></span> <span class='ocrx_word' id='word_1_871' title='bbox 2316 5662 2420 5717; x_wconf 77' lang='lat' dir='ltr'><strong>nisi</strong></span> <span class='ocrx_word' id='word_1_872' title='bbox 2466 5659 2567 5716; x_wconf 87' lang='lat' dir='ltr'><strong>soli</strong></span> <span class='ocrx_word' id='word_1_873' title='bbox 2626 5656 2752 5713; x_wconf 90' lang='lat' dir='ltr'><strong>Deo.</strong></span> <span class='ocrx_word' id='word_1_874' title='bbox 2790 5651 2889 5707; x_wconf 86' lang='lat' dir='ltr'><strong>llic</strong></span> <span class='ocrx_word' id='word_1_875' title='bbox 2936 5643 3280 5704; x_wconf 83' lang='lat' dir='ltr'><strong>aununtiavit</strong></span> <span class='ocrx_word' id='word_1_876' title='bbox 3329 5648 3562 5709; x_wconf 76' lang='lat' dir='ltr'><strong>regnum</strong></span> 
     </span>
    </p>
   </div>
   <div class='ocr_carea' id='block_1_115' title="bbox 3558 418 3568 465">
    <p class='ocr_par' dir='ltr' id='par_1_115' title="bbox 3558 418 3568 465">
     <span class='ocr_line' id='line_1_115' title="bbox 3558 418 3568 465; baseline 0 0"><span class='ocrx_word' id='word_1_877' title='bbox 3558 418 3568 465; x_wconf 75' lang='lat' dir='ltr'><strong>t</strong></span> 
     </span>
    </p>
   </div>
  </div>
