4030 6342
566 290 709 348 4535

1414 287 1453 342 S
1488 286 1881 349 CLEMERTIS
1906 288 1933 341 ιν
1962 286 2127 342 ROM.
2166 286 2373 344 PONT.
2396 285 2623 341 OPERA
2664 286 2887 346 DUBIA.

3630 296 3733 353 i356

562 406 680 470 Dei,
710 408 799 463 cui
822 423 920 469 nos
943 407 1009 464 de
1029 406 1285 469 omnibus
1315 418 1436 474 quae
1458 404 1692 467 dicebat,
1727 413 1987 474 tanquam
2014 419 2138 461 vero
2168 413 2212 466 Α
2242 406 2359 476 ipse
2379 404 2539 469 dixit,
2579 405 2708 474 quia
2744 404 3123 476 unusquisque
3154 405 3304 465 illius
3329 405 3385 461 lit
3406 420 3577 464 servus
3594 411 3664 464 cui
3692 429 3734 468 se

566 502 845 569 propheta:
866 499 1138 563 Cl‘letltttS
1158 540 1175 563 ,
1207 498 1518 557 firmitatem
1543 496 1666 550 ﬁdei
1696 504 1895 555 nostrae
1915 512 2022 553 non
2048 512 2138 552 so—

564 593 676 651 lum
699 606 766 651 ex
790 591 971 649 verbis
997 591 1141 660 ejus.
1166 590 1261 650 sed
1288 597 1343 650 ct
1371 604 1438 644 ex
1478 589 1737 658 operibus
1767 598 2135 655 assumentes,

563 684 693 753 quia
716 690 770 741 et
804 682 950 741 dicta
982 682 1137 751 legis,
1162 697 1282 752 quae
1300 688 1425 737 ante
1453 681 1651 739 multas
1673 682 2049 750 generationes
2070 682 2138 739 de

564 775 854 843 praesentia
876 775 997 843 ejus
1015 782 1401 844 exposuerunt,
1427 773 1484 831 in
1510 774 1632 842 ipse
1653 773 2134 844 consignabantur,

561 874 616 923 et
642 867 905 936 imagines
928 874 1207 937 gestorum
1234 865 1401 937 Moysi
1430 874 1486 920 et
1532 874 1657 921 ante
1692 866 1868 935 ipsum
1900 866 2138 935 patriar—

560 959 679 1022 olue
699 958 890 1021 Jaoob,
920 960 1094 1030 ipsius
1118 975 1212 1029 per
1254 959 1438 1019 omnia
1465 967 1649 1029 typum
1683 958 1951 1017 ferebant.
1982 956 2139 1011 Teni.

561 1064 667 1118 pus
689 1064 908 1119 quoque
940 1050 1209 1107 adventus
1233 1048 1376 1116 ejus,
1430 1047 1531 1107 hoc
1562 1056 1669 1112 est,
1719 1048 1897 1118 ipsum
1941 1049 1995 1107 in
2028 1065 2137 1117 que

559 1149 805 1204 venerat,
840 1139 1159 1209 poedictum
1192 1140 1263 1199 ab
1285 1140 1365 1201 eis
1403 1146 1641 1198 constat.
1676 1148 1730 1194 et
1760 1154 1925 1209 super
1952 1142 2137 1199 omnia

560 1234 704 1302 quod
729 1240 871 1291 esset
920 1249 949 1308 a
990 1232 1245 1303 gentibus
1268 1231 1704 1302 exspectandus,
1737 1232 1909 1286 sacris
1941 1233 2137 1293 litteris

560 1325 1016 1394 cotuprehensum
1044 1330 1153 1387 est,
1185 1337 1308 1393 quas
1326 1323 1381 1377 in
1409 1338 1473 1377 eo
1496 1322 1702 1393 pariter
1728 1323 2138 1379 universacom-

562 1417 703 1485 pleta
724 1423 873 1473 sunt.

634 1504 724 1563 λι.
771 1503 929 1571 Quod
970 1510 1153 1561 autem
1207 1501 1521 1564 Judaaorum
1573 1502 1839 1575 propheta
1884 1500 2137 1571 pmdisit

560 1613 683 1661 eum
709 1612 739 1657 a
770 1597 1025 1667 gentibus
1053 1594 1481 1663 exspectandum
1521 1592 1587 1657 ",
1634 1609 1805 1662 supra
1830 1592 2054 1649 modum
2079 1592 2135 1653 in

558 1703 625 1742 eo
654 1687 809 1742 ﬁdem
846 1688 959 1742 veri
987 1685 1295 1743 conﬁrmat.
1324 1682 1381 1738 Si
1428 1684 1573 1739 enim
1620 1684 1850 1741 dixisset
1875 1700 1905 1737 a
1929 1684 2133 1744 Judaeis

558 1780 1009 1850 exspectandum,
1065 1794 1177 1839 non
1220 1778 1427 1849 aliquid
1474 1778 1733 1835 eximium
1777 1778 2133 1849 prophetasse
2164 1764 2206 1823 Β

557 1874 859 1936 videretur,
888 1873 1038 1943 quod
1081 1888 1111 1925 a
1159 1872 1452 1927 contribuli
1502 1872 1701 1942 populo
1737 1881 1792 1927 et
1841 1888 1873 1926 a
1914 1874 2134 1944 propria

561 1976 727 2036 gente
765 1974 1083 2036 speraretur
1127 1966 1207 2027 is,
1254 1964 1413 2033 cujus
1463 1964 1735 2019 adventus
1787 1965 1854 2020 ad
1901 1966 2135 2022 salutem

557 2059 956 2119 muttdiluerat
1004 2057 1402 2127 repromissus;
1453 2056 1730 2112 videretur
1774 2057 1919 2115 enim
1962 2058 2137 2128 magis

556 2150 963 2220 consequentia:
991 2149 1134 2203 ratio
1161 2164 1305 2212 esse,
1332 2156 1391 2202 ut
1409 2147 1512 2202 hoc
1538 2148 1709 2211 ﬁeret,
1738 2164 1900 2218 quam
1924 2150 2137 2221 magni~

559 2241 775 2300 licentia
807 2240 1165 2310 prophetalis.
1187 2239 1346 2295 Nunc
1370 2250 1549 2294 autem
1575 2255 1701 2295 cum
1733 2241 2011 2313 prophetae
2046 2242 2134 2296 di-

557 2342 713 2398 cunt,
742 2349 959 2393 omnem
1006 2333 1155 2386 illam
1200 2349 1350 2403 spem
1378 2349 1500 2403 qua:
1546 2333 1613 2388 de
1640 2334 1815 2393 salute
1840 2334 2028 2388 mundi
2056 2352 2135 2390 re-

556 2426 920 2496 promittitur,
949 2432 1004 2479 et
1026 2424 1323 2479 novitatem
1349 2425 1497 2496 regni
1524 2442 1649 2495 «true
1677 2425 2012 2483 instituenda
2039 2443 2136 2497 per

556 2519 841 2579 Christum
885 2525 989 2583 est,
1016 2527 1180 2589 atque
1229 2518 1413 2577 omnia
1456 2534 1576 2588 qua:
1605 2518 1671 2572 de
1699 2533 1764 2574 eo
1802 2520 2131 2583 indicantur,

558 2614 627 2668 ad
656 2622 850 2686 gentes
892 2628 1016 2673 esse
1070 2610 1474 2676 transferenda,
1514 2611 1626 2680 jam
1681 2626 1789 2666 non
1832 2610 2133 2669 secundum

558 2705 1015 2777 consequentiam;
1066 2719 1273 2767 rerum.
1305 2702 1402 2763 sed
1448 2702 1751 2757 incredibili
1779 2702 2012 2773 quodam
2039 2717 2133 2757 va-

557 2800 896 2854 ticinationis
945 2804 1151 2858 eventu
1197 2794 1599 2866 magniﬁcentia
1656 2795 1975 2865 prephetica
2010 2810 2136 2850 eon-

557 2894 826 2947 lirmatnc.
854 2889 1027 2947 Judaei
1073 2904 1310 2958 namque
1340 2904 1408 2945 ex
1443 2888 1597 2945 initio
1628 2887 1816 2942 adfore
1840 2888 2135 2961 aliquando

558 2980 705 3035 hunc
739 2979 916 3035 virum
966 2994 1061 3048 per
1108 2993 1269 3048 quem
1318 2985 1517 3035 cuncta
1566 2985 1990 3047 repararentur,
2033 2994 2131 3034 ve-

2240 497 2360 569 ipse
2384 498 2681 566 subjecerit
2704 497 2769 552 ³¹.

2310 586 2444 647 Xlll.
2474 588 2769 658 Propterea
2795 604 2928 658 ergo
2947 590 3219 661 evigilata,
3234 597 3285 644 et
3304 588 3566 645 Dominum
3587 590 3734 649 Deum-

2238 696 2345 749 que
2371 687 2621 733 nostrum
2659 678 2815 757 vobis
2848 680 3129 742 ascribito,
3172 678 3451 733 Dominum
3476 683 3559 749 qui
3586 693 3631 735 et
3646 684 3735 736 caeli

2239 787 2302 827 ac
2322 780 2481 827 terra:
2504 772 2765 831 Dominus
2790 781 2898 835 est,
2929 783 2983 828 et
3004 773 3071 827 ad
3096 772 3276 843 ipsius
3316 788 3409 828 vos
3431 772 3674 844 imaginem
3690 790 3735 831 ac

2238 865 2650 923 similitudinem
2677 865 2993 929 reformate,
3021 866 3169 919 sicut
3198 865 3315 934 ipse
3337 881 3489 920 verus
3532 868 3735 935 propheta

2237 959 2420 1025 docet,
2476 958 2703 1012 dicens:
2752 956 2934 1012 Estete
2962 956 3323 1015 misericordes
3366 958 3492 1011 sicut
3526 968 3569 1011 et
3618 957 3737 1015 Pam

2237 1058 2403 1107 vester
2424 1047 2647 1101 cwlestis
2702 1048 3001 1102 misericors
3027 1056 3127 1110 est,
3176 1048 3269 1117 qui
3314 1048 3437 1100 oriri
3469 1047 3581 1115 facit
3618 1050 3737 1103 solm

2236 1158 2387 1199 suum
2416 1157 2572 1210 super
2595 1139 2756 1194 bonos
2786 1151 2834 1194 et
2865 1142 3058 1205 malos,
3090 1152 3140 1195 et
3180 1140 3315 1209 pluit
3355 1157 3502 1209 super
3523 1140 3666 1210 justas
3700 1154 3737 1197 et

2236 1231 2459 1300 injustas
2489 1230 2552 1283 ³¹.
2581 1227 2736 1283 llunc
2762 1245 2891 1303 ergo
2911 1229 3206 1286 imitamini
3229 1242 3282 1285 et
3303 1230 3443 1287 hunc
3469 1231 3646 1298 timete,
3660 1234 3736 1285 sic-

2237 1329 2299 1375 ut
2332 1318 2645 1375 mandatum
2695 1317 2856 1372 datur
2909 1318 3267 1375 hominibus:
3318 1319 3581 1373 Dominum
3615 1319 3736 1378 Delta

2239 1424 2385 1473 tuum
2415 1411 2689 1472 adorabis.
2710 1419 2759 1462 et
2788 1411 2890 1481 ipsi
2914 1412 3018 1465 soli
3068 1413 3265 1467 servies
3300 1413 3366 1467 ³³.
3400 1411 3605 1482 Expedit
3632 1416 3737 1468 enim

2236 1508 2393 1565 vobis
2431 1506 2558 1560 huic
2607 1505 2705 1559 uni
2737 1502 2966 1558 Domino
3013 1504 3248 1566 servire,
3296 1509 3356 1556 ut
3384 1518 3475 1573 per
3513 1503 3738 1573 ipsamco-

2236 1607 2560 1670 gnoscentes
2605 1616 2773 1653 unum
2833 1597 3028 1664 Deum,
3062 1612 3092 1649 a
3139 1595 3333 1651 multis
3359 1612 3494 1666 oues
3535 1596 3737 1650 inutiliter

2239 1690 2535 1753 timebatis,
2562 1689 2891 1747 liberemini.
2933 1687 3037 1753 Qui
3060 1688 3213 1743 enim
3248 1698 3539 1743 creatorem
3557 1688 3735 1742 omnium

2237 1798 2344 1837 non
2378 1783 2530 1838 timet
2554 1782 2744 1846 Deum,
2781 1782 2877 1837 sed
2918 1796 3015 1837 eos
3043 1781 3202 1837 timet
3232 1794 3377 1850 quos
3416 1781 3523 1850 ipse
3547 1781 3733 1837 manibus

2236 1876 2355 1934 suis
2399 1874 2560 1939 fecit,
2602 1874 2731 1945 quid
2794 1874 2901 1929 nisi
2946 1889 3091 1929 vano
3136 1884 3195 1928 et
3236 1871 3419 1926 inutili
3455 1871 3735 1941 semetipsum

2235 1968 2531 2023 obnoxium
2557 1966 2688 2025 facit
2722 1966 2941 2023 timori?
2973 1965 3341 2032 vilioremque
3371 1978 3429 2020 se
3470 1970 3514 2015 et
3538 1962 3736 2031 abjectio-

2235 2075 2350 2115 rem
2372 2059 2553 2117 reddit
2576 2074 2741 2128 quam
2769 2065 2899 2111 sunt
2952 2055 3044 2109 illa
3091 2055 3238 2127 ipsa,
3286 2067 3511 2122 quorum
3546 2052 3737 2105 timorem

2235 2160 2416 2211 mente
2439 2152 2706 2220 concepit.
2733 2149 2875 2215 Quin
2906 2148 3093 2218 potius
3118 2162 3218 2216 per
3252 2147 3535 2201 bonitatem
3557 2146 3652 2214 ejus
3669 2142 3738 2212 qui

2234 2244 2560 2306 vosinvitat,
2588 2244 2761 2298 redite
2792 2241 2860 2296 ad
2904 2241 3140 2311 priorem
3172 2239 3506 2310 nobilitatem
3540 2244 3734 2301 vestram,

2233 2345 2288 2393 et
2332 2350 2398 2391 ex
2427 2334 2593 2391 bonis
2631 2332 2870 2395 actibus,
2927 2329 3071 2400 quod
3123 2330 3306 2401 ipsius
3344 2329 3584 2385 creatoris
3615 2326 3733 2381 vestri

2236 2429 2529 2499 imaginem
2546 2427 2799 2499 portetis,
2825 2426 3127 2488 ostendite,
3151 2435 3211 2479 ut
3240 2440 3310 2480 ex
3356 2420 3734 2490 contemplatione

2234 2520 2615 2579 similitudinis
2670 2520 2851 2593 ipsius
2904 2520 3073 2576 etiam
3131 2518 3231 2575 ﬁlii
3289 2518 3410 2592 ejus
3458 2530 3566 2571 esse
3596 2512 3735 2566 creda-

2233 2614 2387 2671 unnL

2303 2703 2444 2765 XIV.
2475 2703 2704 2774 Incipite
2732 2717 2865 2773 ergo
2886 2717 2921 2759 ιι
2954 2700 3215 2761 sensibus
3235 2699 3433 2757 vestris
3461 2698 3733 2767 abjioerera-

2233 2814 2338 2855 nas
2361 2798 2631 2855 idolorum
2658 2797 2871 2871 species
2892 2807 3058 2867 atque
3078 2796 3313 2851 inutiles
3354 2804 3407 2851 et
3434 2794 3600 2849 inanes
3624 2792 3734 2845 timo-

2233 2906 2342 2954 res,
2395 2900 2453 2945 ut
2506 2890 2670 2949 simul
2711 2890 2879 2945 etiam,
2918 2886 3301 2943 conditionem
3345 2886 3549 2960 possitis
3587 2885 3732 2951 inique

2233 2983 2514 3047 servitutis
2536 2981 2791 3055 ellugere.
2818 2979 3030 3034 Domini
3058 2980 3267 3037 etenim
3292 2980 3457 3035 vestri
3476 2977 3625 3034 εσθαι
3642 2979 3734 3029 sunt

558 3071 777 3129 rissima
800 3069 1091 3129 traditione
1119 3079 1499 3147 SUSCeperant,
1523 3080 1577 3126 et
1601 3069 1845 3139 quotidie
1866 3070 2137 3127 meditan-.
2158 3099 2200 3165 ο
2236 3078 2333 3141 illi,
2352 3076 2447 3150 qui
2475 3092 2544 3131 ne
2568 3075 2717 3130 servi
2736 3073 2954 3144 quidem
2974 3075 3139 3130 utiles
3165 3076 3327 3131 vobis
3342 3090 3460 3129 esse
3480 3071 3731 3142 potuissent.

561 3168 643 3215 tes
663 3175 726 3211 ac
759 3158 1164 3229 prospicientes
1184 3199 1201 3223 ,
1256 3160 1477 3229 quando
1505 3158 1631 3233 ejus
1659 3158 1809 3215 fieret
1841 3159 2128 3224 adventus,

559 3252 651 3308 ubi
691 3251 885 3313 adesse
911 3267 1036 3315 eum
1062 3251 1318 3313 viderunt
1343 3260 1397 3309 et
1421 3252 1578 3324 signa
1608 3267 1672 3306 ac
1695 3252 1966 3323 prodigia,
1992 3253 2135 3315 sicut

558 3347 625 3403 de
656 3361 722 3405 eo
745 3346 1008 3414 scriptum
1037 3344 1216 3405 [iterat
1236 3384 1250 3406 .
1279 3344 1691 3416 aditnplentcm,
1724 3345 1927 3404 invidia
1959 3362 2133 3405 excie-

559 3437 664 3495 cati
690 3452 983 3506 agnoscere
1004 3438 1368 3506 nequiverunt
1397 3443 1740 3506 praesentem,
1770 3438 1827 3493 in
1854 3439 2014 3509 cujus
2034 3454 2137 3509 spe.

560 3529 881 3582 laetabantur
906 3529 1182 3595 absentis;
1222 3528 1587 3584 intelleximus
1626 3536 1807 3585 tamen
1836 3531 1994 3602 pauci
2029 3548 2130 3593 nos

560 3622 655 3690 qui
696 3621 765 3677 ab
786 3636 853 3674 eo
875 3620 1037 3675 electi
1065 3635 1277 3677 smnus.

634 3712 747 3773 XLI.
778 3711 893 3766 Hoc
921 3721 1101 3766 autem
1143 3711 1487 3781 providentia
1549 3710 1645 3765 Dei
1679 3710 1886 3766 factum
1926 3721 2030 3777 est,
2075 3722 2134 3775 ut

563 3803 917 3874 agnitiehoni
956 3803 1122 3872 hujus
1155 3804 1323 3857 etiam
1344 3803 1599 3875 gentibus
1630 3803 1962 3870 traderetur,
1992 3812 2047 3861 et
2077 3806 2132 3859 hi

562 3899 659 3968 qui
686 3912 965 3967 nunquam
990 3896 1062 3951 de
1091 3911 1156 3951 eo
1182 3897 1470 3951 audierant
1520 3913 1623 3953 nec
1663 3913 1695 3955 a
1744 3899 2025 3968 prophetis
2050 3900 2135 3954 di-

564 3992 831 4054 dicerant,
858 3999 1216 4060 agnoscerent
1239 4003 1385 4055 eum,
1424 3989 1501 4043 illi
1530 4004 1659 4043 vero
1681 3989 1774 4059 qui
1801 3989 2133 4059 quotidianis

565 4085 1016 4142 meditationibus
1044 4090 1403 4153 agnoverant,
1443 4082 1782 4153 ignorarent.
1816 4082 1952 4138 Ecce
1985 4084 2131 4141 enim

568 4194 662 4250 per
685 4193 782 4232 vos
804 4192 951 4233 nunc
973 4174 1066 4243 qui
1088 4181 1386 4244 praesentes
1409 4172 1576 4236 estis,
1606 4181 1661 4233 et
1684 4173 2010 4228 desideratis
2034 4187 2136 4227 au.

566 4271 687 4326 dire
705 4268 1011 4329 doctrinam
1037 4266 1160 4321 fidei
1183 4266 1305 4335 ejus
1325 4275 1380 4327 et
1424 4280 1721 4335 agnoscere
1742 4264 1895 4335 quis,
1929 4272 1985 4321 et
2022 4282 2132 4336 quo

567 4363 749 4423 modo,
779 4368 832 4416 et
853 4360 1033 4430 qualis
1057 4359 1127 4414 sit
1153 4357 1273 4427 ejus
1316 4357 1583 4412 adventus
1601 4397 1615 4420 ,
1647 4357 1965 4427 prophetica
1986 4358 2130 4413 veri~

2232 3168 2515 3240 Quomodo
2543 3166 2688 3222 enim
2721 3167 3019 3223 simulacra
3060 3167 3324 3223 exanima
3353 3168 3436 3221 vel
3474 3165 3533 3220 ad
3556 3162 3732 3219 servitu-

2232 3268 2339 3320 tem
2374 3257 2535 3315 vobis
2561 3258 2876 3311 viderentur
2915 3256 3138 3320 idonea,
3174 3273 3304 3313 cum
3348 3273 3514 3328 neque
3547 3255 3728 3313 audiant,

2233 3368 2409 3420 neque
2432 3350 2671 3413 videant,
2716 3365 2895 3422 neque
2939 3349 3147 3419 aliquid
3192 3350 3471 3406 sentiant?
3506 3348 3595 3403 nisi
3626 3340 3729 3413 quod

2376 3442 2567 3497 saltem
2592 3442 2820 3495 materia
2843 3455 2907 3494 ex
2930 3455 3038 3511 qua
3058 3442 3209 3496 facta
3230 3449 3379 3505 sunt,
3404 3443 3509 3497 sive
3531 3438 3728 3498 auri,sive

2234 3535 2466 3608 argenti.
2490 3534 2574 3590 vel
2620 3534 2784 3588 etiam
2827 3534 2954 3587 aeris
2993 3540 3087 3586 aut
3120 3534 3280 3606 ligni,
3308 3550 3426 3587 cum
3457 3532 3605 3603 possit
3623 3528 3733 3581 vobis

2233 3630 2299 3683 ad
2329 3642 2461 3684 usus
2488 3625 2838 3683 necessarios
2866 3624 3151 3694 prodesse,
3199 3641 3299 3681 vos
3326 3642 3391 3681 ex
3430 3640 3489 3678 ea
3514 3619 3733 3676 territando

2233 3720 2391 3784 deos,
2413 3720 2643 3775 otiosam
2668 3735 2764 3789 per
2784 3721 2969 3772 omnia
3002 3733 3125 3771 eam
3148 3729 3317 3788 atque
3352 3717 3575 3771 inutilem
3600 3710 3733 3766 reddi-

2234 3811 2417 3868 distis.
2459 3811 2572 3867 Nos
2619 3824 2751 3880 ergo
2794 3810 3191 3866 annuntiaiuus
3251 3810 3409 3865 vobis
3468 3821 3629 3862 verum
3665 3802 3731 3855 Dei

2233 3906 2468 3968 cultum.
2497 3905 2769 3976 simulque
2806 3917 3091 3962 monemus
3131 3910 3188 3956 et
3243 3902 3517 3957 hortamur
3533 3896 3730 3952 cultores.

2234 4004 2293 4055 ut
2315 4012 2411 4066 per
2438 3997 2610 4053 bonos
2629 4009 2784 4053 actus
2808 3998 3087 4052 imitentur
3108 4011 3235 4050 eum
3259 4008 3418 4064 quem
3439 3991 3615 4047 colunt.
3632 3996 3671 4040 et
3682 3990 3731 4035 at

2236 4088 2523 4159 imaginem
2553 4105 2616 4144 ac
2643 4088 3061 4144 similitudinem
3090 4086 3238 4157 ejus,
3282 4092 3341 4139 nt
3379 4081 3606 4152 superius
3626 4074 3731 4130 άίιὶ·

2236 4199 2380 4245 mus,
2408 4182 2588 4238 redire
2612 4182 2895 4239 festinent.

2303 4271 2417 4328 XV.
2450 4270 2627 4327 Velim
2651 4279 2831 4327 autem
2856 4272 3111 4329 dicerent
3141 4272 3278 4327 mihi
3319 4271 3373 4324 hi
3418 4266 3503 4338 qui
3523 4264 3640 4318 idola
3659 4272 3729 4311 ro-

2238 4367 2377 4429 lunt,
2399 4364 2445 4418 si
2468 4372 2658 4439 optant
2688 4364 2899 4423 simile
2920 4363 3033 4418 ﬁeri
3065 4363 3151 4417 his
3186 4378 3329 4433 quos
3350 4361 3538 4415 colunt.
3576 4352 3731 4405 \‘ultne

566 4462 657 4507 tas
699 4452 1044 4521 adimpleiur.
1086 4447 1199 4501 lloc
1240 4455 1325 4503 est
1370 4447 1521 4507 enim
1560 4447 1704 4517 quod
1762 4448 2135 4517 praedixerunt
2161 4440 2209 4496 Ι)
2233 4458 2432 4527 aliquis
2456 4462 2695 4511 vestrum
2729 4455 2810 4511 sic
2848 4454 3033 4511 videre
3067 4454 3342 4523 quomodo
3381 4451 3457 4504 illi
3474 4442 3653 4501 vident?
3690 4444 3731 4490 et

568 4546 866 4617 prophetat,
892 4542 1025 4612 quia
1053 4557 1083 4595 a
1108 4541 1267 4594 vobis
1301 4539 1631 4608 qumrendus
1671 4549 1839 4604 esset,
1861 4543 1955 4611 qui
1979 4542 2044 4596 de
2067 4558 2135 4598 eo

568 4650 849 4704 nunquam
885 4631 1199 4687 audistis”.
1234 4628 1300 4684 Et
1325 4629 1447 4684 ideo
1468 4628 1716 4685 videntes
1738 4631 1792 4683 in
1816 4631 1972 4687 vobis
1998 4632 2133 4701 ipsis

568 4702 885 4792 prophetica
916 4719 1062 4774 dicta
1094 4716 1377 4788 compleri,
1406 4718 1533 4771 huic
1579 4718 1673 4772 uni
1718 4728 1866 4774 recte
1886 4702 2135 4785 creditis,

567 4813 715 4868 hunc
739 4822 883 4869 recte
930 4810 1281 4880 exspectatis,
1311 4809 1379 4863 de
1432 4809 1535 4867 hoc
1566 4822 1715 4865 recte
1742 4812 2039 4882 inquiritis,
2077 4827 2134 4869 ut

570 4921 678 4960 non
700 4905 875 4959 solum
910 4901 1239 4973 exspectetis
1267 4917 1414 4963 eum,
1445 4902 1539 4956 sed
1570 4911 1624 4956 et
1654 4903 2130 4963 haereditatemre-

571 4999 661 5073 gni
700 4997 821 5071 ejus
842 4998 1126 5051 credentes
1172 4995 1605 5063 conscquamini,
1656 4996 1955 5051 secundum
1988 5000 2133 5067 quod

641 5152 686 5184 ”
712 5151 846 5207 Gen.
872 5168 1017 5218 nix,
1045 5152 1133 5207 10.
1208 5153 1255 5187 ⁸⁰
1278 5152 1382 5213 lsa.
1414 5167 1539 5217 va,
1571 5153 1623 5207 l.

571 5223 763 5285 Matth.
799 5239 872 5288 tv,
907 5224 993 5279 10.

1700 5154 1743 5186 ³³
1769 5152 1924 5211 Joan.
1958 5172 2080 5222 vita,
2108 5158 2197 5214 54.
2276 5159 2319 5190 ³³
2350 5158 2481 5212 Luc.
2509 5176 2584 5227 vr,
2614 5160 2683 5214 56
2709 5178 2724 5228 ;
2786 5159 2975 5216 Matth.
3004 5177 3055 5225 vi,
3106 5160 3197 5216 45.

2234 4552 2313 4607 sic
2331 4550 2532 4610 audire?
2554 4548 2828 4619 quomodo
2859 4547 2937 4603 illi
2960 4547 3225 4601 audiunt?
3251 4547 3331 4600 sic
3359 4543 3541 4597 habere
3559 4545 3729 4591 sensum

2232 4640 2506 4709 quomodo
2532 4639 2607 4692 illi
2638 4640 2884 4693 habent?
2914 4637 3071 4691 Absit
3105 4638 3206 4691 hoc
3226 4637 3294 4689 ab
3342 4641 3630 4702 unoquoque
3657 4637 3727 4673 au—

2234 4730 2529 4797 dicntium;
2562 4729 2665 4783 hoc
2685 4728 2830 4783 enim
2856 4727 3203 4781 maledictum
3228 4726 3401 4797 potius
3419 4732 3467 4779 et
3487 4715 3725 4773 convicium

2234 4820 2565 4878 credendum
2595 4830 2679 4875 est
2713 4820 2824 4890 (Π)
2854 4818 3082 4883 homini,
3111 4818 3203 4888 qui
3240 4818 3510 4887 imaginem
3531 4810 3606 4863 Dei
3627 4807 3667 4859 in
3686 4816 3728 4855 se

2240 4913 2399 4985 gerit,
2447 4912 2661 4966 etiamsi
2694 4910 3104 4966 similitudinem
3156 4910 3409 4980 perdidit.
3439 4904 3609 4972 Quales
3630 4908 3726 4963 eri;0

2242 5004 2319 5059 dii
2342 5000 2576 5056 habendi
2604 5011 2732 5056 sunt
2755 4999 2868 5063 isti,
2906 5015 3046 5069 quos
3103 4999 3303 5053 imitari
3352 4990 3642 5052 exsecrabile
3674 4986 3725 5037 sit

3307 5158 3349 5191 ³⁸
3375 5156 3512 5211 Deut.
3550 5165 3613 5211 vi,
3658 5144 3719 5207 i5;

1871 5313 2239 5375 COTELERII
2270 5315 2507 5373 NOTAE.

645 5459 753 5529 (l7)
797 5457 911 5512 Hoc
954 5457 1092 5529 enim
1131 5456 1478 5529 ima/edictum
1523 5457 1694 5529 potius
1754 5455 2139 5529 et‘conoicium

572 5524 883 5583 credendum
905 5542 1001 5583 est.
1040 5526 1149 5593 Qui
1172 5530 1309 5581 solet
1344 5524 1603 5599 appellari
1630 5524 2141 5599 _Euscbiu§_tlmise-

574 5599 933 5664 nus,homilia
954 5600 1099 5667 quod
1128 5599 1269 5652 idola
1292 5594 1394 5652 coli
1418 5594 1525 5653 non
1558 5597 1790 5667 debeant
1817 5614 1829 5649 :
1863 5594 1959 5667 Dic
1990 5595 2137 5659 mihi,

575 5687 690 5723 cum
727 5672 923 5739 lignum
954 5665 1212 5722 ueneraris
1245 5686 1307 5721 ac
1337 5668 1584 5739 lapidem,
1629 5666 1677 5739 si
1714 5665 1807 5718 tibi
1837 5665 2133 5739 diceretur:

579 5740 725 5797 Talis
759 5736 830 5795 sis
868 5741 1038 5812 qualis
1077 5740 1199 5794 deus
1246 5736 1400 5804 tuus;
1448 5736 1677 5808 nunquid
1715 5754 1813 5791 non
1852 5736 2134 5789 convicium

2240 5456 2513 5511 crederes?
2544 5454 2775 5525 nunquid
2796 5472 2897 5509 non
2920 5455 3143 5520 iniurias
3165 5471 3225 5509 co
3312 5452 3507 5506 ulares.’
3530 5445 3585 5499 Et
3603 5444 3714 5523 illum

2242 5535 2290 5576 te
2311 5544 2414 5576 mm
2439 5527 2593 5576 nudet
2623 5528 2879 5576 verterari.
2918 5527 3067 5576 cuius
3109 5541 3169 5576 ιε-
3200 5470 3356 5576 "mea
3392 5514 3714 5574 similitudinem

2242 5535 2290 5579 te
2311 5544 2414 5580 non
2438 5527 2593 5595 pudet
2623 5514 2879 5597 uenerari,
2918 5514 3067 5594 cujus
3109 5541 3169 5580 ιε-
3200 5514 3356 5597 nolles
3376 5514 3715 5597 Δξῇηηιὶιιιιιιςίὸηξτξξ

2240 5596 2367 5655 dici.
2390 5580 2475 5650 cui
2497 5607 2542 5651 te
2561 5580 2886 5650 erubescens
2909 5580 3247 5665 comparari!
3276 5594 3340 5647 Et
3367 5592 3447 5645 illi
3466 5586 3620 5641 tribuis
3643 5580 3715 5665 Dei

2241 5668 2456 5737 cultant,
2503 5669 2589 5720 cui
2626 5678 2671 5719 te
2703 5667 2991 5722 assimilari
3026 5661 3391 5737 gravissimum
3435 5667 3607 5722 νκιανεί
3630 5661 3711 5704 ﬂ“

2243 5736 2616 5792 maledictum?
