4030 6342
638 318 781 375 {539

1482 316 1540 380 s.
1582 316 1975 373 CLEMENTIS
2015 319 2035 373 ι
2075 318 2242 374 non.
2284 318 2487 375 rox'r.
2527 286 2755 374 0pm
2796 319 3024 377 DUBlA.

3639 333 3727 388 εδει)

636 441 785 492 aunt.
810 431 967 488 Sicut
996 431 1137 486 enim
1173 445 1316 485 unus
1342 438 1426 486 est
1454 431 1638 488 Caesar
1657 473 1671 499 ,
1713 441 1766 487 et
1807 434 1969 489 habet
2016 434 2118 488 sub
2150 450 2208 489 se
2236 444 2284 501 Α
2312 433 2613 491 diebamus.
2634 429 2700 485 Et
2719 434 2915 491 Petrus
2941 457 2955 492 :
3009 434 3246 503 Ridetis,
3276 438 3448 509 inquit,
3472 458 3551 499 vos
3572 446 3731 506 aliorum

636 527 840 580 multos
880 523 1116 593 judices,
1163 523 1311 576 verbi
1352 522 1525 591 gratia
1567 524 1885 593 praefectos,
1927 525 2203 586 consules,

635 618 887 671 tribunos
929 622 984 669 et
1032 623 1256 669 caeteras
1299 622 1618 683 potestates,
1666 616 1829 670 simili
1876 616 2204 669 arbitramur

636 708 817 771 modo,
859 721 980 761 eum
1036 722 1177 761 unus
1228 706 1300 760 sit
1348 706 1523 775 major
1563 707 1805 760 omnium
1846 707 2010 771 Deus,
2040 710 2203 761 etiam

635 802 771 855 istos
801 798 868 853 ad
906 797 1321 852 similitudinem
1353 812 1537 851 earum
1578 813 1716 867 quas
1760 798 2019 861 diximus,
2048 805 2203 867 pote-

634 902 837 949 statum
864 892 1147 947 ordinatos
1201 907 1323 946 esse
1376 892 1428 945 in
1488 892 1593 947 hoc
1642 892 1846 947 mundo
1901 892 2055 956 deos,
2122 892 2201 946 illi

634 985 852 1055 quidem
878 983 1072 1052 majori
1102 983 1401 1051 subjectos,
1434 998 1534 1038 nos
1579 991 1757 1038 tamen
1789 992 1843 1038 et
1869 999 1988 1055 quae
2016 984 2069 1037 in
2100 984 2202 1038 hoc

634 1078 839 1131 mundo
883 1084 1011 1131 sunt
1061 1077 1463 1145 dispensantes.
1514 1075 1709 1129 Audite
1748 1091 1878 1147 ergo
1933 1078 2001 1131 ad
2050 1077 2198 1140 btec,

635 1168 909 1239 quomodo
950 1168 1003 1220 in
1045 1166 1131 1221 his
1178 1167 1311 1237 ipsis
1351 1182 1471 1236 qua:
1506 1166 1572 1220 ad
1601 1165 1973 1236 deceptionem
2004 1182 2203 1237 propo-

634 1263 788 1324 nitis,
821 1260 1067 1315 veritatis
1098 1260 1402 1313 rationibus
1441 1258 1819 1315 confutemini.
1851 1258 2041 1315 Dicitis
2072 1260 2201 1331 quia

636 1354 813 1407 locum
847 1351 1079 1406 Caesaris
1109 1358 1289 1405 teneat
1319 1349 1495 1413 Deus,
1536 1350 1781 1419 judicum
1822 1365 1953 1405 vero
1989 1351 2110 1420 ejus
2146 1356 2202 1405 et

634 1451 961 1513 potestatum
1007 1444 1243 1511 speciem
1296 1448 1514 1496 servent
1556 1441 1609 1494 hi
1657 1442 1749 1510 qui
1792 1440 2049 1496 dicuntur
2085 1427 2199 1509 dii;

634 1541 845 1588 servate
874 1548 1025 1602 ergo,
1056 1541 1113 1586 ut
1142 1532 1523 1601 proposuistis,
1541 1533 1849 1602 exemplum
1868 1532 2123 1599 Ctesaris,
2145 1540 2200 1589 et

633 1624 829 1679 scitote
872 1625 997 1693 quia
1069 1624 1210 1677 sit-ut
1257 1623 1392 1677 nulli
1423 1639 1489 1677 ex
1529 1622 1809 1692 judicibus
1852 1625 1937 1679 vel
1964 1625 2199 1680 admini-

634 1717 960 1773 stratoribus
988 1715 1242 1779 Czesaris,
1290 1716 1344 1769 id
1385 1724 1470 1771 est
1498 1714 1801 1785 praefectis,
1838 1717 1918 1771 vel
1964 1732 2199 1785 procon-

634 1811 868 1874 sulibus,
897 1810 977 1863 vel
1008 1808 1262 1872 ducibus,
1302 1808 1387 1863 vel
1434 1809 1697 1872 tribunis,
1748 1808 1830 1864 I‘as
1861 1818 1943 1864 est
1970 1810 2203 1865 Caesaris

632 1917 830 1956 nomen
872 1900 1115 1970 imponi;
1151 1899 1391 1969 alioquin
1437 1908 1491 1954 et
1534 1899 1623 1954 ille
1669 1900 1760 1969 qui
1808 1902 2110 1971 susceperit
2148 1909 2203 1956 et

633 1994 711 2048 illi
742 1992 833 2063 qui
863 1990 1182 2054 detulerint,
1219 1990 1421 2059 pariter
1446 1989 1746 2043 interibunt
1777 2008 1789 2044 :
1824 1990 1899 2043 ita
1928 1997 1983 2043 et
2010 1990 2078 2045 de
2100 1990 2203 2045 hoc

631 2086 845 2143 debetis
889 2084 1192 2147 advertere,
1236 2081 1381 2151 quod
1428 2081 1475 2136 si
1520 2081 1644 2152 quis
1678 2097 1873 2136 nomen
1915 2083 2008 2138 Dei
2036 2084 2201 2139 alicui

633 2195 795 2251 quam
843 2185 1039 2248 praater
1071 2175 1246 2244 ipsum
1277 2172 1627 2243 imposuerit,
1677 2182 1729 2229 et
1771 2174 1862 2228 ille
1911 2175 2200 2245 receperit,

633 2286 803 2328 unum
829 2268 1189 2338 eumdemque
1224 2267 1523 2321 sortientur
1559 2265 1837 2319 interitum
1859 2305 1873 2329 ,
1905 2268 2077 2321 multo
2105 2267 2201 2322 de-

632 2367 834 2421 teriore
866 2371 1012 2420 sorte
1059 2377 1221 2432 quam
1252 2360 1486 2415 ministri
1514 2356 1765 2413 Caesaris.
1796 2356 1896 2412 Hic
1933 2362 2079 2412 enim
2104 2359 2198 2429 qui

634 2458 862 2528 deliquit
876 2458 928 2510 in
940 2455 1234 2517 Caesarem,
1252 2453 1530 2507 interitum
1548 2452 1808 2520 suscipiet
1821 2453 2197 2521 temporalem;

635 2550 729 2619 qui
743 2562 870 2603 vero
883 2548 936 2601 in
956 2560 1122 2600 unum
1143 2544 1232 2614 qui
1250 2544 1400 2597 solus
1412 2551 1466 2597 et
1479 2556 1639 2596 verus
1650 2548 1735 2596 est
1752 2540 1892 2596 Deus
1907 2542 2194 2611 delinquit,

634 2645 688 2697 in
721 2642 980 2698 saeculum
1012 2640 1119 2695 luet
1144 2653 1369 2709 pmnas,
1413 2644 1468 2692 et
1507 2638 1723 2701 merito,
1756 2644 1816 2691 ut
1857 2637 1951 2708 qui
1998 2654 2196 2695 nomen

632 2738 778 2811 quod
822 2746 905 2792 est
944 2735 1165 2788 unicum
1210 2731 1473 2800 injuriosa
1522 2730 1836 2786 conditione
1888 2731 2191 2789 violaverit.

705 2827 821 2882 XX.
853 2825 1113 2893 Quamvis
1142 2823 1245 2877 hoc
1272 2822 1474 2892 ipsum.
1512 2819 1690 2885 Deus,
1721 2836 1829 2875 non
1879 2837 2077 2878 nomen
2124 2825 2197 2880 sit

635 2921 727 2975 Dei
768 2918 904 2991 (20),
951 2915 1045 2972 sed
1077 2913 1389 2968 hominibus
1420 2911 1637 2966 interim
1674 2914 1998 2969 vocabulum
2049 2916 2194 2972 istud

633 3015 793 3086 quasi
819 3026 919 3083 pro
947 3008 1165 3064 nomine
1193 3007 1313 3077 ejus
1337 3021 1660 3062 concessum
1692 3013 1803 3073 est;
1823 3008 1965 3077 quod
1986 3017 2191 3076 tamen,

2308 524 2600 589 dedecora,
2632 527 2760 596 quia
2796 530 2956 598 longa
2984 529 3360 584 consuetudine
3388 534 3566 602 propria
3587 553 3666 593 non
3683 544 3733 595 vi.

2307 614 2470 669 detis.
2502 614 2636 669 Nam
2667 614 3047 687 AEgyptiorum
3093 617 3303 687 quidem
3334 621 3574 676 stultitiam
3605 630 3734 684 merito

2305 708 2517 769 ridetis,
2547 709 2637 778 qui
2660 715 2810 762 muta
2834 709 3110 775 animalia,
3146 709 3248 779 ipsi
3281 725 3391 764 cum
3417 715 3510 767 sint
3529 717 3734 773 rationabi-

2304 801 2404 864 les,
2438 801 2641 854 colunt.
2669 800 2867 855 Audite
2893 808 3072 855 tamen
3103 801 3360 870 quomodo
3387 811 3434 857 et
3465 805 3529 858 illi
3563 823 3635 863 vos
3658 812 3734 864 irri-

2306 893 2490 956 deant,
2524 893 2675 946 aiunt
2710 894 2854 947 enim
2883 912 2895 947 :
2925 893 3034 948 Nos
3070 893 3297 949 viventia
3325 898 3523 953 colimus
3543 902 3732 971 animalia,

2307 984 2433 1039 licet
2486 986 2772 1051 moritura,
2828 1001 2926 1041 vos
2978 1002 3107 1041 vero
3165 1002 3281 1056 qua:
3311 1004 3549 1058 nunquam
3586 995 3733 1050 omnino

2306 1077 2526 1140 vixere,
2584 1078 2697 1132 hac
2750 1077 2930 1133 colitis
2968 1086 3021 1132 et
3052 1079 3307 1134 adoratis.
3350 1080 3538 1136 Addunt
3561 1094 3736 1153 prstare:

2304 1168 2466 1222 etiam
2498 1167 2653 1231 illud,
2686 1167 2887 1238 Iiguras
2910 1183 3034 1223 esse
3057 1175 3111 1223 et
3141 1169 3411 1239 allegorias
3430 1171 3636 1227 virtutum
3657 1192 3737 1245 qua-

2304 1258 2572 1321 rumdam,
2603 1258 2802 1328 quibus
2834 1258 3193 1327 adjutricibus
3224 1270 3429 1330 regatur
3450 1261 3663 1317 hominum
3680 1283 3737 1335 ge-

2303 1362 2442 1412 nus;
2481 1348 2575 1401 sed
2600 1347 2824 1417 pudoris
2853 1347 3101 1419 perfugio
3139 1349 3249 1404 haec
3293 1358 3342 1404 et
3381 1353 3595 1407 nonnulla
3618 1355 3738 1411 hissi—

2303 1439 2452 1492 milia
2478 1446 2886 1503 ronnectentes,
2910 1455 3154 1494 errorem
3180 1457 3331 1495 suum
3374 1443 3531 1497 velare
3553 1446 3735 1500 nituntur.

2304 1526 2410 1583 Sed
2440 1537 2657 1585 nonest
2694 1543 2840 1583 nunc
2871 1538 3087 1600 tempus
3122 1529 3382 1602 Egyptiis
3420 1537 3739 1604 responderem

2301 1620 2563 1675 derelicta
2622 1636 2753 1677 cura
2809 1621 3196 1691 praesentium,
3240 1624 3517 1679 absentium
3567 1628 3741 1681 medicari

2304 1714 2617 1785 languores.
2665 1715 2887 1771 Certum
2939 1732 3179 1787 namque
3222 1719 3466 1775 indicium
3508 1730 3575 1777 est
3605 1737 3671 1778 vos
3696 1723 3741 1776 ab

2236 1781 2276 1838 Β
2306 1781 2620 1876 hujusmodi
2644 1808 2962 1878 aegritudine
2988 1781 3180 1864 haberi
3211 1811 3427 1877 alienos,
3451 1815 3531 1884 qui
3559 1830 3644 1868 eam
3670 1831 3737 1868 non

2302 1898 2553 1954 doluistis
2583 1908 2643 1954 ut
2666 1902 2964 1971 prepriam,
2995 1902 3090 1956 sed
3122 1902 3315 1958 risistis
3342 1914 3398 1957 ut
3418 1905 3620 1961 alienam.

2376 1990 2534 2048 XXII.
2562 1991 2670 2047 Sed
2696 1994 2982 2049 redeamus
3012 1994 3080 2049 ad
3118 2010 3237 2059 vos,
3262 1997 3445 2066 quibus
3467 1998 3605 2067 placet
3622 1998 3740 2053 haberi

2301 2084 2469 2139 Deum
2498 2094 2556 2139 ut
2580 2085 2874 2151 Caesarem,
2899 2087 3033 2143 deos
3062 2096 3248 2143 autem
3273 2097 3328 2142 ut
3359 2093 3594 2144 ministros
3606 2098 3644 2144 et
3664 2106 3741 2159 pro-

2300 2183 2585 2231 curatores
2647 2178 2917 2246 Caasaris;
2969 2180 3265 2250 sequimini
3315 2197 3395 2236 me
3443 2184 3675 2243 attentius,
3708 2192 3741 2236 et

2300 2268 2462 2322 modo
2487 2269 2643 2326 vobis
2673 2269 2957 2325 ostendam
3003 2273 3247 2328 latebras
3289 2275 3548 2343 serpentis,
3577 2274 3618 2327 in
3640 2288 3739 2343 argis

2299 2358 2467 2412 menti
2499 2358 2661 2428 hujus
2699 2360 2882 2416 curvis
2924 2361 3267 2418 anIractibus
3305 2365 3577 2419 collocatas.
3598 2364 3738 2417 Certum

2297 2451 2440 2520 apud
2470 2466 2662 2507 omnes
2691 2467 2812 2508 esse
2841 2452 3079 2519 debet,et
3098 2456 3466 2520 indubitatum,
3495 2455 3598 2518 Deo,
3620 2455 3740 2525 quia:

2297 2543 2450 2596 nullo
2497 2543 2675 2599 factus
2718 2553 2805 2600 est
2849 2546 2942 2601 sed
2986 2548 3105 2617 ipse
3155 2546 3282 2603 fecit
3321 2547 3741 2609 universa,nibilex

2298 2632 2531 2687 facturis
2566 2634 2683 2689 suis
2713 2649 2875 2705 posse
2902 2638 3214 2706 coarquari;
3254 2654 3421 2707 neque
3447 2638 3564 2693 enim
3594 2637 3645 2689 ita
3664 2636 3742 2705 quis

2293 2725 2625 2779 irrationalis
2653 2726 2883 2781 inveniri
2930 2735 3131 2798 potest,
3162 2730 3254 2800 qui
3287 2738 3425 2800 putet
3449 2728 3565 2799 quod
3584 2726 3743 2782 conIerri

2295 2818 2469 2887 possit
2512 2820 2720 2890 factura
2768 2818 2983 2876 factori.
3035 2820 3092 2874 Si
3124 2837 3254 2893 ergo
3297 2822 3507 2875 humana
3540 2834 3743 2875 mensnoa

2296 2911 2474 2965 solum
2520 2911 2732 2966 ratione
2762 2911 2857 2967 sed
2890 2920 2945 2968 et
2973 2915 3212 2969 naturali
3248 2916 3467 2985 quodam
3496 2921 3616 2973 motu,
3638 2918 3741 2964 recte

2296 3002 2437 3057 hanc
2465 3004 2773 3074 opinionem
2801 3013 2967 3069 tenet,
3001 3006 3137 3060 illud
3164 3008 3270 3061 dici
3305 3006 3478 3069 Deum,
3498 3006 3560 3059 cui
3576 2999 3743 3057 conferri

634 3113 694 3159 ut
721 3104 856 3167 dixi,
892 3114 1016 3155 cum
1059 3096 1453 3154 contumeliose
1494 3102 1792 3161 tractatur,
1828 3097 1893 3150 ad
1931 3099 2044 3152 veri
2075 3099 2197 3168 ejus
2223 3120 2265 3177 ρ
2299 3101 2394 3147 aut
2422 3095 2693 3164 exzequari
2721 3094 2857 3150 nihil
2879 3104 3076 3165 potest,
3110 3097 3206 3151 sed
3228 3097 3370 3168 quod
3392 3097 3563 3151 cunctis
3580 3094 3747 3149 emineat

632 3193 874 3250 nominis
897 3189 1135 3245 refertur
1181 3187 1455 3258 injuriam.
1500 3185 1737 3256 Denique
1772 3194 1985 3244 veteres
2022 3188 2194 3261 Egy-

634 3288 869 3358 ptiorum
904 3282 1039 3354 (21),
1064 3281 1157 3351 qui
1183 3279 1250 3335 de
1275 3278 1482 3334 ctelesti
1515 3293 1681 3332 cursu
1712 3287 1765 3333 et
1795 3289 2065 3334 astrorum
2097 3295 2196 3334 na-

632 3387 755 3432 tura
790 3376 1055 3430 rationem
1098 3372 1206 3427 sibi
1254 3371 1358 3426 visi
1402 3377 1528 3425 sunt
1576 3369 1875 3439 reperisse,
1912 3371 2195 3428 obsidente

634 3484 832 3526 sensus
854 3481 1041 3522 eorum
1073 3463 1345 3529 dazmone,
1378 3462 1632 3517 omnibus
1673 3461 2028 3517 nihilominus
2065 3478 2198 3517 con-

635 3559 875 3615 tumcliis
896 3570 1092 3610 nomen
1126 3548 1636 3607 incommunicabile
1660 3550 2026 3620 subjecerunt.
2058 3550 2194 3605 Nam

636 3653 725 3706 alii
756 3663 942 3705 eorum
971 3647 1184 3707 bovem,
1209 3643 1301 3713 qui
1338 3642 1468 3711 Apis
1498 3642 1719 3706 dicitur,
1748 3643 2034 3697 colendum
2079 3650 2197 3696 tra-

637 3744 845 3805 didere,
885 3738 975 3792 alii
1007 3736 1241 3797 hircum,
1268 3733 1359 3786 alii
1390 3739 1566 3787 cattas
1598 3730 1735 3803 (22),
1760 3734 2007 3787 nonnulli
2043 3732 2196 3801 ibim,

636 3831 861 3903 quidam
909 3831 1255 3895 serpentem,
1295 3822 1498 3892 piscem
1546 3836 1784 3892 quoque,
1824 3828 1878 3877 et
1919 3838 2117 3891 carpas,
2143 3832 2199 3878 et

637 3926 874 3984 cloacas,
912 3917 1155 3988 crepitus
1190 3914 1399 3969 ventris
1435 3912 1570 3984 (25),
1602 3928 1700 3983 pro
1745 3913 2059 3969 numinibus
2101 3915 2196 3967 ha-

636 4014 843 4072 bendos
885 4026 1006 4066 esse
1040 4009 1373 4070 docuerunt,
1404 4012 1459 4060 et
1503 4004 1607 4059 alia
1638 4005 2054 4060 innumerabilia
2078 4022 2199 4086 quze

638 4104 806 4179 pudet
830 4103 991 4158 etiam
1026 4097 1332 4153 nominare.

712 4182 850 4249 XXI.
890 4190 1015 4245 Ilaec
1037 4190 1247 4245 dicente
1272 4185 1452 4251 Petro,
1481 4185 1719 4241 riserunt
1759 4201 1948 4242 omnes
1973 4188 2064 4259 qui
2095 4203 2196 4241 au-

2300 3192 2353 3239 et
2398 3192 2593 3240 cuncta
2626 3187 2895 3256 praecellat
2933 3189 3251 3258 :quomodo
3289 3204 3469 3243 nomen
3514 3186 3611 3240 illud
3645 3182 3745 3254 quod

2302 3290 2465 3345 super
2486 3279 2665 3331 omnia
2699 3292 2820 3333 esse
2863 3278 3125 3343 creditur,
3163 3287 3308 3334 recte
3337 3279 3413 3333 his
3451 3277 3634 3332 creditur
3650 3273 3745 3333 dari,

2300 3384 2439 3438 quos
2496 3368 2563 3421 ad
2609 3369 2967 3423 ministerium
3014 3377 3067 3424 et
3126 3372 3534 3440 procurationem
3577 3367 3745 3419 humana:

2300 3460 2424 3512 vitae
2451 3460 2654 3529 putatis
2676 3475 2796 3514 esse
2826 3460 3163 3529 dispositos?
3191 3460 3296 3517 Sed
3326 3470 3377 3517 et
3404 3462 3515 3516 illud
3537 3460 3744 3513 addemus:

2300 3549 2537 3604 mundus
2562 3549 2649 3603 hic
2677 3551 2793 3604 sine
2835 3550 2999 3605 dubio
3037 3551 3217 3607 factus
3246 3561 3327 3608 est
3354 3560 3401 3607 et
3425 3560 3498 3607 est
3520 3544 3748 3617 corruptibi-

2302 3640 2391 3703 lis,
2421 3641 2564 3695 sicut
2590 3640 2751 3694 etiam
2775 3641 3118 3711 postmodum
3160 3644 3321 3698 latius
3361 3642 3672 3702 ostendemus;
3694 3638 3746 3688 in-

2301 3733 2460 3788 terim
2489 3741 2544 3787 et
2586 3733 2785 3787 factum
2833 3748 2956 3787 eum
3005 3741 3059 3789 et
3108 3736 3494 3805 corruptibilem
3520 3736 3689 3787 constat.
3711 3724 3746 3776 Si

2301 3841 2431 3897 ergo
2462 3827 2695 3882 mundus
2742 3827 2883 3883 Deus
2912 3828 3018 3883 dici
3071 3845 3185 3886 non
3236 3840 3423 3902 potest,
3462 3839 3509 3886 et
3544 3838 3652 3884 recte
3680 3839 3745 3878 non

2301 3924 2480 3988 potest
2508 3918 2635 3988 quia
2663 3920 3030 3989 corruptibilis
3053 3931 3159 3985 est,
3188 3925 3445 3994 quomodo
3466 3930 3609 3993 partes
3624 3914 3746 3973 mundi

2301 4007 2395 4063 Dei
2423 4022 2617 4063 nomen
2656 4011 2963 4080 accipient?
2989 4014 3136 4083 quod
3178 4017 3320 4069 enim
3351 4023 3482 4069 totus
3519 4028 3604 4067 non
3631 4014 3747 4080 potest

2298 4114 2421 4154 esse
2449 4100 2704 4162 mundus,
2740 4102 2909 4154 multo
2939 4104 3112 4173 magis
3158 4120 3266 4158 non
3305 4105 3400 4158 erit
3433 4118 3539 4173 pars
3557 4101 3659 4169 ejus.
3682 4095 3747 4164 lgi-

2296 4196 2388 4243 tur
2414 4191 2458 4245 si
2485 4190 2769 4247 redeamus
2790 4193 2856 4247 ad
2886 4196 3196 4267 exemplum
3219 4194 3459 4260 Cassaris,
3485 4194 3624 4247 videte
3642 4202 3744 4257 quam

1941 4343 2303 4399 COTELERII
2328 4343 2557 4401 NOTAE.

710 4482 821 4554 (20)
851 4478 1110 4554 Quamvis
1138 4476 1232 4530 hoc
1254 4476 1446 4546 ipsum,
1474 4476 1630 4554 Deus,
1655 4494 1756 4531 non
1778 4494 1961 4554 nomen
1982 4480 2057 4554 sit
2086 4479 2199 4537 Dei.
2230 4484 2279 4544 D
2305 4484 2577 4550 tarchum,
2600 4483 2761 4554 Alibro
2814 4483 2886 4538 De
2914 4484 3058 4540 Iside
3079 4496 3130 4540 et
3189 4484 3407 4547 Osiride.
3444 4477 3745 4538 conveniendis

641 4549 813 4609 Deum'
844 4552 1048 4620 Deique
1076 4558 1324 4620 naturam
1357 4549 1585 4620 nomine,
1607 4563 1792 4603 carere
1823 4550 2069 4620 doctrina
2117 4561 2201 4607 est

638 4624 900 4686 Patrum,
958 4618 1011 4676 et
1074 4619 1256 4687 opinio
1322 4619 1790 4688 philosophorum.
1864 4618 2198 4676 Testimonia

638 4695 962 4754 omittimus,
1006 4690 1205 4758 ubique
1230 4689 1410 4743 obvia.

709 4765 837 4835 (21)
874 4756 1503 4835 Veteres_}Egyp_tiorum,_
1526 4758 1932 4835 etc_.__Sitleralis
1957 4760 2197 4835 scientia:

639 4828 1006 4891 inventionem
1052 4828 1324 4899 Egyptiis
1352 4829 1530 4891 multi,
1572 4829 1662 4882 alii
1696 4830 1819 4883 aliis
1864 4830 2146 4898 assignant
2178 4850 2190 4885 :

640 4907 716 4961 uti
752 4904 862 4959 fere
892 4902 1134 4955 variatur
1177 4900 1231 4952 in
1287 4915 1467 4954 rerum
1506 4900 1873 4968 repertoribus
1907 4919 1919 4954 :
1962 4916 2192 4968 quorum

639 4972 1079 5029 enumerationes
1126 4968 1385 5023 exhibent
1433 4967 1648 5023 codiees
1683 4967 1829 5039 Regii
1862 4967 1994 5027 919.7
2036 4970 2196 5033 I769,

639 5045 778 5100 2:216
832 5044 986 5098 duas.
1019 5070 1089 5081 —
1124 5038 1229 5095 Eas
1289 5040 1457 5094 habes
1529 5040 1584 5093 in
1641 5038 1877 5107 Append.
1933 5039 2199 5105 Monum,

640 5133 695 5171 n.
727 5118 780 5173 4.
832 5112 1000 5169 infra.

710 5187 820 5258 (22,
885 5185 995 5238 Alii
1051 5190 1242 5258 cattas.
1299 5178 1442 5258 Fn_it_
1487 5180 1876 5258 cultusnfelis,
1929 5180 2198 5258 generalis

642 5249 1272 5327 {Egyptiorumomnium
1296 5251 1651 5327 religio,teste
1666 5249 2044 5327 Stranbo‘ne’lib.
2066 5267 2196 5305 xvii.

642 5320 841 5381 Fuit-et
878 5324 1169 5396 peculiaris
1212 5320 1571 5396 quorumdam
1613 5337 1625 5371 :
1670 5329 1744 5396 ut
1774 5320 2194 5396 Bubastitariim.

637 5390 939 5459 8066mm;
966 5395 1111 5449 enim
1137 5410 1201 5448 ex
1226 5390 1523 5461 Stephano,
1557 5410 1657 5446 vox
1681 5390 1997 5462 Egyptiaca
2021 5390 2201 5462 unou-

639 5486 730 5541 ρον
767 5467 1036 5541 signiﬁcat
1075 5473 1210 5541 _:_et
1260 5460 2191 5541 in’urbenBubastoﬂsive_Dubasti,

638 5529 1222 5608 sepeliEbantur‘feles,
1262 5534 1441 5608 inquit
1477 5532 1781 5587 Herodotus
1923 5529 2147 5608 Euterpe
2173 5544 2194 5585 .'

637 5601 738 5663 nec
770 5623 875 5662 non
906 5616 1023 5662 erat
1050 5604 1229 5658 Diana:
1259 5601 1540 5673 templum.
1574 5621 1693 5673 que
1715 5612 1769 5655 et
1809 5601 2193 5673 Bubastis__no-

636 5662 760 5733 ineu
793 5680 1025 5748 accepit,
1059 5662 1440 5748 estqueluna.‘
1480 5662 1813 5727 Firbhiantur
1853 5678 2028 5724 autem
2067 5669 2191 5723 Dia-
2234 5662 2239 5675 ’

637 5763 763 5801 nam
793 5748 845 5800 in
878 5743 1317 5815 Gigantomarliia
1343 5758 1399 5797 se
1429 5743 1716 5815 ineatluui
1749 5748 2189 5815 trausIormasSe,

665 5841 680 5851 υ
705 5809 1071 5874 δςίίδςρῐὸὐδι
1099 5815 1164 5870 ab
1195 5812 1643 5891 Ilj'gino.~Leges
1679 5816 1841 5870 etiam
1889 5814 2029 5882 apud
2070 5811 2193 5866 Plu-

2305 4555 2560 4623 pliysicas
2590 4552 2745 4608 Ielem
2779 4555 2922 4608 inter
2949 4566 3003 4609 et
3038 4558 3245 4610 lunam.

2394 4624 2484 4693 25)
2525 4622 2710 4697 Ctepas
2747 4635 2795 4697 et
2824 4626 3052 4687 cloacas,
3078 4630 3299 4695 crepitus
3333 4624 3523 4678 ventris.
3546 4620 3606 4697 De
3637 4631 3741 4697 capt.

2300 4690 2624 4764 superstitio
2664 4702 2747 4747 est
2780 4695 2938 4764 longe
2968 4690 3254 4764 notissima
3293 4716 3305 4749 :
3338 4711 3445 4764 qua:
3466 4698 3536 4761 (ut
3566 4690 3744 4764 discimus

2295 4753 2727 4827 exliieronymo,
2751 4776 2788 4814 ιι
2814 4753 3059 4815 aduersus
3082 4753 3437 4827 Iovinianum,
3459 4753 3505 4822 6,
3527 4769 3571 4811 et
3587 4759 3635 4810 ad
3653 4753 3746 4827 lsgil

2297 4840 2460 4904 caput
2488 4818 2607 4904 sui
2633 4847 2652 4904 ί
2692 4818 2932 4885 Luciano
2958 4833 3007 4885 in
3031 4832 3161 4904 3(arma
3188 4818 3435 4904 tragwdo,
3452 4818 3509 4904 ac
3528 4829 3655 4881 Sesto
3674 4818 3744 4904 Sil:

2297 4887 2981 4974 pili-tce;l’yrrlipnianurum
3021 4902 3065 4954 Η
3073 4887 3520 4974 ypotyposeon'lib.
3550 4912 3614 4958 tu,
3633 4910 3668 4944 ε.
3690 4887 3745 4947 2⁸)

2298 4968 2516 5044 proprie
2546 4968 2622 5023 ad
2659 4968 2964 5025 Pelusiotas
3006 4968 3322 5041 pertinebat.
3372 4973 3437 5025 De
3479 4970 3641 5044 cloacis
3666 4974 3744 5044 mf

2298 5034 2536 5112 (ὀχέτούς
2569 5043 2800 5109 appellat
2821 5034 3053 5112 scriptor
3075 5042 3508 5108 Cleznentinorum)
3528 5034 3632 5112 nihil
3654 5040 3744 5108 induc

2296 5107 2586 5184 suecm'rtt,
2608 5107 2755 5184 quod
2787 5112 2853 5164 ad
2884 5107 3163 5184 A‘Igyptios
3190 5124 3403 5180 spectet.
3431 5107 3544 5184 smn
3569 5107 3745 5184 Cloatius

2297 5182 2418 5243 dea,
2449 5190 2503 5234 et
2539 5178 2678 5234 Deus
2724 5178 3153 5247 Sterculus-{aut
3194 5178 3483 5240 Sterculus.
3512 5178 3744 5248 Stercutius.

2299 5253 2621 5322 Sterculius,
2656 5250 2768 5305 sive
2796 5252 3026 5315 Sterees,
3064 5255 3414 5308 ltomanorum
3442 5260 3551 5322 sunt
3574 5252 3742 5322 nutriuit;

2299 5321 2541 5390 Denique
2582 5310 2726 5376 circa
2764 5310 3024 5375 ultimum
3054 5334 3306 5378 notarunt
3347 5321 3500 5375 critici
3537 5310 3743 5390 loca

2299 5394 2351 5445 in
2387 5380 2668 5444 Prohibere
2707 5394 2950 5454 comitia;
3000 5391 3279 5462 TheOpliiIi
3323 5388 3604 5462 Antiocheni
3633 5380 3742 5462 “libat

2296 5464 2364 5515 ad
2396 5453 2996 5535 Autolycumtlllznucii
3020 5453 3215 5535 Felicis
3249 5467 3300 5518 in
3331 5453 3744 5535 θεωρία-ίοτίεοξξξξξ

2297 5545 2430 5588 tom.
2466 5548 2494 5584 γ
2523 5524 2706 5586 contra
2734 5532 2977 5597 Celsum;
3013 5532 3298 5598 Lactantii,
3324 5552 3369 5595 ν,
3392 5535 3484 5595 20;
3518 5524 3743 5598 Ilieronl'“_"

2296 5606 2362 5658 ad
2400 5606 2549 5657 tsaia;
2578 5619 2885 5673 ωμ.,χι.νι;
2916 5594 2969 5658 et
3005 5606 3222 5659 (ἐκδεινὶί
3254 5594 3453 5670 dialogo
3490 5616 3536 5673 t._

2299 5676 2366 5730 ad
2400 5666 2659 5744 interrog:
2692 5676 2773 5729 ιιι.
2799 5666 3006 5741 Quibus
3034 5676 3293 5733 addentur
3326 5666 3455 5727 nunc
3484 5666 3740 5723 Clematii":

2301 5750 2393 5801 lib.
2425 5762 2475 5811 χ,
2503 5763 2621 5815 cap.
2655 5749 2727 5800 Iti.
