4030 6342
226 395 353 449 1341

1407 376 1972 437 RECOGNITlONUM
2013 375 2140 431 LIB.
2182 374 2245 427 Υ.

3328 364 3347 417 1
3360 362 3465 418 542

222 514 376 580 longe
420 508 635 565 erretis.
678 507 901 569 Caesari,
942 505 1186 575 ejusdem
1232 504 1359 559 licet
1383 512 1593 557 natura:
1623 499 1798 554 homi-
1826 506 1871 559 Α
1902 512 2020 548 rum
2055 500 2173 548 erat
2198 492 2253 545 in
2293 491 2395 545 hoc
2427 487 2649 580 mundo.
2676 478 2818 580 Quid
2858 480 3130 580 lenim‘est
3167 474 3309 580 quod
3341 478 3465 580 Irlcli‘

218 617 343 654 nem
375 602 534 670 cuius
563 601 677 668 ipse
710 606 823 663 est,
861 595 1101 651 conferri
1130 603 1311 649 tamen
1335 592 1601 648 nemiuem
1630 590 1793 655 licet;

216 691 351 754 Deo,
385 693 479 763 qui
507 692 609 745 hoc
640 688 923 759 ipso'quod
951 703 981 740 a
1004 686 1154 740 nullo
1178 685 1374 746 factus,
1402 682 1496 737 sed
1527 682 1643 751 ipse
1670 679 1796 734 fecit

215 784 419 846 omnia,
447 790 640 838 cuncta
669 780 1055 850 supereminet,
1078 776 1313 832 conferri
1337 776 1533 830 debere
1558 773 1792 841 aliquem

213 878 479 932 creditis?
501 876 606 930 Sed
635 874 868 931 Cmsaris
899 872 1117 943 quidem
1150 886 1349 925 nomen
1391 868 1525 922 nulli
1566 867 1656 920 alii
1688 881 1791 918 auo

211 969 352 1023 detis
393 969 673 1039 imponere
695 1008 709 1032 ,
741 968 871 1037 quia
901 980 1058 1020 reum
1088 979 1248 1019 suum
1272 962 1455 1017 statim
1480 959 1671 1029 punit;
1696 956 1792 1010 Dei

210 1077 339 1114 vero
401 1059 657 1126 audetis,
730 1059 859 1128 quia
918 1071 1073 1112 reum
1117 1072 1277 1112 suum
1332 1055 1527 1126 punire
1573 1059 1793 1123 propter

211 1152 590 1225 pmnilentiam
623 1149 845 1205 diﬂ‘ert?

278 1240 468 1298 XXIII.
499 1241 605 1297 Per
630 1242 766 1297 alios
794 1242 921 1295 item
950 1254 1178 1309 serpens
1218 1238 1309 1293 ille
1354 1238 1598 1308 proferre
1624 1237 1790 1293 verba

126 1382 129 1383 ν
209 1334 597 1402 hujuscemodi
630 1334 767 1389 solet
802 1352 815 1387 :
847 1331 958 1388 Nos
988 1332 1054 1385 ad
1092 1331 1354 1386 honorem
1381 1330 1671 1387 invisibilis
1695 1329 1789 1384 Dei

206 1426 475 1495 imagines
503 1425 747 1481 visibiles
794 1424 1125 1492 adoramus;
1159 1422 1303 1494 quod
1352 1424 1658 1480 certissime
1690 1422 1791 1476 fal-

206 1534 324 1572 sum
354 1526 462 1575 est.
499 1518 555 1573 Si
583 1520 726 1574 enim
760 1533 883 1573 vere
913 1518 1092 1573 velitis
1133 1516 1227 1571 Dei
1266 1518 1554 1588 imaginem
1583 1516 1786 1579 colere,

203 1610 416 1664 homini
446 1611 846 1666 benefacientes
874 1625 1057 1664 veram
1083 1610 1136 1665 in
1162 1625 1227 1665 eo
1257 1608 1347 1664 Dei
1378 1610 1663 1679 imaginem
1694 1623 1789 1662 co-

203 1702 409 1757 leretis.
442 1700 503 1756 In
534 1702 681 1756 omni
707 1703 848 1756 enim
873 1702 1095 1758 homine
1123 1713 1208 1757 est
1238 1702 1418 1772 imago
1451 1702 1569 1765 Dei,
1599 1717 1708 1756 non
1732 1702 1785 1755 in

200 1792 466 1848 omnibus
494 1809 623 1849 vero
674 1794 993 1858 similitudo,
1042 1793 1138 1849 sed
1189 1794 1280 1848 ubi
1329 1793 1563 1863 benigna
1606 1792 1787 1846 anima

200 1894 286 1940 est
311 1894 369 1941 et
395 1902 552 1941 mens
583 1900 717 1955 pura
740 1885 874 1955 (24).
912 1884 968 1939 Si
1001 1888 1131 1957 ergo
1169 1900 1295 1941 vere
1323 1886 1489 1941 vultis
1518 1886 1787 1939 honorare

201 1979 500 2049 imaginem
527 1977 656 2043 Dei,
683 1994 781 2034 nos
812 1979 964 2034 vobis
987 1979 1131 2049 quod
1164 1995 1341 2034 verum
1372 1987 1455 2034 est
1487 1980 1784 2050 aperimus,

200 2078 258 2124 ut
292 2070 503 2125 homini
534 2070 625 2140 qui
669 2069 738 2123 ad
787 2070 1080 2140 imaginem
1127 2068 1220 2124 Dei
1251 2070 1426 2125 factus
1455 2079 1538 2124 est
1566 2068 1789 2124 benefa-

200 2161 361 2216 ciatis
384 2200 399 2223 ,
442 2162 707 2214 honorem
738 2168 792 2215 et
822 2161 1181 2215 reverentiam
1214 2159 1495 2222 deferatis.
1524 2160 1786 2215 esurienti

198 2252 411 2313 cibum,
446 2252 651 2307 sitienti
680 2252 959 2322 poculum,
1004 2251 1154 2305 nudo
1196 2251 1598 2313 indumentum,
1638 2267 1787 2323 aegro

202 2344 595 2407 ministerium,
650 2346 937 2415 peregrino
988 2342 1307 2413 hospitium,
1359 2352 1412 2399 et
1464 2345 1516 2397 in
1567 2360 1789 2400 carcere

199 2437 382 2505 posito
411 2436 728 2492 necessaria
770 2436 1116 2500 ministretis,
1149 2444 1203 2490 et
1247 2435 1351 2490 hoc
1378 2445 1465 2491 est
1494 2436 1637 2506 quod
1664 2452 1789 2492 vere

204 2527 314 2583 Deo
345 2530 585 2584 delatum
619 2530 982 2600 reputabitur.
1014 2528 1139 2585 Haec
1175 2538 1351 2584 autem
1396 2529 1450 2583 in
1483 2537 1689 2584 tantum
1720 2529 1786 2584 ad

202 2621 468 2677 honorem
503 2622 594 2678 Dei
626 2622 881 2691 imaginis
905 2622 1125 2686 cedunt,
1151 2632 1212 2675 ut
1247 2621 1339 2691 qui
1369 2620 1473 2676 ista
1504 2635 1612 2675 non
1645 2620 1789 2676 fece-

200 2713 294 2773 rit,
330 2714 717 2767 contumeliam
741 2712 965 2784 imagini
992 2713 1187 2767 divinm
1216 2713 1466 2767 intulisse
1505 2711 1785 2766 credatur.

200 2805 337 2869 Quis
360 2820 492 2873 ergo
520 2805 620 2859 iste
656 2806 828 2859 honor
850 2805 942 2860 Dei
967 2813 1071 2865 est.
1106 2821 1203 2875 per
1230 2804 1470 2875 lapideas
1492 2811 1546 2859 et
1582 2804 1788 2874 ligneas

204 2896 411 2950 formas
441 2898 779 2967 discurrere,
800 2907 855 2952 et
877 2900 1066 2953 inanes
1092 2906 1256 2969 atque
1277 2897 1557 2952 exanimes
1586 2896 1788 2969 ﬁguras

206 2998 465 3059 tanquam
497 2991 719 3044 numina
743 2990 1010 3053 venerari,
1040 2998 1093 3043 et
1139 2988 1411 3043 hominem
1438 2987 1493 3042 in
1524 3003 1633 3058 quo
1661 3004 1789 3043 vere

205 3081 381 3152 imago
413 3080 507 3135 Dei
553 3089 635 3136 est
679 3080 974 3150 spernere?
1016 3081 1125 3134 imo
1173 3081 1354 3150 potius
1404 3080 1540 3134 certi
1588 3086 1785 3144 estote,

1896 584 2117 656 quistis,
2142 579 2287 652 quod
2320 594 2427 633 non
2451 573 2759 631 adorastis?
2791 570 2983 632 solem,
3017 568 3221 630 lunam,
3255 566 3464 627 stellas,

1896 655 2115 744 aquam,
2145 680 2365 732 terram,
2397 675 2631 728 montes,
2663 662 2911 718 arbores.
2947 656 3174 727 lapides,
3194 655 3463 715 homines,

1897 766 2028 820 nihil
2062 765 2255 819 horum
2286 768 2371 816 est
2412 756 2557 828 quod
2598 770 2705 808 non
2735 748 3027 806 adorastis.
3060 745 3311 816 Oportuit
3336 759 3467 813 ergo

1891 859 2048 928 juxta
2090 870 2277 909 vocem
2308 859 2541 906 vestram
2588 845 2723 900 nihil
2771 843 2965 896 horum
2997 838 3109 893 fieri
3160 853 3190 891 a
3234 836 3362 928 Deo,
3396 850 3465 889 ne

1895 946 2170 1001 haberetis
2217 941 2364 1014 quod
2414 939 2649 1010 possetis
2684 934 2953 1000 adorare;
2992 930 3086 985 sed
3118 944 3182 983 ne
3214 927 3464 981 homines

1894 1039 2111 1109 quidem
2165 1037 2312 1106 ipsos
2362 1048 2484 1087 esse
2522 1029 2783 1099 oportuit,
2826 1025 2920 1095 qui
2972 1022 3283 1077 adorarent.
3324 1017 3463 1071 Vere

1894 1131 1997 1185 hoc
2028 1137 2113 1185 est
2142 1127 2284 1198 quod
2323 1123 2600 1181 desiderat
2640 1120 2729 1174 ille
2772 1118 2864 1188 qui
2895 1118 3035 1170 intra
3068 1129 3166 1168 vos
3190 1113 3318 1165 latet
3347 1125 3465 1165 ser-

1891 1238 2047 1293 pens,
2077 1221 2209 1275 nulli
2234 1228 2473 1273 vestrum
2501 1214 2695 1284 parcit,
2732 1211 2941 1266 nullum
2987 1206 3098 1261 vult
3136 1204 3367 1274 effugere
3396 1200 3464 1255 de

1891 1316 2151 1381 interitu;
2190 1313 2285 1368 sed
2336 1300 2447 1365 non
2498 1309 2572 1362 ita
2605 1306 2729 1361 erit.
2778 1301 2973 1356 Audite
3001 1298 3169 1359 enim,
3194 1296 3319 1366 quia
3353 1309 3461 1347 non

1890 1406 2158 1475 delinquit
2191 1403 2321 1456 illud
2353 1399 2499 1471 quod
2529 1398 2810 1457 adoratur,
2855 1393 2950 1448 sed
3002 1392 3092 1445 ille
3121 1389 3211 1460 qui
3248 1388 3460 1443 adorat.

1886 1497 2103 1554 Justum
2136 1510 2369 1563 namque
2396 1500 2480 1548 est
2509 1489 2652 1561 apud
2698 1487 2865 1543 Deum
2892 1483 3182 1555 judicium,
3215 1490 3268 1535 et
3305 1480 3464 1534 aliter

1890 1589 2145 1660 injuriam
2179 1587 2470 1657 patientem
2498 1583 2728 1653 judicat,
2760 1581 2916 1633 aliter
2949 1576 3292 1630 inferentem.

1960 1677 2126 1735 XXV.
2156 1678 2261 1734 Sed
2292 1678 2433 1732 dicis
2465 1696 2478 1730 :
2511 1673 2809 1744 Oportebat
2834 1685 2964 1741 ergo
2990 1683 3084 1724 eos
3111 1666 3203 1736 qui
3234 1665 3465 1719 adorant

1889 1776 2036 1846 quod
2066 1790 2173 1828 non
2208 1773 2332 1827 licet
2362 1768 2603 1831 adorari,
2632 1767 2813 1819 statim
2848 1763 3041 1833 pcrimi
3073 1775 3102 1813 a
3134 1759 3264 1821 Deo,
3303 1774 3369 1812 ne
3410 1764 3464 1811 et

1820 1844 1861 1898 Β
1891 1844 2037 1923 alius
2072 1868 2175 1921 hoc
2206 1864 2429 1918 faceret.
2457 1859 2562 1916 Sed
2599 1873 2780 1913 nonne
2803 1872 2863 1911 es
2895 1864 2951 1908 tu
2978 1852 3298 1925 prudentior
3327 1848 3460 1912 Deo,

1889 1969 1949 2015 ut
1978 1960 2027 2013 ei
2054 1956 2283 2013 consilia
2311 1968 2571 2024 suggeras
2604 1949 2685 2003 “?
2712 1950 2815 2004 scit
2844 1948 2934 2001 ille
2954 1945 3083 2016 quid
3120 1943 3301 1997 faciat.
3334 1941 3464 1996 Om-

1888 2053 2052 2107 nibus
2080 2049 2281 2105 etenim
2326 2047 2382 2100 in
2425 2042 2732 2115 ignorantia
2764 2040 2956 2111 positis
2981 2036 3297 2108 patientiam
3326 2048 3464 2105 prte-

1888 2154 2023 2207 stat.
2052 2146 2177 2215 quia
2203 2141 2518 2196 misericors
2558 2146 2613 2192 et
2642 2138 2765 2207 pius
2793 2142 2898 2196 est,
2931 2140 2983 2188 et
3025 2130 3303 2201 praevidet,
3334 2127 3463 2198 quia

1888 2258 1954 2297 ex
1988 2240 2171 2310 impiis
2195 2236 2351 2291 multi
2384 2232 2689 2288 efﬁciuntur
2728 2228 2823 2300 pii,
2856 2236 2908 2283 et
2937 2242 3002 2280 ex
3046 2224 3180 2295 ipsis
3227 2225 3320 2292 qui
3361 2222 3463 2275 im-

1888 2348 2025 2404 pura
2052 2332 2305 2402 ﬁgmenta
2332 2334 2387 2381 et
2411 2326 2645 2396 pollutas
2666 2320 2926 2391 imagines
2949 2325 3294 2380 venerantur,
3324 2331 3465 2371 none

1892 2425 2029 2481 nulli
2065 2421 2316 2479 conversi
2348 2418 2415 2471 ad
2440 2416 2631 2478 Deum,
2665 2422 2719 2468 et
2742 2420 3060 2467 revocantes
3086 2424 3145 2464 se
3167 2424 3197 2461 a
3227 2410 3463 2478 peccatis

1889 2525 1943 2572 et
1973 2520 2196 2586 agentes
2234 2512 2371 2565 bona
2402 2523 2586 2580 opera.
2614 2504 2938 2576 perveniunt
2968 2502 3033 2556 ad
3065 2503 3317 2557 salutem.
3354 2498 3462 2555 Sed

1890 2608 2203 2668 debuimus,
2229 2603 2426 2673 inquit,
2459 2600 2683 2654 omnino
2724 2610 2825 2651 nec
2870 2594 2938 2647 ad
2981 2592 3361 2663 cogitationem
3386 2589 3464 2646 is-

1888 2706 2001 2753 tam
2052 2697 2258 2759 venire,
2297 2702 2356 2748 ut
2400 2693 2514 2745 haec
2549 2690 2873 2743 faceremus.
2925 2684 3188 2755 Ignoratis
3223 2683 3350 2754 quid
3379 2689 3465 2737 est

1891 2792 2115 2847 libertas
2147 2787 2383 2849 arbitrii,
2423 2792 2479 2839 et
2528 2784 2661 2836 latet
2691 2796 2787 2835 vos
2817 2781 2947 2849 quia
2991 2779 3080 2832 ille
3130 2793 3256 2831 vere
3285 2776 3465 2831 bonus

1889 2891 1996 2947 est,
2026 2881 2120 2952 qui
2157 2896 2257 2936 suo
2279 2878 2560 2951 proposito
2587 2875 2764 2929 bonus
2795 2880 2907 2939 est;
2943 2872 3033 2941 qui
3063 2878 3242 2924 autem
3271 2883 3465 2923 neces-

1891 2976 2054 3032 sitate
2076 2972 2341 3028 retinetur
2362 2971 2413 3023 in
2446 2970 2609 3034 bono,
2643 2967 2819 3020 bonus
2844 2979 2952 3017 non
2977 2968 3152 3032 potest
3175 2961 3302 3021 dici,
3334 2959 3463 3029 quia

1892 3084 2003 3122 non
2045 3074 2130 3121 est
2174 3078 2332 3119 suum
2374 3061 2520 3132 quod
2566 3068 2670 3113 est.
2703 3056 2841 3123 Quia
2869 3070 2999 3126 ergo
3042 3054 3096 3108 in
3133 3067 3463 3122 unoquoque

209 3144 350 3244 quod
378 3175 478 3245 qui
512 3144 861 3227 homicidium
887 3172 1015 3226 facit
1046 3180 1139 3226 aut
1161 3144 1509 3235 adulterium,
1541 3180 1595 3227 et
1624 3170 1783 3242 quid-
1813 3185 1856 3241 ε
1893 3161 2120 3214 libertas
2149 3164 2234 3212 est
2260 3157 2314 3208 ill
2339 3152 2605 3245 eleCIIODe
2629 3150 2893 3205 bonorum
2918 3146 3322 3245 vehmflormili
3346 3144 3465 3245 ίβξθ

209 3267 335 3335 quid
372 3268 425 3320 in
475 3264 755 3318 hominum
788 3280 1002 3333 pinnam
1034 3265 1116 3318 vel
1170 3265 1422 3333 iniuriam
1466 3264 1692 3333 geritur,
1730 3264 1786 3317 in

205 3352 286 3407 his
318 3352 580 3406 omnibus
627 3350 721 3405 Dei
776 3351 953 3420 imago
999 3352 1255 3406 violatur.
1287 3351 1478 3421 Magna
1510 3352 1655 3406 enim
1685 3352 1788 3406 im-

205 3443 373 3513 pietas
404 3445 463 3497 in
507 3442 673 3497 Deum
719 3449 824 3506 est,
858 3442 1052 3497 laedere
1100 3444 1414 3498 hominem:
1451 3458 1611 3498 omne
1658 3459 1788 3513 ergo

203 3536 343 3603 quod
368 3535 489 3605 ipse
515 3535 623 3605 pati
656 3550 765 3588 non
791 3534 894 3598 vis,
919 3550 1041 3588 cum
1074 3534 1209 3590 facis
1235 3534 1347 3600 alii,
1374 3536 1663 3606 imaginem
1692 3534 1787 3590 Dei

202 3625 403 3695 iniquis
439 3627 771 3682 mter-oribus
818 3626 1013 3682 foedas.
1050 3628 1334 3697 lntelligite
1370 3643 1520 3698 ergo,
1545 3628 1673 3697 quia
1704 3628 1787 3681 la-

201 3719 366 3773 tentis
400 3718 741 3774 intrinsecus
775 3720 1044 3789 serpentis
1072 3728 1155 3775 est
1202 3721 1304 3775 ista
1336 3722 1633 3791 suggestio,
1662 3736 1783 3790 quae

196 3811 501 3877 persuadet
546 3811 664 3879 pios
713 3828 808 3867 vos
857 3812 1024 3865 videri
1060 3828 1238 3882 posse,
1285 3829 1410 3866 cum
1446 3813 1783 3867 insensibilia

193 3901 406 3963 colitis,
439 3908 493 3954 et
522 3916 632 3955 non
670 3902 842 3956 videri
877 3902 1092 3972 impios,
1136 3918 1258 3957 cum
1290 3903 1577 3958 sensibiles
1614 3910 1668 3958 et
1699 3917 1788 3956 ra-

194 3994 496 4048 tionabiles
531 3995 745 4050 laeditis.

265 4086 465 4142 XXIV.
493 4086 595 4141 Sed
630 4087 696 4141 ad
725 4089 838 4143 haec
862 4088 968 4142 alio
993 4088 1149 4143 nobis
1180 4104 1407 4159 serpens
1435 4103 1529 4142 ore
1561 4102 1790 4157 respon-

197 4178 285 4234 det
312 4191 366 4236 et
406 4181 575 4237 dicit:
606 4181 663 4236 Si
688 4182 905 4236 nolebat
948 4182 1061 4236 haec
1089 4197 1213 4237 esse
1248 4180 1414 4244 Deus,
1455 4180 1644 4251 utique
1676 4194 1785 4233 non

198 4280 374 4328 erant.
419 4271 672 4326 Nondum
704 4272 859 4327 vobis
880 4272 1024 4335 dico,
1050 4272 1322 4343 quomodo
1349 4272 1414 4326 ad
1438 4272 1789 4340 uniuscujus-

200 4379 305 4433 que
331 4366 539 4419 mentis
573 4365 951 4434 probationem
995 4365 1050 4418 in
1086 4365 1191 4420 hoc
1221 4364 1425 4418 mundo
1460 4364 1789 4435 permittun-

204 4463 288 4507 tur
322 4472 451 4511 esse
485 4458 655 4510 multa
685 4456 991 4524 contraria;
1026 4458 1121 4513 sed
1153 4456 1286 4511 illud
1329 4464 1414 4513 est
1462 4456 1609 4525 quod
1639 4470 1787 4508 nunc

1891 3252 1993 3308 sibi
2025 3252 2106 3305 vel
2146 3247 2368 3319 praemia
2406 3245 2489 3299 vel
2542 3243 2821 3297 interitum
2855 3238 3070 3309 quaerit.
3103 3236 3237 3300 lino,
3263 3234 3460 3305 inquit,

1891 3342 2156 3415 quidquid
2189 3339 2512 3410 cogitamus,
2550 3333 2694 3388 Dens
2740 3332 2900 3386 nobis
2944 3329 3166 3384 adducit
3204 3328 3269 3382 ad
3304 3342 3461 3381 nien-

1891 3447 2022 3493 tem.
2055 3434 2195 3501 Quid
2219 3432 2400 3502 agitis,
2425 3446 2457 3482 o
2488 3424 2769 3481 homines?
2790 3420 3210 3492 blasphematis;
3238 3420 3285 3474 si
3313 3418 3463 3473 enim

1890 3544 2051 3586 omne
2074 3526 2218 3597 quod
2268 3524 2593 3593 cogitamus,
2639 3518 2754 3587 ipse
2783 3515 2939 3569 nobis
2962 3511 3182 3567 adducit
3204 3511 3270 3565 ad
3304 3525 3460 3565 men-

1890 3632 2021 3684 tem,
2056 3620 2173 3689 ipse
2202 3632 2332 3687 ergo
2352 3613 2509 3669 nobis
2538 3608 2895 3681 cogitationes
2915 3604 3166 3660 adulterii
3198 3604 3460 3674 suggerit,

1891 3725 1944 3770 et
1974 3711 2236 3773 avaritiae,
2260 3716 2315 3763 et
2341 3702 2712 3775 blasphemiae,
2736 3698 3024 3767 omnisque
3060 3696 3324 3750 luxuriae?
3352 3694 3459 3750 De-

1892 3804 2076 3866 sinite,
2108 3815 2313 3871 quaeso,
2336 3798 2404 3851 ab
2439 3792 2751 3864 hujusmodi
2778 3790 3151 3862 blasphemiis,
3181 3798 3234 3844 et
3258 3789 3350 3860 qui
3390 3789 3463 3845 sit

1891 3897 2004 3952 Deo
2029 3896 2226 3966 dignus
2253 3892 2427 3946 honor
2466 3885 2770 3956 intelligite.
2806 3883 2916 3938 Nec
2939 3884 3161 3947 dicatis,
3196 3892 3255 3937 ut
3284 3882 3463 3938 solent

1890 3986 2112 4058 quidam
2140 3990 2405 4047 vestrum,
2437 3979 2565 4049 quia
2595 3976 2739 4032 Deus
2764 3976 3074 4029 mortalium
3114 3975 3320 4029 honore
3350 3990 3459 4028 non

1889 4077 2113 4147 indiget.
2163 4074 2256 4128 Ille
2300 4070 2520 4142 quidem
2570 4084 2697 4123 vere
2740 4067 2945 4121 nullius
2974 4065 3198 4134 indiget,
3231 4065 3326 4121 sed
3361 4080 3460 4120 vos

1893 4173 2100 4229 debetis
2131 4180 2448 4238 agnoscere,
2492 4163 2619 4233 quia
2652 4160 2807 4216 vobis
2846 4158 3067 4229 prodest
3103 4159 3276 4212 honor
3298 4173 3460 4228 quem

1890 4265 2002 4320 Deo
2033 4261 2278 4318 defertis.
2312 4256 2453 4324 Quid
2500 4255 2643 4309 enim
2677 4264 2783 4307 tam
2834 4251 3185 4314 exsecrabile,
3214 4265 3374 4320 quam
3415 4250 3463 4304 si

1892 4359 2123 4430 gratiam
2150 4353 2356 4409 referre
2386 4349 2597 4405 nesciat
2626 4348 2786 4401 homo
2810 4346 3029 4416 proprio
3051 4344 3358 4399 conditori?

1964 4448 2154 4504 XXVI.
2184 4446 2288 4501 Sed
2312 4445 2526 4506 melius,
2552 4439 2748 4511 inquit,
2777 4438 3004 4493 facimus
3025 4453 3144 4499 nos,
3167 4437 3259 4505 qui
3282 4443 3336 4489 et
3360 4436 3462 4505 ipsi

204 4545 421 4601 interim
455 4548 717 4601 convenit
739 4548 869 4609 dici,
899 4548 945 4603 si
983 4548 1283 4603 secundum
1322 4562 1417 4602 vos
1448 4561 1609 4600 omne
1636 4544 1783 4615 quod
1819 4526 1868 4586 θ
1892 4555 1946 4602 et
1974 4543 2230 4598 omnibus
2268 4552 2394 4593 cum
2442 4536 2560 4607 ipso
2587 4533 2792 4604 gratias
2840 4532 3070 4602 agimus.
3114 4528 3170 4584 In
3201 4529 3303 4583 hoc
3334 4529 3464 4582 sub»

203 4637 538 4691 adorandum
570 4647 688 4693 erat
718 4654 839 4694 esse
878 4653 991 4693 non
1035 4638 1257 4704 debuit,
1286 4638 1421 4694 nihil
1462 4653 1600 4709 pene
1629 4634 1779 4690 futu-

274 4754 317 4785 "
342 4752 507 4808 Rom.
538 4768 617 4818 χι,
644 4752 735 4809 54.

1886 4634 2194 4692 versionem
2226 4626 2420 4687 salutis
2465 4632 2659 4682 vestra:
2706 4638 2816 4678 non
2858 4622 3180 4692 intelligitis.
3222 4619 3351 4676 Tale
3375 4626 3461 4675 est

1522 4904 1899 4962 COTELERII
1933 4903 2164 4962 ΝΟΤΛΕ.

277 5051 386 5119 (24)
420 5050 487 5104 1η
526 5050 671 5105 omni
700 5051 837 5104 enim
867 5049 1165 5105 homine....
1206 5058 1255 5104 et
1296 5065 1442 5119 mens
1471 5064 1629 5117 pura.
1662 5046 1783 5103 Cle-

208 5123 424 5175 mentin.
464 5138 519 5183 x,
580 5122 629 5175 7.
672 5120 835 5173 Juxta
890 5123 1217 5176 sententiam
1269 5120 1331 5174 Β.
1382 5118 1603 5173 Maximi
1653 5135 1784 5174 cen—

206 5193 345 5244 turia
375 5193 429 5257 3,
462 5192 539 5245 De
570 5193 847 5251 charitate,
879 5208 933 5245 n.
964 5192 1034 5248 25
1068 5209 1080 5243 :
1120 5190 1453 5244 Κατέἰκόνσ.
1488 5190 1605 5259 μὲν,
1638 5192 1787 5243 πᾶσα

206 5261 363 5334 φύσις
386 5263 573 5334 λογικὴ
613 5264 727 5315 ἐστι
758 5263 851 5334 τοῦ
880 5262 1035 5316 Θεοῦ.
1069 5262 1202 5315 Καθ’
1242 5261 1495 5334 ὁμοίωσιν
1528 5260 1606 5321 δὲ,
1641 5261 1789 5334 privos

206 5331 509 5404 Maeciam.
545 5331 714 5402 άοφοί.
754 5333 796 5385 Α
837 5349 943 5387 non
986 5334 1178 5404 paucis
1202 5343 1379 5386 tamen
1412 5331 1591 5399 imago
1630 5339 1683 5384 et
1707 5331 1785 5386 si-

208 5402 457 5457 militudo
519 5404 610 5458 Dei
662 5405 716 5457 in
769 5402 1026 5466 homine,
1086 5404 1227 5457 idem
1294 5417 1418 5457 esse
1494 5408 1782 5469 putantur.

209 5469 443 5543 Eruenda
485 5475 663 5529 obiter
696 5473 962 5529 Isidorum
986 5474 1387 5543 Hispalenspm,
1417 5469 1653 5543 libroque
1697 5488 1785 5543 or-

208 5541 326 5595 dine
353 5555 741 5615 creaturarum,
776 5562 897 5615 cap.
935 5548 1058 5608 ult.,
1089 5540 1228 5598 tom.
1268 5540 1572 5610 Ib’picilegii
1596 5540 1784 5615 _Ache_-

208 5614 344 5684 riani
384 5632 435 5684 p.
468 5616 572 5670 506
609 5635 621 5669 :
665 5613 722 5669 Si
755 5610 892 5669 enim
935 5615 998 5669 de
1038 5616 1311 5681 semetipso
1349 5629 1467 5666 eam
1499 5610 1783 5684 (animam)

210 5680 346 5757 Deus
384 5680 980 5757 Tecissct,_nequaquam
1026 5680 1296 5755 passibilis
1334 5693 1383 5737 et
1422 5680 1691 5757 mutabilis
1731 5691 1783 5735 et

211 5754 399 5809 misera
425 5767 581 5811 esset.
616 5752 751 5810 Item
772 5752 915 5811 si'ex
947 5752 1202 5810 creaturis
1233 5753 1595 5822 corporalibus
1628 5752 1776 5804 illam

210 5836 452 5898 creasset,
477 5839 525 5880 et
557 5828 830 5896 corporale
861 5828 1062 5898 aliquid
1094 5829 1145 5880 in
1174 5844 1271 5880 sua
1307 5837 1500 5898 natara
1532 5823 1776 5883 haberet;

213 5904 320 5959 aut,
354 5894 561 5953 iriauam
596 5894 757 5967 (male
780 5894 1087 5968 tamquam),
1122 5899 1343 5951 calorem
1381 5894 1443 5949 de
1484 5896 1653 5964 iqnea,
1687 5904 1775 5947 aut

1884 5049 2071 5119 ﬂatum
2098 5062 2163 5101 ei:
2203 5062 2382 5119 aerea,
2401 5053 2494 5119 aut
2517 5041 2785 5095 humorem
2814 5054 2878 5094 ea:
2907 5036 3172 5119 aquatica,
3198 5044 3457 5119 autlcras-

1887 5106 2171 5174 situdinem
2202 5128 2251 5171 et
2282 5114 2603 5169 soliditatem
2635 5128 2699 5166 ea:
2735 5106 3190 5165 terrena‘maleria
3215 5106 3459 5169 haberet;

1889 5189 1979 5244 sed
2009 5191 2133 5247 quia
2163 5188 2243 5241 his
2273 5186 2512 5241 omnibus
2552 5192 2715 5245 caret,
2757 5184 3117 5247 incorporeum
3146 5177 3297 5230 illam
3350 5191 3462 5229 esse

1892 5248 2160 5313 conditam
2191 5258 2460 5319 convenit;
2491 5265 2548 5328 et
2564 5271 2653 5328 per
2674 5255 2844 5322 ipsam
2877 5248 3379 5328 incorporalitatem,
3411 5255 3460 5299 et

1891 5339 2257 5389 wtermtatem,
2302 5340 2351 5381 ct
2382 5317 2810 5397 mutabilitatem,
2853 5332 2900 5397 et
2931 5318 3079 5397 liberi
3124 5317 3464 5397 arbitriipo—

1891 5410 2160 5461 testalem,
2210 5387 2442 5453 eamdem
2481 5412 2597 5449 cum
2638 5393 2835 5466 angelis
2874 5390 3062 5466 hahere
3106 5387 3465 5466 substantiam

1888 5455 2482 5541 creandique‘ordinem
2543 5455 2888 5541 dignoscitur.
2945 5459 3071 5541 Hac
3120 5455 3463 5541 autemnlfei

1888 5543 2061 5612 imago
2089 5525 2350 5612 rionjleg.
2393 5525 2694 5612 imaginem]
2724 5535 2780 5587 in
2809 5532 3118 5612 a'ternitate,
3154 5525 3461 5612 similitudif

1888 5596 2023 5666 nem“
2044 5614 2097 5664 in
2127 5596 2348 5664 arbitrio
2398 5596 2558 5660 libero
2607 5596 2712 5675 (sic
2761 5600 3013 5669 restituo)
3068 5596 3349 5675 possidet:
3400 5596 3463 5648 de

1885 5701 1989 5753 qua
2020 5682 2265 5753 imaginis
2290 5680 2385 5732 Dei
2406 5668 2749 5753 similitudine
2778 5668 3028 5739 impressa
3055 5668 3300 5753 propheta
3322 5681 3463 5753 cum:

1885 5734 2161 5817 inanimi,
2195 5734 2409 5807 dicens:
2449 5749 2755 5818 «Signatum
2781 5734 2938 5815 super
2965 5734 3063 5795 nos
3092 5734 3263 5795 lumen
3289 5734 3525 5819 vultusl‘

1885 5827 1979 5880 tui.
2022 5846 2040 5877 ι
