4030 6342
651 346 795 401 15ιὸ

1507 340 1565 397 S.
1606 338 1998 397 CLEMENTIS
2037 337 2055 392 l
2096 336 2262 394 80M.
2301 334 2504 389 PONT.
2542 331 2772 390 OPERA
2810 327 3039 387 DUBIA.

3672 330 3761 383 l3“

649 460 794 516 enim
825 460 949 518 hoc.
974 459 1134 527 quale
1179 457 1224 511 si
1262 456 1387 526 quis
1415 470 1557 526 aeger
1584 455 1652 509 ad
1699 454 1963 510 medelam
1996 455 2081 509 sui
2110 469 2224 508 me-
2250 457 2297 515 Α
2323 450 2481 505 vobis
2511 448 2769 503 dicemus
2809 462 2932 520 qua:
2979 447 3033 501 in
3074 461 3131 499 re
3176 442 3331 499 sunt?
3353 442 3566 513 nunquid
3596 451 3766 500 tacentes

648 553 832 607 dicuin
870 551 1145 621 parileret
1176 549 1501 604 venenarios
1523 549 1732 609 invitet,
1765 564 1889 602 cum
1919 547 1991 601 illi
2028 562 2223 600 nocere

649 645 867 715 quidem
911 643 1144 713 possint,
1188 656 1382 696 curare
1412 656 1519 695 non
1568 641 1803 710 possint,
1839 654 2001 693 verus
2042 646 2222 690 autem

648 735 897 790 medicus
926 734 1151 789 venenis
1184 734 1399 786 illorum
1439 740 1656 787 recuset
1702 743 1801 786 sua
1831 730 2223 784 medicamenta

649 829 903 890 miscere,
937 844 1004 880 ne
1032 833 1125 878 aut
1165 824 1438 895 pernicies
1477 825 1623 877 bono
1653 830 1746 876 aut
1789 822 1997 879 sanitas
2021 836 2223 875 nocen-

646 917 795 972 tibus
819 917 1146 971 ascriliatur.
1180 912 1361 971 Dicis:
1397 914 1539 985 Ergo
1569 915 1885 985 indignatur
1905 920 1997 967 aut
2017 910 2222 966 invidet

647 1008 814 1073 Deus,
858 1012 903 1064 si
932 1023 1055 1062 cum
1097 1009 1212 1078 ipse
1247 1007 1576 1070 benefaciat,
1604 1008 1725 1061 aliis
1751 1006 1937 1077 gratiae
1977 1004 2221 1059 referan-

648 1103 780 1156 tur?
827 1100 1053 1153 Etiainsi
1098 1114 1206 1152 non
1242 1099 1576 1168 indignetur.
1615 1113 1723 1151 non
1755 1098 1871 1151 vult
1913 1103 2097 1151 tamen
2128 1110 2221 1149 er-

646 1191 791 1247 roris
822 1199 1013 1244 auctor
1040 1190 1296 1251 existere,
1332 1197 1391 1242 ut
1442 1188 1526 1242 sui
1558 1188 1742 1257 operis
1772 1187 2033 1242 beneficio
2068 1184 2220 1240 inani

648 1282 795 1339 idolo
826 1282 960 1338 fides
995 1282 1173 1337 detur.
1208 1280 1347 1347 Quid
1382 1288 1529 1335 certe
1557 1288 1664 1334 tam
1707 1280 1966 1349 impium,
1999 1286 2109 1332 tam
2134 1278 2219 1333 in-

649 1383 885 1445 gratum,
912 1387 1075 1442 quam
1117 1387 1145 1423 a
1192 1370 1302 1425 Deo
1335 1370 1657 1425 beneﬁcium
1687 1370 1947 1439 consequi
1970 1408 1985 1433 ,
2016 1376 2069 1424 et
2096 1368 2219 1423 red-

646 1467 779 1523 dere
832 1462 992 1535 lignis
1039 1478 1102 1519 ac
1159 1464 1431 1533 lapidibus
1475 1464 1744 1533 gratiam?
1792 1462 2020 1533 Propter
2071 1461 2218 1531 quod

645 1555 1089 1628 expergiscimini
1116 1564 1168 1609 et
1196 1556 1483 1626 intelligite
1510 1552 1742 1610 salutem
1772 1562 2047 1622 vestram;
2076 1552 2220 1609 Deus

643 1649 789 1705 enim
814 1647 1016 1702 nullius
1042 1647 1267 1718 indiget,
1303 1660 1480 1717 neque
1526 1644 1727 1716 aliquid
1757 1647 2010 1717 requirit,
2042 1661 2221 1716 neque

644 1742 702 1797 in
738 1740 921 1811 aliquo
954 1740 1191 1804 laeditur,
1223 1738 1317 1795 sed
1350 1755 1453 1794 nos
1482 1755 1674 1795 sumus
1703 1740 1796 1809 qui
1831 1747 1927 1793 aut
1962 1740 2219 1809 juvamur

2327 544 2655 598 annuntiare
2695 555 2991 610 possumus
3029 536 3345 591 veritatem?
3379 534 3495 600 Quae
3518 544 3639 599 sunt,
3664 538 3765 591 aliter

2327 650 2491 707 quam
2526 643 2676 697 sunt,
2710 631 2955 703 proferre
2996 629 3286 685 nescimus.
3326 626 3464 694 Quod
3492 627 3531 681 si
3555 635 3765 695 taceamus,

2326 738 2548 783 causam
2584 726 2741 780 vobis
2787 722 3108 794 perniciosae
3138 719 3441 792 ignorantia:
3470 734 3558 773 nos
3577 718 3765 781 dabimus,

2325 826 2380 874 et
2401 817 2807 874 satisfaciemus
2832 815 3016 869 latenti
3048 815 3189 868 intra
3210 828 3304 867 vos
3328 820 3378 865 et
3396 810 3624 865 obsidenti
3643 827 3769 867 senats

2325 920 2537 967 vestros
2570 909 2829 979 serpenti.
2856 908 2950 979 qui
2982 908 3098 961 haec
3128 906 3281 961 vobis
3308 904 3485 958 callide
3512 904 3714 973 suggerit.
3736 914 3771 956 ιιι

2325 1017 2541 1072 semper
2583 1016 2682 1057 vos
2728 1001 2984 1056 inimicos
3035 999 3200 1053 faciat
3246 996 3371 1053 Deo.
3401 994 3493 1049 Sed
3520 1010 3605 1051 nos
3637 996 3685 1048 ad
3709 996 3769 1049 hoc

2324 1096 2477 1151 missi
2513 1112 2727 1157 sumus,
2770 1103 2830 1149 ut
2868 1095 3164 1165 prodamus
3198 1090 3349 1144 vobis
3391 1089 3596 1144 latebras
3618 1089 3718 1155 ejus,
3740 1098 3771 1143 et

2324 1189 2671 1245 absolventes
2715 1186 3034 1242 inimicitias
3082 1181 3483 1239 reconciliemus
3522 1195 3604 1235 vos
3622 1177 3715 1241 Deo,
3738 1190 3773 1233 ut

2324 1283 2393 1335 ad
2423 1281 2604 1349 ipsum
2635 1276 3034 1333 convertamini
3068 1282 3120 1329 et
3162 1273 3415 1343 placeatis
3445 1271 3489 1325 ei
3529 1271 3573 1324 in
3600 1271 3775 1340 cperibus

2324 1372 2507 1427 bonis.
2538 1368 2842 1424 Inimicitiae
2883 1381 3121 1437 namque
3162 1373 3289 1420 sunt
3330 1361 3521 1417 homini
3562 1360 3615 1415 ad
3640 1360 3774 1424 Deum,

2323 1463 2717 1522 irrutionabilis
2757 1470 2813 1517 et
2856 1460 3056 1532 impius
3104 1473 3299 1515 sensus
3329 1470 3621 1526 pravumque
3645 1471 3776 1525 propo-

2320 1536 2513 1620 situm,
2551 1554 2789 1608 maxime
2822 1568 2946 1606 cum
3002 1550 3222 1605 videtur
3270 1547 3369 1604 sibi
3404 1546 3529 1602 scire
3568 1545 3716 1617 aliquid
3743 1556 3778 1602 et

2321 1654 2409 1702 est
2453 1647 2509 1701 in
2544 1643 2871 1717 ignorantia.
2927 1641 3031 1697 Ubi
3078 1649 3260 1695 autem
3313 1638 3520 1708 ahjectis
3555 1637 3622 1691 his
3653 1638 3777 1692 eadem

2321 1739 2481 1795 vobis
2518 1738 2732 1808 placere
2776 1735 3045 1806 ceperint
3072 1748 3193 1804 qua:
3219 1731 3327 1786 Deo
3358 1730 3567 1801 placent,
3588 1736 3629 1783 et
3653 1729 3777 1784 eadem

646 1841 740 1889 aut
775 1805 1023 1887 laedimur
1057 1832 1111 1885 in
1145 1846 1209 1886 eo
1261 1832 1407 1901 quod
1457 1832 1595 1903 grati
1652 1805 1746 1885 aut
1777 1805 1977 1902 ingrati
2007 1847 2216 1887 sumus.
2251 1805 2294 1860 Β
2326 1805 2619 1903 displicere
2649 1830 2828 1894 vobis,
2863 1805 3030 1897 atque
3056 1840 3122 1881 ea
3154 1823 3429 1895 cmperitis
3458 1822 3575 1877 velle
3599 1836 3686 1892 qua
3703 1820 3779 1875 vult

642 1923 780 1980 Nam
832 1922 942 1978 Deo
989 1922 1122 1992 quid
1154 1922 1436 1977 confertur
1476 1937 1540 1977 ex
1571 1923 1825 1978 laudibus
1856 1924 2098 1978 nostris?
2130 1930 2223 1977 aut

643 2015 774 2086 quid
808 2015 1055 2069 aufertur
1086 2029 1152 2069 ex
1181 2014 1572 2084 blasphemiis?
1613 2014 1720 2070 nisi
1750 2014 1897 2085 quod
1931 2014 2074 2070 Deus
2104 2014 2223 2068 ani-

642 2124 788 2164 mam
830 2107 933 2162 sibi
966 2108 1169 2176 gratias
1198 2113 1469 2177 agentem,
1502 2107 1804 2177 proximam
1842 2106 1945 2162 sibi
1976 2114 2031 2161 et
2066 2106 2224 2161 fami-

643 2203 832 2257 liarem
865 2200 1017 2264 facit,
1049 2201 1313 2270 ingratam
1346 2214 1474 2254 vero
1505 2201 1682 2254 malus
1715 2199 1957 2270 possidet
1986 2200 2218 2257 daemon.

712 2290 929 2349 XXVII.
965 2291 1068 2347 Sed
1099 2299 1153 2347 et
1186 2291 1319 2347 illud
1357 2292 1500 2348 seire
1532 2307 1632 2347 vos
1678 2293 1818 2355 volo,
1852 2293 1997 2362 quod
2030 2292 2224 2347 adver-

643 2402 765 2442 sum
797 2384 1112 2455 liujusmodi
1144 2384 1356 2439 animas
1390 2401 1503 2439 non
1531 2385 1648 2456 ipse
1681 2384 1820 2441 Deus
1854 2401 1951 2457 per
1976 2402 2034 2441 se
2067 2385 2225 2440 ultio-

642 2495 766 2535 nem
796 2478 1022 2549 profert,
1059 2477 1152 2533 sed
1185 2478 1439 2533 universa
1470 2489 1721 2532 creatura
1752 2477 1873 2547 ejus
1902 2477 2138 2548 insurgit
2168 2485 2223 2533 et

641 2585 833 2642 pmnas
865 2569 931 2624 de
984 2569 1167 2639 impiis
1216 2568 1419 2635 sumit;
1469 2577 1522 2623 et
1566 2569 1817 2639 quamvis
1868 2569 1922 2623 in
1966 2569 2221 2639 praesenti

644 2663 851 2719 sanctilo
882 2660 975 2718 Dei
1011 2661 1230 2716 bonitas
1258 2660 1543 2730 aequaliter
1577 2660 1686 2732 piis
1709 2667 1763 2715 et
1791 2661 1973 2732 impiis
2030 2660 2220 2715 mundi

641 2754 819 2809 lucem
872 2765 935 2806 ac
992 2760 1148 2806 terra:
1190 2751 1495 2806 ministeria
1544 2748 1827 2822 largiatur,
1881 2762 2058 2807 tamen
2109 2764 2220 2808 non

642 2845 852 2915 absque
872 2843 1061 2898 dolore
1094 2844 1179 2896 sui
1208 2842 1385 2896 lucem
1415 2843 1499 2897 sol
1528 2843 1711 2913 impiis
1741 2843 1965 2914 praebet,
1999 2851 2219 2898 caetera.

641 2950 748 3004 que
781 2935 1053 2989 elementa
1080 2933 1340 2989 exhibent
1373 2934 1715 2990 servitutem.
1760 2933 2007 3006 Denique
2048 2937 2220 2993 inter-

641 3027 770 3082 dum
816 3028 981 3080 etiam
1034 3033 1226 3080 contra
1264 3026 1564 3081 bonitatem
1605 3026 1957 3092 Conditoris,
1994 3028 2218 3101 fatigata

643 3116 942 3173 sceleribus
984 3116 1277 3187 impiorum
1325 3117 1619 3171 vincuntur
1659 3120 1947 3183 elementa,
1982 3127 2037 3174 et
2092 3121 2219 3178 inde

639 3218 727 3266 est
757 3208 904 3280 quod
946 3218 1040 3263 aut
1072 3217 1234 3264 terra:
1264 3207 1479 3265 fructus
1518 3211 1906 3282 corrumpitur,
1950 3219 2045 3266 aut
2075 3215 2220 3270 aeris

641 3301 938 3372 temperies
970 3308 1290 3365 temeratur,
1321 3309 1417 3355 aut
1454 3317 1620 3374 supra
1669 3303 1889 3358 modum
1934 3305 2099 3360 ardor
2129 3321 2221 3361 so-

640 3391 712 3448 lis
748 3391 1079 3455 incenditur,
1131 3392 1216 3447 vel
1261 3392 1519 3447 imbrium
1563 3408 1628 3449 ac
1677 3395 1941 3466 frigorum
1990 3398 2076 3452 vis
2116 3398 2222 3452 im-

640 3499 831 3539 mensa
863 3483 1204 3541 diffunditur.
1247 3483 1376 3540 lude
1424 3486 1564 3550 lues,
1610 3495 1664 3542 et
1693 3487 1866 3544 fames
1887 3529 1903 3554 ,
1934 3497 1989 3545 et
2028 3490 2219 3548 mortis

641 3576 813 3632 facies
844 3577 1060 3632 diversa
1109 3578 1410 3647 percurrit.
1451 3578 1678 3633 festinat
1705 3581 1851 3636 enim
1884 3586 2135 3637 creatura
2162 3583 2219 3639 in

640 3667 840 3738 impios
883 3683 1101 3724 movere
1144 3670 1469 3726 vindictam.
1512 3670 1605 3726 Dei
1640 3679 1823 3727 tamen
1874 3674 2095 3731 bonitas
2132 3692 2220 3732 re-

640 3759 828 3828 primit
857 3773 998 3822 eam,
1025 3767 1079 3814 et
1108 3760 1176 3814 ab
1207 3760 1583 3832 indignatione
1631 3762 1922 3834 impiorum
1957 3766 2217 3836 refrenat,

638 3867 707 3906 ac
736 3867 849 3906 sua:
888 3852 1285 3908 misericordia:
1320 3853 1544 3909 obedire
1594 3856 1768 3925 cogit,
1823 3857 2001 3928 magis
2052 3874 2216 3929 quam

641 3942 882 4014 peccatis
915 3942 1203 3997 hominum
1224 3951 1277 3999 et
1300 3945 1600 4000 sceleribus
1630 3945 1993 4014 inﬂammari;
2028 3964 2219 4019 exspe-

638 4035 754 4084 ctat
783 4028 929 4083 enim
963 4031 1225 4100 patientia
1258 4030 1373 4096 Dei,
1403 4031 1532 4087 dum
1581 4033 1638 4087 in
1680 4033 1787 4091 hoc-
1809 4050 2038 4106 corpore
2066 4044 2215 4104 sunt,

639 4118 921 4174 hominum
949 4122 1387 4177 conversionem.

713 4210 950 4267 XXVIII.
979 4212 1133 4279 Quod
1165 4214 1217 4269 si
1240 4217 1332 4286 qui
1362 4216 1429 4271 ad
1456 4218 1662 4273 exitum
1703 4219 1826 4275 vitae
1864 4221 1917 4275 in
1944 4222 2219 4290 impietate

637 4307 999 4375 perstiterinl,
1034 4316 1147 4362 tum
1165 4310 1279 4379 jam
1312 4310 1600 4369 discedens
1629 4314 1817 4368 anima.
1845 4331 1965 4386 quae
1993 4316 2219 4370 immor-

638 4398 767 4451 talis
791 4408 897 4464 est,
924 4414 1024 4469 pro
1055 4401 1350 4470 impietatis
1377 4418 1490 4457 suae
1526 4406 1927 4472 perseverantia
1962 4407 2073 4461 luet
2099 4421 2219 4477 pa;-

641 4502 761 4542 nas.
792 4485 1135 4546 lmmortales
1161 4506 1401 4561 namque
1428 4504 1558 4548 sunt
1581 4494 1745 4548 etiam
1777 4496 2068 4566 impiorum
2097 4497 2217 4552 ani-
2248 4534 2294 4601 υ

637 4594 762 4644 mae,
784 4595 923 4650 quas
964 4581 1067 4652 ipsi
1108 4583 1341 4639 fortasse
1372 4585 1539 4640 veiint
1584 4589 1788 4656 pariter
1816 4605 1941 4643 cum
1976 4591 2218 4661 corpori-

638 4672 742 4728 bus
790 4673 912 4729 suis
948 4674 1092 4729 finiri
1137 4676 1285 4746 (25);
1336 4677 1430 4733 sed
1483 4695 1591 4733 non
1639 4679 1710 4734 ita
1762 4690 1885 4746 est,
1930 4682 2215 4752 perferunt

637 4764 783 4817 enim
814 4764 955 4835 ignis
986 4767 1174 4820 aeterni
1219 4767 1339 4823 sine
1372 4768 1477 4824 [ine
1516 4771 1802 4840 supplicia,
1840 4782 1894 4828 et
1933 4774 2001 4827 ad
2032 4776 2216 4845 perui-

637 4855 777 4911 ciem
813 4857 897 4911 sui
936 4866 1186 4912 naturam
1221 4877 1329 4914 non
1380 4861 1582 4917 habent
1624 4864 1912 4921 moriendi.
1949 4864 2059 4921 Sed
2100 4867 2215 4922 for-

636 4954 785 5004 tasse
812 4950 1006 5005 dicetis
1031 4950 1162 5005 mibi
1194 4969 1209 5004 ;
1240 4950 1437 5008 Terres
1466 4970 1590 5019 nos,
1620 4954 1802 5013 Petre.
1836 4955 1903 5011 Et
1937 4958 2212 5029 quomodo

710 5130 849 5186 ³³111
880 5129 1013 5205 Reg.
1040 5148 1177 5198 xvii,
1210 5150 1387 5203 xviii;
1419 5134 1541 5194 Jac.
1577 5154 1632 5201 v,
1665 5137 1754 5201 17,
1787 5137 1873 5193 18.

1903 5318 2270 5376 COTELERII

714 5490 819 5562 βε)
863 5492 1010 5566 Quas
1055 5493 1158 5566 ipsi
1187 5492 1415 5566 fortasse
1449 5494 1607 5553 velint
1634 5496 1838 5563 pariter
1866 5512 1986 5550 cum
2020 5512 2210 5566 corpo-

633 5562 779 5644 ribus
800 5564 947 5644 suis.
974 5564 1142 5631 ﬁniri.
1186 5563 1495 5644 Eleganter,
1525 5562 1773 5644 utsiilet,
1816 5566 2087 5644 Minucius
2109 5562 2221 5644 Fc;

637 5634 710 5707 iis
742 5649 757 5686 :
791 5630 901 5687 Nec
930 5635 1114 5704 ignoro
1142 5630 1417 5707 plerosque
1434 5630 1754 5692 conscientia
1774 5639 2103 5699 meritorum,
2134 5640 2211 5693 ni-

633 5703 711 5779 hil
731 5719 785 5779 se
824 5720 935 5758 esse
953 5703 1078 5779 ipost
1123 5703 1343 5762 mortem
1390 5708 1555 5779 magis
1584 5718 1766 5776 aptare
1798 5725 1956 5779 quam
1977 5708 2204 5764 credere.

642 5772 847 5829 Malunt
879 5776 1014 5829 enim
1038 5778 1301 5849 exstingui
1346 5772 1572 5850 penitus,
1616 5772 1781 5849 'quam
1810 5772 1894 5835 ἀα
1946 5780 2208 5849 supplicia

2325 1924 2492 1986 Deus,
2525 1932 2657 1979 tunc
2684 1938 2813 1978 vere
2842 1920 3006 1975 amici
3040 1919 3163 1989 cjns
3194 1916 3462 1973 dicemini.

2398 2015 2584 2072 XXIX.
2615 2015 2721 2071 Sed
2753 2013 3009 2070 fortassis
3034 2010 3206 2082 aliqui
3235 2026 3303 2065 ex
3331 2009 3476 2065 vobis
3495 2006 3778 2064 dicentzb’ihil

2324 2126 2471 2166 curm
2496 2116 2580 2165 est
2603 2107 2717 2162 Deo
2749 2106 2819 2162 de
2849 2105 3012 2162 rebus
3042 2104 3322 2163 humanis,
3344 2110 3396 2157 et
3418 2101 3556 2171 cujus
3581 2117 3632 2155 ne
3654 2100 3701 2154 ad
3716 2114 3777 2154 no-

2321 2202 2499 2257 titiam
2544 2200 2762 2272 quidem
2812 2211 3108 2269 possumus
3161 2194 3464 2266 pervenire,
3506 2191 3776 2263 quomodoai

2324 2292 2595 2348 amicitias
2646 2288 3066 2371 pprvenicmus?
3114 2286 3277 2353 Quod
3321 2287 3457 2342 Deus
3496 2301 3646 2340 curam
3684 2292 3778 2355 gent

2323 2385 2690 2441 humanarum
2720 2397 2926 2445 rerum,
2971 2380 3149 2453 ipsius
3177 2380 3368 2435 mundi
3399 2380 3661 2450 gubernatio
3680 2377 3778 2430 testis

2321 2487 2425 2541 est,
2462 2477 2551 2531 cui
2599 2476 2683 2532 sol
2730 2475 2976 2545 quotidie
3024 2472 3302 2537 deservit,
3354 2472 3438 2526 cui
3478 2470 3637 2525 imbres
3676 2467 3781 2521 mini-

2324 2572 2523 2630 strant,
2550 2564 2638 2619 cui
2680 2562 2880 2626 fontes,
2913 2562 3166 2625 flumina,
3216 2562 3470 2632 ventique
3511 2572 3555 2616 et
3579 2560 3713 2615 omnia
3733 2556 3780 2610 ia-

2323 2660 2604 2714 niulantur
2632 2658 2922 2721 elementa,
2948 2672 3068 2727 qua:
3103 2664 3318 2728 quanto
3345 2656 3539 2711 notiora
3561 2653 3780 2709 hominibus

2320 2752 2599 2815 videntur,
2629 2758 2784 2805 tanto
2816 2766 3006 2805 curam
3041 2749 3136 2805 Dei
3171 2766 3300 2806 esse
3338 2765 3460 2819 erga
3484 2749 3675 2803 homines
3692 2745 3782 2799 indi-

2320 2853 2470 2903 cant.
2506 2843 2623 2900 Nisi
2646 2844 2792 2900 enim
2816 2850 3087 2914 potestate
3113 2842 3358 2907 Excelsi,
3385 2855 3621 2912 nunquam
3644 2838 3782 2909 pelion

2321 2938 2679 2994 inferioribus
2721 2938 3130 3005 ministrarent;
3181 2946 3239 2992 et
3290 2952 3387 3008 per
3435 2936 3526 2991 hoc
3559 2949 3643 2989 non
3663 2932 3783 2986 solum

2319 3046 2508 3087 curam
2540 3030 2686 3085 Deus
2716 3046 2843 3102 erga
2874 3031 3147 3096 homines,
3186 3030 3287 3086 sed
3330 3028 3562 3101 grandem
3584 3021 3784 3097 quemdam

2322 3125 2522 3181 habere
2568 3124 2797 3180 docetur
2841 3123 3116 3187 affectum,
3168 3138 3402 3194 quorum
3446 3118 3688 3176 ministerio
3714 3125 3785 3168 tam

2321 3219 2586 3288 praeclara
2630 3217 2965 3288 mancipavit
3007 3216 3308 3273 elementa.
3341 3214 3488 3283 Quod
3513 3219 3655 3267 autem
3675 3208 3785 3263 etiam

2320 3309 2390 3363 ad
2423 3309 2696 3363 amicitias
2739 3308 2832 3364 Dei
2872 3308 3197 3380 perveniant
3223 3309 3486 3370 homines,
3512 3302 3702 3371 exemplo
3721 3311 3786 3351 no-

2320 3403 2407 3459 bis
2438 3410 2566 3458 sunt
2596 3403 2650 3457 lii
2682 3418 2917 3473 quorum
2945 3402 3205 3473 precibus
3246 3412 3447 3456 tantum
3474 3396 3655 3454 indulsit
3681 3392 3725 3453 ³⁸.
3748 3397 3785 3443 nl

2320 3494 2602 3550 clauderet
2630 3494 2899 3549 imbribus
2925 3493 3125 3550 (uelum
3173 3510 3304 3550 cum
3350 3493 3549 3553 vellent,
3572 3498 3616 3543 et
3639 3497 3784 3539 l'lll'SlllI

2322 3603 2447 3644 cum
2489 3595 2737 3659 peterent
2785 3588 3089 3652 relaxaret;
3120 3594 3177 3642 et
3227 3586 3397 3641 multa
3427 3586 3518 3639 alia
3546 3582 3782 3636 voluntatem

2322 3695 2475 3736 suam
2507 3679 2835 3734 facientibus
2868 3679 3144 3749 praestitit,
3174 3694 3303 3749 quae
3330 3693 3433 3733 non
3473 3675 3561 3730 nisi
3598 3667 3782 3726 amicissi-

2320 3772 2427 3827 mis
2468 3779 2877 3842 praestarentur.
2935 3771 3042 3826 Scd
3087 3770 3241 3826 dices
3270 3790 3285 3827 ε
3318 3769 3453 3837 Quid
3502 3767 3622 3822 enim
3644 3761 3785 3817 luditur

2320 3858 2488 3925 Deus,
2521 3862 2569 3917 si
2608 3870 2662 3918 et
2690 3862 2795 3918 ista
2843 3862 3094 3917 colantur
3122 3878 3153 3917 a
3187 3863 3383 3918 nobis?
3410 3860 3463 3916 Si
3494 3860 3598 3930 quis
3620 3862 3783 3909 vestrum

2321 3954 2587 4010 honorem
2633 3955 2772 4025 patri
2821 3953 3089 4018 debitum,
3126 3971 3156 4009 a
3197 3972 3309 4027 quo
3356 3954 3564 4026 plurima
3602 3944 3784 4004 beneﬁcia

2320 4055 2655 4104 consecutus
2673 4055 2779 4110 est,
2812 4047 2907 4102 alii
2930 4047 3167 4112 deferat,
3187 4057 3245 4104 et
3268 4048 3494 4103 alienum
3515 4051 3644 4112 atque
3664 4047 3785 4093 extra-

2320 4154 2484 4194 neum
2516 4139 2673 4210 quasi
2705 4150 2911 4209 patrem
2957 4140 3141 4205 colat,
3178 4155 3295 4196 non
3324 4140 3415 4195 tibi
3444 4137 3623 4192 videtur
3642 4128 3781 4199 impius

2320 4233 2559 4287 existere
2590 4232 2649 4286 in
2676 4241 2907 4302 patrem,
2964 4239 3019 4287 et
3041 4232 3473 4288 exheredatione
3495 4216 3785 4297 dignissimus?

2393 4320 2560 4376 XXX.
2592 4322 2699 4376 Alii
2734 4322 2965 4377 dicunt:
2995 4322 3225 4392 lmpium
3257 4330 3343 4377 est
3369 4320 3493 4392 (26),
3522 4318 3667 4372 sinon
3690 4310 3784 4365 cola-

2319 4429 2447 4468 mus
2471 4429 2533 4469 ea
2564 4428 2692 4484 qlia:
2716 4414 2875 4470 nobis
2915 4414 3116 4469 tradita
3147 4423 3280 4469 sunt
3316 4430 3346 4468 a
3388 4411 3603 4484 patribus
3628 4402 3782 4462 nostris

2319 4511 2377 4559 et
2419 4505 2734 4574 religionem
2788 4506 3214 4575 praevaricamur
3262 4523 3291 4561 a
3341 4505 3608 4575 majoribus
3644 4498 3781 4552 datam.

2318 4593 2435 4649 Hac
2456 4594 2687 4658 ratione,
2727 4596 2773 4650 si
2815 4596 2973 4665 cujus
3005 4605 3157 4667 pater
3200 4598 3341 4652 latro
3383 4596 3496 4657 fuit,
3526 4599 3603 4647 aut
3624 4584 3783 4652 auelli“|

2320 4686 2468 4749 leno,
2502 4702 2531 4740 a
2572 4688 2822 4757 patribus
2851 4688 2953 4742 sibi
2988 4689 3245 4743 traditam
3295 4683 3687 4744 consuetudinem
3707 4690 3783 4729 mu-

2320 4786 2439 4834 tare
2472 4795 2582 4834 non
2612 4779 2793 4844 debet,
2826 4796 2927 4835 nec.
2957 4781 3025 4836 ad
3076 4783 3353 4839 meliorem
3400 4782 3529 4835 viam
3559 4792 3583 4829 a
3614 4766 3781 4845 paternis

2318 4868 2603 4924 erroribus
2634 4873 2901 4934 revocari,
2933 4881 2984 4925 et
3025 4872 3251 4942 impium
3283 4873 3506 4931 ducitur.
3532 4870 3571 4925 si
3591 4865 3687 4937 quis
3712 4872 3780 4914 non

2319 4978 2445 5018 cum
2478 4963 2797 5034 parentibus
2825 4973 3036 5035 peccet,
3082 4976 3176 5022 aut
3224 4985 3331 5023 nou
3364 4982 3480 5023 cum
3511 4964 3623 5035 ipsis
3645 4954 3780 5025 iml’ius

2334 5318 2565 5381 ΝΟΤᾹἸ.

2314 5503 2574 5583 reparari.
2610 5501 3107 5583 Ad_quem_locuin
3131 5508 3324 5583 doctus
3352 5488 3778 5583 iiiterpres'appm

2312 5573 2653 5649 consimilem
2694 5573 2963 5649 Hieroclis
2985 5578 3037 5649 in
3068 5577 3319 5633 Carmina
3352 5573 3670 5649 peragam.
3712 5633 3736 5649 Δ.

2383 5642 2495 5713 (26)
2533 5644 2646 5697 Alii
2692 5646 2876 5700 dicunt
2904 5663 2924 5701 :
2979 5648 3207 5711 [mnium
3257 5660 3354 5713 est,
3395 5642 3773 5713 ἒιεᾙειαηεκξίέο

2594 5713 2841 5775 Videnda
2890 5702 3113 5777 οωιιιιίσ
3170 5702 3421 5791 Epistula
3450 5719 3502 5774 s.
3562 5712 3655 5768 mu
3699 5702 3772 5768 δι,

2330 5799 2403 5838 ID.
2447 5800 2505 5843 Π.
