4030 6342
226 254 371 310 13ιὸ

1429 257 2001 317 RECDGNITIONUM
2040 260 2168 316 LIB.
2214 260 2277 317 ν.

3351 259 3373 313 l
3386 257 3490 314 546

224 375 558 438 perseveret.
585 368 690 424 Alii
720 369 912 425 dicunt
947 389 960 424 :
988 369 1107 425 Non
1140 370 1408 428 debemus
1439 374 1652 429 molesti
1689 386 1813 428 esse
1843 374 1889 431 Α
1917 374 2049 442 quid
2081 375 2188 430 nisi
2221 390 2344 445 quae
2372 370 2631 437 libidinis,
2664 388 2786 444 quae
2814 369 3110 442 injustitiac,
3141 386 3262 444 quae
3301 372 3491 428 crude-

224 460 358 525 Deo,
390 471 446 516 et
475 462 654 533 ipsum
685 478 902 533 semper
922 472 1017 517 aut
1046 465 1391 521 miseriarum
1424 467 1682 536 querelis.
1715 476 1809 523 aut

225 555 552 624 petitionum
580 565 890 609 nostrarum
920 558 1338 613 necessitatibus
1358 574 1605 615 onerare.
1632 560 1806 625 Quam

223 648 393 700 stulta
440 655 494 701 et
543 648 749 717 absque
802 648 952 702 omni
1002 649 1115 703 sale
1152 649 1469 718 responsio!
1518 649 1805 705 Molestum

221 734 336 791 Deo
388 746 571 808 putas.
605 740 651 793 si
700 738 749 793 ei
799 754 900 809 pro
949 739 1227 796 beneﬁciis
1276 741 1393 796 suis
1420 743 1625 811 gratias
1654 757 1804 811 agas,

218 828 311 883 cui
342 831 631 886 molestum
665 845 773 885 non
804 840 993 901 putas,
1032 834 1078 887 si
1125 848 1223 902 pro
1257 833 1430 903 ipsius
1461 834 1801 900 muneribus,

219 920 386 991 lignis
437 930 493 975 et
542 922 814 992 lapidibus
864 924 1071 993 gratias
1124 917 1365 979 referas?
1397 925 1459 979 Et
1504 927 1801 995 quomodo,

220 1028 348 1067 cum
382 1011 520 1067 forte
550 1013 725 1068 imber
756 1014 915 1085 longa
946 1013 1238 1071 serenitate
1276 1016 1653 1084 suspenditur,
1684 1031 1803 1071 om-

218 1122 321 1163 nes
350 1107 415 1161 ad
460 1109 659 1162 cmlum
691 1109 879 1164 oculos
909 1110 1206 1173 tendimus,
1234 1116 1289 1164 et
1321 1110 1391 1163 ab
1429 1113 1801 1179 omnipotente

218 1198 333 1255 Deo
365 1202 670 1271 pluviarum
717 1218 944 1258 munera
988 1204 1319 1274 flagitamus,
1351 1218 1646 1272 omnesque
1671 1218 1798 1257 cum

216 1292 485 1361 parvulis,
537 1292 603 1347 ad
648 1292 816 1347 Deum
870 1294 1027 1350 fusis
1066 1294 1358 1364 precibus,
1418 1295 1797 1353 miserationes

216 1383 392 1453 ipsius
420 1385 757 1441 exoramus?
796 1385 902 1440 Sed
946 1401 1135 1441 revera
1177 1387 1403 1457 ingratae
1435 1387 1630 1442 animm
1670 1404 1795 1447 cunt

213 1474 652 1545 impetraverint,
698 1477 809 1532 cito
862 1478 1301 1546 obliviscuntur;
1348 1480 1595 1535 collectis
1650 1481 1793 1537 enim

212 1568 489 1621 messibus
517 1575 611 1621 aut
640 1567 951 1633 vindemiis,
974 1570 1237 1623 continuo
1265 1570 1333 1624 ad
1366 1569 1531 1627 surda
1561 1578 1615 1624 et
1645 1578 1794 1629 muta

210 1656 510 1709 simulacra
562 1656 831 1726 primitias
883 1658 1100 1729 frugqu
1158 1659 1447 1723 deferunt,
1480 1667 1535 1714 et
1567 1677 1666 1730 pro
1706 1662 1792 1719 his

1909 464 2076 520 litatis
2099 478 2228 521 sunt
2253 474 2569 536 Operentur,
2603 473 2657 519 et
2697 464 2762 518 ad
2799 465 2979 519 omnia
3011 480 3109 519 vos
3140 464 3340 535 quibus
3386 464 3489 534 ipsi

1908 556 2271 621 delectantur,
2306 559 2562 629 subigant
2609 556 2871 613 obedire?
2913 558 3261 627 permittente
3293 571 3486 612 revera

1906 648 2010 705 hoc
2043 650 2151 705 Deo
2181 653 2291 722 pati
2324 668 2422 707 vos
2450 652 2520 707 ab
2542 653 2621 707 eis
2642 652 2795 721 justo
2823 652 3060 721 quodam
3079 652 3310 721 judicio,
3337 658 3395 704 ut
3417 666 3485 706 ex

1904 742 2025 813 ipso
2054 744 2320 799 dedecore
2343 753 2562 799 actuum
2587 759 2958 813 sensuumque
2990 751 3296 797 vestrorum
3324 743 3485 797 intel-

1905 833 2103 903 ligatis,
2148 849 2311 904 quam
2342 834 2627 904 indignum
2666 834 2737 888 sit
2778 833 3115 888 daamouibus
3147 841 3199 887 et
3231 849 3341 887 non
3372 831 3483 887 Deo

1902 941 2026 981 esse
2054 925 2350 995 subjectos.
2384 924 2522 980 Hinc
2552 934 2606 980 et
2637 926 2703 980 ad
2734 924 3026 980 indecoros
3048 935 3101 979 et
3130 925 3302 979 foedos
3326 931 3481 978 actus

1900 1034 1998 1088 per
2025 1018 2295 1086 amicitias
2326 1018 2632 1071 dmmonum
2661 1018 3011 1087 pervenitur;
3053 1017 3178 1070 hinc
3208 1032 3381 1085 usque
3414 1017 3480 1070 ad

1900 1112 2072 1181 ipsius
2102 1112 2224 1167 vita:
2253 1111 2545 1180 perniciem
2578 1110 2660 1163 vel
2694 1125 2787 1179 per
2819 1107 3089 1162 ﬂammam
3119 1108 3355 1163 libidinis
3386 1124 3480 1161 ae-

1900 1202 2134 1267 ceditur,
2164 1202 2249 1257 vel
2294 1218 2390 1271 per
2429 1201 2727 1254 iracundia:
2777 1201 2983 1254 rabiem
3018 1208 3110 1252 aut
3141 1201 3478 1253 nimietatem

1898 1295 2133 1349 tristitiae
2156 1295 2488 1366 pervenitur,
2508 1302 2567 1348 ut
2588 1307 2729 1364 saepe
2752 1300 2939 1345 notum
2963 1299 3068 1355 est,
3096 1292 3260 1344 etiam
3283 1306 3481 1345 manus

1898 1384 2001 1441 sibi
2033 1386 2283 1443 intulisse
2321 1385 2647 1449 nonnullos;
2698 1383 2865 1454 quod,
2915 1391 2974 1435 ut
3016 1383 3276 1447 diximus,
3329 1382 3477 1451 justa

1896 1477 2131 1549 quadam
2164 1478 2256 1534 Dei
2288 1480 2558 1535 sententia
2598 1477 2715 1533 ﬁeri
2745 1478 2814 1534 ab
2846 1476 2930 1529 his
2963 1491 3072 1529 non
3125 1476 3468 1546 prohibetur.

1896 1577 1957 1624 ut
1978 1578 2032 1625 et
2057 1570 2258 1642 quibus
2283 1586 2341 1625 se
2370 1569 2733 1637 subdiderint,
2767 1568 3091 1640 intelligant,
3115 1575 3170 1622 et
3199 1583 3359 1639 quem
3383 1566 3474 1622 de.

1896 1663 2167 1718 seruerint
2197 1668 2616 1731 recognoscant.

207 1760 335 1815 quae
371 1745 517 1801 Deus
545 1722 841 1814 concessit,
875 1748 929 1802 in
963 1722 1183 1820 templis
1222 1759 1317 1804 aut
1344 1753 1483 1808 lucis
1513 1722 1639 1806 vota
1670 1769 1793 1823 per-
1823 1722 1865 1777 Β
1965 1752 2205 1810 XXXIV.
2248 1722 2357 1808 Sed
2391 1752 2535 1808 dicet
2561 1752 2789 1822 aliquis:
2820 1750 3116 1805 Passiones
3150 1750 3268 1804 istae
3313 1748 3471 1803 inter:

206 1838 462 1901 solvunt,
493 1851 547 1893 et
598 1839 671 1893 ibi
703 1840 972 1895 sacriﬁcia
1005 1839 1289 1899 daemoniis
1328 1843 1597 1908 ofl‘erunt,
1630 1854 1792 1915 atque

203 1938 430 2000 accepta
462 1932 637 2002 gratia
666 1938 977 2001 permutant
1005 1934 1194 2003 gratia:
1223 1917 1572 2005 largitorem.-

280 2021 464 2077 XXXI.
505 2021 610 2077 Sed
633 2023 856 2093 quidam
881 2024 1069 2079 dicunt
1102 2045 1114 2080 :
1149 2024 1275 2082 Ητεο
1304 2028 1502 2083 ιωιὶιὶεε
1530 2030 1704 2100 gratia
1733 2038 1788 2085 et

200 2115 272 2169 ad
302 2116 621 2170 rclevandos
651 2117 865 2171 animos
914 2117 1162 2173 instituta
1182 2159 1197 2184 ,
1225 2128 1279 2175 et
1309 2121 1375 2175 ad
1407 2121 1511 2175 hoc
1541 2122 1781 2187 inventa,

200 2215 265 2264 ut
293 2207 532 2263 humana
562 2224 718 2264 mens
749 2210 1149 2282 aliquantulum
1182 2213 1331 2266 curis
1363 2222 1418 2268 et
1453 2216 1783 2271 mmroribus

198 2303 497 2356 relaxetur.
542 2301 729 2358 Videte
772 2303 1048 2375 quomodo
1101 2304 1204 2376 ipsi
1254 2315 1606 2363 accusatores
1647 2309 1781 2364 estis

197 2408 393 2447 eorum
424 2409 545 2464 quae
576 2396 785 2467 geritis.
824 2394 880 2450 Si
913 2396 1028 2451 htee
1071 2396 1286 2451 levandi
1319 2399 1573 2454 mmroris
1600 2406 1653 2453 et
1685 2400 1779 2454 Ia:—

195 2487 333 2542 titize
362 2488 639 2558 capiendae
662 2504 828 2545 causa
852 2496 1064 2560 reperta
1092 2499 1240 2553 sunt,
1262 2492 1537 2563 quomodo
1560 2492 1616 2546 in
1641 2493 1780 2549 lucis

194 2587 255 2633 et
287 2580 440 2636 silvis
474 2582 850 2637 invocationes
871 2583 1179 2638 daemonum
1203 2583 1371 2641 ﬁunt?
1396 2585 1671 2657 quomodo
1695 2586 1779 2639 in-

196 2674 320 2727 sani
360 2682 571 2729 rotatus
602 2674 910 2741 hominum,
955 2677 1341 2747 sectionesque
1380 2679 1772 2747 membrorum,

192 2774 253 2819 et
286 2766 627 2823 abscisiones
667 2768 1069 2824 verendorum?
1095 2771 1369 2839 quomodo
1412 2772 1468 2826 in
1508 2771 1592 2828 his
1625 2773 1777 2826 furor

192 2856 423 2911 rabidus
471 2858 815 2929 concipitur?
872 2859 1148 2929 quomodo
1203 2861 1467 2915 invitatur
1527 2862 1777 2917 insania?

193 2948 471 3020 quomodo
513 2952 772 3006 mulieres
804 2952 1011 3021 sparsis
1048 2951 1296 3008 crinibus
1347 2951 1653 3008 furibunda:
1686 2954 1777 3023 ja-

195 3043 455 3097 ctantur?
484 3042 627 3099 unde
674 3044 879 3099 stridor
907 3054 961 3100 et
1006 3043 1255 3100 fremitus
1305 3044 1589 3099 dentium?
1632 3045 1773 3100 unde
1800 3069 1849 3133 ο

196 3134 442 3205 mugitus
472 3134 659 3190 cordis
688 3142 744 3193 et
771 3136 1069 3201 viscerum,
1101 3144 1155 3191 et
1194 3136 1381 3191 omnia
1416 3136 1508 3190 illa
1540 3152 1663 3210 qum
1692 3137 1777 3192 vel

194 3227 473 3290 simulata,
506 3227 591 3282 vel
628 3228 793 3283 etiam
830 3227 1135 3284 ministerio
1161 3228 1470 3285 daemonum
1501 3230 1777 3300 compagi-

193 3326 345 3381 nata,
385 3317 454 3377 ad
484 3326 749 3377 terrorem
782 3319 1075 3374 stultorum
1115 3328 1170 3374 et
1199 3320 1568 3391 ignorantium
1601 3322 1776 3376 homi-

194 3423 327 3465 num
352 3408 731 3479 proferuntur?
750 3410 863 3465 lucc
887 3411 1098 3465 levandi
1120 3412 1286 3466 animi
1316 3414 1492 3487 gratia
1517 3414 1677 3478 ﬁunt,
1704 3430 1775 3470 an

192 3503 379 3571 potius
406 3503 779 3573 opprimendi?
799 3502 1051 3559 Nondum
1082 3506 1295 3561 sentitis
1319 3522 1495 3577 neque
1520 3506 1776 3578 intelligi-

192 3595 269 3650 tis
305 3596 524 3652 latentis
556 3595 698 3651 intra
744 3610 843 3651 vos
897 3598 1168 3666 serpentis
1201 3595 1317 3651 haec
1360 3612 1482 3653 esse
1511 3598 1775 3653 consilia?

190 3689 289 3759 qui
306 3703 402 3744 vos
418 3704 515 3761 per
535 3688 941 3747 irrationabiles
960 3704 1208 3745 errorum
1228 3691 1605 3761 suggestiones
1622 3706 1652 3744 a
1685 3706 1771 3745 ra-

191 3781 347 3835 tione
374 3781 620 3836 veritatis
649 3780 893 3843 abducit,
933 3790 993 3835 ut
1024 3798 1121 3837 vos
1143 3781 1391 3836 libidinis
1409 3790 1463 3836 et
1480 3785 1771 3854 concupis-

191 3874 389 3928 ccutiat
408 3888 471 3928 ac
486 3872 656 3929 totius
670 3873 957 3929 dedecoris
974 3888 1164 3930 servos
1180 3882 1363 3929 teneat
1379 3889 1442 3929 ac
1462 3876 1765 3932 ministros.

264 3962 481 4019 XXXII.
522 3962 629 4019 Sed
670 3979 771 4035 ego
814 3965 966 4019 clara
1014 3980 1112 4021 vos
1146 3980 1337 4021 omnes
1369 3966 1773 4041 praedicationis

188 4072 325 4112 voce
346 4066 646 4120 contestor,
679 4058 825 4127 quod
852 4073 883 4112 e
911 4058 1189 4112 contrario
1231 4058 1422 4128 religio
1454 4058 1549 4113 Dei
1577 4058 1645 4113 ad
1674 4074 1767 4113 so-

189 4149 475 4206 brietatem
508 4165 604 4207 vos
637 4158 858 4206 revocat
885 4157 940 4206 et
970 4149 1326 4220 pudicitiam,
1359 4165 1390 4205 a
1440 4151 1657 4209 luxuria
1703 4166 1768 4208 ac

188 4244 380 4302 furore
406 4243 562 4313 jubet
593 4259 717 4301 esse
746 4244 1114 4309 continentes,
1144 4254 1197 4301 et
1226 4259 1321 4315 per
1355 4246 1675 4315 patientiam
1703 4260 1768 4303 ac

184 4336 665 4394 mansuetudinem
692 4352 943 4393 resecare
967 4339 1152 4407 lapsus
1181 4338 1497 4400 iracundiae,
1530 4339 1767 4408 propriis

1893 1846 2022 1901 dum
2047 1844 2305 1900 accidunt
2327 1844 2491 1900 etiam
2524 1844 2610 1898 his
2642 1842 2735 1912 qui
2769 1840 2938 1895 Deum
2969 1842 3178 1895 colunt.
3227 1839 3344 1894 Non
3390 1848 3473 1894 est

1893 1951 2117 2003 verum;
2148 1936 2351 1993 etenim
2380 1950 2481 1990 nos
2522 1934 2673 1988 illum
2718 1932 2811 1987 Dei
2858 1933 3097 1987 dicimus
3128 1948 3251 1987 esse
3298 1934 3475 1987 culto-

1887 2046 2026 2095 rem,
2062 2030 2156 2100 qui
2190 2028 2526 2083 voluntatem
2558 2025 2651 2080 Dei
2677 2026 2806 2080 facit
2834 2034 2887 2080 et
2921 2026 3054 2096 legis
3088 2034 3353 2095 praecepta
3375 2040 3475 2078 cu-

1889 2122 2080 2177 stodit.
2112 2119 2269 2190 Apud
2303 2118 2473 2173 Deum
2504 2119 2651 2173 enim
2675 2134 2781 2172 non
2816 2118 2906 2171 ille
2932 2119 3026 2188 qui
3052 2118 3197 2188 apud
3220 2117 3473 2173 homines

1886 2213 2107 2269 Judaeus
2136 2212 2354 2277 dicitur,
2387 2210 2608 2267 Judaius
2639 2219 2744 2277 est,
2788 2226 2964 2280 neque
3009 2210 3101 2281 qui
3130 2210 3347 2280 gentilis
3379 2226 3471 2263 vo-

1884 2314 2061 2373 catur,
2096 2306 2185 2360 ille
2210 2304 2426 2378 gentilis
2446 2314 2529 2358 est
2546 2303 2611 2370 “,
2647 2303 2741 2359 sed
2769 2304 2859 2373 qui
2893 2302 3004 2357 Deo
3032 2302 3266 2357 credens
3300 2303 3471 2373 legem

1884 2399 2190 2471 impleverit
2223 2412 2287 2450 ac
2316 2396 2656 2451 voluntatem
2696 2394 2815 2465 ejus
2862 2394 3073 2460 fecerit,
3106 2395 3325 2450 etiamsi
3359 2410 3471 2449 non

1883 2493 1956 2547 sit
1982 2487 2552 2545 circumcisus.\’erus
2583 2487 2678 2542 Dei
2708 2488 2892 2541 cultor
2917 2497 3001 2542 est
3026 2488 3094 2554 is,
3126 2488 3220 2557 qui
3247 2503 3356 2542 non
3387 2502 3475 2543 so.

1881 2585 1995 2640 lum
2028 2584 2143 2653 ipse
2169 2598 2198 2636 a
2226 2581 2576 2651 passionibus
2605 2581 2743 2635 liber
2772 2589 2877 2646 est,
2917 2596 3104 2635 verum
3136 2589 3188 2636 et
3215 2582 3354 2636 alios
3400 2582 3467 2637 al:

1877 2674 1960 2731 eis
2002 2673 2202 2727 liberos
2234 2672 2431 2738 reddit,
2463 2672 2678 2727 etiamsi
2706 2672 2816 2726 sint
2856 2673 2930 2726 ita
2963 2688 3156 2741 graves
3184 2680 3243 2726 ut
3274 2674 3471 2727 monti-

1876 2766 1980 2820 bus
2028 2774 2413 2835 cochuentur;
2462 2779 2559 2833 per
2589 2763 2747 2818 ﬁdem
2773 2778 2878 2833 qua
2911 2762 3083 2818 credit
3119 2764 3248 2831 Deo,
3280 2772 3468 2820 trans-

1878 2857 1983 2913 fert
2006 2873 2121 2925 eas,
2153 2856 2249 2913 sed
2274 2868 2327 2912 et
2358 2865 2572 2911 montes
2600 2871 2725 2911 vere
2766 2872 2891 2910 cum
2924 2857 3214 2913 arboribus
3249 2858 3385 2923 suis,
3418 2858 3466 2913 si

1875 2966 2103 3007 necesse
2133 2951 2225 3017 sit,
2262 2966 2357 3021 per
2384 2949 2542 3004 ﬁdem
2579 2948 2840 3004 transfert
2855 2949 2916 3003 ³⁷.
2951 2948 3054 3015 Qui
3096 2958 3277 3004 autem
3312 2950 3466 3004 vide-

1878 3051 1968 3096 tur
1995 3043 2214 3113 quidem
2242 3044 2421 3097 colere
2450 3041 2638 3109 Deum,
2668 3043 2765 3097 sed
2790 3058 2963 3113 neque
2989 3042 3091 3096 ﬁde
3108 3044 3264 3112 plena
3286 3059 3468 3112 neque

1879 3134 2137 3203 operibus
2190 3134 2573 3187 mandatorum
2626 3134 2891 3199 munitur,
2928 3132 3020 3187 sed
3062 3141 3146 3188 est
3185 3143 3461 3202 peccator,

1881 3242 1978 3297 pro
2010 3226 2249 3297 peccatis
2278 3227 2458 3280 locum
2488 3225 2635 3279 dedit
2668 3227 2723 3279 in
2752 3226 3052 3294 semetipso
3086 3226 3460 3295 passionibus,

1878 3334 1998 3389 quae
2026 3320 2091 3372 ad
2131 3332 2345 3388 poenam
2378 3318 2720 3388 peccantium
2756 3318 3073 3372 constitutae
3104 3326 3233 3371 sunt
3265 3334 3295 3371 a
3325 3317 3458 3383 Deo,

1877 3422 1937 3468 ut
1979 3414 2048 3469 ab
2072 3413 2153 3467 eis
2189 3428 2285 3484 per
2314 3413 2464 3467 illata
2499 3410 2768 3481 supplicia
2798 3412 3020 3481 exigant
3052 3411 3235 3464 debita
3266 3426 3462 3479 pecca-

1875 3511 2078 3570 torum,
2118 3513 2173 3558 et
2226 3503 2565 3575 purgatiores
2616 3517 2713 3558 eos
2761 3503 2827 3555 ad
2856 3502 3126 3571 judicium
3161 3502 3291 3554 illud
3339 3517 3461 3555 om—

1876 3599 2027 3654 nium
2081 3597 2333 3669 generale
2386 3596 2711 3666 perducant,
2748 3596 2794 3649 si
2827 3605 3008 3648 tamen
3040 3595 3457 3664 castigationem

1874 3706 2063 3746 eorum
2096 3706 2205 3745 non
2233 3689 2452 3744 deserat
2483 3689 2636 3743 fides.
2669 3687 2805 3741 Nam
2832 3686 3130 3741 inﬁdelium
3166 3687 3456 3757 castigatio

1873 3786 1929 3840 in
1962 3785 2214 3855 praesenti
2243 3784 2350 3837 vita
2372 3782 2641 3853 judicium
2671 3789 2777 3847 est,
2826 3796 2936 3853 quo
2984 3780 3147 3836 alieni
3218 3780 3457 3838 existere

1876 3880 2146 3950 incipiunt
2178 3894 2208 3934 a
2233 3877 2432 3933 futuris
2457 3878 2643 3943 bonis;
2670 3875 2839 3929 Deum
2873 3890 3000 3929 vero
3035 3874 3330 3930 colentium
3360 3891 3454 3929 ca—

1874 3972 2095 4044 stigatio
2125 3986 2250 4026 cum
2294 3986 2392 4042 pro
2416 3971 2655 4041 peccatis
2680 3988 2800 4041 qua:
2827 3969 3128 4024 acciderint
3158 3970 3241 4024 eis
3282 3967 3454 4022 infer-

1872 4072 1980 4131 tur,
2011 4064 2289 4118 commissi
2321 4063 2391 4117 ab
2415 4064 2495 4118 eis
2522 4063 2689 4131 exigit
2713 4064 2973 4128 debitum,
3018 4070 3076 4115 ut
3118 4061 3453 4130 praevenien-

1870 4165 1952 4213 tes
1973 4156 2241 4227 judicium
2267 4155 2319 4207 in
2344 4155 2596 4223 praesenti
2620 4155 2821 4208 smculo
2841 4153 3050 4223 peccati
3072 4153 3315 4206 debitum
3340 4151 3451 4205 sol-

1869 4258 2020 4317 vant,
2044 4255 2097 4303 et
2133 4246 2433 4300 liberentur
2468 4245 2551 4300 vel
2573 4261 2637 4299 ex
2673 4254 2829 4315 parte
2872 4244 3050 4299 media
3093 4244 3163 4297 ab
3205 4243 3446 4310 teternis,

1870 4356 1992 4411 quae
2015 4339 2127 4394 illic
2150 4346 2467 4408 prteparatae
2490 4346 2639 4402 sunt,
2666 4337 2863 4406 pmnis.

183 4444 313 4485 esse
347 4437 659 4494 contentos,
693 4437 747 4486 et
779 4432 980 4485 virtute
1010 4430 1382 4500 parcimonize,
1416 4446 1485 4485 ne
1526 4438 1766 4505 egestate
1801 4430 1842 4483 D
1942 4428 2156 4485 XXXV.
2202 4428 2305 4507 Sed
2329 4429 2441 4483 haec
2466 4429 2537 4481 ita
2563 4443 2815 4512 essenon
2838 4427 3054 4496 recipit,
3078 4426 3171 4496 qui
3195 4441 3304 4480 non
3325 4439 3449 4481 cre-

185 4522 409 4593 quidem
439 4523 754 4593 compulsos
783 4524 960 4578 aliena
1008 4522 1262 4593 diripere,
1298 4523 1391 4578 sed
1424 4524 1477 4579 in
1511 4524 1767 4579 omnibus

184 4629 407 4669 servare
432 4614 723 4683 justitiam,
748 4614 816 4669 ab
846 4614 1113 4668 idolorum
1145 4631 1241 4670 vos
1272 4616 1643 4670 immolatione
1674 4604 1767 4686 pe-

184 4703 337 4757 nitus
364 4719 677 4770 removere;
728 4722 825 4774 per
873 4720 989 4760 nzec
1035 4705 1183 4761 enim
1216 4702 1462 4761 invitafis
1489 4707 1764 4761 daemones

183 4795 253 4850 ad
300 4800 680 4867 vosmetipsos.
711 4808 765 4853 et
816 4798 1126 4853 introeundi
1176 4800 1257 4854 eis
1305 4801 1513 4856 aditum
1571 4809 1764 4872 sponte

185 4890 461 4958 prazbetis,
497 4897 551 4945 et
582 4904 645 4944 ex
679 4890 780 4944 hoc
805 4889 920 4959 jam
947 4890 1032 4945 vel
1063 4889 1266 4946 furoris
1308 4907 1505 4948 causas
1547 4894 1626 4949 vel
1667 4894 1765 4953 illi-

179 4983 277 5036 citi
306 4982 508 5036 amoris
537 4984 803 5053 accipitis.

254 5072 491 5130 XXXIII.
537 5074 673 5134 Hinc
720 5077 897 5131 omnis
940 5076 1237 5148 impietatis
1269 5079 1422 5150 origo
1454 5081 1756 5147 descendit,

181 5168 310 5220 hinc
340 5167 652 5229 homicidia.
680 5169 969 5233 adulteria,
1001 5169 1164 5230 furta.
1192 5178 1247 5225 et
1273 5172 1627 5228 seminarium
1650 5190 1761 5235 ma-

178 5259 358 5312 lorum
388 5260 628 5313 omnium
661 5258 1097 5330 flagitiorumque
1126 5262 1449 5331 concipitur,
1484 5265 1613 5318 dum
1640 5282 1761 5334 pro-

181 5356 325 5405 tams
372 5352 725 5410 Iibaminibus
761 5370 816 5407 et
844 5358 1107 5411 odoribus
1142 5358 1455 5426 indulgetis,
1482 5373 1546 5413 ac
1579 5359 1758 5415 locum

178 5443 497 5501 dominandi
522 5446 579 5501 in
605 5463 702 5502 vos
728 5459 780 5502 et
802 5449 894 5516 jus
915 5450 1316 5518 quodammodo
1340 5450 1617 5504 obtinendi
1644 5468 1757 5507 ma-

175 5536 343 5606 lignis
362 5537 651 5608 spiritibus
679 5550 841 5595 uatis.
874 5538 1109 5611 Ingressi
1131 5542 1275 5595 enim
1298 5557 1494 5597 sensus
1523 5553 1754 5605 vestros,

257 5740 301 5772 ³⁸
336 5736 495 5796 Rom.
533 5754 592 5805 ll,
626 5741 730 5808 28;
766 5739 931 5813 Apoc.
960 5755 1018 5808 II,
1050 5740 1104 5796 9.

1869 4522 1949 4578 dit
1973 4524 2215 4577 futurum
2238 4502 2785 4590 essejudicinm‘Dei,
2821 4526 2875 4573 et
2912 4519 2983 4572 ob
3024 4518 3124 4571 hoc
3162 4524 3447 4586 praesentis

1869 4615 2052 4671 saaculi
2074 4613 2446 4682 voluptatibus
2468 4612 2758 4681 obligatus,
2789 4610 2857 4665 ab
2894 4610 3111 4664 :eternis
3134 4610 3447 4664 excluditur

1867 4708 2048 4765 bonis.
2076 4705 2138 4760 Et
2169 4707 2289 4761 ideo
2313 4720 2412 4759 nos
2440 4721 2544 4757 non
2571 4704 2896 4775 negligimus
2930 4702 3229 4771 praedicare
3262 4700 3439 4766 vobis,

1868 4814 1989 4870 qua:
2014 4798 2175 4853 saluti
2196 4803 2391 4851 vestrm
2413 4795 2618 4849 scimus
2642 4810 2766 4848 esse
2789 4798 3118 4859 necessaria,
3145 4801 3198 4847 et
3236 4793 3331 4861 qui
3369 4794 3442 4847 sit

1866 4906 2030 4946 verus
2072 4887 2167 4943 Dei
2205 4890 2386 4945 cultus
2423 4888 2728 4953 ostendere,
2771 4897 2827 4940 ut
2865 4886 3152 4941 credentes
3188 4886 3297 4940 Deo
3344 4901 3441 4956 per

1864 4997 2028 5052 opera
2053 4981 2193 5035 bona
2223 4981 2445 5051 possitis
2475 4997 2578 5033 una
2605 4981 2885 5034 nobiscum
2915 4978 3081 5032 futuri
3108 4979 3291 5033 saeculi
3337 4980 3419 5032 hae

1863 5075 2020 5129 redes
2040 5074 2288 5129 existere.
2306 5073 2459 5139 Quod
2483 5074 2528 5127 si
2552 5075 2791 5127 nondum
2815 5073 2956 5143 apud
2983 5090 3078 5127 vos
3099 5080 3308 5127 certum
3330 5082 3436 5138 est,

1860 5182 1986 5221 vera
2010 5182 2131 5222 esse
2156 5182 2276 5236 qum
2297 5166 2549 5231 dicimus,
2578 5167 2793 5220 interim
2831 5183 2929 5235 pro
2974 5166 3075 5220 hoc
3111 5166 3287 5234 primo
3327 5180 3433 5221 non

1860 5261 2069 5316 debetis
2095 5276 2235 5330 :egre
2255 5260 2502 5329 accipere
2522 5267 2574 5313 et
2600 5258 2779 5314 infesti
2804 5276 2946 5326 esse,
2969 5260 3095 5330 quia
3132 5274 3251 5329 quae
3276 5270 3427 5330 puta-

1858 5370 1983 5408 mus
2017 5354 2179 5419 bona,
2222 5352 2334 5408 haec
2373 5353 2528 5409 vobis
2564 5353 2970 5417 annuntiamus,
2998 5363 3049 5406 et
3088 5353 3232 5421 quod
3276 5353 3433 5408 nobis

1860 5448 2101 5501 salutare
2147 5461 2268 5501 esse
2316 5444 2610 5509 credimus,
2650 5444 2752 5498 hoc
2794 5451 2957 5498 ctiam
2984 5444 3139 5498 vobis
3178 5444 3432 5500 conferre

1860 5556 1967 5596 non
1989 5539 2043 5593 in
2055 5538 2314 5607 videmus,
2339 5541 2507 5606 omni,
2534 5544 2594 5591 ut
2616 5537 2750 5602 dixi,
2775 5538 2956 5592 studio
2975 5537 3428 5610 Iaborantes,quo

1182 5739 1225 5771 ³⁷
1266 5739 1457 5795 Matth.
1490 5756 1625 5807 ιω,
1655 5741 1758 5809 I9;
1794 5739 1925 5795 Luc.
1960 5755 2093 5807 xm,
2133 5738 2186 5797 6.
