4030 6342
666 215 799 269 lii“

1528 217 1584 272 S.
1624 216 2019 273 CLEMENTIS
2057 217 2072 270 1
2118 216 2281 273 ΒΟΜ.
2318 216 2521 274 PONT.
2563 215 2789 272 OPERA
2832 216 3056 273 DUBIA.

3662 231 3750 286 im

659 350 974 407 cohwmdes
1017 368 1115 407 vos
1158 354 1450 421 bonorum,
1476 369 1598 425 qua:
1638 355 1743 425 ipsi
1784 356 1942 410 nobis
1978 364 2239 409 eventum
2271 347 2311 399 Α
2344 337 2513 399 tione,
2546 343 2709 404 atque
2739 335 2809 389 ita
2844 337 3031 389 turbas
3057 335 3272 399 dimisit,
3298 336 3549 395 admonens
3568 351 3612 395 ut
3628 345 3674 395 ad
3692 364 3752 400 au-

660 443 960 509 credimus,
988 444 1306 501 habeamus.
1335 445 1528 501 Utrum
1572 456 1752 501 autem
1792 462 1891 516 pro
1926 454 2076 500 certo
2116 462 2241 500 vera

661 533 770 587 sint
795 549 917 604 qua:
938 536 1330 592 annuutiamus
1358 538 1531 604 vobis,
1559 554 1667 593 non
1691 539 1853 593 aliter
1876 540 2017 594 scire
2038 538 2243 608 poteri-

659 625 753 693 tis,
778 627 884 680 nisi
909 635 966 680 ut
1007 627 1327 683 obedientes
1352 630 1437 684 his
1461 646 1583 700 qua:
1609 631 1960 694 mandantur,
1994 634 2113 699 ipso
2156 645 2242 683 re-

660 732 781 769 rum
813 717 961 771 exitu
985 726 1039 772 et
1068 719 1422 776 beatitudinis
1448 720 1758 776 certissimo
1783 720 1887 775 line
1909 720 2236 775 doceamini.

732 807 970 862 XXXVI.
1015 809 1079 862 Et
1112 810 1232 864 ideo
1268 812 1486 867 etiamsi
1537 814 1708 867 latens
1762 812 2097 866 intrinsecus
2126 827 2241 866 ser-

659 915 794 969 pens
826 914 1022 956 sensus
1050 911 1263 957 vestros
1307 904 1455 958 mille
1482 904 1811 973 depravandi
1843 903 2053 957 artibus
2077 918 2242 956 occu-

658 997 770 1059 pet,
799 1002 852 1045 et
884 992 1269 1061 impedimenta
1302 997 1449 1050 mille
1476 996 1764 1065 subjiciat,
1798 995 1996 1065 quibus
2027 1010 2056 1047 a
2094 995 2244 1049 salu-

658 1082 762 1133 tari
812 1082 1060 1137 doctrina
1111 1094 1352 1139 vestrum
1402 1085 1635 1141 declinet
1666 1086 1933 1147 auditum,
1963 1101 2029 1139 eo
2068 1085 2243 1156 magis

658 1173 929 1228 obsistere
975 1176 1024 1229 ei
1073 1176 1302 1238 debetis,
1332 1184 1386 1231 et
1424 1178 1623 1247 spretis
1650 1177 1770 1246 ejus
1798 1177 2240 1247 suggestionibus

658 1264 725 1317 ad
768 1266 1098 1320 audiendum
1149 1282 1179 1320 a
1230 1268 1388 1323 nobis
1441 1270 1666 1323 verbum
1721 1268 2234 1338 suscipiendamque

657 1353 962 1409 doctrinam
992 1357 1331 1428 frequentius
1360 1362 1672 1425 convenire,
1698 1360 1825 1430 quia
1860 1376 2017 1415 nemo
2055 1371 2234 1431 potest

658 1446 871 1502 discere
900 1450 1102 1520 aliquid
1121 1452 1210 1521 qui
1246 1467 1356 1506 non
1388 1452 1634 1508 docetur.
1658 1452 1905 1523 Cumque
1934 1452 2049 1506 haec
2073 1452 2239 1506 dixis-

659 1546 762 1600 set,
790 1540 958 1607 jussit
987 1542 1093 1596 sibi
1117 1558 1212 1598 eos
1240 1546 1331 1614 qui
1369 1545 1722 1615 languoribus
1771 1545 1855 1599 vel
1897 1544 2238 1599 daemonibus

2343 426 2603 481 diendum
2642 427 2867 481 verbum
2898 425 3086 482 diebus
3133 426 3320 496 quibus
3345 427 3461 482 inibi
3487 432 3755 490 detuoralurus

2343 528 2507 580 esset,
2546 519 2974 589 frequentarent.
3009 519 3171 589 Igitur
3210 520 3292 573 ubi
3336 522 3482 575 turba:
3518 521 3753 588 abscessere.

2343 609 2538 663 Petrus
2568 609 2723 679 aquis
2749 625 2870 679 quae
2912 610 2965 663 in
2998 608 3155 661 horto
3187 608 3400 663 ﬂuebant
3428 626 3591 681 corpus
3622 614 3756 669 diluetis

2344 717 2453 753 una
2485 716 2610 753 cum
2638 700 2851 754 cretei-is
2879 700 3204 760 volentibus.
3236 700 3369 753 humi
3392 703 3534 754 sterni
3554 703 3673 770 jussit
3696 707 3757 760 sub

2344 792 2539 845 arbore
2578 791 2811 861 quadam
2844 792 3003 861 cujus
3041 791 3225 845 umbra
3273 798 3378 845 erat
3416 792 3624 861 plurima.
3654 804 3757 849 etre-

2338 883 2596 938 cuiubere
2646 900 2747 938 nos
2801 884 3099 937 secundmu
3148 883 3373 936 ordinem
3419 884 3538 953 apud
3558 884 3758 940 Cssaream

2340 982 2602 1029 statutum
2627 976 2904 1045 praecepit.
2941 976 3115 1044 Atque
3143 975 3213 1028 ita
3242 974 3356 1027 cibo
3380 974 3760 1044 sumpto,Hebrao-

2340 1082 2459 1119 rttm
2492 1067 2598 1119 ritu
2630 1067 2833 1137 gratias
2875 1082 3044 1136 agens
3074 1065 3203 1129 Deo,
3226 1067 3345 1135 quia
3373 1066 3525 1119 adhuc
3550 1067 3760 1134 aliquantu-

2341 1160 2451 1213 lum
2487 1160 2594 1214 diei
2631 1168 2940 1229 supererat,
2968 1159 3124 1228 jubet
3174 1173 3271 1212 nos
3317 1157 3378 1211 de
3418 1158 3583 1227 quibus
3617 1160 3763 1212 velimus

2342 1254 2674 1323 percontari.
2711 1254 2959 1323 Cumque
2987 1266 3234 1307 essemus
3265 1266 3439 1305 omnes
3464 1266 3565 1303 cum
3587 1267 3632 1303 eo
3656 1252 3765 1320 vigin-

2341 1346 2405 1406 ti,
2438 1347 2732 1417 unicuique
2758 1347 2826 1402 de
2848 1362 2957 1412 quo
2978 1359 3220 1415 qurere-re
3238 1343 3398 1396 voluit
3415 1342 3766 1412 explanavit,qut.-

2342 1453 2463 1494 rum
2493 1440 2703 1509 singula
2734 1452 2963 1509 quisque
2998 1435 3195 1491 libellis
3233 1435 3580 1505 comprehensa
3604 1435 3670 1487 tibi
3692 1444 3767 1485 ante

2338 1534 2452 1605 jam
2483 1534 2631 1589 misi.
2663 1530 2903 1602 Vespere
2943 1540 3123 1584 autem
3149 1529 3257 1598 jam
3288 1528 3420 1581 facto
3445 1526 3627 1598 ingressi
3650 1526 3768 1596 hospi-

659 1631 997 1699 urgebantur
1024 1633 1230 1702 ollerri,
1262 1647 1319 1690 et
1347 1637 1609 1706 imposuit
1636 1638 1717 1692 eis
1746 1652 1943 1692 manus
1966 1652 2088 1691 cum
2118 1651 2243 1692 ora-

2118 1651 2243 1692 ora-
2274 1624 2316 1678 Β
2347 1632 2481 1685 tium
2512 1643 2636 1684 cum
2666 1630 2807 1698 ipso,
2841 1628 2956 1682 suis
2994 1625 3198 1697 quique
3224 1623 3354 1677 locis
3376 1621 3681 1693 requievimus.

1806 1912 2165 2001 LIBER
2241 1908 2743 1998 SEXTUS.

730 2208 771 2262 l.
816 2206 917 2263 Ubi
967 2223 1096 2263 vero
1141 2209 1547 2267 rarescentibus
1579 2208 1821 2265 tenebris
1852 2210 2087 2280 primum
2128 2208 2245 2263 dies

659 2299 829 2368 coepit
861 2299 1107 2369 proferre
1135 2301 1543 2368 crepusculum,
1579 2299 1775 2355 Petrus
1814 2301 2079 2355 orationis
2121 2316 2246 2371 gra-

661 2389 736 2442 tia
762 2389 982 2444 hortum
1015 2391 1318 2460 ingressus,
1350 2398 1404 2447 et
1428 2392 1555 2446 inde
1578 2393 1864 2462 egrediens
1881 2394 2241 2463 atqueingre-

660 2482 815 2536 dieus
850 2482 995 2537 velut
1023 2498 1284 2539 excusare
1300 2484 1477 2561 .nobis
1509 2484 1813 2549 videbatur,
1845 2486 1990 2554 quod
2029 2485 2239 2539 tardius

660 2574 824 2630 solito
852 2576 1114 2647 evigilans
1154 2578 1395 2633 venisset
1436 2577 1505 2631 ad
1535 2594 1656 2633 nos.
1703 2577 1895 2633 Aiebat
1925 2594 2054 2647 ergo
2085 2597 2097 2633 :
2136 2577 2236 2633 Ubi

660 2668 807 2722 veris
837 2675 1052 2738 tempus
1084 2670 1382 2739 longiorem
1409 2670 1596 2724 fecerit
1626 2670 1791 2733 diem.
1819 2687 2045 2726 necesse
2075 2680 2155 2726 est
2181 2681 2241 2725 ut

660 2775 764 2813 nos
804 2761 1020 2815 brevior
1048 2760 1177 2827 ﬁat;
1210 2762 1256 2817 si
1288 2765 1411 2832 quis
1446 2778 1577 2831 ergo
1604 2762 1912 2817 studiorum
1943 2779 2107 2819 causa
2149 2781 2243 2819 no-

659 2853 764 2906 ctis
790 2852 997 2922 aliquid
1029 2868 1299 2923 occupare
1329 2855 1623 2918 desiderat,
1671 2871 1778 2909 non
1823 2855 1876 2910 in
1908 2856 2054 2910 omni
2102 2866 2239 2914 tem-

662 2954 793 3008 pore
819 2943 1035 2997 easdem
1068 2943 1232 2999 horas
1259 2944 1553 3000 observare
1582 2945 1741 3001 debet
1772 2946 1839 3001 atl
1869 2948 2227 3019 vigilandum,

2347 2218 2401 2266 et
2432 2210 2553 2265 ideo
2583 2207 2951 2265 festinandum
2982 2217 3067 2265 est
3097 2208 3166 2262 ad
3204 2208 3442 2269 salutem,
3484 2221 3541 2259 ne
3573 2203 3672 2258 forte
3692 2218 3770 2257 cus-

2346 2309 2582 2357 ctantem
2619 2317 2769 2356 mors
2791 2300 3073 2371 repentina
3102 2300 3407 2371 praeveniat.

2414 2390 2504 2448 Ill.
2528 2390 2593 2446 Et
2613 2392 2683 2446 ob
2706 2392 2809 2445 hoc
2835 2392 3016 2447 acrius
3043 2390 3426 2446 intendendum
3442 2396 3529 2450 est,
3568 2387 3771 2440 utdumet

2341 2483 2606 2554 temporis
2631 2482 2888 2554 spatium,
2916 2484 3147 2538 collecta
3178 2483 3328 2536 make
3345 2479 3676 2537 consuetudinis
3693 2476 3770 2529 vitia

2340 2584 2680 2633 resecentur.
2714 2575 2871 2642 Quod
2902 2592 3008 2630 non
3042 2576 3205 2630 aliter
3237 2575 3407 2629 facere
3430 2573 3638 2643 poteritis,
3656 2570 3773 2622 nisiut

2342 2668 2660 2724 irascamini
2687 2666 3090 2737 quodammodo
3121 2666 3406 2722 adversum
3428 2662 3699 2731 vosmetipsos
3717 2672 3775 2726 pm

2343 2763 2429 2817 his
2485 2774 2605 2830 qua:
2638 2759 2903 2814 inutiliter
2932 2758 3187 2829 gessistis
3215 2771 3280 2810 ac
3309 2756 3529 2826 turpiter.
3555 2751 3645 2805 Haec
3676 2749 3768 2802 enim

2338 2862 2425 2911 est
2454 2854 2604 2924 justa
2632 2859 2685 2905 et
2718 2850 3026 2905 necessaria
3053 2848 3359 2911 iracundia,
3395 2860 3488 2917 qua
3517 2840 3779 2910 unusquisque

2337 2945 2394 3001 in
2426 2945 2512 2999 his
2537 2943 2736 3016 quibus
2765 2941 2964 2996 erravit
2990 2947 3045 2995 et
3075 2954 3360 3010 perperam
3392 2938 3541 3009 gessit,
3559 2933 3782 3000 indignatur

660 3033 755 3088 sed
788 3033 975 3089 eadem
1010 3038 1272 3107 temporis
1294 3038 1491 3108 spatia,
1517 3040 1631 3094 sive
1658 3038 1872 3094 brevior
1893 3042 2007 3095 sive
2024 3041 2234 3112 longior
2262 3029 2304 3087 C
2336 3049 2391 3095 et
2424 3037 2775 3106 semetipsum
2808 3034 3043 3099 incusat,
3077 3044 3144 3087 ex
3177 3047 3285 3102 qua
3318 3026 3614 3100 indignatione
3637 3034 3780 3112 accep:

661 3124 734 3180 sit
754 3125 1208 3190 nox,dormieudo
1232 3144 1576 3197 consumere,
1591 3141 1646 3187 et
1668 3147 1862 3187 curare
1885 3147 2233 3205 magnopere,

662 3234 731 3273 ne
760 3234 1096 3289 praesumens
1124 3236 1190 3276 ex
1220 3221 1305 3278 bis
1327 3223 1521 3293 spatiis
1549 3240 1668 3294 qua:
1690 3224 1890 3280 habere
1916 3224 1982 3279 ad
2011 3226 2239 3280 studen-

661 3310 791 3363 dum
825 3310 982 3378 solet,
1010 3311 1174 3366 addat
1204 3328 1400 3368 somno
1433 3321 1487 3369 et
1520 3314 1774 3386 vigilandi
1813 3323 2026 3385 tempus
2061 3315 2238 3370 itumi-

662 3407 818 3455 nuat.
851 3398 1261 3456 Observandum
1292 3419 1530 3475 namque
1574 3413 1628 3460 et
1678 3404 1813 3460 illud
1856 3418 1965 3470 est,
2000 3421 2068 3462 ne
2100 3405 2239 3460 forte

664 3492 711 3547 si
737 3493 977 3547 nondum
1000 3493 1243 3551 decoctis
1270 3497 1410 3552 cibis
1432 3498 1863 3569 interrumpatur
1882 3516 2130 3564 somnus,
2156 3501 2240 3553 in-

665 3580 938 3652 digestum
966 3600 1166 3654 corpus
1197 3596 1453 3657 aggravet.
1478 3596 1735 3655 mentem,
1763 3596 1816 3645 et
1832 3589 2030 3645 crudos
2062 3590 2239 3645 adlmc

663 3675 929 3730 exhalans
953 3678 1179 3746 spiritus
1206 3679 1519 3734 interiorem
1549 3697 1771 3736 sensum
1802 3680 2092 3736 confusum
2124 3682 2241 3735 red.

665 3765 759 3818 dat
809 3781 873 3820 ac
917 3767 1218 3823 turbidum.
1251 3767 1478 3825 Rectum
1522 3787 1653 3844 ergo
1689 3780 1773 3827 est
1814 3784 1870 3827 ut
1915 3775 2239 3843 competenti

666 3856 830 3910 etiam
861 3872 990 3927 pars
1018 3859 1119 3914 ista
1142 3861 1326 3930 quiete
1349 3863 1613 3930 foveatur,
1640 3880 1750 3935 quo
1779 3865 1953 3934 possit
1972 3864 2243 3921 sufficien-

668 3954 751 4001 ter
780 3948 866 4004 his
901 3966 1021 4021 quae
1049 3952 1154 4006 sibi
1188 3953 1456 4010 debentur
1496 3972 1697 4028 corpus
1734 3958 1986 4027 espletis,
2029 3957 2240 4027 justum

661 4038 726 4096 in
762 4042 986 4112 reliquis
1018 4044 1186 4098 menti
1220 4045 1479 4102 exhibere
1501 4049 1888 4106 ministerium.

741 4132 806 4187 ll.
848 4132 1067 4188 Etcum
1094 4134 1207 4189 haac
1242 4135 1499 4203 dixisset,
1551 4138 1802 4210 plurimis
1825 4140 1937 4209 jam
1979 4149 2244 4197 consueto

670 4221 726 4276 in
754 4223 907 4277 Iborti
952 4225 1072 4279 loco
1104 4226 1172 4281 ad
1216 4227 1546 4283 audiendum
1587 4232 1953 4302 congregatis,
1980 4233 2246 4302 processit

668 4311 886 4381 Petrus,
919 4323 974 4371 et
1005 4318 1255 4374 salutatis
1273 4335 1338 4374 ex
1362 4337 1512 4376 more
1542 4322 1717 4378 turbis
1744 4323 1924 4378 dicere
1951 4323 2055 4379 hoc
2082 4326 2244 4379 modo

669 4409 837 4478 coepit
870 4429 884 4465 :
925 4409 1191 4475 Quoniam
1226 4414 1465 4482 quidem,
1495 4416 1637 4469 sicut
1668 4423 1811 4470 terra
1849 4432 1881 4470 a
1909 4416 2119 4472 cultore
2149 4434 2244 4473 ne-

672 4504 845 4572 glecta
879 4505 1066 4574 spinas
1114 4516 1168 4561 et
1212 4509 1448 4565 tribulos
1489 4511 1804 4566 necessario
1850 4511 2123 4582 producit,
2169 4513 2244 4566 ita

674 4614 873 4654 sensus
919 4608 1096 4655 vester
1151 4600 1297 4671 longi
1350 4602 1611 4672 temporis
1658 4604 1892 4668 incuria,
1941 4606 2142 4660 multas
2192 4612 2245 4661 et

673 4691 869 4747 noxias
896 4691 1183 4761 opiniones
1207 4710 1388 4749 rerum
1407 4701 1461 4749 et
1485 4696 1871 4767 intelligentias
1905 4694 2053 4749 falsse
2075 4696 2248 4751 scien-

673 4783 763 4836 tia:
790 4784 1146 4853 germinavit;
1177 4799 1315 4855 opus
1364 4793 1448 4841 est
1492 4802 1639 4841 nunc
1668 4787 1833 4840 multa
1867 4786 2144 4859 diligentia
2178 4787 2242 4842 ad

673 4873 1030 4929 excolendum
1080 4892 1175 4932 rus
1232 4879 1427 4932 mentis
1454 4888 1668 4942 vestrm,
1701 4886 1761 4932 ut
1790 4876 1843 4932 id
1882 4894 2062 4935 sermo
2103 4880 2245 4934 veri~

675 4964 824 5030 tatis,
854 4966 949 5035 qui
972 4975 1057 5022 est
1083 4982 1245 5023 verus
1272 4976 1324 5023 et
1346 4967 1578 5039 diligens
1606 4970 1786 5025 cordis
1816 4972 2065 5035 colonus,
2108 4972 2247 5026 assi-

674 5054 801 5110 duis
829 5057 1041 5112 excolat
1067 5057 1393 5128 disciplinis.
1424 5058 1680 5115 Vestrum
1714 5075 1845 5131 ergo
1877 5069 1961 5116 est
2003 5061 2246 5131 praebere

674 5144 724 5199 ei
755 5144 1143 5211 obedientiam,
1167 5156 1219 5203 et
1241 5150 1627 5219 occupationes
1653 5165 1716 5204 ac
1738 5150 2135 5207 sollicitudines
2159 5168 2248 5208 su-

673 5234 911 5306 perfluas
959 5246 1261 5308 amputare,
1294 5256 1361 5294 ne
1390 5240 1590 5294 bonum
1637 5241 1786 5295 verbi
1830 5256 2013 5296 semen
2056 5249 2247 5297 enecet

674 5330 900 5385 noxium
939 5348 1179 5404 germen.
1207 5332 1394 5388 Potest
1416 5332 1563 5388 enim
1596 5332 1731 5399 fieri,
1765 5341 1824 5388 ut
1851 5336 2003 5389 multi
2037 5344 2249 5407 tempo-

673 5423 752 5479 ris
776 5424 1159 5495 negligentiam
1186 5427 1367 5481 brevis
1390 5434 1442 5481 et
1466 5426 1686 5483 assidua
1710 5437 1921 5497 reparet
1941 5428 2241 5500 diligentia;

676 5514 949 5571 incertum
1004 5533 1242 5588 namque
1268 5526 1353 5574 est
1389 5518 1828 5590 uniuscujusque
1854 5523 1977 5577 vitae
2002 5529 2243 5591 tempus,

2339 3131 2486 3185 ditur
2516 3129 2569 3184 in
2599 3127 2758 3181 nobis
2789 3124 2930 3196 ignis
2958 3123 3210 3194 quidam,
3245 3122 3338 3192 qui
3384 3121 3510 3174 velut
3532 3129 3627 3184 agro
3660 3107 3781 3165 sterili

2340 3223 2641 3284 immissus,
2676 3218 3020 3288 consumptis
3060 3226 3115 3273 et
3167 3219 3406 3274 excoctis
3432 3210 3648 3269 radicibus
3664 3204 3784 3275 pessi-

2340 3332 2442 3372 ma:
2478 3314 2794 3383 voluptatis,
2839 3312 2982 3367 bono
3013 3311 3215 3365 semini
3244 3309 3390 3365 verbi
3416 3308 3498 3362 Dei
3524 3300 3783 3358 fecundioreu

2340 3406 2523 3463 cordis
2571 3411 2840 3476 praeparat
2885 3404 3117 3474 glebam.
3175 3401 3316 3456 Puto
3364 3406 3523 3455 autem
3560 3388 3786 3486 quod-salis

2341 3496 2533 3567 dignas
2559 3493 2805 3549 habeatis
2835 3507 3030 3572 causas
3059 3492 3380 3553 iracundiae,
3406 3506 3465 3544 ex
3490 3481 3786 3558 quibusjuslis-

2342 3588 2516 3641 simus
2547 3586 2687 3657 ignis
2720 3584 2824 3638 iste
2854 3583 3149 3644 coalescat.
3188 3584 3235 3639 si
3267 3577 3590 3637 consideretis
3613 3575 3653 3627 in
3673 3582 3785 3640 quan-

2342 3686 2429 3733 tos
2450 3692 2548 3733 vos
2574 3691 2791 3734 errores
2815 3676 3038 3732 deduxit
3070 3675 3389 3745 ignorantis
3404 3672 3594 3729 malum,
3615 3670 3784 3735 quam?

2343 3786 2449 3842 que
2472 3770 2657 3841 lapsus
2685 3777 2738 3825 et
2768 3778 2970 3839 quanta
3004 3767 3307 3838 praecipitia
3343 3766 3403 3820 ad
3435 3757 3698 3833 peccandum
3726 3750 3785 3804 de-

2344 3862 2446 3925 dit,
2481 3877 2508 3915 a
2544 3861 2763 3932 quantis
2793 3876 2888 3916 vos
2919 3860 3080 3914 bouis
3122 3857 3388 3915 abstraxit
3414 3865 3463 3911 et
3489 3855 3534 3908 in
3559 3843 3787 3922 quam

2346 3953 2537 4023 pitavit
2565 3952 2725 4012 mala,
2746 3960 2798 4006 et
2826 3950 2971 4021 quod
3002 3959 3086 4005 est
3117 3966 3288 4021 super
3310 3948 3479 4005 omnia
3499 3944 3683 4017 gravius.
3699 3932 3788 4007 quod

2344 4059 2443 4098 vos
2475 4044 2528 4096 in
2558 4042 2743 4095 futuro
2778 4044 2978 4097 saeculo
3006 4044 3231 4098 aeternis
3264 4042 3434 4113 poenis
3460 4036 3673 4093 obnoxios
3697 4027 3787 4083 lt‘ciL

2340 4131 2533 4187 Nonne
2578 4148 2676 4204 pro
2714 4133 2801 4192 his
2826 4136 3103 4202 omnibus,
3135 4137 3229 4192 ubi
3274 4136 3426 4192 vobis
3452 4129 3649 4188 veritatis
3668 4125 3784 4179 lum

2339 4225 2582 4289 obfulsit,
2606 4225 2745 4298 ignis
2758 4227 3077 4298 justissima
3098 4227 3479 4301 indignationis
3496 4219 3785 4279 accenditur,et

2348 4320 2644 4375 iracundia:
2677 4320 2783 4375 Deo
2823 4321 3032 4390 placitae
3081 4321 3228 4375 intra
3276 4336 3373 4375 vos
3410 4312 3650 4384 consurgit
3681 4308 3787 4361 iam

2347 4411 2494 4465 dium
2517 4449 2533 4475 ,
2577 4426 2685 4481 quo
2728 4420 3084 4466 consumatur
3117 4420 3171 4466 et
3204 4411 3463 4466 radicitus
3495 4407 3789 4461 intereatow

2346 4518 2587 4573 germen,
2624 4503 2667 4556 si
2698 4503 2843 4571 quod
2872 4502 3013 4558 forte
3041 4506 3185 4557 intra
3217 4518 3316 4559 vos
3348 4500 3491 4556 mala:
3512 4492 3789 4565 concupisw‘

2347 4597 2437 4649 tite
2464 4593 2796 4679 pullulavit?

2419 4685 2507 4741 1V.
2550 4686 2593 4719 ³⁸
2616 4673 2767 4740 Unde
2807 4693 2861 4740 et
2903 4687 3019 4756 ipse
3047 4688 3139 4757 qui
3172 4689 3324 4743 misit
3351 4703 3467 4750 nos,
3507 4696 3611 4739 cum
3642 4673 3790 4731 venisse

2347 4788 2401 4835 et
2430 4795 2645 4835 onmem
2677 4780 2938 4833 mundum
2957 4780 3183 4835 vidisset
3210 4780 3281 4834 ad
3308 4780 3550 4834 malitiam
3573 4770 3788 4827 declinan

2347 4888 2458 4927 non
2483 4873 2745 4927 continuo
2774 4888 2960 4943 pacem
2988 4874 3037 4928 ei
3067 4873 3120 4926 in
3151 4873 3432 4929 erroribus
3459 4869 3613 4941 posito
3634 4851 3788 4955 dedisti!

2348 4984 2471 5023 eum
2501 4967 2847 5022 confirmaret
2882 4968 2936 5021 in
2967 4968 3145 5028 malis,
3174 4968 3270 5022 sed
3304 4964 3598 5037 ignorantia
3620 4958 3787 5049 ejus

2347 5061 2435 5116 nis
2464 5060 2747 5116 scientiam
2779 5060 3023 5115 veritatis
3045 5060 3324 5130 opposuit,
3350 5066 3429 5123 ut,
3465 5056 3508 5112 si
3538 5054 3650 5108 forte
3681 5055 3785 5107 ΜΨ

2351 5161 2567 5208 scerent
2590 5161 2645 5207 et
2675 5152 2857 5206 iumen
2889 5152 3135 5207 veritatis
3158 5153 3480 5221 aspicerent,
3495 5147 3701 5212 deceptos
3717 5134 3791 5186 se“

2349 5244 2406 5299 in
2438 5244 2733 5315 praecipitia
2761 5246 2965 5299 erroris
2996 5246 3307 5301 abstractos
3336 5244 3521 5299 merito
3554 5227 3795 5291 dolerent.“

2352 5336 2657 5392 iracundia:
2680 5337 2939 5393 salutaris
2993 5339 3169 5407 ignem
3221 5338 3504 5391 adversum
3544 5319 3797 5393 decepll'imn

2349 5430 2434 5483 sui
2459 5428 2807 5499 conciperent
2830 5429 3210 5500 ignorantiam.
3243 5427 3326 5484 0b
3346 5428 3447 5482 hoc
3467 5430 3622 5493 itaque
3633 5409 3798 5470 dicebat:

2351 5520 2532 5593 Ignem
2563 5523 2675 5576 veni
2706 5522 2911 5576 mittere
2938 5523 2992 5576 in
3019 5530 3233 5585 terram,
3259 5531 3311 5576 et
3330 5535 3484 5591 quam
3512 5514 3609 5571 volo
3632 5510 3799 5562 κίσσαν

758 5690 802 5721 ⁸⁸
841 5688 972 5755 Qu.e
995 5707 1109 5761 cap.
1154 5690 1283 5746 4-H
1317 5692 1370 5746 in
1399 5690 1522 5745 edd.
1549 5673 1824 5762 leguntur,
1849 5695 2047 5773 desunt
2070 5697 2123 5751 in
2148 5695 2307 5751 codd.
2337 5712 2469 5752 mss.
2497 5695 2680 5767 Lipss.
