4030 6342
285 322 421 380 1553

1466 322 2035 381 RECOGNITIONUM
2072 322 2200 379 LIB.
2242 321 2328 376 Vl.

3384 321 3524 377 ιεδι

272 440 351 497 sis
372 440 504 496 sive
547 440 809 512 injustas,
848 438 1153 511 baptismus
1199 440 1294 495 tibi
1330 455 1424 511 per
1453 442 1634 496 omnia
1664 456 1851 497 neces-
1878 454 1921 510 Α
1951 448 2004 493 ct
2024 436 2192 494 Deum
2214 440 2523 495 colentibus
2543 440 2881 496 observetur.
2897 441 2957 496 ln
3001 447 3211 496 tantum
3230 447 3411 495 autem
3432 456 3529 496 ca-

267 532 451 588 sarius
479 540 583 589 est.
611 532 767 588 .lusto
795 533 1035 603 quidem,
1069 539 1127 585 ut
1150 532 1507 601 adimpleatur
1530 532 1583 586 in
1626 547 1692 587 eo
1721 547 1845 603 per-

268 625 437 681 feetlo
467 631 523 680 et
553 630 905 695 regenerctur
943 622 1087 688 Deo;
1124 622 1333 691 injusto
1365 638 1512 684 vero,
1558 633 1616 677 ιιι
1651 637 1843 692 pecea-

265 726 451 772 torum
474 734 595 788 quae
620 717 791 787 gessit
813 717 865 769 in
891 716 1196 786 ignorantia
1219 715 1469 772 remissio
1490 717 1839 773 concedatur.

261 811 534 867 Omnibus
565 825 694 880 ergo
723 809 1091 863 festinandum
1138 819 1220 863 est
1256 809 1383 864 sine
1432 824 1582 863 mora
1630 809 1841 863 renasci

267 903 398 963 Deo,
420 903 545 972 quia
576 901 817 955 incertus
846 908 929 955 est
953 901 1387 969 uniuscujusque
1409 901 1591 955 exitus
1615 900 1761 954 vitae.

338 993 403 1048 Χ.
445 994 579 1048 Cum
613 1001 797 1048 autem
829 1001 1181 1063 regeneratus
1212 992 1380 1048 fueris
1406 1007 1501 1061 per
1530 1005 1748 1061 aquam,
1774 1005 1842 1044 ex

264 1088 525 1158 operibus
559 1087 717 1142 bonis
750 1085 979 1141 ostende
1032 1085 1086 1139 in
1137 1093 1189 1139 te
1234 1084 1646 1139 similitudinem
1695 1083 1837 1152 ejus,

264 1181 359 1252 qui
386 1188 439 1235 te
472 1180 658 1251 genuit
685 1178 885 1233 Patris.
916 1177 1195 1249 Agnovisti
1228 1178 1373 1231 enim
1406 1175 1595 1238 Deum,
1629 1175 1840 1229 honora

266 1278 513 1342 patrem;
544 1271 722 1324 honor
762 1278 943 1324 autem
984 1269 1107 1337 ejus
1135 1276 1238 1331 est,
1274 1275 1335 1320 ut
1378 1267 1451 1319 ita
1500 1267 1650 1319 vivas
1698 1265 1841 1319 sicut

265 1365 384 1435 ipse
406 1366 542 1420 vult.
578 1362 703 1418 Vult
724 1369 905 1418 autem
928 1372 980 1416 te
1005 1361 1079 1415 ita
1126 1361 1329 1420 vivere,
1382 1369 1439 1412 ut
1465 1358 1836 1418 homicidium,

259 1456 585 1511 adulterium
602 1451 1340 1517 nescias,odium,avaritiam
1365 1448 1564 1517 fugias.
1582 1448 1740 1508 iram,
1753 1463 1843 1500 su-

261 1549 859 1621 perbiam,jactantiam
888 1557 1139 1616 rcspuas,
1155 1549 1207 1598 et
1223 1541 1529 1598 exsecreris
1555 1541 1837 1603 invidiam,

264 1650 572 1712 caateraque
604 1639 689 1695 his
714 1639 913 1694 similia
938 1636 1154 1708 penitus
1179 1650 1210 1689 a
1239 1642 1293 1689 te
1321 1634 1491 1688 duras
1514 1632 1711 1686 aliena.
1744 1631 1841 1685 Est

258 1750 395 1789 sane
420 1731 637 1802 propria
661 1729 904 1800 quaedam
940 1737 1139 1783 nostra:
1169 1724 1447 1796 religionis
1468 1720 1836 1785 observantia,

1949 531 2210 587 stimonia
2232 546 2421 587 verum
2451 530 2546 586 Dei
2566 533 2773 586 cultum
2796 532 3233 602 tenentibus,per
3258 531 3359 588 has
3387 548 3528 603 quas

1947 638 2112 693 supra
2130 623 2371 678 diximus
2385 624 2628 693 aliasque
2645 624 2840 678 horum
2860 624 3291 694 similesspecies
3301 638 3528 679 conser-

1948 716 2123 769 vanda
2145 722 2249 779 est,
2283 721 2343 769 ut
2368 716 2531 770 etiam
2555 715 2700 786 apud
2720 731 2817 770 eos
2844 716 2937 786 qui
2961 731 2991 769 a
3014 716 3234 771 diabolo
3262 715 3441 770 adhuc
3466 716 3525 772 in

1943 809 2227 863 erroribus
2252 807 2585 869 detinentur,
2610 810 2870 864 attentius
2890 809 3242 874 observetur;
3274 816 3359 865 est
3377 808 3525 863 enim

1945 898 2088 968 apud
2138 899 2261 955 illos
2302 901 2564 954 nonnulla
2593 900 2940 956 observantia
2973 901 3329 956 castimoniae.
3379 900 3521 966 Quid

1943 1006 2094 1060 ergo.
2124 992 2273 1059 quod
2303 1000 2555 1047 errantes
2585 992 3000 1056 custodiebatis,
3034 994 3137 1047 hoc
3179 1008 3288 1048 non
3328 994 3520 1049 obser-

1945 1082 2141 1135 vabitis
2174 1083 2488 1137 emendati?

2016 1172 2155 1228 XIII.
2199 1173 2304 1229 Sed
2336 1176 2572 1231 fortasse
2595 1176 2741 1231 dicet
2770 1176 2970 1247 aliquis
2990 1185 3233 1234 vestrum
3259 1196 3272 1233 :
3298 1177 3524 1249 Oportet

1940 1280 2071 1336 ergo
2098 1282 2199 1322 nos
2227 1269 2409 1322 omnia
2458 1284 2580 1339 quae
2608 1269 2838 1325 fecimus
2866 1271 2995 1325 dum
3019 1273 3324 1327 coleremus
3352 1272 3519 1336 idola,

1940 1360 2257 1414 custodire?
2283 1358 2401 1413 Non
2422 1362 2633 1427 omnia;
2662 1361 2757 1416 sed
2780 1376 3122 1432 quaecumque
3138 1363 3276 1419 bene
3297 1364 3519 1429 fiebant,

1941 1450 2056 1505 haec
2082 1452 2244 1505 etiam
2291 1467 2437 1505 nunc
2465 1454 2723 1508 convenit
2748 1453 3046 1509 observare
3070 1495 3087 1519 ,
3134 1454 3264 1524 quia
3307 1455 3353 1510 si
3386 1455 3519 1525 quid

1941 1550 2087 1596 recte
2120 1542 2175 1595 ﬁt
2213 1543 2281 1595 ab
2315 1542 2401 1597 his
2427 1544 2522 1612 qui
2564 1544 2617 1597 in
2646 1559 2836 1601 errore
2865 1552 3024 1607 sunt,
3054 1553 3264 1601 certum
3291 1553 3376 1606 est
3402 1547 3455 1601 id
3486 1562 3521 1602 ει

1942 1634 2168 1687 veritate
2199 1644 2498 1704 sumptum.
2527 1633 2667 1700 Quia
2696 1646 2752 1691 et
2782 1637 2830 1691 si
2860 1638 2992 1707 quid
3019 1638 3074 1691 in
3101 1653 3228 1694 vera
3258 1638 3521 1709 religione

1941 1741 2052 1779 non
2083 1733 2232 1781 recte
2266 1725 2355 1791 fit,
2398 1742 2508 1781 non
2538 1735 2623 1783 est
2650 1728 2876 1784 dubium
2909 1731 3044 1801 quin
3080 1731 3148 1785 ab
3176 1745 3367 1786 errore
3396 1746 3527 1784 niu-

252 1840 379 1894 qua:
409 1797 693 1877 uoti-tam—
718 1821 1012 1889 imponitur
1060 1816 1394 1878 hominibus,
1422 1828 1583 1884 quam
1615 1812 1831 1881 proprie
1862 1797 1904 1852 Β
1935 1824 2145 1872 tuatum
2182 1819 2293 1879 sit;
2344 1820 2546 1874 bonum
2586 1837 2822 1892 namque
2858 1797 3073 1877 etiamsi
3106 1823 3176 1877 ab
3203 1823 3516 1878 errantibus

251 1917 327 1970 ab
355 1930 682 1985 unoquoque
714 1911 883 1967 Deum
911 1911 1122 1965 colente
1148 1922 1313 1963 causa
1342 1905 1596 1976 puritatis
1626 1903 1835 1972 expeti-

249 2018 366 2065 tur.
400 2008 746 2069 Castimonire
787 2005 911 2065 dico
961 2021 1148 2071 causa,
1198 2002 1356 2077 cujus
1396 1999 1605 2073 species
1648 1997 1829 2052 multae

254 2117 418 2175 sunt;
448 2108 543 2162 sed
572 2107 745 2177 primo
774 2112 833 2158 ut
862 2103 1113 2157 observet
1142 2097 1538 2168 unusquisque,
1568 2110 1638 2149 ne
1679 2104 1830 2146 men-

253 2208 480 2256 struata:
522 2200 737 2253 mulieri
781 2197 1095 2256 misceatur,
1143 2196 1247 2248 hoc
1297 2191 1442 2246 enim
1492 2186 1829 2244 exsecrabile

251 2296 411 2349 duxit
437 2294 519 2348 lex
544 2291 660 2347 Dei.
677 2289 833 2357 Quod
856 2290 959 2343 etsi
990 2290 1074 2343 lex
1097 2286 1163 2341 de
1188 2286 1273 2340 bis
1296 2298 1403 2338 non
1430 2279 1825 2341 admonuisset,

252 2401 356 2441 nos
382 2392 439 2437 ut
460 2382 709 2439 canthari
732 2382 962 2436 libenter
985 2378 1323 2433 volveremur
1346 2376 1399 2429 in
1429 2370 1711 2428 stercore?
1734 2368 1832 2423 De-

250 2478 445 2531 bemus
483 2474 717 2544 amplius
756 2470 962 2543 aliquid
1010 2470 1209 2524 habere
1247 2466 1595 2532 animalibus,
1640 2471 1829 2533 utpote

250 2568 602 2623 rationabiles
629 2566 877 2621 homines
891 2573 945 2620 et
964 2563 1267 2619 cmlestium
1294 2573 1553 2616 sensuum
1573 2570 1831 2627 capaces,

248 2662 452 2734 quibus
477 2660 678 2717 summi
722 2659 890 2714 studii
930 2672 1053 2713 esse
1096 2656 1275 2719 debet,
1307 2654 1375 2708 ab
1401 2651 1551 2707 omni
1572 2650 1828 2721 inquina-

249 2762 439 2809 mento
469 2753 652 2807 cordis
679 2750 1071 2807 conscientiam
1099 2745 1396 2802 custodire.

326 2844 415 2899 XI.
456 2844 661 2899 Bonum
711 2851 796 2899 est
838 2849 1018 2896 autem
1074 2848 1129 2895 et
1177 2838 1401 2909 puritati
1447 2835 1821 2895 conveniens,

247 2940 414 2994 etiam
464 2952 663 3006 corpus
708 2948 847 3004 aqua
889 2932 1115 2987 diluere.
1147 2930 1354 2985 Bonum
1384 2943 1514 2984 vero
1538 2927 1682 2988 dico,
1712 2940 1821 2981 non

246 3030 404 3101 quasi
435 3029 730 3100 principale
761 3028 891 3082 illud
926 3028 977 3080 in
1022 3040 1130 3096 quo
1159 3039 1313 3078 mens
1354 3022 1691 3092 purificatur,
1728 3017 1823 3073 sed

246 3124 394 3194 quod
426 3122 645 3192 sequela
675 3121 748 3176 sit
780 3119 928 3173 illius
963 3118 1090 3173 boni
1120 3117 1228 3171 hoc
1261 3116 1316 3169 in
1346 3129 1456 3185 quo
1488 3127 1617 3168 caro
1659 3110 1823 3166 dilui-

1934 1916 2145 1978 gestum
2176 1908 2360 1976 fuerit,
2393 1911 2598 1965 bonum
2626 1919 2742 1977 est,
2775 1920 2829 1967 et
2858 1915 3061 1967 malum
3087 1914 3300 1969 etiamsi
3332 1914 3400 1969 ab
3430 1915 3515 1970 his

1932 2000 2025 2071 qui
2054 2002 2337 2057 veritatem
2368 2012 2677 2075 sequuntur
2708 2013 2919 2075 gestum
2955 2006 3139 2067 fuerit,
3170 2008 3374 2060 malum
3404 2016 3511 2061 est.

1930 2094 2039 2147 Aut
2069 2094 2314 2165 nunquid
2347 2096 2418 2149 ita
2454 2096 2825 2165 desipiemus,
2870 2107 2927 2151 ut
2969 2098 3015 2151 si
3060 2097 3343 2153 videamus
3388 2115 3512 2152 eum

1929 2186 2023 2260 qui
2055 2187 2199 2244 idola
2222 2187 2352 2244 colit
2375 2203 2500 2245 esse
2526 2188 2794 2255 sobrium,
2822 2205 2922 2245 nos
2945 2190 3036 2261 qui
3066 2188 3231 2245 Deum
3256 2191 3511 2253 colimus,

1932 2281 2105 2336 sobrii
2134 2296 2259 2337 esse
2291 2297 2611 2337 recusemus
2630 2320 2646 2345 ,
2688 2297 2757 2337 ne
2783 2281 2974 2337 eadem
3009 2282 3223 2344 facere,
3255 2297 3377 2352 qua:
3421 2282 3513 2339 ille

1928 2374 2022 2442 qui
2050 2372 2182 2428 colit
2205 2373 2373 2441 idola,
2392 2373 2717 2429 videamur?
2748 2372 2867 2429 Non
2896 2375 2970 2429 ita
2992 2382 3101 2439 est,
3124 2373 3222 2431 sed
3251 2377 3324 2430 sit
3351 2376 3512 2433 nobis

1929 2465 2169 2520 studium
2190 2506 2207 2531 ,
2239 2474 2300 2521 ut
2339 2467 2387 2523 si
2425 2466 2504 2521 illi
2533 2466 2628 2538 qui
2657 2478 2865 2531 errant,
2896 2466 3251 2523 homicidium
3282 2482 3390 2521 non
3428 2466 3512 2521 la-
3613 2510 3620 2517 .

1936 2564 2104 2629 ciunt,
2142 2576 2245 2616 nos
2275 2576 2341 2615 ne
2376 2560 2679 2616 irascamur
2715 2558 2970 2629 quidem;
3014 2567 3071 2614 et
3104 2559 3154 2615 si
3184 2559 3260 2616 illi
3294 2560 3504 2616 adulte-

1936 2655 2075 2710 rium
2097 2669 2207 2710 non
2232 2653 2543 2715 admittunt,
2575 2664 2679 2707 nos
2706 2667 2776 2707 ne
2801 2652 3254 2721 concupiscamus
3280 2653 3502 2724 quidem

1933 2745 2163 2800 alienam
2190 2744 2507 2809 mulierem;
2536 2742 2582 2798 si
2607 2742 2681 2796 illi
2707 2750 2892 2797 amant
2917 2743 3195 2811 proximos
3216 2758 3367 2805 suos.
3402 2759 3506 2801 nos

1932 2840 2224 2907 diligamus
2251 2837 2414 2891 etiam
2447 2835 2699 2889 inimicos
2730 2843 2987 2901 nostros;
3018 2834 3103 2902 “;
3140 2834 3185 2890 si
3212 2835 3287 2889 illi
3312 2844 3505 2892 mutuo

1924 2926 2058 2981 dant
2090 2926 2179 2982 his
2210 2927 2301 2997 qui
2331 2927 2533 2983 habent
2566 2927 2711 2983 unde
2754 2927 3020 2991 reddant,
3071 2941 3175 2982 nos
3220 2927 3382 2981 etiam
3418 2925 3510 2981 his

1925 3016 2119 3074 demus
2141 3034 2171 3073 a
2195 3019 2397 3089 quibus
2425 3020 2668 3089 recipere
2694 3035 2804 3074 non
2832 3033 3137 3089 speramus.
3166 3018 3236 3072 Et
3263 3032 3360 3087 per
3386 3030 3511 3072 om-

1925 3112 2017 3167 nia
2047 3126 2148 3169 uos
2178 3112 2269 3182 qui
2299 3113 2489 3168 aeterni
2534 3113 2719 3167 saaculi
2760 3112 3134 3169 bmreditatem
3181 3124 3507 3182 speramus,

246 3224 356 3269 tur.
393 3214 484 3269 Sic
524 3213 667 3269 enim
695 3221 748 3268 et
780 3210 1036 3282 Magister
1080 3216 1267 3263 noster
1312 3206 1579 3278 quosdam
1625 3202 1823 3259 Phari-
1852 3223 1891 3278 ο
1926 3204 2189 3262 debemus
2216 3206 2527 3275 praecellere
2556 3214 2651 3260 eOs
2677 3202 2771 3275 qui
2806 3218 3047 3275 praesens
3084 3211 3297 3258 tantum
3332 3217 3509 3258 saacu»

246 3323 485 3363 satorum
514 3315 568 3361 ct
589 3306 930 3366 Scribarum,
959 3302 1051 3373 qui
1101 3301 1426 3355 videbantur
1448 3314 1571 3353 esse
1609 3295 1822 3352 caeteris

248 3398 504 3452 meliores
533 3404 587 3451 et
610 3411 640 3449 a
669 3396 830 3465 vulgo
852 3392 1112 3464 separati,
1146 3390 1485 3461 increpabat,
1509 3388 1700 3445 dicens
1727 3402 1824 3443 eos

246 3489 585 3560 liypocritas,
612 3487 740 3557 quia
765 3502 827 3540 ea
857 3486 1033 3540 solum
1059 3498 1179 3554 qua:
1216 3483 1531 3538 hominibus
1559 3480 1822 3535 videban-

244 3592 360 3643 tur,
392 3579 773 3650 puriticubant,
811 3577 977 3631 corda
1007 3591 1137 3630 vero
1166 3590 1287 3645 qua:
1327 3575 1479 3629 solus
1509 3572 1653 3628 Deus
1675 3573 1821 3641 aspio

244 3672 344 3735 cit,
379 3672 657 3741 inquinata
686 3668 1065 3740 relinquebant
1086 3675 1140 3723 et
1170 3666 1411 3723 sordida.
1450 3666 1527 3721 Ad
1557 3665 1818 3736 quosdam

241 3779 376 3834 ergo
392 3779 459 3817 ex
484 3764 641 3833 ipsis,
657 3778 764 3818 non
796 3762 863 3815 ad
886 3776 1077 3816 omnes
1105 3761 1324 3816 dicebat
1348 3780 1359 3814 :
1391 3760 1476 3815 Vw
1499 3759 1663 3820 vobis,
1680 3756 1822 3811 Scri-

242 3857 326 3909 ba:
353 3866 402 3909 et
436 3855 696 3908 Pltariswi
750 3854 1070 3925 hypocrita,
1126 3854 1251 3921 quia
1309 3852 1579 3906 inundatis
1633 3849 1818 3902 colicis

242 3959 296 4002 et
338 3948 636 4017 paropsidis
691 3948 827 4019 quod
860 3948 1059 4016 deforis
1115 3955 1215 4009 est,
1248 3947 1390 3999 intus
1440 3954 1615 3999 autem
1663 3944 1818 4013 plena

241 4051 367 4097 sunt
416 4040 680 4095 sordibus.
716 4039 987 4096 Pharisaze
1009 4054 1164 4102 cruce,
1200 4038 1429 4092 entunda
1480 4039 1626 4106 prius
1679 4035 1818 4106 quod

241 4135 388 4187 intus
421 4142 521 4195 est,
573 4142 623 4185 et
654 4130 790 4202 quod
825 4129 1024 4200 deforis
1050 4140 1130 4185 est
1175 4132 1275 4185 erit
1306 4130 1647 4184 mundum“.
1680 4128 1818 4186 Vere

241 4226 390 4281 enim
423 4225 468 4279 si
499 4240 652 4280 mens
680 4223 971 4278 mundetur
994 4224 1113 4278 luce
1137 4218 1541 4286 scientiai,cum
1567 4223 1684 4293 ipsa
1708 4222 1821 4277 fue-

239 4318 317 4373 rit
340 4316 542 4370 munda
582 4331 645 4370 ac
687 4315 987 4384 splendida,
1026 4323 1156 4369 tunc
1190 4316 1354 4370 etiam
1385 4315 1504 4385 ejus
1543 4316 1635 4385 qui
1665 4314 1817 4370 defo-

193 4468 202 4477 ,
239 4414 321 4469 ris
355 4420 439 4468 est
464 4412 703 4467 hominis
726 4412 841 4481 ipsa
866 4411 1178 4465 necessario
1208 4426 1398 4465 curam
1428 4411 1588 4481 gerit,
1633 4409 1687 4464 id
1730 4416 1817 4465 est

240 4507 427 4561 carnis
473 4520 604 4567 suae,
649 4511 707 4558 ut
743 4510 798 4557 et
828 4504 943 4572 ipsa
973 4502 1311 4572 puriilcetur.
1349 4500 1453 4557 Ubi
1483 4508 1667 4556 autem
1706 4502 1812 4557 ista

1927 3298 2039 3353 lum
2064 3304 2288 3361 norunt,
2323 3298 2559 3353 scientes
2588 3298 2738 3367 quia.
2772 3298 2819 3353 si
2853 3311 3018 3367 Opera
3047 3296 3265 3349 illorum
3299 3294 3508 3350 nostris

1923 3391 2185 3461 operibus
2211 3392 2441 3453 collata,
2490 3391 2543 3444 in
2574 3392 2663 3445 die
2691 3390 2889 3459 judicii
2918 3389 3119 3444 similia
3155 3388 3508 3443 inveniantur
3538 3454 3541 3455 ν

1923 3498 1987 3537 ac
2017 3484 2193 3553 paria,
2226 3482 2478 3537 confusio
2508 3482 2670 3537 nobis
2691 3482 2819 3543 erit,
2851 3481 2996 3550 quod
3028 3481 3265 3550 aequales
3293 3481 3505 3535 inveni-

1924 3588 2046 3628 mur
2075 3576 2129 3631 in
2160 3576 2419 3645 operibus
2449 3574 2537 3629 his
2565 3574 2659 3645 qui
2703 3583 2926 3644 propter
2971 3574 3336 3643 ignorantiam
3365 3589 3502 3629 con-

1922 3665 2272 3730 demnantur,
2287 3674 2341 3721 et
2356 3667 2560 3720 nullam
2591 3682 2742 3736 spem
2766 3667 2933 3721 futuri
2963 3669 3144 3723 saeculi
3174 3668 3498 3726 habuerunt.

1993 3756 2132 3812 XIV.
2158 3757 2221 3811 Et
2243 3774 2369 3813 vere
2390 3757 2555 3829 digna
2577 3759 2830 3814 confusio
2855 3767 2962 3825 est,
2992 3760 3084 3814 ubi
3107 3760 3244 3815 nihil
3268 3763 3502 3831 amplius

1920 3852 2192 3922 gessimus
2218 3850 2286 3905 ab
2313 3850 2399 3905 his
2423 3852 2624 3921 quibus
2653 3853 2888 3922 amplius
2915 3852 3304 3909 intelleximus.
3344 3856 3501 3921 Quod

1920 3944 1966 3999 si
1996 3944 2249 3999 confusio
2276 3944 2440 4000 nobis
2466 3944 2570 4000 erit
2598 3945 2837 4015 aequales
2861 3946 2943 4001 eis
2968 3946 3201 4003 inveniri
3234 3948 3291 4001 in
3319 3949 3501 4018 aperio

1919 4038 2024 4093 bus
2051 4038 2232 4103 bonis,
2265 4037 2397 4109 quid
2424 4038 2531 4093 erit
2559 4040 2741 4105 nobis,
2773 4041 2821 4094 si
2851 4039 3141 4097 inferiores
3170 4057 3273 4097 nos
3305 4057 3369 4097 ac
3398 4042 3501 4098 de-

1918 4132 2149 4188 teriores
2192 4133 2523 4188 examinatio
2571 4132 2757 4188 futura
2798 4135 3082 4204 reperiat?
3125 4135 3322 4190 Au’dite
3368 4150 3501 4205 ergo

1917 4225 2191 4295 quomodo
2211 4225 2280 4280 de
2318 4224 2404 4279 his
2432 4240 2535 4280 nos
2563 4226 2679 4295 ipse
2704 4241 2871 4280 verus
2896 4224 3167 4297 Propheta
3212 4227 3494 4293 docuerit;

1918 4318 1987 4372 ad
2016 4332 2111 4374 eos
2138 4318 2283 4372 enim
2314 4319 2409 4388 qui
2442 4320 2725 4389 negligunt
2764 4319 2954 4373 audire
2982 4322 3146 4374 verba
3178 4321 3493 4389 sapientiae,

1919 4409 1993 4466 ita
2022 4409 2098 4464 ait
2125 4429 2137 4463 :
2176 4407 2371 4480 Regina
2404 4412 2576 4464 austri
2607 4421 2785 4481 surget
2816 4412 2870 4465 in
2893 4411 3101 4481 judicio
3129 4427 3247 4465 cum
3276 4428 3495 4483 genera-

1919 4503 2057 4557 tione
2082 4502 2181 4556 liac
2210 4513 2256 4557 et
2287 4503 2649 4557 condemnabit
2680 4521 2810 4558 eam
2833 4545 2848 4569 ,
2889 4506 3014 4575 quia
3048 4506 3186 4559 venit
3227 4522 3259 4558 a
3300 4506 3493 4574 ﬁnibus

238 4614 361 4668 qua:
382 4596 585 4650 deforis
617 4604 701 4649 est
723 4593 1024 4663 puriﬁcatio
1056 4592 1238 4647 carnis
1260 4592 1571 4662 negligitur,
1597 4600 1808 4649 certum
1844 4584 1886 4636 ο
1912 4605 2067 4650 terra:
2093 4595 2277 4649 audire
2304 4597 2615 4665 sapientiam
2640 4595 3038 4673 Salomonis,_et
3057 4613 3174 4652 ecce
3200 4599 3493 4668 plusquam

236 4699 325 4746 est
353 4691 425 4745 ibi
448 4704 624 4759 neque
646 4687 713 4742 de
742 4689 977 4757 puritate
999 4686 1216 4748 mentis,
1241 4700 1306 4739 ac
1333 4684 1597 4740 munditia
1631 4683 1814 4740 cordis

238 4798 429 4839 curam
461 4784 596 4853 geri.
621 4780 697 4835 lta
725 4796 857 4852 ergo
878 4780 955 4842 fit,
997 4786 1057 4833 ut
1084 4780 1133 4834 is
1172 4779 1390 4849 quidem
1427 4779 1521 4848 qui
1548 4777 1812 4833 intrinse-

239 4893 341 4931 cus
381 4876 618 4930 mundus
660 4882 765 4937 est,
788 4872 1084 4928 mundetur
1113 4872 1231 4926 sine
1255 4870 1425 4927 dubio
1462 4876 1517 4924 et
1543 4868 1815 4925 extrinse-

237 4985 359 5032 cus,
386 4984 493 5023 non
517 4982 729 5037 semper
748 4974 930 5021 autem
954 4967 999 5022 is
1019 4966 1108 5036 qui
1129 4964 1426 5019 mundatur
1446 4963 1811 5028 extrinsecus,

236 5062 402 5117 etiam
453 5061 788 5115 intrinsecus
827 5059 1064 5115 mundus
1104 5066 1210 5123 est,
1243 5057 1496 5112 videlicet
1546 5073 1672 5111 cum
1699 5057 1807 5127 agit

237 5152 353 5205 luce
388 5157 447 5202 ut
475 5150 730 5204 omnibus
760 5149 990 5218 placeat.

311 5240 422 5295 ΧΗ.
467 5241 573 5296 Sed
622 5250 676 5296 et
715 5241 808 5295 illa
850 5240 1062 5310 species
1100 5238 1436 5295 castimoniae
1469 5236 1808 5294 observanda

232 5342 343 5397 est,
400 5342 456 5386 ut
487 5350 555 5388 ne
587 5335 789 5403 passim
831 5342 885 5387 et
922 5332 1163 5387 libidinis
1193 5332 1364 5386 solius
1393 5345 1560 5385 causa
1588 5329 1806 5384 feminis

233 5434 480 5489 coeatur,
510 5426 603 5480 sed
631 5426 965 5496 posteritatis
993 5423 1310 5495 reparanda:
1338 5423 1531 5495 gratia.
1555 5421 1687 5489 Qua:
1706 5422 1806 5476 ob-

234 5520 513 5575 servantia
530 5535 652 5574 cum
673 5520 728 5575 in
749 5520 1028 5594 nonnullis
1058 5520 1219 5575 etiam
1236 5518 1534 5591 pecudibus
1562 5518 1807 5572 invenia-

233 5622 348 5676 tur,
364 5611 592 5683 pudoris
612 5620 696 5668 est
740 5613 786 5668 si
810 5628 920 5668 non
952 5614 1020 5667 ab
1043 5613 1360 5670 hominibus
1383 5613 1806 5671 rationabilibus

1915 4687 2173 4743 Salomon
2203 4689 2285 4743 hic
2305 4729 2321 4751 ,
2354 4699 2404 4743 et
2426 4706 2529 4743 non
2560 4677 2784 4743 audiunt
2800 4690 2867 4746 ".
2902 4689 2985 4744 Ad
3016 4705 3112 4745 eos
3143 4704 3274 4745 vero
3299 4692 3392 4761 qui
3424 4690 3493 4746 de

1912 4781 2073 4836 malis
2102 4781 2319 4837 actibus
2348 4798 2538 4853 gerere
2566 4783 2948 4851 paenitentiam
2980 4782 3378 4845 detrectabant,
3417 4784 3490 4837 ita

1912 4874 1988 4927 ait
2022 4893 2035 4927 :
2079 4874 2193 4928 Viri
2226 4874 2482 4930 Ninivitw
2520 4886 2736 4947 surgent
2775 4877 2834 4930 in
2866 4875 3072 4945 judicio
3111 4886 3231 4929 Cum
3271 4892 3492 4946 genera-

1912 4968 2051 5021 tione
2084 4966 2185 5023 hac
2226 4978 2275 5021 et
2304 4968 2727 5023 condemnabam
2771 4985 2909 5033 eam,
2960 4970 3085 5039 quia
3132 4970 3492 5038 penitentiam

1912 5070 2126 5129 egerunt
2179 5060 2235 5115 in
2275 5061 2653 5129 prwdicatione
2694 5060 2884 5125 Jama,
2935 5070 2985 5115 et
3027 5078 3143 5116 ecce
3182 5061 3301 5131 plus
3330 5078 3492 5131 quam

1912 5155 2082 5209 Jonas
2112 5156 2195 5208 hic
2235 5154 2554 5210 M'-“’.Vides
2572 5169 2702 5225 ergo
2729 5152 3006 5224 quomodo
3034 5169 3129 5209 eos
3154 5155 3247 5223 qui
3275 5154 3493 5208 erudie-

1914 5250 2115 5304 bantur
2128 5247 2597 5318 exlege,adductis
2623 5246 2691 5300 ad
2702 5246 3009 5315 exemplum
3038 5247 3146 5302 illis
3157 5247 3250 5317 qui
3275 5263 3339 5303 ex
3358 5263 3491 5317 gen-

1913 5342 1993 5396 tili
2026 5341 2330 5411 ignorantia
2374 5340 2682 5401 veniebant,
2713 5344 2767 5393 et
2796 5339 3093 5394 ostendens
3124 5354 3218 5394 eos
3251 5354 3354 5395 nec
3380 5342 3488 5395 illis

1910 5434 2150 5504 aquales
2172 5448 2294 5487 esse
2315 5432 2408 5501 qui
2432 5431 2487 5484 in
2506 5445 2694 5486 errore
2719 5429 2884 5499 positi
2908 5430 3253 5494 videbantur,
3279 5446 3345 5485 ex
3370 5432 3487 5501 ipsa

1913 5533 2122 5579 tantum
2154 5526 2563 5595 comparatione
2593 5522 2941 5577 condemnat.
2974 5520 3053 5579 Ex
3084 5523 3283 5593 quibus
3310 5525 3488 5577 omni-

1911 5616 2017 5674 bus
2046 5632 2226 5674 sermo
2245 5632 2407 5689 quem
2432 5614 2819 5686 proposuimus
2850 5614 3202 5685 approbatur,
3234 5622 3294 5669 ut
3318 5616 3487 5671 casti-

304 5772 371 5847 “_
386 5772 578 5847 Matth:
601 5788 753 5847 wn.
789 5772 881 5847 9-5,
920 5772 1013 5829 26.
1088 5736 1132 5806 δέ
1157 5773 1342 5831 Matth.
1371 5792 1427 5843 v,‘
1450 5773 1647 5843 2|,22,
1679 5771 1780 5841 9-8;
1808 5771 1938 5835 Luc.
1968 5794 2041 5847 vi,
2069 5776 2162 5833 27.
2238 5775 2279 5808 “
2309 5772 2497 5832 Matth.
2526 5769 2720 5840 ιιινης
2750 5769 2881 5827 Luc.
2916 5787 2992 5839 xi,
3024 5772 3112 5827 51.
3206 5773 3321 5817 δυο
3348 5772 3479 5829 Luc.

218 5860 316 5925 tu,
342 5840 444 5915 δῖ’-ζ
477 5844 665 5902 Matth.
691 5858 787 5911 xu,
810 5844 901 5900 41.

557 5942 832 6028 Psynot.
869 5942 985 6004 Gn.
1036 5942 1081 6004 Ι.

3004 5944 3081 6005 «'03
