4030 6342
529 315 666 372 1555

1321 309 1378 364 S.
1419 304 1814 362 CLEMENTIS
1853 303 1872 357 l
1911 302 2079 360 ROM.
2121 302 2322 362 ΡΟΝΤ.
2365 300 2597 358 OPERA
2635 298 2868 355 DUBIA.

3643 293 3774 349 £356

529 432 736 494 monia,
769 442 890 500 qua:
915 427 1262 497 aliquatenus
1292 423 1454 480 etiam
1488 423 1556 476 ab
1586 421 1671 476 his
1705 421 1799 491 qui
1828 421 1885 475 in
1912 435 2100 477 errore
2130 428 2173 484 Α
2199 417 2614 490 ριέεοθάθηᾱυω
2641 409 3415 483 fuerantordinati,proficisci
3429 407 3770 500 Antiochiam

530 532 662 583 sunt
684 523 844 595 positi
868 519 1199 582 custoditur,
1230 517 1401 572 multo
1427 515 1617 586 purius
1641 522 1694 570 ct
1720 516 1977 580 attentius
2005 529 2101 584 per

531 618 784 688 singulas
805 627 1084 686 quasque,
1123 612 1268 668 sicut
1297 624 1463 680 supra
1497 608 1858 684 ostendimus,
1891 608 2100 677 species

533 724 564 764 a
591 708 751 764 nobis
780 707 875 778 qui
906 705 1190 761 veritatem
1223 702 1505 773 sequimur
1534 707 1803 764 teneatur,
1833 714 1899 754 eu
1928 698 2101 768 magis

531 816 640 872 quo
705 800 848 872 apud
875 813 977 855 nos
1001 797 1362 854 observantia:
1381 794 1502 864 ejus
1523 793 1745 864 praemia
1767 799 1978 847 acterna
2003 808 2102 862 po—

541 895 634 950 tita
661 899 808 948 sunt.

602 985 722 1043 XV.
753 985 879 1042 Haec
899 992 954 1042 et
974 985 1061 1041 his
1083 983 1282 1040 similia
1306 995 1431 1038 cum
1453 980 1704 1045 dixisset,
1731 977 1920 1032 turbas
1941 975 2103 1031 dimi-

541 1079 606 1135 sit
630 1121 644 1144 ,
676 1087 730 1134 et
755 1094 821 1134 ex
856 1092 1006 1132 more
1035 1091 1160 1132 cum
1194 1073 1554 1129 familiaribus
1585 1072 1700 1127 suis
1729 1070 1856 1124 cibo
1885 1075 2103 1138 sumpto

533 1174 762 1245 quievit.
784 1171 898 1228 Hoc
929 1179 1110 1226 autem
1134 1169 1296 1227 modo
1318 1183 1412 1239 per
1435 1176 1547 1223 tres
1569 1167 1860 1221 continuos
1886 1177 2103 1219 menses

534 1281 657 1320 cum
678 1265 904 1320 verbum
927 1263 1021 1319 Dei
1047 1262 1268 1317 doceret
1292 1270 1346 1316 et
1375 1261 1642 1329 plurimos
1670 1260 2010 1312 converteret
2035 1253 2104 1308 ad

535 1356 719 1423 fidem,
763 1354 832 1409 ad
867 1355 1119 1409 ultimum
1147 1353 1398 1423 jejunare
1426 1368 1512 1407 me
1537 1351 1740 1421 jussit,
1780 1357 1834 1406 et
1869 1357 1992 1420 post
2023 1348 2104 1418 je-

530 1449 747 1518 junium
795 1449 852 1503 in
900 1448 1141 1503 fontibus
1182 1445 1274 1516 qui
1321 1445 1562 1516 contigui
1604 1445 1874 1498 habentur
1921 1442 2101 1506 mari,

536 1539 794 1610 perennis
817 1554 970 1610 aquae
998 1538 1129 1593 mihi
1167 1538 1496 1608 baptismum
1526 1536 1695 1591 dedit.
1731 1534 1975 1604 Cumque
2004 1548 2104 1603 pro

537 1631 969 1703 regenerationis
993 1632 1166 1703 gratia
1195 1629 1456 1686 divinitus
1489 1629 1622 1683 mihi
1650 1628 1847 1683 collata
1872 1667 1886 1692 ,
1923 1624 2102 1680 feriati

537 1738 660 1779 cum
708 1724 968 1780 fratribus
1012 1724 1119 1779 laeti
1162 1723 1501 1794 egissemus,
1548 1719 1740 1775 Petrus
1779 1733 1875 1774 eos
1908 1717 2002 1788 qui
2034 1717 2102 1772 ad

2197 512 2351 582 jubet
2373 518 2536 581 atque
2558 509 2630 564 ibi
2655 517 2767 564 tres
2792 508 2928 562 alios
2953 515 3271 578 exspectare
3293 517 3540 558 menses.
3566 499 3772 566 Quibus

2201 602 2465 674 profectis
2484 640 2501 666 ,
2531 602 2647 671 ipse
2673 616 2769 656 eos
2799 600 2893 670 qui
2925 598 3084 655 fidem
3115 597 3328 653 Domini
3357 597 3520 668 plene
3553 610 3773 664 recepe-

2202 707 2346 758 rant,
2379 694 2657 750 deducens
2686 692 2754 746 ad
2776 691 2954 747 fontes
2978 706 3116 762 quos
3139 693 3273 745 mari
3297 691 3595 760 contiguos
3619 704 3774 757 supra

2203 790 2447 846 diximus
2477 787 2813 857 baptizavit,
2851 791 2906 841 et
2945 785 3332 840 eucharistiam
3366 784 3631 850 frangens
3657 797 3773 834 cum

2203 881 2599 949 eis,Maronem
2621 881 2718 949 qui
2744 894 2868 936 eum
2899 879 3136 947 hospitio
3165 885 3445 948 receperat
3474 874 3774 945 perfectum

2199 973 2313 1044 jam
2345 974 2401 1028 in
2432 973 2688 1028 omnibus
2708 1011 2724 1037 ,
2755 971 3039 1026 constituit
3067 971 3149 1026 eis
3177 971 3531 1040 episcOpum,
3565 976 3624 1021 et
3650 967 3778 1020 duo-

2203 1067 2380 1122 decim
2411 1081 2537 1121 cum
2568 1080 2633 1121 eo
2666 1065 3020 1136 presbyteros
3040 1103 3055 1127 ,
3096 1064 3368 1131 simulque
3395 1060 3668 1114 diaconos
3695 1074 3780 1112 or-

2203 1159 2377 1214 dinat.
2438 1158 2682 1214 Instituit
2735 1157 2901 1213 etiam
2957 1157 3204 1212 ordinem
3265 1155 3562 1208 viduarum
3625 1163 3783 1222 atque

2203 1253 2386 1307 omnia
2419 1251 2678 1307 Ecclesia:
2723 1250 3026 1305 ministeria
3055 1249 3331 1319 disponit,
3381 1248 3785 1313 universosqe

2206 1345 2464 1400 admonet
2509 1343 2718 1398 Maroni
2763 1344 3023 1414 episcOpo
3066 1343 3122 1397 in
3151 1341 3408 1396 omnibus
3440 1355 3568 1410 qua:
3599 1338 3785 1408 praeci-

2205 1444 2356 1507 peret
2385 1436 2625 1492 obedire.
2659 1435 2724 1490 Et
2744 1434 2820 1489 ita
2839 1435 3055 1491 cunctis
3076 1441 3452 1504 competenter
3477 1430 3784 1501 dispositis,

2205 1542 2330 1582 cum
2360 1528 2526 1582 trium
2557 1528 2826 1584 mensium
2857 1534 3071 1597 tempus
3107 1525 3302 1582 fuisset
3344 1525 3651 1594 expletum,
3693 1536 3789 1573 va-

2206 1622 2506 1678 ledicentes
2535 1621 2622 1686 his
2650 1621 2745 1706 qui
2771 1629 2927 1676 erant
2949 1618 3092 1690 apud
3119 1617 3404 1688 Tripolim,
3439 1614 3788 1669 Antiochiam

2206 1714 2622 1787 proficiscimur.
2700 1711 2702 1713 ’

1589 1990 1946 2079 LIBER
2023 1985 2658 2078 SEPTIMUS.

616 2278 654 2332 l.
699 2276 917 2348 Egressi
946 2271 1166 2328 tandem
1194 2272 1360 2327 etiam
1402 2270 1665 2342 Tripolim
1699 2271 1983 2328 thnicis
2021 2287 2116 2326 ur-
2144 2280 2187 2336 Β
2217 2271 2461 2326 triduum
2485 2242 2780 2340 πυτιιηιιω
2827 2268 2894 2324 ad
2928 2268 3262 2340 propositum
3307 2283 3492 2324 meum
3535 2281 3788 2341 spectat,

541 2374 661 2429 hem
685 2413 700 2438 ,
746 2371 978 2441 primam
1025 2367 1080 2422 in
1123 2365 1410 2423 Ortosiade
1443 2365 1591 2420 haud
1620 2366 1812 2436 procul
1842 2381 1874 2420 a
1902 2364 2112 2436 Tripoli

448 2506 451 2508 .
542 2463 773 2521 fecimus
812 2459 1186 2524 mansionem,
1236 2459 1330 2514 ubi
1376 2459 1625 2529 sequenti
1657 2473 1876 2530 quoque
1904 2459 1995 2514 die
2026 2473 2115 2514 re-

542 2557 761 2621 morati,
793 2555 924 2625 quia
950 2568 1142 2609 omnes
1172 2566 1307 2623 pene
1335 2552 1430 2622 qui
1466 2550 1700 2607 Domino
1725 2551 2110 2617 crediderant,

541 2648 672 2704 dum
695 2648 878 2705 divelli
901 2662 931 2700 a
953 2645 1116 2702 Petro
1135 2651 1433 2718 nequeunt,
1457 2644 1553 2699 illo
1573 2644 1942 2716 usquesecuti
1963 2653 2113 2711 sunt;

542 2743 668 2796 inde
714 2738 1089 2794 Antharadum
1135 2737 1407 2793 venimus.
1463 2734 1572 2792 Sed
1619 2736 1766 2808 quod
1809 2737 1966 2791 multi
2012 2750 2116 2793 nos

543 2832 961 2896 comitarentur,
991 2829 1069 2884 ait
1107 2828 1306 2886 Petrus
1345 2827 1416 2883 ad
1458 2826 1706 2884 Nicetam
1741 2828 1910 2884 simul
1955 2838 2118 2899 atque

543 2925 794 2995 Aquilam
820 2943 835 2980 :
869 2923 1137 2990 Quoniam
1159 2921 1380 2992 quidem
1409 2921 1657 2992 plurimas
1682 2921 1914 2976 fratrum
1944 2921 2119 2978 turbat

546 3017 831 3072 nobiseum
868 3024 1031 3080 sunt,
1074 3023 1129 3071 et
1171 3014 1541 3084 ingredientes
1582 3014 1828 3084 singulas
1873 3030 2120 3086 quasque

547 3109 712 3164 urbes
735 3123 845 3162 non
871 3122 1063 3179 parum
1087 3107 1306 3162 invidiae
1326 3107 1727 3173 contrahimus,
1747 3107 1964 3163 videtur
1984 3107 2118 3162 mihi

545 3202 965 3272 providendum,
997 3207 1057 3256 ut
1085 3214 1264 3270 neque
1292 3199 1430 3271 ipsis
1457 3200 1730 3271 ingratum
1757 3201 1832 3256 sit
1863 3201 1908 3256 si
1934 3201 2121 3271 prohi-

546 3296 782 3350 beantur
810 3293 990 3366 sequi,
1022 3309 1200 3364 neque
1226 3293 1386 3348 nobis
1415 3308 1626 3364 pompae
1656 3293 1890 3364 alicujus
1917 3293 2121 3349 excitet

547 3387 821 3457 malignus
845 3385 1128 3441 invidiam.
1161 3385 1370 3441 Censeo
1398 3385 1584 3456 =taque
1613 3393 1668 3440 te
1688 3383 1933 3441 Nicetam
1958 3396 2123 3457 atque

546 3476 798 3548 Aquilam
825 3479 1132 3548 praecedere
1159 3494 1260 3534 nos
1290 3493 1414 3533 cum
1445 3477 1603 3548 ipsis,
1634 3479 1710 3534 ita
1741 3485 1802 3532 ut
1831 3480 1993 3533 etiam
2025 3494 2124 3536 vos

549 3571 607 3626 in
649 3571 788 3626 duas
819 3561 1004 3642 partes
1045 3569 1276 3625 divisam
1318 3570 1722 3626 multitudinem
1762 3569 1976 3626 ducatis
2001 3611 2016 3635 ,
2063 3579 2124 3625 ut

549 3664 784 3734 sparsim
832 3665 1006 3734 magis
1053 3679 1216 3736 quam
1264 3665 1367 3719 sub
1399 3679 1510 3717 una
1551 3663 1972 3733 congregatione
2019 3665 2125 3718 iter

549 3764 792 3826 agentes,
817 3757 1064 3828 singulas
1086 3771 1332 3826 quasque
1356 3757 1695 3811 introeamus
1715 3756 1959 3828 gentium
1984 3757 2123 3812 civi-

551 3856 711 3905 tates.

621 3940 688 3997 ιι.
725 3939 855 3996 Scio
880 3949 1063 3998 autem
1112 3941 1242 4013 quia
1288 3941 1446 3996 triste
1497 3939 1650 3995 vobis
1701 3939 1940 4005 videtur,
1979 3939 2125 4011 quod

552 4031 811 4090 videmini
840 4047 872 4087 a
902 4049 990 4090 me
1015 4034 1252 4089 duorum
1293 4035 1486 4090 salte
1512 4032 1723 4088 dierum
1755 4035 1934 4104 spatio
1968 4047 2128 4107 sepa-

557 4125 699 4191 rari;
730 4126 936 4182 credite
966 4126 1101 4181 mihi
1125 4165 1140 4190 ,
1178 4127 1306 4197 quia
1333 4142 1442 4198 qua
1473 4143 1729 4184 mensura
1759 4128 1987 4200 diligitis
2017 4147 2124 4195 me,

553 4218 786 4287 decuplo
811 4219 1044 4290 amplior
1069 4219 1204 4274 mihi
1233 4235 1452 4291 quoque
1482 4236 1612 4292 erga
1634 4236 1734 4277 vos
1764 4221 1993 4279 ati‘ectus
2019 4232 2126 4287 est,

551 4309 649 4366 sed
678 4313 725 4364 si
753 4326 853 4381 pro
880 4309 1077 4367 allectu
1100 4352 1116 4376 ,
1163 4328 1326 4383 quem
1353 4313 1661 4369 adinvicem
1691 4315 1934 4384 gerimus
1954 4356 1970 4381 ,
2018 4331 2129 4371 non

553 4402 822 4459 faciamus
849 4418 972 4474 qua:
999 4405 1381 4462 convenientia
1409 4414 1463 4462 et
1494 4405 1724 4462 honesta
1765 4417 1930 4474 sunt,
1990 4409 2132 4463 irra-

550 4495 833 4551 tionabilis
874 4497 1190 4564 hujusmodi
1233 4513 1390 4553 amor
1425 4498 1722 4554 videbitur.
1773 4498 1841 4553 Et
1883 4499 2006 4555 ideo
2034 4516 2132 4556 ne-

551 4602 831 4656 quaquam
878 4590 1039 4644 titulo
1081 4590 1370 4645 charitatis
1417 4592 1708 4647 imminuto
1735 4632 1750 4654 ,
1809 4607 1931 4662 qua:
1976 4593 2133 4647 utilia

555 4678 810 4734 videntur
836 4695 902 4735 ac
932 4682 1667 4754 necessaria-procuremus,
1722 4685 1958 4740 maxime
2005 4700 2131 4739 cum

553 4773 740 4829 nullus
767 4773 887 4830 dies
916 4777 1090 4845 possit
1121 4777 1477 4840 intercedere,
1511 4793 1622 4848 quo
1660 4793 1772 4832 non
1798 4778 2132 4850 disputatio-

543 4867 719 4923 nibus
766 4869 904 4924 meis
943 4867 1219 4926 interesse
1266 4871 1514 4941 possitis.
1538 4870 1650 4926 Per
1694 4872 1940 4942 singulas
1983 4873 2130 4927 enim

2217 2365 2474 2435 insequar
2496 2379 2615 2419 vos.
2654 2360 3019 2432 Opperiemini
3054 2368 3231 2415 autem
3256 2376 3341 2416 me
3370 2361 3440 2415 ad
3475 2365 3788 2431 proximum

2215 2464 2386 2529 portae
2420 2455 2658 2514 civitatis
2687 2453 2959 2510 stabulum
2979 2495 2995 2520 ,
3044 2463 3098 2508 et
3129 2453 3253 2508 inde
3282 2454 3484 2508 iterum
3512 2456 3788 2522 similiter,

2217 2567 2341 2606 cum
2367 2549 2486 2606 dies
2519 2548 2591 2603 ibi
2620 2549 2826 2618 aliquot
2855 2547 3302 2618 transegerimus,
3344 2550 3671 2618 praecedetis
3711 2567 3794 2606 me

2217 2645 2285 2699 ad
2305 2643 2592 2700 ulteriores
2608 2642 2878 2708 civitates;
2897 2649 2951 2695 et
2979 2640 3081 2695 hoc
3099 2655 3197 2695 vos
3221 2639 3396 2696 facere
3419 2657 3519 2711 per
3542 2642 3795 2709 singulas

2219 2738 2400 2809 cupio,
2425 2735 2761 2792 declinandae
2780 2742 3044 2806 quantum
3067 2734 3123 2788 in
3145 2734 3302 2789 nobis
3325 2745 3408 2789 est
3428 2736 3651 2789 invidia:
3670 2752 3796 2806 gra-

2218 2831 2316 2897 tia,
2329 2839 2384 2888 et
2397 2840 2458 2885 ut
2473 2831 2668 2886 fratres
2687 2830 2779 2900 qui
2793 2828 3078 2884 nobiscum
3096 2833 3244 2891 sunt,
3264 2828 3430 2882 vestri
3451 2829 3794 2898 providentia

2219 2939 2316 2996 per
2346 2923 2593 2996 singulas
2621 2922 2868 2978 civitates
2899 2931 3085 2992 parata
3132 2920 3469 2976 invenientes
3506 2921 3746 2991 hospitia
3770 2962 3790 2981 ,

2220 3015 2404 3072 minus
2425 3017 2610 3087 vagari
2639 3015 2947 3070 videantur.

2291 3106 2381 3162 ιιι.
2424 3107 2549 3164 Haec
2582 3107 2795 3163 dicente
2826 3105 3009 3170 Petro,
3049 3104 3360 3160 necessario
3405 3104 3792 3174 acquiescant.

2221 3201 2467 3258 dicentes
2499 3221 2512 3256 :
2544 3200 2665 3255 Non
2697 3200 2854 3254 valde
2884 3214 2986 3254 nos
3025 3200 3311 3254 contristat
3341 3199 3446 3254 hoc
3475 3215 3639 3269 agere
3664 3203 3799 3269 quia

2224 3307 2254 3346 a
2284 3302 2336 3349 te
2358 3293 2634 3363 jubemur,
2667 3293 2758 3364 qui
2791 3292 2972 3346 omnia
2999 3302 3052 3346 et
3076 3292 3212 3346 bene
3238 3305 3396 3360 agere
3417 3300 3474 3346 et
3499 3292 3640 3346 bene
3667 3307 3803 3344 coa—

2225 3388 2406 3442 sulere
2440 3401 2534 3457 per
2563 3385 2765 3441 Christi
2801 3384 3193 3455 providentiam
3231 3385 3437 3438 elecms
3468 3400 3531 3438 es
3551 3426 3569 3449 ,
3617 3383 3715 3436 sed
3743 3395 3803 3437 et

2225 3495 2334 3533 una
2369 3479 2457 3534 die
2484 3488 2576 3533 aut
2605 3478 2653 3534 si
2680 3478 2910 3532 multum
2938 3475 3139 3542 biduo,
3175 3476 3423 3546 quamvis
3459 3475 3676 3546 grande
3707 3477 3801 3538 sit,

2227 3571 2282 3626 in
2316 3573 2421 3628 hoc
2447 3571 2595 3626 omni
2627 3570 2806 3642 spatio
2847 3584 2956 3624 non
2991 3567 3177 3624 videre
3220 3569 3504 3623 dominum
3547 3578 3802 3622 nostrum

2225 3663 2444 3719 Petrum
2466 3702 2484 3728 ,
2515 3672 2693 3719 tamen
2721 3662 3003 3718 tolerabile
3029 3671 3134 3717 est.
3178 3660 3614 3726 Consideramus
3661 3664 3802 3716 enim

2225 3757 2357 3828 quid
2407 3756 2686 3827 patiantur
2735 3755 2812 3810 illi
2856 3754 3148 3809 duodecim
3201 3751 3400 3808 fratres
3438 3754 3666 3815 nostri,
3714 3755 3804 3823 qui
3835 3785 3849 3796 ι

2225 3849 2540 3920 praecedunt
2561 3862 2684 3911 nos,
2717 3854 2772 3902 et
2803 3861 3043 3901 mensem
3060 3860 3204 3915 pene
3228 3845 3505 3915 integrum
3528 3862 3600 3900 ex
3633 3849 3810 3900 trbus

2227 3941 2527 4005 mensibus,
2553 3939 2751 4010 quibus
2772 3954 2868 4008 per
2890 3952 3327 4007 unamquamque
3347 3938 3544 3992 urbem
3569 3939 3807 3994 resides.

2226 4041 2382 4089 tanto
2426 4034 2570 4088 bono
2607 4032 2828 4087 auditus
2853 4031 2931 4084 tui
2959 4030 3299 4099 visionisque
3347 4029 3705 4086 fraudantur.
3742 4032 3814 4086 Et

2229 4141 2359 4197 ergo
2383 4125 2568 4196 jubes,
2599 4125 2728 4195 quia
2753 4132 2898 4179 recte
2921 4122 3103 4178 omnia
3132 4122 3322 4193 jubes,
3355 4138 3518 4194 agere
3547 4141 3666 4179 non
3697 4143 3814 4178 mo-

2228 4219 2499 4274 rabimur.
2539 4217 2606 4270 Et
2633 4217 2721 4274 his
2757 4217 2922 4273 dictis
2963 4231 3315 4287 praeessem,
3361 4217 3610 4286 acceptis
3657 4235 3813 4272 man-

2229 4311 2414 4379 datis,
2469 4321 2527 4366 ut
2574 4319 2725 4367 extra
2775 4310 2964 4365 urbem
3009 4311 3416 4380 alloquerentur
3469 4309 3680 4365 fratres
3722 4313 3814 4381 qui

2230 4420 2419 4461 secum
2461 4404 2566 4459 iter
2611 4403 2862 4474 agebant,
2908 4417 2978 4458 ne
3022 4402 3314 4471 constipati
3361 4413 3414 4456 et
3461 4403 3632 4471 quasi
3690 4420 3817 4457 cum

2231 4497 2493 4561 tumultu,
2520 4495 2616 4552 sed
2638 4495 2872 4566 sparsim
2893 4502 2947 4549 et
2972 4495 3028 4549 in
3053 4495 3214 4550 binos
3235 4495 3398 4549 divisi
3425 4495 3820 4565 ingrediantur

2233 4590 2512 4646 civitates.

2301 4681 2392 4739 IV.
2423 4681 2624 4737 Verum
2648 4681 2760 4753 (33)
2784 4681 2876 4736 ubi
2897 4681 2972 4735 illi
2994 4681 3223 4752 proiecti
3252 4689 3401 4738 sunt.
3426 4693 3532 4750 ego
3550 4680 3819 4735 Clemens

2233 4776 2389 4832 valde
2418 4776 2638 4846 gavisus
2680 4789 2803 4830 sum
2873 4775 3018 4845 quod
3061 4789 3147 4828 me
3193 4789 3377 4828 secum
3407 4789 3536 4827 esse
3572 4774 3736 4836 fecit,
3765 4784 3822 4829 et

2234 4870 2322 4923 aio
2347 4867 2419 4922 ad
2447 4883 2572 4922 eum
2604 4887 2617 4923 :
2649 4866 2760 4922 Dee
2781 4867 2984 4937 gratias
3015 4881 3137 4937 ago,
3163 4865 3309 4935 quod
3335 4880 3420 4919 me
3444 4880 3558 4919 non
3589 4868 3820 4935 praui-

552 4977 803 5033 quasque
824 4964 1120 5019 nobiliores
1142 4964 1546 5035 provinciarum
1567 4964 1816 5018 civitates
1837 4963 2121 5035 preposui,
2159 4981 2201 5036 υ
2235 4961 2356 5017 sisti
2377 4975 2500 5016 cum
2518 4960 2661 5023 aliis,
2679 4975 2804 5013 nam
2828 4960 3050 5015 tristitia
3075 4958 3404 5013 interissem.
3419 4957 3564 5011 Tum
3580 4957 3817 5012 Petrus:

555 5055 700 5111 sicut
727 5055 891 5110 etiam
912 5072 1010 5111 vos
1033 5056 1210 5118 scitis,
1235 5056 1410 5111 ternis
1433 5055 1661 5111 docendi
1689 5056 1863 5127 gratia
1889 5057 2130 5113 residere

556 5149 862 5205 mensibus.
915 5147 1070 5203 Nunc
1123 5164 1255 5221 ergo
1303 5147 1650 5213 Laodiciam,
1717 5165 1839 5219 qua:
1873 5157 1960 5206 est
1996 5151 2128 5204 urbs

559 5241 828 5313 proxima,
857 5241 1144 5312 praecedite
1193 5257 1307 5309 me,
1360 5249 1416 5296 et
1458 5255 1559 5312 ego
1590 5248 1713 5312 post
1755 5242 1984 5297 biduum
2034 5250 2129 5296 aut

521 5367 547 5490 Ξ

515 5495 542 5633 l

565 5671 873 5736 melitarum
907 5671 1020 5734 htec
1069 5671 1313 5732 intrusai
1349 5674 1412 5730 In
1453 5685 1555 5729 oct.
1596 5674 1717 5746 [pro
1754 5671 1910 5746 sent]
1960 5673 2138 5746 sancti

569 5747 871 5808 Clementis.
904 5751 1015 5822 Ego
1050 5748 1286 5805 Clemens
1315 5747 1440 5804 dum
1482 5743 1646 5804 essent
1680 5762 1802 5800 cum
1836 5743 2137 5800 beatissimo

2234 5055 2301 5110 Et
2332 5054 2461 5124 quid
2499 5053 2609 5117 fiet,
2645 5053 2854 5122 inquit,
2898 5053 2946 5107 si
2974 5053 3277 5107 necessitas
3311 5054 3558 5121 exegerit
3589 5053 3742 5105 mitti
3773 5064 3824 5105 te

2234 5150 2416 5219 aliquo
2439 5148 2700 5202 doctrinae
2730 5146 2931 5218 gratia?
2962 5155 3246 5216 separatus
3275 5159 3307 5198 a
3336 5160 3421 5198 me
3447 5145 3552 5213 pro
3581 5147 3823 5199 utilitate

2234 5241 2520 5297 morieris?
2556 5256 2658 5296 nec
2678 5239 3002 5309 tibimetipsi
3031 5236 3326 5308 imperabis
3370 5235 3514 5291 ferre
3541 5239 3823 5307 patienter

1856 5463 2226 5522 COTELERll
2260 5464 2494 5522 NOTE.

637 5611 751 5682 (33)
799 5609 1013 5674 Verum,
1042 5615 1148 5682 etc.
1171 5603 1574 5682 Praepopuntur
1597 5604 1650 5682 in
1673 5601 1866 5659 codice
1880 5599 1984 5682 [’P.
2011 5599 2141 5682 Caro.

2244 5600 2403 5654 Petro
2450 5597 2707 5667 apostolo,
2757 5594 2983 5666 quodam
3030 5595 3113 5648 die
3143 5595 3258 5649 dixi
3283 5594 3355 5648 ad
3389 5609 3514 5667 at:
3539 5611 3560 5647 :
3593 5593 3826 5648 Gratia

2241 5666 2504 5754 agapen,
2535 5667 2672 5754 quad
2706 5683 2786 5721 me
2812 5683 2914 5723 non
2933 5667 3209 5737 permittas
3235 5666 3476 5737 separari
3505 5689 3542 5720 ο
3578 5678 3669 5734 ωε
3699 5682 3828 5720 ιι-

2242 5750 2462 5800 ιηδιὶιὶα
2481 5750 2793 5798 interissent.
3489 5775 3498 5782 -
