4030 6342
206 324 345 382 1357

1343 323 1908 381 ιιΕωϐΝιΤιοΝυιι
1946 323 2073 380 LIB.
2114 324 2202 380 Vll

3297 324 3434 379 {358

202 452 323 509 qua
350 437 652 492 necessitas
676 434 1035 506 imposuerit?
1059 445 1153 491 aut
1177 438 1428 509 ignoras,
1452 439 1579 507 quia
1603 438 1765 491 amici
1794 444 1842 500 Α
1868 454 1992 492 cum
2016 439 2258 494 oleribus
2276 440 2329 494 in
2356 456 2455 495 usu
2479 440 2709 510 est(55),
2734 440 3107 494 indumentum
3124 448 3307 495 autem
3332 440 3436 495 hoc

203 545 415 601 semper
433 529 594 584 simul
636 535 765 582 sunt
786 567 801 589 ,
832 538 886 581 et
915 528 1042 582 licet
1067 530 1391 598 corporibus
1418 537 1763 599 separentur,

203 620 464 677 memoria
492 629 670 672 tamen
693 618 1041 689 junguntur?
1085 622 1230 675 sicut
1274 622 1584 675 econtrario
1628 636 1765 675 non-

203 713 335 768 nulli
366 712 693 782 corporibus
723 727 829 765 una
858 712 1041 781 positi,
1073 713 1271 767 animis
1301 713 1642 768 dividuntur.

277 805 338 863 V.
381 805 445 858 Et
467 820 566 876 ego
594 805 851 872 respondi
876 823 893 859 τ
919 804 1037 858 Νοιι
1065 816 1245 875 putes,
1279 805 1351 858 mi
1382 806 1620 869 domine,
1650 806 1765 861 haec

200 913 285 952 me
314 897 758 951 irrationabiliter
792 896 928 964 pati.
963 896 1057 951 sed
1083 906 1229 950 certa
1258 904 1311 951 et
1340 909 1507 952 causa
1539 905 1595 951 et
1622 897 1765 952 ratio

195 999 279 1045 est
319 991 481 1058 hujus
506 1004 634 1059 erga
673 997 729 1043 te
754 988 982 1042 affectus
1026 990 1153 1042 mei.
1183 987 1260 1043 Te
1283 990 1427 1042 enim
1457 989 1632 1043 solum
1664 1005 1764 1059 pro

197 1080 447 1135 omnibus
467 1083 606 1138 meis
624 1082 907 1136 affectibus
931 1083 1125 1143 habeo,
1135 1097 1235 1151 pro
1252 1088 1426 1150 patre,
1443 1095 1543 1150 pro
1565 1090 1759 1145 matre,

198 1187 295 1241 pro
315 1171 597 1239 fratribus;
616 1189 781 1242 super
804 1173 916 1226 haec
938 1180 1118 1227 autem
1135 1173 1317 1227 omnia
1340 1180 1444 1234 est,
1467 1173 1609 1242 quod
1627 1173 1762 1227 mihi

195 1265 995 1335 salutiscausaetagnoscendae
1009 1265 1255 1322 veritatis
1276 1272 1334 1318 tu
1352 1264 1501 1319 solus
1542 1264 1758 1321 existis.

197 1356 298 1413 Sed
338 1367 393 1412 et
436 1358 570 1412 illud
611 1374 720 1411 non
770 1358 900 1411 mihi
943 1358 997 1410 in
1038 1365 1314 1426 postremo
1355 1357 1585 1410 habetur
1615 1357 1755 1420 loco,

192 1449 330 1520 quod
354 1449 619 1519 juvenilis
640 1459 772 1504 aetas
801 1464 922 1519 qua:
955 1450 1010 1503 in
1036 1465 1124 1503 me
1150 1456 1257 1513 est,
1286 1448 1759 1517 concupiscentia-

191 1558 307 1596 rum
340 1542 558 1597 insidiis
586 1541 866 1609 subjacet,
896 1550 951 1595 et
976 1555 1166 1595 vereor
1200 1554 1323 1594 esse
1351 1539 1472 1593 sine
1498 1547 1570 1600 te,
1592 1539 1758 1608 cujus

190 1634 301 1688 sola
327 1634 619 1705 praesentia
658 1633 839 1687 omnis
878 1632 1092 1686 luxuria
1132 1631 1384 1701 quamvis
1429 1631 1641 1686 ratione
1669 1646 1758 1684 ca-

189 1734 323 1790 reat,
353 1725 663 1805 erubescit;
701 1723 826 1778 licet
848 1724 1118 1779 confidam
1145 1723 1213 1779 de
1234 1724 1612 1779 misericordia
1638 1724 1752 1786 Dei,

186 1817 331 1885 quod
365 1818 528 1873 etiam
556 1832 749 1870 sensus
776 1831 933 1871 meus
962 1831 1027 1871 ex
1060 1815 1147 1871 his
1180 1831 1303 1886 qua:
1326 1832 1421 1886 per
1450 1815 1753 1869 doctrinam

187 1919 334 1963 tuam
366 1911 657 1977 concepit,
705 1908 854 1963 aliud
881 1907 994 1978 jam
1024 1909 1229 1979 aliquid
1261 1909 1328 1963 ad
1370 1910 1755 1980 cogitationem

186 2000 428 2070 recipere
456 2016 566 2055 non
595 2000 788 2069 possit.
823 1998 1088 2055 Prmterea
1117 2001 1336 2056 memini
1375 2010 1427 2055 te
1456 2000 1597 2070 apud
1640 2000 1757 2055 Cte-

187 2106 397 2147 saream
427 2092 652 2155 dixisse,
683 2100 741 2146 ut
768 2093 813 2148 si
838 2094 963 2163 quis
1000 2094 1111 2147 vult
1140 2108 1227 2148 me
1254 2094 1402 2149 salva
1437 2094 1636 2163 pietate
1657 2110 1754 2149 co-

186 2185 390 2249 mitari,
416 2185 730 2239 comitetur.
774 2185 937 2239 Salva
982 2193 1160 2239 autem
1197 2186 1398 2255 pietate
1427 2184 1668 2250 dicebas,
1696 2194 1756 2240 ut

186 2279 457 2333 neminem
484 2278 840 2333 contristaret
867 2279 956 2332 cui
999 2277 1299 2333 secundum
1330 2276 1757 2334 Deum‘deberet

187 2369 499 2435 miserere,
528 2370 678 2426 verbi
711 2371 890 2440 gratia
913 2410 927 2433 ,
965 2385 1035 2426 ne
1064 2385 1289 2425 uxorem
1328 2369 1540 2425 fidelem
1586 2370 1755 2424 relin-

183 2470 374 2531 queret
397 2462 483 2518 vel
509 2469 762 2531 parentes
790 2463 871 2517 vel
898 2462 1034 2517 alias
1060 2461 1435 2531 hujuscemodi
1466 2477 1753 2532 personas,

184 2570 213 2606 a
242 2554 443 2625 quitus
476 2570 577 2625 ego
604 2555 761 2610 valde
800 2554 939 2609 liber
965 2570 1085 2610 sum
1125 2563 1180 2610 et
1221 2554 1343 2609 ideo
1370 2562 1529 2624 aptus
1560 2554 1629 2608 ad
1665 2571 1753 2611 se-

182 2648 461 2717 quendum
494 2657 583 2714 te;
628 2655 793 2717 atque
836 2649 1041 2702 utinam
1085 2647 1220 2701 mihi
1254 2648 1526 2703 concedas
1570 2657 1629 2703 ut
1656 2648 1756 2702 tibi

182 2741 346 2796 etiam
374 2741 518 2795 servi
551 2742 911 2796 ministerium
942 2740 1250 2796 exhibeam.

255 2830 345 2887 Vl.
388 2831 526 2887 Tum
549 2832 742 2888 Petrus
769 2833 837 2887 ad
858 2834 975 2887 haec
998 2833 1184 2889 ridens
1205 2834 1311 2890 ait:
1330 2832 1394 2888 Et
1417 2834 1547 2905 quid
1570 2844 1752 2905 putas,

182 2922 433 2979 Clemens
454 2964 470 2987 ,
502 2924 649 2994 quod
693 2941 804 2980 non
852 2934 905 2981 te
944 2927 1062 2996 ipsa
1093 2928 1393 2983 necessitas
1426 2927 1557 2982 mihi
1590 2928 1755 2982 faciat

184 3017 443 3070 servum?
486 3016 620 3072 Nam
645 3020 771 3088 quis
807 3018 938 3072 mihi
972 3020 1170 3089 poterit
1198 3019 1341 3073 alius
1367 3027 1613 3075 sternere
1640 3020 1755 3074 sin-

1869 540 1953 585 est
1989 531 2119 584 mibi
2150 533 2293 600 quod
2323 533 2495 596 vides,
2528 534 2711 586 tunica
2736 548 2860 586 cum
2888 533 3081 603 pallio,
3111 542 3163 586 et
3199 533 3310 587 hac
3338 533 3436 587 ba-

1868 622 2024 687 hens,
2062 624 2207 679 aliud
2236 626 2372 679 nihil
2417 628 2656 696 requiro.
2703 625 2817 679 Hoc
2858 625 2989 679 mihi
3034 623 3258 683 sufficit.
3305 626 3433 694 quia

1867 729 2021 770 mens
2071 731 2190 771 mea
2231 732 2338 772 non
2385 719 2451 772 ad
2497 718 2610 772 hazc
2659 715 3184 787 praesentia,sedad
3205 717 3294 770 illa
3315 734 3435 788 quae

1864 815 2069 862 aeterna
2100 816 2230 863 sunt
2257 811 2472 879 aspicit,
2498 818 2554 864 et
2579 810 2699 865 ideo
2718 810 2853 863 nihil
2878 827 2963 865 me
2986 825 3168 865 rerum
3196 825 3433 879 praesen-

1864 900 2000 954 tium
2045 902 2453 973 visibiliumque
2504 903 2760 958 delectat.
2820 901 2973 957 Unde
3012 910 3167 956 tuum
3214 901 3431 972 quidem

1863 1005 1991 1061 erga
2021 1008 2108 1047 me
2137 994 2337 1047 bonum
2365 996 2610 1048 animum
2640 994 2939 1064 amplector
2968 1004 3022 1048 et
3053 994 3244 1055 miror,
3285 1007 3349 1047 ac
3381 1002 3433 1047 te

1863 1085 2037 1155 magis
2066 1086 2249 1149 laudo,
2293 1088 2565 1156 quomodo
2591 1103 2714 1141 cum
2745 1088 2823 1142 sis
2846 1088 2927 1141 vir
2949 1103 3013 1141 ex
3038 1084 3433 1141 consuetudine

1862 1178 2044 1230 multa:
2082 1177 2430 1233 abundantia:
2461 1180 2719 1242 veniens,
2758 1187 2871 1233 tam
2900 1179 3011 1234 cito
3046 1178 3345 1232 transferre
3378 1188 3433 1229 et

1860 1276 2050 1337 aptare
2071 1278 2127 1323 te
2152 1273 2395 1339 potueris
2420 1275 2486 1325 ad
2510 1273 2652 1328 hanc
2676 1274 2841 1327 vitam
2866 1280 3135 1334 nostram,
3158 1285 3280 1340 qua
3300 1269 3434 1324 solis

1860 1363 2191 1417 necessariis
2219 1364 2410 1418 utitur.
2437 1363 2549 1419 Nos
2578 1366 2722 1419 enim
2754 1380 2783 1417 a
2811 1378 3005 1435 puero,
3037 1363 3090 1416 id
3116 1370 3221 1421 est,
3252 1375 3353 1429 ego
3381 1369 3435 1412 et

1860 1451 2027 1509 frater
2056 1469 2350 1524 germanus
2382 1471 2536 1510 meus
2558 1457 2953 1520 Andreas,non
2984 1454 3160 1509 solum
3179 1452 3431 1520 orphani,

1860 1545 1957 1600 sed
1982 1554 2039 1601 et
2068 1546 2226 1600 valde
2256 1562 2527 1618 pauperes
2556 1548 2831 1603 crevimus
2861 1556 2915 1603 et
2945 1546 3275 1603 necessitate
3304 1560 3433 1612 ope-

1859 1638 1992 1691 rarii
2020 1653 2145 1693 esse
2173 1640 2585 1703 consuevimus,
2618 1640 2763 1696 unde
2802 1648 2856 1695 et
2896 1656 3043 1695 nunc
3078 1639 3237 1693 facile
3269 1653 3434 1692 vexa-

1861 1729 2039 1785 tiones
2062 1730 2317 1786 itinerum
2345 1731 2590 1787 ferimus.
2616 1731 2720 1788 Sed
2751 1734 2932 1803 potius
2957 1734 3003 1788 si
3053 1733 3189 1787 mihi
3213 1731 3435 1800 acquie—

1861 1837 2047 1877 sceres
2090 1830 2149 1877 et
2194 1825 2575 1893 permitteres,
2599 1841 2698 1896 ego
2732 1827 2904 1896 magis
2936 1826 3097 1879 homo
3126 1824 3431 1895 cperarius.

1858 1911 2077 1969 facilius
2101 1915 2197 1969 tibi
2229 1931 2447 1985 possem
2477 1916 2621 1971 servi
2650 1917 2877 1987 implere
2901 1917 3291 1971 ministerium.

1927 2003 2042 2059 Vll.
2081 2006 2151 2059 At
2178 2021 2280 2076 ego
2310 2006 2423 2063 haec
2462 2009 2690 2063 audiens
2720 2010 3049 2073 eontremui,
3082 2019 3133 2064 et
3178 2009 3433 2078 lacrymze

1858 2096 1991 2151 mihi
2021 2099 2285 2153 continuo
2316 2109 2690 2170 proruperunt
2713 2141 2727 2165 ,
2774 2103 2916 2171 quod
2948 2102 3111 2156 talem
3156 2100 3288 2154 mibi
3318 2115 3434 2155 ser-

1858 2208 2073 2249 monem
2098 2193 2300 2247 dixerit
2330 2194 2412 2249 vir
2442 2203 2626 2249 tantus
2646 2233 2661 2256 ,
2692 2209 2802 2264 quo
2832 2194 3013 2247 omnis
3052 2191 3288 2246 mundus
3336 2192 3430 2244 ha-

1857 2284 2018 2340 betur
2046 2286 2295 2341 inferior.
2338 2284 2476 2339 Tum
2521 2286 2612 2341 ille
2657 2287 3047 2358 lacrymantem
3088 2300 3175 2340 me
3203 2284 3429 2348 videns.

1856 2389 2077 2432 causam
2097 2384 2466 2448 percontatur.
2490 2377 2593 2433 Cui
2615 2392 2719 2447 ego
2739 2376 2997 2447 respondi
3022 2394 3036 2431 :
3056 2376 3196 2442 Quid
3219 2383 3429 2429 tantum

1859 2468 1913 2521 in
1954 2476 2008 2524 te
2048 2470 2269 2540 peccavi
2296 2476 2357 2523 ut
2386 2485 2474 2524 me
2505 2469 2596 2523 tali
2633 2469 3216 2525 sermone-onerares?
3243 2476 3297 2523 et
3326 2467 3431 2523 Pe-

1856 2567 1978 2615 trus
2012 2580 2025 2615 :
2057 2559 2115 2615 Si
2147 2561 2348 2615 malum
2382 2570 2464 2617 est
2486 2602 2501 2625 ,
2547 2562 2744 2632 inquit,
2776 2563 2922 2632 quod
2955 2564 3065 2617 dixi
3104 2572 3162 2616 ut
3191 2565 3430 2618 serviam

1858 2652 1993 2713 tibi,
2046 2662 2102 2705 tu
2147 2653 2297 2722 prior
2326 2655 2565 2723 peccasti
2612 2654 2716 2708 hoc
2746 2656 2878 2709 mihi
2910 2654 3164 2709 dicendo.
3196 2654 3261 2708 Et
3291 2672 3428 2726 ego:

1854 2743 1974 2800 Non
2006 2753 2124 2807 est.
2170 2745 2426 2815 inquam,
2473 2746 2688 2811 simile;
2725 2761 2812 2800 me
2840 2748 2985 2801 enim
3015 2746 3167 2802 decet
3200 2748 3303 2802 hoc
3334 2748 3433 2801 tibi

1856 2835 2058 2901 facere,
2093 2845 2149 2890 tu
2170 2844 2349 2891 autem
2378 2837 2471 2907 qui
2504 2836 2594 2892 Dei
2620 2839 2822 2893 summi
2844 2854 3022 2909 praeco
3041 2840 3109 2893 ad
3139 2842 3432 2899 salvandas

1857 2930 2069 2984 animas
2098 2930 2379 2985 hominum
2417 2931 2620 2987 missus
2649 2947 2709 2987 es
2729 2972 2745 2997 ,
2770 2948 2936 3003 grave
2965 2945 3049 2987 est
3081 2942 3141 2988 ut
3170 2935 3274 2990 hoc
3299 2937 3431 2991 mihi

1857 3021 2031 3076 dicas.
2062 3021 2128 3076 Et
2156 3021 2351 3077 Petrus
2382 3042 2394 3077 :
2431 3024 2848 3093 Acquiescerem
2893 3026 3025 3090 tibi,
3074 3028 3282 3096 inquit,
3324 3028 3432 3083 nisi

184 3108 350 3164 dones
380 3117 434 3164 et
464 3110 704 3179 stragula
730 3112 956 3179 pulchra
980 3112 1346 3180 componere?
1374 3110 1508 3177 Quis
1538 3126 1756 3168 servare
1779 3118 1826 3176 (Ξ
1860 3115 2122 3172 Dominus
2148 3124 2334 3171 noster
2363 3116 2455 3185 qui
2483 3116 2550 3171 ad
2579 3117 2811 3171 salutem
2839 3119 3008 3173 totius
3039 3119 3229 3173 tnundi
3258 3120 3429 3183 venit,

185 3203 417 3258 annulos
472 3212 527 3258 et
578 3204 897 3258 indumenta
943 3221 1063 3274 qua:
1112 3204 1336 3259 assidue
1387 3213 1600 3260 mutare
1659 3203 1755 3260 de-

185 3296 335 3351 beam
369 3298 506 3368 (54),
544 3297 912 3366 praeparabit?
941 3298 1075 3364 Quis
1102 3299 1265 3352 etiam
1292 3300 1441 3352 cocis
1467 3298 1756 3367 imperabit

184 3397 235 3442 et
264 3389 485 3445 diversa
523 3398 685 3461 atque
728 3392 899 3445 electa
945 3392 1221 3460 pulmenta
1254 3390 1562 3460 providebit
1586 3431 1600 3454 ,
1633 3404 1755 3459 quae

185 3490 297 3537 arte
322 3483 621 3538 scitissima
653 3490 708 3537 et
743 3483 892 3537 varia
921 3490 1314 3552 prmparentur,
1356 3492 1411 3537 et
1448 3484 1629 3536 omnia
1663 3483 1753 3535 illa

184 3588 302 3642 «tuae
329 3575 649 3629 hominibus
673 3576 909 3631 molliter
939 3575 1228 3638 institutis,
1258 3575 1367 3631 imo
1394 3577 1577 3646 potius
1606 3577 1757 3646 eupi-

185 3664 335 3720 ditati
368 3682 563 3722 eorum
592 3669 736 3723 velut
774 3667 1181 3739 immanissimas
1206 3668 1420 3723 cuidam
1456 3670 1639 3723 bestiae
1671 3670 1755 3723 in-

180 3756 342 3827 iustis
359 3760 593 3830 quaesita
614 3760 922 3831 sumptibus
944 3762 1370 3816 convectantur?
1394 3760 1499 3816 Sed
1524 3760 1755 3817 fortasse

184 3854 432 3922 quamvis
466 3868 674 3907 mecum
701 3856 914 3925 positus
946 3854 1203 3918 videaris,
1231 3869 1339 3909 non
1364 3856 1649 3925 agnoveris
1676 3854 1754 3908 vi-

186 3954 293 4001 tam
316 3962 524 4015 meam;
549 3949 707 4019 panis
726 3948 855 4002 mihi
878 3948 1029 4003 solus
1049 3962 1173 4003 cum
1187 3948 1346 4003 olivis
1368 3957 1422 4005 et
1445 3963 1570 4003 raro
1587 3949 1750 4003 etiam

1860 3213 1913 3261 et
1944 3208 2037 3278 qui
2064 3218 2183 3264 erat
2210 3209 2355 3263 omni
2388 3216 2645 3262 creatura
2674 3209 2939 3273 nobilior,
2990 3210 3195 3264 servire
3237 3225 3432 3279 passus

1858 3309 2025 3363 esset,
2094 3308 2152 3354 ut
2196 3316 2296 3355 nos
2338 3300 2591 3354 suaderet
2637 3314 2749 3354 non
2795 3301 3119 3356 erubescere
3168 3302 3429 3357 fratribus

1859 3391 2065 3446 nostris
2100 3406 2379 3446 servorum
2409 3391 2667 3447 exhibere
2700 3392 3085 3447 ministerium.
3125 3392 3262 3447 Tum
3290 3410 3425 3463 ego:

1861 3480 1917 3535 Si
1949 3490 2081 3552 puto
2107 3482 2251 3552 quod
2284 3482 2491 3551 possim
2523 3490 2577 3537 te
2598 3483 2841 3546 vincere,
2870 3484 3026 3539 valde
3050 3485 3251 3540 stultus
3273 3502 3425 3551 sum;

1858 3584 2232 3629 verumtamen
2262 3590 2364 3645 ago
2389 3576 2593 3645 gratias
2618 3576 2974 3645 providentia:
3002 3575 3129 3641 Dei,
3157 3578 3304 3646 quod
3332 3594 3429 3647 pa-

1858 3674 2075 3721 rentum
2107 3667 2228 3720 loco
2266 3667 2465 3722 habere
2490 3675 2543 3722 te
2577 3668 2771 3722 merui.

1929 3756 2063 3812 Vill.
2107 3757 2243 3812 Tum
2282 3757 2476 3815 Petrus
2511 3777 2525 3814 :
2557 3757 2728 3814 Nemo
2756 3760 2935 3823 enim,
2964 3758 3176 3831 inquit,
3205 3776 3332 3818 vere
3360 3778 3429 3817 ex

1855 3867 2055 3923 genere
2074 3852 2174 3907 tibi
2197 3852 2486 3923 superest?
2515 3850 2795 3922 Respondi
2826 3870 2840 3905 :
2864 3850 3007 3906 Sunt
3026 3852 3245 3923 quidem
3272 3855 3426 3908 multi

1855 3954 2107 4016 potentes
2150 3946 2249 4001 viri
2296 3962 2363 4001 ex
2404 3945 2636 4000 Caesaris
2672 3944 2924 4016 prosapia
2952 3944 3065 4017 (56)
3104 3947 3423 4014 venientes;

1480 4100 1847 4158 COTELEBII
1879 4100 2112 4157 NOTAE.

255 4244 366 4313 (34)
437 4241 773 4305 Indumenta,
830 4260 944 4311 quis
999 4244 1208 4298 assidue
1258 4256 1461 4296 mutare
1513 4242 1747 4296 debeam.

196 4313 736 4384 Ύποδύματαμῐοηθ
777 4322 871 4366 aut
927 4314 1216 4384 ἐνδύματα,
1255 4330 1360 4367 non
1408 4312 1746 4383 ὑποδήματα,

186 4382 489 4455 amasset;
523 4382 829 4455 Clementia.
851 4399 953 4455 Διιι,
988 4384 1041 4445 6.
1056 4382 1229 4455 epist.
1266 4385 1351 4438 74.

256 4428 366 4524 (δέ)
409 4428 579 4507 βαηίε
610 4452 737 4505 mihi
779 4428 1275 4517 solus'cui'nvt'ilivvis,
1310 4463 1415 4508 etc.
1448 4450 1528 4507 Ob
1563 4452 1745 4507 consi-

1856 4256 1907 4295 c.
1938 4242 2038 4309 48;
2086 4242 2178 4295 lib.
2211 4256 2285 4304 ιι,
2331 4256 2379 4295 c.
2410 4241 2443 4296 6
2473 4252 2526 4297 et
2554 4241 2643 4297 20.
2673 4240 2855 4298 Potuit
2893 4243 3252 4297 nihilominus
3298 4256 3428 4311 apo-

1856 4314 2122 4367 stolorum
2154 4312 2407 4380 princeps
2437 4315 2695 4367 carnibus
2722 4315 3080 4367 animantium
3115 4329 3223 4367 non
3258 4314 3425 4368 vesci.

1852 4383 2029 4436 instar
2055 4381 2289 4436 Mattluei
2326 4383 2377 4435 in
2395 4383 2674 4437 Clemente
2712 4383 3078 4438 Alexandrino
3128 4383 3350 4451 Pwdug.
3384 4393 3424 4435 ιι

1850 4468 1899 4506 e.
1920 4453 1968 4516 ί,
1988 4460 2041 4507 et
2071 4451 2440 4507 instarJacobi
2466 4451 2608 4507 Justi
2628 4456 2770 4522 apud
2798 4454 3113 4516 Eusebium,
3140 4452 3340 4506 Histor.
3366 4469 3424 4516 ιι,

188 4516 367 4593 milem
397 4525 710 4593 pariterque
734 4524 1100 4593 apocrypbum
1137 4516 1314 4579 locum
1349 4526 1533 4577 nescio
1562 4538 1743 4593 quem,
1778 4516 1824 4574 ἰ)
1848 4522 2576 4593 ΞδςΑΕρὶριιδιιὶιιιη,Ιιιιξι“θε.
2598 4516 2688 4589 78’,
2722 4539 2871 4577 num.
2906 4525 3005 4589 43;
3038 4522 3426 4593 Hieronymum

186 4590 346 4674 Petro
374 4590 555 4649 victus
586 4590 1140 4674 e'lupinisntriln‘titnr
1169 4610 1265 4674 per
1292 4590 1610 4674 Gregorium
1642 4591 1747 4645 Na-

188 4664 522 4735 zianzenum,
554 4663 796 4717 carmine
824 4664 887 4717 i8
914 4683 928 4717 :
959 4663 1061 4735 Τὸν
1090 4666 1153 4716 ὲκ
1172 4663 1397 4735 λθὲρμων
1426 4664 1599 4735 μόνων
1625 4679 1751 4735 τρυ-

188 4679 522 4726 znanzenum,
554 4679 796 4717 carmine
824 4679 887 4717 ιδ
914 4683 928 4717 :
960 4679 1061 4716 ιον
1090 4679 1153 4716 εκ
1185 4679 1397 4735 υερμων
1426 4681 1599 4733 μονων
1625 4679 1747 4785 tgu-

187 4733 366 4800 φῶντα
387 4735 611 4805 Πέῖρον,
639 4734 1091 4805 θιᾼφιήαιίυιιε-ιίῖε
1114 4732 1590 4805 Πὲτῳςᾲάασαρίου
1621 4733 1651 4785 θ
1690 4748 1747 4803 ρ-

228 4820 307 4867 οις
332 4802 790 4876 τρεφόμενος.υι)ἰ
806 4820 919 4876 cur
948 4802 1742 4876 Nicetespascdpzovﬁiummu-

210 4890 319 4935 mn.
352 4872 599 4929 emendis
646 4874 849 4943 lupinis
893 4875 1018 4927 vilis
1056 4874 1211 4943 pretii
1246 4874 1603 4943 mercimonio
1632 4872 1750 4925 ido-

188 4958 367 5006 neum,
401 4945 655 4997 metiatur
683 4941 866 4998 decem
901 4941 1167 5006 nummis,
1205 4951 1336 5012 quot
1383 4941 1625 5013 ἀργυρίῳ
1675 4944 1751 4995 le-

186 5024 385 5080 guntur
417 5013 695 5082 assignata
738 5014 1072 5083 νομίσματα,
1106 5015 1157 5067 id
1191 5028 1318 5066 vero
1360 5013 1497 5065 clam
1532 5026 1615 5064 me
1644 5021 1747 5083 est.

188 5031 385 5080 guntur
417 5031 695 5082 as‘SIgnata
738 5031 797 5067 νο
846 5031 1072 5083 ισματα,
1107 5031 1157 5067 tu
1191 5031 1318 5066 vero
1360 5031 1497 5065 Ciam
1532 5031 1615 5064 me
1644 5031 1747 5066 εει.

188 5082 407 5154 Πέτρος,
443 5085 640 5153 inquit,
660 5085 768 5137 ὁὲκ
798 5031 1011 5153 ἕὲρμων
1045 5083 1218 5152 μόνων
1243 5083 1464 5154 τρυφῶν
1490 5082 1748 5154 ἀσσαρίου

186 5152 540 5235 ᾗωγήμένωνᾎ
563 5153 668 5225 [ιιι.
699 5154 818 5235 st-.3
841 5152 1206 5235 @Vougév'mv],
1224 5152 1395 5234 ἡγοωί
1418 5152 1749 5235 δεῆαγοὺμου

187 5172 505 5276 εωνηὲιενων
563 5172 668 5225 [ιιι.
699 5172 814 5215 ενος
841 5172 1206 5276 ωνουὲιενωη,
1224 5172 1388 5223 ηγουν
1418 5172 1749 5235 οεκανουμου

187 5221 293 5294 [vel
353 5223 745 5294 εκανούμμου
775 5224 946 5294 Τοῦτο
1007 5225 1033 5275 ὲ
1066 5223 1130 5277 ἐκ
1148 5240 1300 5294 favo;
1329 5222 1434 5275 τῶν
1458 5222 1533 5293 μὴ
1554 5225 1752 5294 ἐκκλη-

187 5242 293 5293 [νει
321 5242 544 5276 οεκανου
597 5242 697 5294 μου
705 5242 745 5294 ].
776 5242 946 5276 too-to
976 5242 1033 5276 οε
1066 5242 1130 5277 εκ
1154 5242 1300 5285 τινος
1329 5242 1434 5275 των
1458 5242 1533 5293 μη
1554 5242 1749 5293 εκκΛη-

187 5293 516 5365 σιαζομένων
547 5242 743 5364 βίϐλων
774 5293 1108 5365 ᾁνείληπῖαι.
1146 5292 1313 5365 liabet
1361 5302 1543 5365 tamen
1560 5291 1749 5365 forsan

188 5360 568 5431 astipulatores
589 5364 901 5427 nonnullos,
918 5360 970 5417 in
988 5363 1210 5426 Catena,
1231 5363 1419 5417 Matth.
1440 5378 1493 5423 x,
1515 5360 1748 5424 29,dum

187 5432 445 5504 ésadptov
494 5432 819 5503 Decalogum
878 5435 1166 5504 allegorice
1198 5433 1751 5504 interpretanturtA

188 5494 446 5573 Gregorio
491 5494 781 5559 dissentire
804 5494 1016 5558 videtur
1055 5494 1407 5573 Epiphanius,
1438 5502 1631 5555 haeresi
1659 5502 1746 5563 30,

190 5520 291 5555 ure
329 5520 446 5557 orto
491 5520 781 5559 dissentire
804 5520 1016 5558 videtur
1055 5520 1407 5573 epipnamus,
1438 5520 1631 5555 nterest
1659 5520 1746 5563 ou,

190 5586 238 5624 e.
275 5520 360 5636 ἦ),
396 5588 458 5627 ac
489 5575 801 5629 existimare
829 5573 1209 5629 abstinentiam
1238 5572 1381 5628 Petri
1404 5574 1471 5625 ab
1493 5572 1751 5626 animatis

190 5648 241 5715 et
268 5656 451 5715 carne,
469 5644 781 5715 ﬁgmentum
810 5660 931 5699 esse
962 5643 1460 5713 Ebionitarum,qm
1501 5641 1747 5715 Periodis

192 5712 733 5785 Petri‘depravarint.
761 5714 937 5785 Atque
977 5715 1119 5768 hanc
1138 5712 1466 5785 sententiam
1503 5712 1752 5785 aliquan-

192 5786 299 5833 tum
332 5780 581 5842 fortassis
611 5780 869 5855 adjuvant
914 5801 1033 5857 quae
1080 5785 1166 5839 hic
1211 5784 1479 5838 habentur
1504 5783 1596 5836 lib.
1629 5796 1746 5845 vm,

1853 4593 1906 4664 in
1942 4591 2311 4664 VCatalogo,ex
2340 4593 2664 4663 Hegesippo.
2684 4593 2778 4648 Est
2805 4594 3003 4664 quippe
3038 4591 3427 4664 praeter—Ebio-

1851 4663 2076 4735 nitieam
2100 4662 2448 4735 aliorumque
2479 4662 2880 4735 haereticorum,
2906 4662 3122 4735 necnon
3154 4662 3428 4735 Pythago-

1851 4747 1924 4785 ra:
1973 4732 2381 4797 abstinentiam,
2436 4734 2745 4802 superbam,
2798 4732 3257 4803 superstitiosam,
3315 4732 3424 4785 lico

1850 4803 2007 4873 quasi
2036 4803 2303 4855 malorum
2335 4805 2544 4866 auctori
2577 4802 2918 4871 injuriosam,
2940 4805 3131 4857 anima:
3163 4812 3219 4855 ut
3247 4804 3301 4855 in
3334 4805 3425 4855 lie-

1852 4872 2079 4943 suarum
2100 4887 2327 4943 corpora
2363 4874 2653 4927 devolubili
2674 4874 3151 4936 contumeliosam;
3173 4874 3276 4925 alia
3299 4874 3425 4925 abs-

1852 4941 2110 5004 tinentia,
2158 4941 2283 5011 pia,
2312 4943 2657 5007 Christiana,
2710 4943 2951 5006 humilis,
3001 4959 3108 4996 non
3140 4943 3291 5010 _Deo,
3330 4950 3424 4995 aut

1851 5013 2136 5082 creaturis,
2168 5014 2263 5082 sed
2289 5014 2745 5082 concupiscentia:
2773 5015 3015 5067 inimica.

1925 5082 2039 5153 (56)
2085 5081 2162 5136 Ea:
2182 5080 2415 5138 Ctesaris
2446 5080 2713 5151 prosapia,
2737 5082 3077 5153 ete.Tiberii,
3108 5082 3421 5137 Clementia.

1854 5166 1927 5214 tv,
1963 5152 2022 5223 7;
2062 5153 2221 5223 epist.
2262 5169 2383 5223 cap.
2415 5154 2485 5207 46
2515 5161 2569 5206 et
2613 5154 2736 5207 145.
2773 5152 2931 5223 Hinc,
2966 5154 3068 5208 hoc
3093 5161 3268 5223 estiex
3294 5167 3428 5220 apo-

1852 5222 2073 5292 crypbis
2096 5217 2172 5278 'et
2218 5217 2462 5288 incertis,
2493 5222 2747 5277 Clemens
2786 5217 3057 5277 Eucherio
3081 5222 3150 5277 ad
3180 5217 3422 5276 Valeria-

1852 5308 1981 5345 num
2013 5294 2274 5346 scribenti
2304 5294 2538 5355 dicitur,
2566 5302 2769 5346 vetusta
2797 5294 3043 5361 prosapia
3090 5302 3419 5355 senatorum,

1852 5374 2005 5431 atque
2030 5363 2189 5416 etiam
2218 5380 2282 5416 ea:
2307 5366 2465 5430 stirpe
2488 5363 2783 5417 Caesarum.
2800 5364 3091 5418 Consensit
3118 5378 3422 5432 anonymus

1851 5434 1943 5502 qui
2001 5433 2085 5503 de;
2123 5435 2536 5494 certaminibus.
2594 5435 3144 5503 peregrinationibus,
3205 5433 3423 5503 vita_et

1851 5500 2027 5557 morte
2060 5501 2204 5557 Petri
2232 5511 2284 5557 et
2314 5502 2464 5556 Pauli
2494 5500 2743 5572 scripsit,
2767 5504 2969 5557 citatus
2991 5518 3028 5572 7a
3056 5502 3296 5556 Patricio
3323 5500 3423 5554 Ju-

1851 5574 1965 5636 nio,
1995 5574 2049 5626 in
2079 5573 2473 5627 Clementinam
2510 5571 2804 5639 Epistulam
2851 5574 2920 5623 ad
2965 5571 3286 5634 Corinthios,
3318 5587 3421 5625 nec

1852 5658 1958 5712 non
1987 5643 2345 5712 Nicephorus,
2374 5644 2464 5698 lib.
2500 5658 2697 5711 tt,cap.
2730 5644 2799 5697 55
2815 5681 2841 5712 ,ί
2860 5654 2915 5712 et
2934 5643 3027 5695 lib.
3060 5659 3139 5707 ιιι,
3172 5657 3293 5712 cap.
3328 5641 3421 5712 i8.

1853 5710 1957 5783 Sed
2016 5710 2251 5783 fabulam
2300 5714 2536 5783 produnt
2576 5710 2793 5767 nomina
2827 5710 3152 5776 Mattltidize,
3207 5710 3416 5777 Fausti,

1855 5780 2116 5850 Faustini,
2150 5780 2507 5849 Faustiniani,
2546 5800 2667 5853 quze
2712 5783 2873 5838 otiosi
2923 5785 3206 5854 nugatoria
3257 5796 3413 5836 som-
