4030 6342
284 255 409 312 1561

1462 248 2028 305 RECOSNITIONUM
2068 249 2193 305 LIB.
2231 249 2342 305 VII.

3386 255 3521 313 1562

280 367 552 431 tissimus,
598 364 918 437 acquiescit,
952 363 1047 419 scd
1093 363 1303 418 monuit
1348 379 1469 428 nos,
1502 380 1624 418 cum
1658 378 1848 419 navem
1879 372 1922 426 Α
1953 365 2093 420 alius
2127 380 2257 420 sane
2317 364 2457 418 ﬁlius
2490 372 2756 434 quatenus
2808 364 2947 434 patri
3006 372 3248 422 maneret
3278 366 3347 422 ad
3376 368 3520 422 sola-

275 459 789 521 desccndissemus,
818 471 925 510 non
955 470 1062 511 una
1093 470 1285 510 omnes
1314 470 1646 511 concurrere
1675 455 1743 509 ad
1775 456 1855 508 vi-

277 551 561 617 dendum;
613 550 742 603 nolo
787 549 957 611 enim,
1010 548 1210 618 inquit,
1243 549 1421 603 notari
1454 563 1551 604 vos
1593 562 1623 600 a
1671 548 1851 603 turba.

278 644 419 699 Cum
453 659 583 715 ergo
611 642 699 697 die
729 649 947 711 postera
988 640 1113 694 navi
1143 642 1246 696 sub
1274 650 1549 695 momento
1589 640 1735 694 hora:
1763 656 1856 695 ve-

277 736 554 791 nissemus
598 733 665 787 ad
714 733 977 793 insulam,
1023 732 1286 787 continuo
1319 732 1385 786 ad
1432 733 1610 786 locum
1651 732 1705 785 in
1744 746 1854 801 quo

277 837 435 883 erant
457 828 720 883 columna:
744 826 1045 888 mirabiles,
1077 840 1457 895 properamus.
1481 824 1648 878 Erant
1670 833 1853 880 autem

280 920 337 974 in
365 920 479 975 aede
506 919 740 990 quadam
783 918 991 988 positae,
1044 917 1100 971 in
1146 930 1255 987 qua
1301 916 1507 970 Phidiae
1536 930 1700 986 opera
1729 931 1855 984 per-

274 1012 566 1083 magniﬁca
599 1012 961 1075 habebantur,
1000 1010 1203 1080 quibus
1232 1010 1443 1065 intento
1473 1009 1853 1079 unusquisque

276 1112 525 1161 nostrum
557 1103 902 1159 detinebatur
932 1109 1177 1172 aspectu.

349 1218 487 1273 XIII.
529 1217 725 1274 Petrus
746 1232 876 1273 vero
907 1217 997 1272 ubi
1027 1216 1173 1273 solas
1201 1216 1484 1272 columnas
1512 1218 1743 1271 miratus
1767 1224 1850 1271 est

277 1313 481 1375 viteas,
515 1328 855 1383 nequaquam
886 1318 1074 1382 raptus
1107 1312 1332 1381 picturae
1361 1311 1556 1381 gratia,
1596 1325 1849 1381 egressus

278 1404 411 1459 vidit
443 1421 540 1475 pro
581 1405 786 1459 foribus
822 1403 1196 1457 mulierculam
1228 1402 1520 1473 quamdam
1559 1401 1752 1471 stipem
1784 1402 1852 1454 ab

279 1496 681 1551 introeuntibus
714 1496 1135 1568 deposcentem;
1184 1510 1346 1566 quam
1378 1497 1637 1550 attentius
1669 1495 1852 1549 consi—

278 1589 478 1644 derans
507 1589 581 1643 ait
614 1609 627 1644 :
659 1587 1171 1659 Die,mulier,quod
1203 1588 1296 1641 tibi
1325 1587 1624 1642 membrum
1658 1602 1852 1658 corpo-

274 1683 354 1737 ris
383 1682 554 1746 deest,
585 1683 729 1753 quod
763 1683 890 1738 huic
923 1691 975 1737 te
1005 1682 1219 1752 injuria:
1250 1671 1533 1750 subjecisti
1559 1689 1617 1736 ut
1652 1680 1847 1751 stipem

274 1783 452 1843 petas,
483 1782 538 1830 et
567 1790 676 1830 non
707 1775 889 1845 potius
919 1775 1169 1831 manibus
1194 1774 1304 1830 tuis
1328 1790 1464 1845 quas
1491 1790 1520 1828 a
1550 1774 1661 1830 Deo
1690 1790 1849 1830 acce-

274 1867 405 1934 pisti
436 1882 673 1938 operans
704 1867 883 1922 cibum
915 1868 1170 1938 quaeras?
1200 1868 1269 1922 At
1297 1868 1387 1922 illa
1419 1869 1705 1939 suspirans
1735 1871 1844 1925 ait:

272 1956 499 2013 Utinam
547 1958 679 2013 mihi
729 1959 949 2029 quidem
998 1968 1183 2015 essent
1232 1975 1427 2015 manus
1477 1977 1597 2032 quae
1644 1964 1847 2019 moveri

272 2056 540 2119 possent,
582 2065 731 2105 nunc
776 2058 954 2105 autem
998 2052 1209 2122 species
1255 2059 1469 2107 tantum
1518 2062 1734 2109 servata
1765 2063 1849 2111 est

273 2157 558 2207 manuum,
586 2157 710 2196 nam
729 2142 860 2214 ipsa:
880 2152 1009 2199 sunt
1029 2151 1313 2208 emortum,
1338 2151 1392 2200 et
1416 2145 1553 2200 meis
1574 2147 1847 2203 morsibus

270 2232 477 2289 debiles
506 2241 560 2290 et
590 2234 709 2290 sine
741 2250 907 2291 sensu
938 2234 1184 2291 redditae.
1219 2235 1284 2290 Et
1315 2235 1507 2292 Petrus
1536 2257 1548 2292 :
1575 2237 1727 2305 Quae,
1764 2238 1851 2317 in;-

270 2324 407 2395 quit,
448 2324 549 2381 fuit
578 2340 766 2392 causa,
794 2334 852 2381 ut
881 2326 984 2381 hoc
1035 2326 1132 2381 tibi
1162 2334 1374 2381 tantum
1404 2327 1530 2381 mali
1568 2328 1686 2399 ipsa
1717 2334 1848 2385 cou-

270 2416 487 2472 ferres?
534 2415 753 2489 Ignavia
779 2458 792 2483 ,
845 2419 1056 2490 inquit,
1099 2434 1200 2475 nec
1228 2420 1375 2474 aliud
1414 2420 1749 2491 quidquam;
1800 2426 1845 2479 si

269 2508 415 2562 enim
450 2508 641 2565 fuisset
670 2510 726 2565 in
752 2526 838 2565 me
867 2510 1071 2581 aliquid
1100 2511 1340 2577 virtutis,
1369 2512 1518 2582 potui
1543 2513 1627 2568 vel
1655 2499 1847 2584 ρι’ίερὶἷ-

270 2601 408 2669 pitio
438 2602 517 2657 uti
558 2602 641 2657 vel
681 2602 952 2673 profundo
992 2604 1161 2659 maris
1193 2602 1418 2674 injicere
1445 2592 1844 2676 memetipsam",

269 2699 325 2746 et
364 2694 522 2749 tinem
553 2693 684 2750 dare
714 2693 997 2751 doloribus
1026 2694 1182 2752 meis.

342 2816 483 2874 XIV.
509 2816 646 2874 Tum
668 2817 891 2878 Petrus:
909 2820 1114 2893 Ecquid
1138 2828 1321 2893 putas,
1343 2822 1441 2887 ait,
1465 2823 1682 2889 mulier,
1702 2824 1847 2895 quod

267 2910 364 2979 qui
397 2912 722 2982 semetipsos
766 2912 1081 2983 perimunt,
1122 2931 1151 2969 a
1182 2915 1467 2986 suppliciis
1498 2917 1849 2974 liberantur?

268 3002 379 3057 nisi
403 3004 531 3074 quia
564 3005 864 3074 majoribus
894 3006 1179 3075 subjacent
1220 3008 1399 3077 pmnis
1433 3010 1630 3065 animae
1656 3026 1845 3087 eorum

268 3097 362 3165 qui
397 3096 500 3151 sibi
546 3095 683 3166 ipsis
726 3098 1014 3153 intulerint
1055 3075 1270 3154 manus.
1318 3099 1389 3154 At
1422 3101 1553 3156 illa:
1587 3075 1805 3157 Utinam
1829 3142 1845 3168 ,
1875 3075 1915 3131 Ο

267 3186 466 3257 inquit,
501 3187 649 3242 istud
682 3188 815 3243 mihi
840 3197 1050 3245 certum
1082 3189 1253 3255 ﬁeret,
1286 3192 1413 3263 quia
1444 3193 1633 3248 vivunt
1657 3194 1849 3249 animm
1893 3192 1899 3201 ’

271 3276 326 3331 in
354 3277 572 3333 inferno
592 3319 605 3341 ,
638 3279 872 3335 libenter
903 3282 1261 3351 amplecterer
1292 3283 1456 3337 etiam
1486 3299 1679 3354 pmnas
1705 3284 1849 3347 ferre

271 3373 465 3428 mortis
496 3373 699 3439 illatae,
743 3380 954 3426 tantum
1002 3381 1061 3429 ut
1089 3372 1278 3431 dulces
1308 3374 1442 3429 mihi
1474 3382 1632 3431 natos
1658 3376 1847 3455 horam

268 3466 465 3520 saltem
490 3480 654 3519 unam
687 3466 944 3520 viderem.
978 3464 1045 3518 Et
1074 3464 1268 3521 Petrus
1309 3485 1321 3521 ε
1348 3465 1491 3533 Quid
1527 3474 1740 3540 tantum
1770 3469 1847 3529 is.-

271 3557 367 3611 tud
400 3564 505 3620 est,
540 3556 685 3627 quod
716 3567 766 3612 te
802 3564 909 3610 tant
939 3558 1090 3627 gravi
1119 3556 1282 3612 allicit
1311 3559 1554 3624 tristitia,
1584 3559 1729 3616 scire
1752 3577 1843 3619 vc:

270 3648 384 3703 lim.
439 3647 494 3702 Si
534 3648 679 3704 enim
723 3648 951 3703 doceres
997 3664 1083 3704 me
1119 3664 1365 3715 causam,
1418 3665 1636 3720 possem
1667 3652 1763 3713 tibi
1794 3660 1844 3707 et

267 3756 371 3811 ego
398 3741 679 3796 evidenter
709 3740 1020 3804 ostendere,
1053 3757 1085 3795 ο
1111 3741 1330 3808 mulier,
1363 3741 1510 3813 quod
1544 3720 1845 3817 injiil‘fcrno

269 3834 455 3887 vivant
495 3833 709 3897 animae,
743 3841 797 3887 et
830 3847 928 3903 pro
966 3831 1266 3903 prmcipitio
1299 3834 1382 3888 vel
1414 3822 1688 3903 profundo
1718 3850 1845 3905 pos-

269 3939 384 3977 sem
419 3925 519 3979 tibi
554 3924 686 3979 dare
714 3924 1170 3978 medicamentum
1209 3924 1453 3995 aliquod,
1488 3932 1548 3981 ut
1575 3925 1695 3981 sine
1724 3943 1835 3982 cru:

269 4017 417 4071 ciatu
450 4018 634 4072 valcas
664 4017 828 4071 vitam
860 4015 1035 4071 linire.

340 4140 463 4196 XV.
486 4140 640 4194 Tunc
672 4139 867 4195 mulier
891 4139 1254 4210 promissione
1300 4139 1403 4195 hac
1434 4148 1715 4212 gratanter
1742 4158 1839 4197 ac~

268 4241 425 4303 cepta
452 4233 619 4303 coepit
670 4232 887 4287 dicere:
929 4230 1111 4288 Genus
1139 4231 1357 4303 quidem
1394 4232 1526 4287 mihi
1574 4240 1629 4289 et
1667 4236 1838 4303 patria

267 4340 387 4394 quae
420 4324 513 4387 sit,
541 4338 640 4379 nec
663 4322 810 4378 credi
837 4322 1134 4386 facile,nec
1161 4323 1268 4378 dici
1299 4325 1667 4380 necessarium
1687 4336 1836 4396 puto,

1956 458 2117 521 tium,
2143 457 2396 527 cogitavi.

2029 548 2163 604 XVI.
2202 548 2308 605 Sed
2369 556 2430 603 ut
2489 548 2604 604 haec
2637 549 2712 604 ita
2773 548 2888 604 fieri
2945 560 3190 620 possent,
3246 553 3517 609 somnium

1956 640 2108 704 finxi,
2145 641 2304 711 quasi
2332 640 2627 695 assistente
2654 640 2787 693 mihi
2823 656 2919 711 per
2964 642 3139 696 visum
3164 644 3399 713 quodam
3424 660 3520 697 nu-

1954 732 2101 786 mine
2144 739 2199 785 et
2251 731 2485 794 dicente,
2517 737 2576 785 ut
2619 731 2905 786 confestim
2938 746 3063 787 eum
3120 735 3352 803 geminis
3384 738 3519 790 meis

1946 828 2090 887 Urbe
2120 827 2456 883 discederem
2511 838 2565 883 ct
2609 829 2801 882 tandiu
2849 830 3116 896 abessem,
3147 832 3319 886 donec
3343 833 3519 887 redire

1952 934 2040 973 me
2080 919 2197 988 ipse
2228 919 2576 991 praeciperet;
2612 919 2759 990 quod
2793 919 2840 975 si
2906 936 3016 975 non
3082 920 3337 985 facerem,
3394 938 3518 977 cum

1954 1010 2142 1067 liberis
2173 1011 2426 1068 omnibus
2480 1027 2566 1069 me
2609 1013 2815 1083 pariter
2862 1014 3179 1083 perituram.
3237 1013 3301 1071 Et
3333 1015 3407 1069 ita
3441 1015 3521 1069 I'a-

1952 1111 2101 1157 ctum
2129 1109 2233 1157 est.
2272 1103 2468 1157 Statim
2498 1104 2644 1158 enim
2680 1111 2741 1158 ut
2796 1106 3071 1160 somnium
3102 1106 3222 1159 viro
3246 1111 3517 1170 enarravi,

1954 1195 2223 1258 extimuit,
2258 1205 2312 1250 et
2342 1197 2564 1251 sociatis
2597 1197 2729 1251 mihi
2758 1197 2972 1253 duobus
3004 1197 3150 1261 filiis,
3187 1200 3360 1255 servis
3386 1215 3521 1270 quo.-

1954 1302 2060 1357 que
2082 1296 2133 1342 et
2162 1288 2399 1352 ancillis,
2438 1289 2666 1360 pecunia
2697 1289 2859 1344 etiam
2906 1290 3204 1347 abundanti
3241 1293 3386 1353 data,
3422 1308 3521 1346 na-

1953 1378 2136 1448 vigare
2167 1379 2409 1436 Athenas
2432 1380 2581 1450 jubet
2605 1380 2699 1436 ubi
2727 1381 2891 1437 simul
2951 1388 3006 1437 et
3052 1384 3273 1439 erudire
3320 1385 3521 1440 liberos

1955 1484 2188 1539 possem,
2225 1485 2507 1537 mansura,
2544 1472 2742 1544 inquit,
2779 1474 2854 1529 ibi
2879 1489 3167 1545 usquequo
3205 1475 3379 1531 visum
3406 1476 3521 1531 fue-

1952 1562 2023 1615 rit
2056 1562 2105 1619 ei
2140 1562 2235 1632 qui
2265 1564 2523 1634 praecepit
2544 1565 2715 1630 exire,
2751 1565 3035 1621 ut-redeas
3056 1566 3124 1622 ad
3158 1581 3280 1623 nos.
3309 1566 3519 1623 Interea

1952 1654 2214 1724 navigans
2244 1670 2353 1710 una
2384 1671 2508 1711 eum
2544 1657 2685 1713 meis
2741 1660 2885 1714 natis
2936 1667 3219 1715 ventorum
3265 1660 3520 1717 violentia

1880 1725 1922 1779 Β
1951 1746 2016 1801 ad
2050 1742 2154 1802 hos
2179 1744 2367 1802 infelix
2398 1756 2668 1803 nocturno
2710 1748 2998 1820 naufragio
3024 1749 3248 1821 depulsa
3278 1766 3396 1807 sum
3439 1752 3522 1805 lo-

1949 1851 2066 1898 cos.
2094 1844 2149 1893 et
2179 1851 2305 1892 cum
2339 1851 2531 1897 omnes
2564 1838 2898 1905 interissent,
2940 1848 3212 1912 arreptam
3252 1856 3338 1897 me
3392 1856 3522 1897 cru-

1944 1924 2122 1981 delem
2155 1941 2322 1997 supra
2349 1941 2541 1983 saxum
2580 1928 2858 1999 quoddam
2911 1930 3280 1986 vehementior
3320 1930 3519 1987 fluctus

1947 2017 2130 2089 ejecit,
2187 2018 2283 2074 ubi
2335 2033 2462 2073 eum
2514 2020 2761 2077 sederem
2798 2035 2863 2076 ea
2914 2023 3031 2078 sola
3085 2037 3182 2094 spe
3212 2038 3320 2094 qua
3368 2037 3519 2079 meos

1948 2122 2165 2177 possem
2202 2107 2343 2164 forte
2371 2116 2531 2165 natos
2555 2110 2822 2174 invenire,
2844 2111 2898 2165 in
2928 2110 3256 2182 profundum
3292 2128 3377 2167 me
3409 2129 3516 2167 non

1949 2198 2307 2269 praecipitavi,
2376 2209 2507 2255 tunc
2558 2215 2684 2256 cum
2748 2201 2927 2257 adhuc
2979 2203 3293 2274 perturbata
3337 2203 3516 2257 anima

1950 2295 2005 2342 et
2038 2286 2321 2345 doloribus
2366 2289 2517 2345 ebria
2572 2288 2753 2346 facere
2808 2290 2916 2349 hoc
2964 2299 3020 2347 et
3076 2291 3309 2347 audebat
3338 2298 3391 2346 et
3422 2306 3521 2363 po-

1948 2388 2112 2437 terat.

2018 2472 2183 2531 XVII.
2214 2472 2418 2532 Verum
2452 2476 2545 2533 ubi
2596 2476 2715 2533 dies
2752 2485 2979 2534 exortus
3023 2486 3129 2542 est,
3165 2487 3220 2534 et
3250 2493 3353 2550 ego
3390 2493 3516 2534 cum

1948 2567 2189 2625 clamore
2218 2575 2274 2625 et
2322 2568 2535 2626 ululatu
2578 2568 2877 2626 infelicium
2914 2577 3164 2625 natorum
3197 2571 3519 2642 circumspi-

1947 2677 2126 2718 cercm
2170 2661 2349 2720 sicubi
2398 2663 2484 2719 vel
2514 2662 2689 2733 ejecta
2726 2663 2933 2734 possim
2985 2662 3170 2718 videre
3227 2663 3517 2730 cadavera,

1950 2753 2301 2812 miseratione
2331 2755 2589 2811 commoti
2620 2754 2842 2826 quidam
2876 2771 2944 2811 ex
2977 2756 3064 2811 his
3107 2756 3201 2827 qui
3239 2770 3327 2811 me
3370 2754 3521 2811 vide-

1946 2851 2093 2909 rant,
2119 2845 2296 2916 primo
2350 2861 2450 2919 per
2492 2845 2739 2917 pelagus,
2773 2853 2891 2901 tum
2943 2846 3108 2902 etiam
3147 2846 3298 2902 circa
3332 2847 3517 2902 littora

1948 2936 2258 3007 requirunt,
2292 2936 2339 2993 si
2378 2952 2543 3009 quem
2599 2933 2737 2993 fo’rte
2779 2936 2848 2992 de
2894 2939 3033 2994 meis
3095 2936 3399 2994 infantibus
3431 2939 3514 2993 in-

1946 3029 2218 3084 venirent.
2246 3028 2491 3088 Sedubi
2514 3043 2784 3100 nusquam
2821 3030 2965 3085 ullus
2997 3030 3253 3087 inventus
3286 3039 3390 3096 est,
3415 3033 3521 3086 mi-

1902 3121 1915 3173 Τ
1950 3128 2198 3178 serantes
2224 3136 2313 3177 me
2343 3121 2601 3177 mulieres
2615 3122 2720 3176 locl
2748 3122 3021 3177 consolari
3038 3134 3521 3193 cmperunt,enar-

1950 3220 2133 3269 rantes
2167 3214 2397 3285 singulae
2418 3229 2549 3269 suas
2582 3228 2812 3284 quaeque
2844 3213 3115 3276 miserias.
3148 3222 3207 3269 ut
3260 3231 3327 3271 ex
3362 3216 3519 3273 simi-

1948 3302 2178 3359 litudine
2208 3302 2582 3359 calamitatum
2617 3302 2873 3358 solatium
2917 3317 3201 3371 caperem;
3234 3303 3379 3374 quod
3432 3320 3518 3358 me

1947 3393 2120 3464 magis
2150 3392 2533 3456 contristabat,
2568 3407 2678 3447 non
2711 3392 2857 3447 enim
2895 3392 3004 3446 tale
3031 3392 3165 3445 mihi
3194 3399 3314 3446 erat
3361 3392 3515 3463 inge-

1946 3487 2119 3549 nium,
2152 3494 2212 3541 ut
2242 3485 2473 3540 aliorum
2505 3486 2648 3539 mala
2698 3500 2815 3539 mea
2848 3499 2971 3539 esse
3013 3484 3207 3539 solatia
3236 3483 3513 3540 ducerem.

1946 3578 2011 3631 Iit
2042 3592 2168 3633 cum
2220 3593 2307 3633 me
2340 3577 2526 3632 multa:
2554 3576 2791 3648 hospitio
2820 3584 3081 3647 cuperent
3113 3576 3372 3646 recipere.
3410 3592 3516 3632 una

1944 3667 2191 3737 quaedam
2227 3666 2555 3737 paupercula
2599 3665 2689 3721 hic
2717 3666 2967 3721 habitans
2999 3666 3231 3722 extorsit
3260 3666 3394 3721 mihi
3430 3674 3517 3721 tu-

1944 3761 2103 3831 gnrio
2156 3760 2276 3831 ejus
2323 3759 2654 3823 succedere,
2714 3759 2905 3813 dicens
2949 3758 3133 3819 ,Iuisse
3183 3758 3286 3813 sibi
3339 3758 3514 3813 virum

1947 3855 2165 3901 nautam
2199 3861 2432 3917 eumque
2465 3847 2519 3901 in
2552 3847 2687 3902 mari
2738 3846 3131 3903 adolescentem
3170 3846 3513 3913 defunctum,

1945 3939 2158 4010 sibique
2184 3952 2253 3993 ex
2286 3953 2352 3993 eo
2377 3937 2465 3994 die
2496 3951 2622 3993 cum
2660 3937 2815 3993 multi
2842 3953 2960 3994 eam
2993 3939 3242 4010 accipere
3279 3940 3338 3995 in
3383 3955 3517 3996 con-

1940 4029 2151 4100 jugium
2183 4035 2465 4100 cuperent,
2498 4043 2684 4083 amore
2711 4028 2813 4082 viri
2830 4028 3147 4083 viduitatem
3196 4029 3368 4086 fuisse
3391 4030 3516 4085 cha-

1945 4120 2168 4177 riorem.
2204 4118 2374 4174 Erunt
2405 4132 2556 4189 ergo,
2590 4119 2789 4189 inquit,
2818 4118 2975 4173 nobis
3003 4119 3333 4186 communia,
3362 4137 3513 4193 quae»

1942 4227 2160 4283 cunque
2208 4212 2460 4267 manibus
2508 4198 2715 4268 nostris
2741 4218 3032 4281 operantes
3071 4227 3312 4281 quaerere
3361 4224 3513 4286 pote-

1940 4320 2134 4361 ιἰηιιιε.

268 4417 364 4472 sed
398 4431 623 4472 causam
648 4422 859 4469 tantum
913 4414 1111 4469 sufficit
1160 4415 1368 4471 doloris
1400 4394 1703 4487 exponere,
1745 4432 1844 4472 cur
1876 4426 1919 4480 1)
2018 4395 2201 4453 xvm-
2252 4396 2319 4450 Ει
2366 4412 2435 4452 ne
2485 4404 2643 4467 longa
2687 4411 2751 4449 ³ο
2797 4394 2981 4450 minus
3031 4394 3150 4450 υιῖιί
3198 4397 3511 4487 ξδττίιίίοηθ

266 4508 545 4563 morsibus
564 4508 699 4560 meis
722 4520 871 4560 meas
897 4504 1015 4575 ipsa
1034 4504 1242 4561 debiles
1272 4506 1603 4563 reddiderim
1624 4524 1839 4566 manus.

266 4600 379 4669 Ego
414 4600 696 4671 generosis
725 4608 843 4652 orta
878 4600 1197 4668 parentibus
1246 4610 1297 4654 et
1330 4602 1569 4668 potentis
1620 4603 1844 4673 adaeque

267 4694 369 4749 viri
399 4693 591 4748 sortita
651 4691 1085 4755 matrimonium,
1122 4690 1263 4747 duos
1316 4693 1535 4763 suscepi
1594 4696 1843 4765 geminos

266 4786 468 4840 liberos
499 4792 553 4838 et
604 4789 727 4852 post
770 4782 873 4837 hos
918 4796 1087 4836 unum
1141 4782 1330 4838 alium.
1368 4781 1473 4839 Sed
1534 4783 1706 4839 frater
1736 4785 1839 4840 viri

264 4876 370 4931 mei
406 4874 600 4929 illicito
634 4875 691 4929 in
737 4888 825 4928 me
852 4887 1040 4929 amore
1069 4872 1418 4929 vehementer
1448 4874 1677 4940 exarsit,
1704 4875 1837 4931 mihi

266 4976 447 5022 autem
482 4982 606 5020 cum
642 4981 806 5036 super
837 4965 1021 5020 omnia
1056 4980 1189 5019 cura
1243 4973 1392 5022 esset
1447 4966 1752 5037 pudicitiae,
1787 4978 1839 5023 et

264 5075 442 5129 neque
469 5067 622 5113 tanto
657 5057 849 5113 sceleri
903 5057 1251 5128 acquiescere
1283 5074 1460 5128 neque
1493 5060 1612 5115 viro
1641 5060 1834 5115 vellem

263 5150 531 5222 ﬂagitium
566 5148 753 5204 fratris
790 5149 1024 5219 aperire,
1086 5148 1321 5218 cogitavi
1357 5156 1629 5219 quatenus
1660 5159 1713 5206 et
1737 5165 1838 5219 ego

263 5242 548 5312 impolluta
581 5240 891 5303 evaderem,
925 5248 979 5294 et
1010 5238 1237 5293 fratrem
1297 5239 1581 5294 inimicum
1635 5247 1689 5296 et
1741 5240 1836 5293 ho-

261 5340 401 5387 stem
437 5347 547 5386 non
572 5330 804 5385 facerem
838 5327 1018 5392 fratri,
1053 5342 1122 5382 ne
1153 5343 1325 5397 genus
1355 5343 1518 5382 omne
1543 5326 1688 5397 quod
1720 5336 1838 5383 erat

262 5421 464 5476 nobilis
499 5422 716 5475 familiae
760 5420 815 5475 in
843 5418 1195 5489 opprobrium
1242 5418 1448 5475 darem.
1475 5417 1661 5473 Patria
1704 5434 1837 5489 ergo

263 5523 317 5570 et
346 5515 482 5570 urbe
514 5531 636 5569 cum
674 5512 888 5569 duobus
911 5511 1047 5565 meis
1066 5510 1298 5580 geminis
1334 5509 1615 5566 discedere
1648 5512 1832 5572 statui,

263 5608 437 5662 donec
482 5608 723 5660 incestus
781 5618 937 5658 amor
985 5601 1422 5672 cenquiesccret,
1486 5615 1646 5670 quem
1696 5600 1835 5655 forte

270 5697 569 5767 praesentim
599 5712 730 5751 mea:
790 5694 1035 5765 palparct
1069 5701 1120 5745 et
1158 5691 1513 5746 inﬂammaret
1544 5699 1830 5759 aspectus;

1946 4497 2088 4553 utar,
2121 4488 2351 4544 libenter
2382 4487 2623 4543 habitavi
2653 4504 2775 4543 eum
2807 4501 2871 4542 ea
2915 4495 3136 4557 propter
3162 4484 3411 4541 allectum
3450 4487 3509 4541 li-

1942 4582 2028 4637 dei
2058 4595 2222 4652 quam
2247 4587 2559 4635 servaverat
2588 4579 2724 4634 viro.
2753 4577 2858 4633 Sed
2887 4594 2996 4633 non
3032 4579 3205 4633 multo
3233 4585 3357 4648 post
3376 4580 3507 4633 mihi

1942 4673 2170 4739 infelici,
2208 4673 2458 4729 laceratae
2485 4672 2691 4728 dudum
2751 4672 3046 4738 morsibus,
3080 4672 3331 4728 resoluta:
3381 4684 3509 4726 sunt

1941 4781 2161 4831 manus,
2191 4775 2245 4822 et
2284 4767 2376 4820 illa
2399 4780 2521 4837 qua:
2572 4780 2659 4820 me
2713 4772 3052 4835 susceperat,
3086 4764 3318 4817 incurrit
3352 4779 3510 4832 para-

1939 4860 2081 4932 lysin
2105 4868 2159 4917 et
2186 4859 2332 4915 domi
2359 4859 2413 4912 in
2433 4859 2571 4914 lecto
2593 4857 2759 4926 jacet.
2778 4855 2995 4911 Illarum
3017 4863 3197 4910 autem
3220 4854 3505 4908 mulierum

1938 4968 2059 5027 quae
2116 4952 2270 5024 prius
2320 4950 2750 5011 miserabantur.
2812 4946 3024 5002 refrixit
3093 4944 3354 5009 affectus;
3408 4962 3506 4999 nos

1938 5044 2108 5100 ambae
2132 5043 2362 5108 debiles,
2406 5057 2506 5112 ego
2541 5049 2599 5095 ut
2649 5041 2798 5094 vides
2836 5040 3001 5094 sedeo
3046 5038 3240 5110 stipem
3284 5047 3503 5108 petens,

1935 5148 1991 5193 et
2027 5138 2071 5193 si
2101 5137 2231 5207 quid
2266 5137 2406 5189 forte
2435 5134 2705 5204 quazsiero
2756 5134 2813 5185 tit
2859 5146 3001 5185 unus
3049 5130 3282 5185 duarum
3328 5129 3497 5183 infeli-

1936 5231 2080 5285 cium
2114 5229 2289 5284 cibus.
2330 5226 2471 5281 Ecce
2505 5226 2619 5294 jam
2650 5241 2769 5297 I‘lliﬂ
2812 5238 2931 5279 mea
2995 5230 3123 5278 sunt
3179 5219 3508 5277 sufﬁcienter

1938 5320 2158 5384 audisti,
2193 5327 2248 5373 tu
2281 5333 2425 5372 nune
2441 5316 2569 5387 quid
2618 5317 2850 5370 moraris
2880 5315 3104 5384 implere
3135 5312 3278 5384 quod
3303 5311 3506 5383 promi-

1937 5427 2109 5474 seras,
2145 5418 2199 5464 et
2229 5409 2360 5463 dare
2414 5406 2870 5462 medicamentum
2913 5418 3023 5475 quo
3058 5404 3251 5475 possit
3297 5402 3506 5472 absque

1936 5503 2205 5564 cruciatu,
2239 5510 2299 5555 ut
2328 5500 2432 5562 ais,
2466 5507 2697 5569 utraque
2728 5506 2975 5552 nostrum
3006 5494 3338 5553 miserabilis
3376 5494 3504 5549 vita:

1937 5603 2135 5651 sortem
2168 5593 2363 5647 linire?

2004 5685 2144 5740 XIX.
2183 5683 2303 5739 llmc
2332 5684 2546 5740 dicente
2577 5682 2821 5748 muliere,
2860 5684 3027 5737 multa
3078 5680 3268 5737 Petrus
3294 5678 3501 5748 regitu-
