4092 6332
524 5567 537 5595 ι

554 319 699 393 1563

1385 328 1442 387 S.
1483 328 1871 384 CLEMENTIS
1906 328 1926 381 I
1962 328 2131 390 ROM.
2170 328 2371 387 PONT.
2412 328 2641 385 OPERA
2675 329 2906 386 DUBIA.

3679 328 3819 384 ’δα

557 453 708 509 tione
726 452 1019 508 distractus
1054 448 1201 505 velut
1247 449 1513 502 attonitus
1569 448 1770 512 stabat,
1802 456 1858 503 et
1887 464 1987 517 ego
2011 446 2134 505 Cle-
2165 452 2210 508 Α
2306 444 2470 501 XXII.
2510 446 2575 500 Et
2607 456 2800 503 tenens
2843 460 3065 500 manum
3094 443 3219 514 ejus
3263 441 3464 499 Petrus
3503 442 3820 500 adducebat

555 562 713 602 mens
740 543 1158 614 superveniens,
1219 540 1459 607 Dudum,
1506 542 1751 611 inquam,
1808 557 1908 611 per
1950 542 2131 596 omnia

556 638 877 692 discurrens
908 634 1218 705 querebam
1250 644 1324 698 te,
1382 644 1436 688 et
1486 648 1634 687 nunc
1680 632 1813 704 quid
1870 632 2136 687 facimus?

554 728 625 781 At
654 726 744 781 ille
771 726 1028 795 praecepit
1057 723 1194 779 mihi
1220 732 1280 776 ut
1308 721 1376 775 ad
1402 722 1711 776 naviculam
1741 720 2127 791 praacederem,

557 815 635 870 ibi
679 832 788 880 me,
822 813 1020 885 inquit,
1052 815 1327 886 Opperire,
1351 822 1405 870 et
1460 814 1589 884 quia
1625 814 1926 869 contradici
1947 815 1997 869 ei
2025 829 2135 869 non

555 914 791 976 poterat,
840 907 986 977 quod
1036 906 1204 976 jussit
1261 907 1500 976 implevi.
1560 905 1680 976 Ipse
1704 921 1854 969 vero,
1888 913 1949 960 ut
2002 906 2135 961 mihi

558 1007 756 1054 cuncta
788 999 1067 1069 posterius
1093 1000 1392 1063 enarravit,
1418 998 1730 1068 suspicione
1749 997 1985 1069 quadam
2014 999 2138 1068 pul-

558 1102 719 1149 satus
741 1091 1055 1161 requirebat
1083 1107 1114 1145 a
1143 1091 1372 1147 muliere
1406 1106 1581 1162 genus
1609 1100 1664 1146 et
1688 1091 1949 1161 .patriam
1973 1091 2138 1146 simul

559 1190 615 1236 et
647 1185 871 1237 nomina
899 1182 1157 1247 ﬁliorum,
1192 1198 1312 1252 quae
1354 1183 1401 1238 si
1465 1182 1623 1246 mihi,
1659 1182 1858 1251 inquit,
1908 1182 2135 1248 dixeris,

560 1276 705 1330 dabo
731 1261 996 1331 continuo
1042 1275 1524 1331 medicamentum.
1571 1272 1642 1327 At
1674 1274 1766 1328 illa
1818 1275 1974 1345 quasi
2027 1274 2137 1330 vim

560 1368 867 1433 sustinens,
900 1366 1031 1436 quia
1082 1381 1260 1436 neque
1290 1364 1448 1421 fateri
1491 1365 1607 1421 haec
1636 1366 1857 1421 volebat
1891 1373 1948 1420 et
1967 1365 2135 1421 medi-

561 1460 798 1515 camenti
827 1459 1026 1529 cupida
1054 1465 1194 1526 erat,
1237 1458 1395 1513 ﬁnxit
1433 1459 1538 1513 alia
1569 1474 1635 1514 ex
1666 1458 1812 1523 aliis,
1864 1466 1917 1514 et
1949 1458 2025 1512 ait
2080 1474 2141 1514 se

562 1552 782 1622 quidem
813 1567 937 1608 esse
968 1552 1285 1623 Epltesiam,
1321 1553 1498 1606 virum
1535 1558 1714 1606 autem
1750 1549 2015 1618 Siculum,
2044 1552 2140 1607 sed

562 1651 617 1698 et
646 1644 877 1697 ﬁliorum
903 1645 1122 1699 nomina
1153 1643 1405 1700 similiter
1429 1643 1754 1698 imtnutavit.
1777 1642 1914 1697 Tum
1944 1641 2138 1700 Petrus

563 1742 763 1803 putans
790 1750 911 1791 eam
957 1751 1145 1791 verum
1177 1735 1531 1807 respondisse
1579 1736 1693 1791 ait:
1727 1733 1881 1790 Heu!
1920 1735 2133 1801 mulier,

565 1826 843 1894 putabam,
875 1827 1074 1898 inquit,
1103 1827 1311 1898 grande
1336 1828 1557 1898 aliquod
1586 1826 1847 1899 gaudium
1877 1828 2137 1884 hodierna

564 1918 726 1975 nobis
755 1918 843 1973 die
872 1920 1166 1985 oriturum,
1196 1922 1516 1992 suspicabar
1544 1921 1688 1977 enim
1711 1929 1765 1975 te
1791 1936 1915 1977 esse
1947 1937 2139 1991 quam-

565 2008 693 2063 dam
720 2010 1026 2076 mulierem,
1051 2012 1117 2067 de
1171 2030 1280 2083 qua
1324 2014 1525 2069 similia
1579 2012 1829 2083 quaedam
1870 2029 2046 2085 nuper
2070 2014 2140 2069 ad

569 2101 728 2155 ﬁdem
761 2100 951 2157 didici.
994 2104 1062 2157 At
1101 2103 1194 2158 illa
1224 2104 1658 2173 adjurabateum
1694 2105 1927 2161 dicens:
1987 2106 2139 2177 Rogo

568 2202 621 2246 te
644 2200 702 2245 ut
733 2192 944 2250 indices
973 2193 1103 2247 mihi
1129 2210 1249 2264 quae
1274 2195 1377 2250 ista
1407 2196 1501 2264 sit,
1529 2204 1587 2251 ut
1608 2196 1800 2264 sciam,
1842 2198 1889 2254 si
1916 2209 2000 2255 est
2032 2201 2139 2255 ulla

566 2283 709 2340 inter
742 2285 1001 2343 mulieres
1030 2301 1116 2341 me
1147 2287 1437 2343 infelicior.

640 2374 754 2430 XX.
798 2374 935 2431 Tum
978 2375 1174 2434 Petrus
1206 2378 1392 2434 fallere
1424 2382 1675 2437 nesciens
1704 2390 1757 2438 et
1789 2383 2138 2442 miseratione

566 2476 873 2524 commotus
904 2470 1071 2539 cmpit
1094 2469 1317 2527 dicere:
1347 2471 1443 2529 Est
1467 2474 1687 2544 quidam
1711 2476 2033 2534 adolescens
2055 2479 2139 2534 in-

569 2566 656 2614 ter
694 2574 790 2615 eos
836 2561 929 2631 qui
984 2576 1071 2616 me
1102 2574 1405 2633 sequuntur
1436 2565 1713 2636 religionis
1742 2577 1795 2623 et
1821 2578 1985 2625 scene
2013 2586 2139 2641 gra-

568 2650 667 2717 tia,
696 2650 976 2708 Romanus
998 2653 1157 2719 civis,
1175 2655 1269 2725 qui
1302 2657 1431 2710 mihi
1455 2660 1731 2713 enarravit
1756 2660 1900 2729 quod
1930 2670 2137 2731 patrem

566 2743 823 2798 habuerit
848 2752 902 2800 et
930 2745 1069 2800 duos
1096 2746 1343 2815 geminos
1364 2748 1596 2813 fratres,
1629 2767 1694 2805 ex
1725 2753 1927 2822 quibus
1945 2757 2130 2814 nullus

566 2833 620 2890 ei
651 2842 924 2904 superest.
952 2835 1143 2903 Μίλων,
1171 2837 1369 2906 inquit,
1388 2853 1508 2894 mea
1534 2840 1675 2895 sicut
1703 2856 1733 2893 a
1764 2849 1918 2911 patre
1947 2844 2137 2912 didici,

564 2926 840 2987 somnium
871 2927 1042 2995 vidit,
1091 2936 1151 2982 ut
1208 2926 1455 2983 Romana
1485 2930 1617 2986 urbe
1640 2932 1708 2987 ad
1734 2941 1946 3005 tempus
1980 2948 2141 2993 exce-

564 3016 719 3071 deret
748 3032 873 3071 cum
905 3018 1122 3075 duobus
1149 3020 1380 3091 geminis
1423 3022 1601 3086 natis,
1654 3040 1723 3079 ne
1762 3024 1901 3082 forte
1930 3028 2135 3082 exitiali

2233 558 2352 599 eam
2399 544 2467 596 ad
2514 556 2724 595 navem.
2757 539 2927 605 Quem
2956 553 3059 609 ego
3086 538 3279 593 videns
3328 553 3551 591 manum
3593 536 3815 592 dantem

2234 634 2449 689 mulieri
2479 634 2658 687 ridere
2691 632 2830 702 οωρί
2857 672 2871 696 ,
2924 630 3187 686 accedens
3211 641 3394 686 tamen
3430 630 3658 684 honoris
3695 631 3816 698 eius

2235 726 2430 796 gratia,
2460 740 2559 795 pro
2590 725 2709 794 ipso
2742 724 2882 793 εαξρὶ
2912 721 3053 777 velle
3082 721 3352 791 subjicere
3384 736 3605 775 manum
3637 735 3812 774 meam

2234 826 2291 873 et
2332 824 2645 872 sustentare
2689 815 3002 880 mulierem;
3040 814 3201 869 simul
3254 821 3435 868 autem
3490 822 3550 866 ut
3591 828 3815 867 manum

2235 910 2356 980 ejus
2380 909 2618 979 contigi,
2648 907 2864 961 ululatu
2909 905 3116 977 ingenti
3156 905 3370 962 reddito
3416 904 3473 959 in
3525 904 3815 974 amplexus

2236 1019 2388 1059 meos
2412 1002 2603 1067 irruit,
2626 1008 2679 1057 et
2715 999 2978 1055 maternis
3009 1012 3096 1054 me
3126 1000 3431 1055 consectari
3458 998 3669 1053 osculis
3696 1012 3813 1052 cce-

2237 1096 2341 1165 pit.
2389 1094 2458 1148 At
2500 1110 2601 1165 ego
2644 1093 2906 1165 ignorans
2944 1107 3107 1146 omne
3144 1091 3421 1162 negotium
3452 1094 3614 1160 quasi
3664 1090 3817 1144 insa-

2236 1189 2476 1243 nientem
2509 1188 2791 1243 mulierem
2822 1185 3170 1255 repellebam,
3206 1184 3368 1240 simul
3398 1191 3473 1247 et,
3506 1198 3632 1237 cum
3663 1168 3819 1238 vere-

2238 1280 2437 1335 cundia
2480 1279 2643 1344 licet,
2694 1277 3018 1349 indignabar
3049 1284 3233 1331 tamen
3277 1274 3684 1345 quodammodo
3720 1274 3820 1328 ad-

2238 1386 2455 1427 versum
2483 1369 2725 1425 Petrum.

2309 1461 2498 1518 XXIII.
2539 1462 2609 1516 At
2640 1462 2770 1517 ille:
2804 1460 2999 1517 Desine
3023 1500 3039 1528 ,
3084 1459 3292 1531 inquit,
3328 1459 3459 1530 quid
3486 1458 3639 1529 agis,
3664 1475 3701 1514 o
3743 1457 3820 1511 ﬁli

2239 1555 2533 1611 Clemens?
2563 1555 2674 1609 noli
2727 1555 2992 1624 repellere
3031 1560 3182 1608 tuam
3228 1560 3480 1607 matrem.
3524 1550 3640 1620 Ego
3688 1567 3821 1604 vero

2244 1650 2335 1706 ubi
2371 1649 2484 1703 haec
2512 1647 2691 1702 audivi
2713 1686 2727 1708 ,
2756 1647 3017 1702 continuo
3044 1646 3303 1717 lacrymis
3321 1644 3566 1699 suﬁ‘usus
3597 1642 3819 1698 concidi

2243 1755 2408 1812 supra
2436 1740 2708 1809 jacentem
2758 1748 2985 1793 matrem
3020 1745 3074 1793 et
3122 1737 3359 1793 osculari
3389 1752 3511 1791 eam
3534 1736 3696 1805 ccepi.
3728 1732 3810 1788 Si-

2241 1832 2353 1886 mul
2384 1831 2527 1886 enim
2562 1837 2619 1883 ut
2647 1829 2859 1896 audivi,
2907 1830 3167 1899 paulatim
3194 1829 3404 1884 vultum
3436 1829 3558 1899 ejus
3592 1842 3819 1883 revoca-

2242 1925 2366 1978 bam
2403 1924 2469 1979 ad
2526 1924 2842 1979 memoriam
2885 1934 2937 1978 et
2984 1923 3165 1978 notior
3206 1923 3341 1978 mihi
3385 1922 3621 1979 intuenti
3659 1930 3816 1975 tanto

2240 2017 2415 2086 magis
2461 2015 2642 2072 ﬁebat.
2693 2015 2985 2070 Multitudo
3032 2015 3250 2070 interim
3296 2012 3657 2068 conveniebat
3695 2013 3815 2081 plu-

2241 2110 2400 2171 rima,
2421 2108 2647 2165 audiens
2668 2108 2813 2179 quod
2844 2108 3037 2162 mulier
3060 2122 3183 2178 qua:
3212 2106 3278 2161 ad
3306 2106 3502 2176 stipem
3525 2106 3811 2176 petendam

2241 2201 2505 2265 sedebat,
2554 2201 2834 2271 recognita
2880 2208 3025 2255 esset
3060 2215 3091 2253 a
3124 2198 3235 2254 ﬁlio
3269 2214 3371 2255 suo
3405 2198 3523 2251 viro
3575 2197 3811 2267 quodam

2241 2292 2403 2349 bono.
2448 2291 2513 2347 Et
2549 2308 2671 2347 cum
2707 2292 2935 2347 velimus
2965 2289 3255 2347 confestim
3302 2290 3597 2361 enavigare
3630 2305 3698 2344 ex
3734 2290 3815 2343 in-

2242 2387 2361 2443 sula
2381 2427 2397 2451 ,
2428 2394 2601 2441 mater
2621 2386 2694 2439 ait
2722 2385 2790 2439 ad
2826 2401 2910 2439 me
2937 2404 2949 2439 :
2986 2382 3088 2438 Fili
3113 2382 3451 2446 dulcissime,
3491 2392 3703 2437 rectum
3730 2393 3812 2436 est

2242 2487 2302 2533 ut
2326 2479 2622 2533 valedicam
2653 2476 2983 2532 mulierculae
3007 2490 3127 2546 qua:
3152 2490 3238 2529 me
3271 2473 3534 2543 suscepit,
3557 2482 3642 2527 est
3668 2476 3809 2527 enim

2242 2586 2407 2642 egens
2435 2581 2488 2626 et
2518 2571 2833 2641 paralytica,
2864 2569 3054 2640 jacens
3081 2568 3137 2622 in
3168 2567 3390 2623 lectulo.
3422 2565 3632 2632 Quibus
3657 2564 3809 2618 andi-

2241 2666 2310 2721 tis
2344 2663 2537 2719 Petrus
2566 2671 2619 2718 et
2646 2678 2836 2718 omnes
2866 2663 2959 2733 qui
2990 2661 3245 2725 aderant,
3272 2658 3525 2715 admirati
3557 2669 3687 2715 sunt
3715 2658 3812 2711 bo-

2241 2754 2467 2809 nitatem
2495 2768 2559 2808 ac
2588 2752 2931 2823 prudentiam
2958 2751 3191 2815 feminae,
3227 2759 3280 2806 et
3329 2752 3597 2806 continuo
3642 2750 3811 2819 jussit

2240 2847 2434 2902 Petrus
2481 2846 2631 2901 abire
2679 2845 2943 2916 quosdam
2975 2854 3030 2899 et
3063 2842 3277 2899 deferre
3319 2842 3602 2898 mulierem
3650 2844 3704 2896 in
3734 2844 3813 2897 le—

2240 2939 2388 2994 ctulo
2417 2938 2508 2992 ubi
2536 2938 2773 3008 jacebat.
2813 2936 3059 3006 Cumque
3104 2934 3300 2991 fuisset
3329 2935 3487 2989 allata
3518 2944 3572 2990 et
3605 2934 3657 2989 in
3689 2949 3809 2988 me-

2240 3034 2331 3089 dio
2372 3032 2545 3087 turba:
2589 3032 2820 3087 astantis
2850 3032 3026 3102 posita
3052 3070 3064 3094 ,
3112 3031 3167 3084 in
3216 3039 3506 3100 conspectu
3552 3031 3804 3083 omnium

566 3108 791 3163 interitu
817 3109 1130 3179 deperirent
1152 3129 1168 3177 ;
1194 3128 1315 3182 qua:
1344 3128 1466 3167 cum
1491 3115 1836 3173 discessisset
1866 3135 2134 3190 nusquam
2166 3145 2208 3202 ο
2241 3125 2437 3180 Petrus
2469 3126 2544 3178 ait
2570 3142 2584 3178 :
2622 3122 2680 3178 Si
2707 3124 2953 3179 veritatis
2982 3138 3080 3192 ego
3106 3137 3225 3176 sum
3257 3138 3460 3192 praeco,
3494 3121 3558 3174 ad
3602 3122 3813 3175 conm-

566 3207 833 3253 terrarum
884 3200 1030 3253 ultra
1078 3203 1405 3271 comparuit.
1454 3200 1612 3257 Pater
1652 3220 1781 3260 vero
1828 3222 1966 3264 suus
2017 3219 2139 3279 post

568 3291 686 3346 haec
716 3292 785 3346 ad
820 3292 1230 3363 inquisitionem
1264 3295 1454 3351 uxoris
1487 3311 1549 3350 ac
1579 3296 1814 3354 ﬁliorum
1860 3300 2139 3371 profectus

568 3397 671 3437 nec
704 3382 820 3454 ipse
851 3384 1147 3441 invenitur.
1228 3432 1229 3435 η

636 3497 777 3553 XXI.
818 3499 944 3556 Haec
974 3515 1100 3556 cum
1146 3503 1377 3559 dixisset
1406 3503 1599 3560 Petrus
1620 3546 1634 3569 ,
1687 3508 1882 3563 mulier
1917 3518 2139 3579 stupore

562 3606 827 3661 percussa
876 3593 1106 3647 corruit.
1158 3593 1296 3647 Tum
1341 3594 1537 3650 Petrus
1580 3600 1861 3655 continere
1910 3616 2033 3654 eam
2082 3609 2137 3657 et

562 3683 840 3737 consolari
868 3685 1033 3753 coapit
1052 3725 1067 3749 ,
1104 3700 1167 3739 ac
1204 3688 1483 3756 requirere
1511 3690 1641 3760 quid
1665 3700 1810 3747 esset
1840 3708 2019 3750 causa:
2042 3700 2137 3749 aut

562 3774 696 3845 quid
738 3782 1037 3844 pateretur.
1075 3775 1145 3830 At
1189 3777 1281 3832 illa
1322 3780 1412 3834 vix
1444 3780 1736 3850 aliquando
1766 3785 2017 3855 spiritum
2048 3802 2136 3843 re-

562 3882 792 3932 vocans,
840 3881 905 3920 ac
945 3864 1293 3938 semetipsam
1343 3872 1410 3926 ad
1464 3874 1647 3942 gaudii
1690 3876 1835 3944 quod
1883 3880 2135 3947 sperabat

563 3958 1000 4028 magnitudinem
1023 3975 1282 4031 reparans
1314 3964 1585 4035 simulque
1611 3967 1871 4024 all‘ricans
1898 3972 2131 4039 vultum,

564 4049 688 4115 llic,
721 4051 899 4121 inquit
930 4091 946 4117 ,
979 4063 1063 4108 est
1092 4070 1255 4124 quem
1285 4056 1424 4113 dicis
1460 4059 1818 4116 adolescens?
1839 4062 1906 4115 At
1936 4062 2134 4122 Petrus

566 4143 655 4195 ubi
685 4158 797 4197 rem
830 4143 1114 4209 intellexit,
1153 4145 1270 4212 Dic,
1304 4148 1503 4218 inquit,
1537 4152 1668 4204 mihi
1693 4159 1751 4206 tu
1786 4154 1966 4223 prior,
2000 4171 2128 4210 nam

560 4231 748 4287 videre
768 4248 893 4288 eum
924 4250 1032 4288 non
1053 4238 1277 4305 poteris.
1304 4237 1439 4292 Tum
1469 4241 1560 4294 illa
1592 4258 1604 4292 :
1631 4240 1763 4313 Ego,
1789 4244 1985 4315 inquit,
2008 4263 2130 4302 sum

562 4322 927 4379 adolescentis
958 4334 1153 4381 mater.
1178 4326 1245 4381 Et
1273 4326 1469 4385 Petrus
1495 4350 1507 4384 :
1535 4331 1691 4396 Quod
1718 4334 1766 4387 ei
1797 4349 1995 4389 nomen
2014 4336 2133 4391 est?

559 4416 630 4467 At
652 4413 777 4467 illa:
804 4414 1080 4483 Clemens,
1114 4419 1209 4473 ait.
1242 4418 1437 4476 Petrus
1466 4441 1477 4475 :
1510 4421 1631 4492 Ipse
1653 4432 1758 4488 est,
1780 4437 1833 4480 et
1856 4427 1969 4496 ipse
1989 4437 2126 4493 erat,

2240 3216 2493 3272 tnandam
2539 3213 2697 3269 ﬁdem
2744 3214 2941 3268 horum
2973 3214 3217 3267 omnium
3262 3213 3356 3283 qui
3397 3212 3692 3275 assistunt,
3746 3221 3808 3264 ut

2241 3309 2417 3365 sciant
2446 3315 2499 3363 et
2527 3306 2753 3362 credant
2782 3307 2909 3376 quia
2941 3321 3083 3359 unus
3113 3314 3195 3359 est
3220 3302 3362 3358 Deus
3380 3305 3472 3375 qui
3505 3304 3700 3358 ctelum
3729 3301 3810 3357 fe-

2239 3401 2314 3455 cit
2362 3414 2426 3454 ac
2468 3409 2667 3454 terram
2694 3440 2709 3465 ,
2756 3400 2812 3453 in
2848 3397 3067 3452 nomine
3087 3395 3215 3451 Jcsu
3259 3396 3468 3451 Christi
3505 3394 3626 3449 Filii
3656 3394 3799 3463 ejus,

2238 3502 2424 3561 surgat
2452 3493 2567 3547 lucc
2598 3491 2814 3546 mulier.
2847 3489 2909 3544 Et
2942 3490 3124 3546 statim
3156 3497 3215 3543 ut
3246 3489 3359 3543 lucc
3383 3487 3646 3552 dixisset,
3683 3503 3808 3543 sur-

2236 3587 2377 3642 rexit
2406 3601 2539 3640 sana
2569 3591 2621 3639 et
2643 3582 2877 3654 procidit
2898 3582 2965 3637 ad
2995 3581 3161 3651 pedes
3176 3579 3345 3646 Petri,
3375 3588 3543 3650 atque
3572 3580 3807 3634 amicam

2236 3698 2391 3739 suam
2439 3697 2503 3736 ac
2539 3681 2857 3736 familiarem
2907 3679 3113 3734 osculis
3141 3686 3350 3748 petens,
3379 3676 3807 3749 percontabatur

2234 3773 2302 3827 ab
2342 3788 2405 3827 ea
2452 3771 2583 3841 quid
2634 3770 2781 3826 istud
2828 3777 2975 3825 esset
3024 3768 3248 3840 negotii.
3304 3767 3373 3822 At
3416 3769 3510 3821 illa
3568 3768 3807 3823 breviter

2234 3879 2449 3920 omnem
2476 3864 2525 3919 ei
2561 3863 2807 3917 ordinem
2838 3861 3131 3932 agnitionis
3154 3860 3422 3931 exposuit,
3451 3860 3526 3915 ita
3550 3868 3610 3915 ut
3638 3862 3802 3916 etiam

2232 3956 2406 4010 turst
2435 3962 2679 4012 astantes
2707 3954 3058 4008 mirarentur.

2306 4042 2493 4100 XXIV.
2534 4043 2673 4099 Tum
2704 4042 2897 4098 Petrus
2924 4040 3051 4112 (42)
3079 4041 3146 4096 de
3177 4040 3279 4096 ﬁde
3310 4040 3404 4097 Dei
3426 4057 3490 4096 ac
3517 4042 3802 4113 religionis

2233 4137 2684 4207 institutis,’quod
2706 4135 2773 4191 ad
2792 4151 2851 4190 se
2867 4135 3193 4205 pertinebat,
3210 4134 3264 4187 in
3285 4144 3548 4205 quantum
3583 4145 3800 4206 tempus

2232 4230 2539 4303 patiebatur
2570 4231 2787 4285 locutus
2810 4228 2877 4283 ad
2908 4229 3120 4293 turbas,
3146 4214 3294 4285 addit
3319 4229 3482 4283 etiam
3508 4229 3636 4293 hoc,
3670 4239 3733 4284 ut
3752 4231 3798 4285 si

2231 4324 2353 4392 quis
2380 4322 2541 4377 vellet
2582 4321 2648 4377 de
2677 4322 2760 4377 his
2788 4321 3104 4390 diligentius
3132 4317 3359 4377 noscere
3379 4362 3394 4386 ,
3442 4320 3797 4377 Antiochiam

2230 4414 2463 4481 veniret,
2499 4413 2591 4468 ubi
2618 4413 2814 4476 tribus,
2848 4413 3055 4483 inquit,
3088 4414 3367 4468 mensibus
3390 4417 3685 4470 statuimus
3712 4430 3798 4470 re-

560 4504 653 4573 qui
681 4504 844 4571 paulo
875 4512 1000 4559 ante
1027 4522 1239 4561 mecum
1273 4510 1598 4579 loquebatur
1625 4522 1678 4567 et
1708 4493 2037 4583 quem—jussi
2061 4518 2126 4571 ad
2161 4493 2205 4547 D
2234 4505 2412 4562 Sidere
2426 4513 2610 4576 εῑιιυὶἓ
2631 4504 2696 4558 3d
2722 4506 2953 4561 δθιυῑθῐη
2979 4506 3253 4576 Pertimui
3275 4507 3519 4561 Cdocel‘e-
3546 4504 3604 4559 Si
3627 4506 3795 4568 enim.

560 4609 753 4648 navem
808 4596 1134 4664 prazcedere.
1180 4597 1318 4653 Tum
1360 4600 1453 4653 illa
1498 4601 1789 4673 procideus
1848 4605 1916 4658 ad
1964 4605 2130 4675 pedes

558 4685 705 4740 Petri
754 4703 947 4757 rogare
996 4692 1194 4761 cmpit,
1242 4701 1302 4746 ut
1358 4693 1640 4749 festinaret
1694 4696 1759 4749 ad
1801 4711 2014 4753 navem.
2065 4698 2131 4753 Et

558 4778 881 4834 Petrus:Si
931 4782 1100 4847 mihi,
1152 4783 1368 4854 inquit,
1421 4802 1609 4841 servas
1664 4787 1823 4842 ﬁdem
1870 4798 1926 4841 ut
1961 4789 2129 4846 facias

559 4872 704 4942 quod
741 4871 883 4927 dico.
928 4872 997 4926 At
1028 4875 1158 4928 illa:
1189 4874 1381 4931 Omnia
1406 4916 1421 4940 ,
1466 4878 1679 4947 inquit,
1710 4878 1880 4948 facio;
1916 4889 2123 4937 tantum

560 4963 692 5017 mihi
722 4965 948 5020 ostende
983 4966 1203 5020 unicum
1235 4984 1410 5022 meum
1452 4978 1636 5022 natum
1663 5011 1676 5033 ,
1708 4979 1837 5040 puto
1864 4973 2008 5027 enim
2038 4988 2125 5029 me

558 5070 656 5125 per
683 5056 860 5126 ipsum
884 5064 937 5112 ct
964 5058 1211 5127 geminos
1239 5074 1389 5114 meos
1422 5060 1624 5115 videre.
1656 5060 1719 5115 Et
1743 5060 1936 5118 Petrus
1958 5064 2120 5118 :Cum

552 5147 780 5215 videris,
810 5148 1006 5218 inquit,
1039 5164 1185 5211 eum,
1242 5149 1405 5202 modo
1436 5149 1650 5203 interim
1677 5149 1962 5206 dissimula
1989 5169 2124 5225 pau-

556 5240 750 5305 lulum,
781 5256 1067 5314 usquequo
1096 5242 1441 5313 egrediantur
1475 5243 1543 5297 ab
1573 5242 1770 5299 insula.
1806 5241 1904 5310 Ita,
1926 5246 2122 5317 inquit,

554 5330 769 5388 faciam.

2230 4595 2438 4664 inquit,
2471 4595 2779 4663 negotiandi
2810 4610 2975 4649 causa
3007 4603 3100 4649 aut
3131 4595 3398 4649 militandi
3446 4596 3685 4665 patriam
3720 4612 3799 4650 re-

2229 4688 2483 4758 linquunt
2515 4688 2763 4743 homines
2792 4703 2856 4742 ae
2878 4696 3152 4758 parentes,
3182 4698 3236 4744 et
3257 4689 3447 4759 longas
3472 4690 3797 4759 peregrina—

2227 4780 2406 4835 tiones
2451 4781 2634 4835 subire
2663 4796 2771 4835 non
2800 4788 3077 4845 metuunt,
3108 4796 3209 4850 pro
3238 4782 3348 4834 vita
3377 4788 3584 4835 aeterna
3618 4781 3795 4835 tribus

2228 4874 2419 4929 saltem
2450 4872 2731 4928 mensibus
2761 4871 3127 4942 peregrinari,
3157 4886 3258 4926 cur
3280 4885 3577 4926 onerosum
3610 4870 3792 4924 videa-

2223 4977 2311 5021 tur
2340 4980 2403 5020 ac
2447 4964 2694 5020 dilﬁcile?
2739 4965 2982 5035 Cumque
3032 4964 3147 5019 haec
3193 4975 3248 5019 et
3294 4964 3398 5017 alia
3444 4963 3532 5017 his
3588 4963 3787 5017 similia

2225 5059 2481 5121 dixisset,
2523 5074 2623 5129 ego
2669 5058 2882 5113 mulieri
2927 5072 3048 5127 qua:
3096 5064 3412 5125 susceperat
3456 5062 3691 5109 matrem
3739 5063 3791 5107 et

2225 5152 2516 5206 sanitatem
2565 5157 2843 5220 receperat
2872 5164 2969 5219 per
3012 5148 3232 5205 Petrum
3255 5187 3271 5212 ,
3318 5147 3464 5202 mille
3496 5146 3794 5201 drachmas

2224 5244 2461 5310 donavi,
2500 5251 2556 5297 et
2608 5244 2970 5314 praesentibus
3016 5242 3231 5297 cunctis
3259 5238 3643 5296 commendavi
3673 5254 3790 5292 eam

2227 5334 2443 5391 cuidam
2470 5336 2591 5391 viro
2620 5337 2783 5401 bono,
2819 5336 3080 5406 primario
3105 5335 3251 5390 illius
3276 5332 3491 5404 Oppidi,
3523 5331 3699 5402 quiet
3726 5329 3791 5383 Ii-

1827 5470 2192 5529 COTELEIttl
2257 5473 2487 5529 NOTAE.

622 5629 735 5701 (4‘2)
778 5630 910 5684 Tum
947 5629 1158 5685 Petrus.
1202 5628 1338 5701 Ante
1393 5629 1506 5683 haec
1549 5628 1869 5701 miraculum
1911 5636 2115 5683 sanata),

551 5699 846 5755 Ma'ttltidite
880 5701 1089 5755 videtur
1117 5700 1386 5753 excidisse
1424 5715 1455 5754 c
1484 5699 1765 5753 codicibus
1798 5719 1811 5752 :
1845 5701 1989 5767 quod
2021 5701 2116 5752 Ita-

552 5772 651 5829 bes
681 5770 987 5825 (ΠιίηεηὶὶηΔ
1029 5787 1125 5834 xu,
1173 5772 1262 5833 ‘25,
1306 5774 1444 5842 Epit.
1494 5771 1581 5831 ‘JI,
1627 5770 1875 5838 quodque
1921 5772 2114 5825 lectum

2217 5631 2444 5687 forsitan
2478 5629 2578 5685 fuit
2606 5646 2631 5683 a
2665 5629 3093 5700 pscudo-Abdia.
3146 5627 3396 5683 Aitenim
3431 5628 3526 5684 lib.
3557 5647 3575 5686 t
3607 5648 3623 5688 :
3659 5631 3786 5686 Tum

2218 5704 2547 5773 apprehensis
2576 5700 2762 5758 Petrus
2790 5701 3029 5756 manibus
3055 5700 3165 5770 ejus
3194 5700 3397 5755 sanavit
3422 5716 3535 5756 cas.
