4030 6342
281 275 420 335 I365

1496 263 2063 327 RECOGNITIONUM
2101 263 2229 320 LIB.
2272 263 2379 320 VII.

3396 265 3537 326 I366

276 392 468 447 bentcr
496 405 557 448 se
584 389 856 449 facturum
897 391 1045 463 quod
1090 389 1495 461 imperahamus
1526 384 1838 458 spopondit.
1869 388 1920 447 Α
1946 381 2100 436 mirae
2141 378 2535 451 magnitudinis
2557 398 2582 448 ι
2616 379 2904 451 acquievi,
2946 388 3179 438 ventum»
3214 390 3300 440 est
3344 384 3413 441 ad
3454 386 3538 439 lo-

279 482 387 538 Sed
432 491 488 541 et
516 484 639 542 aliis
669 483 995 557 quihusdam
1033 483 1431 554 aliquantulum
1464 480 1709 552 pecuniae
1740 479 1856 534 dis-

284 576 497 643 tribui,
546 584 600 632 et
637 576 747 634 illis
803 575 1124 631 mulieribus
1167 589 1289 643 qua:
1331 573 1623 644 aliquando
1670 571 1857 627 solatae.

277 668 606 724 dicebantur
650 668 705 723 in
756 668 995 723 miseriis
1041 676 1270 723 matrem
1311 680 1518 729 meam,
1553 664 1754 736 quibus
1800 670 1856 718 et

279 765 487 835 gratias
511 762 693 819 retuli.
724 760 791 816 Et
812 769 935 833 post
962 760 1076 817 haec
1106 775 1216 816 una
1245 775 1370 817 cum
1400 766 1575 814 matre
1596 757 1853 828 enaviga-

279 857 463 913 vimus
482 854 837 911 Antaradum.
1312 865 1318 870 '

353 946 519 1003 XXV.
560 946 805 1017 Cumque
841 947 1185 1003 venissemus
1226 943 1294 999 ad
1319 944 1640 1015 hospitium,
1681 950 1857 999 mater

279 1041 564 1110 requirere
596 1041 763 1111 carpit
808 1055 841 1095 a
872 1055 992 1105 me,
1045 1052 1285 1110 quonam
1331 1035 1639 1093 devenisset
1677 1044 1851 1106 pater.

280 1131 386 1188 Cui
432 1148 533 1205 ego
561 1151 574 1188 :
605 1132 688 1187 Ad
720 1139 804 1196 te,
855 1132 1077 1201 inquam
1104 1169 1121 1196 ,
1155 1128 1542 1200 requirendam
1576 1128 1856 1198 profectus

282 1226 428 1282 ultra
454 1240 564 1281 non
589 1225 773 1280 rediit.
804 1222 874 1277 At
905 1223 997 1277 illa
1027 1222 1259 1276 audiens
1287 1219 1585 1291 suspiravit
1614 1226 1853 1283 tantum,

283 1318 489 1390 grande
516 1318 663 1374 enim
691 1331 790 1388 pro
821 1332 908 1372 me
940 1314 1199 1387 gaudium
1232 1313 1439 1373 habens
1488 1310 1729 1381 reliquos
1766 1326 1858 1366 so-

283 1410 500 1466 labatur
547 1425 834 1466 maerores.
884 1406 981 1464 Die
1008 1414 1188 1462 autem
1230 1414 1449 1479 postera
1498 1403 1697 1460 sedens
1746 1417 1857 1457 una

282 1519 408 1560 cum
427 1518 597 1560 uxore
609 1502 752 1558 Petri
769 1502 881 1574 (45)
899 1502 1000 1555 iter
1010 1499 1203 1571 agebat
1215 1498 1523 1560 nobiscum,
1539 1507 1591 1552 et
1607 1494 1857 1550 venimus

280 1596 548 1652 Balaneas
568 1595 701 1668 (44),
728 1595 817 1650 ubi
844 1593 1028 1649 triduo
1058 1592 1339 1656 remorati,
1363 1589 1491 1645 inde
1520 1588 1857 1643 accessimus

280 1692 457 1747 Patho
482 1690 665 1762 (I5)et
687 1696 810 1759 post
842 1688 946 1742 hoc
967 1685 1173 1741 Gabala
1189 1684 1325 1758 (46),
1353 1690 1409 1740 et
1433 1683 1515 1739 sic
1539 1681 1856 1737 Laodiciam

1956 490 2121 541 cum,
2168 475 2354 530 caeteri
2383 488 2577 531 omnes
2606 474 2872 530 interiora
2908 475 3043 533 tedis
3093 475 3362 548 ingressi,
3398 479 3534 535 mihi

1957 566 2173 623 animus
2218 566 2407 622 nescio
2441 566 2512 622 ob
2540 581 2706 638 quam
2748 580 2973 623 causam
3022 546 3361 638 ingrediendi
3394 546 3537 627 ultra

1957 672 2069 712 non
2107 654 2228 711 fuit.

2026 747 2240 806 XXVII.
2279 746 2386 805 Sed
2422 748 2553 805 dum
2608 749 2735 806 illos
2770 748 2907 806 foris
2933 751 3211 822 opperior,
3249 751 3535 809 mulierem

1957 839 2099 895 hanc
2127 840 2480 897 considerare
2507 841 2648 910 cepi
2680 855 2788 911 qua
2817 852 2973 912 parte
2998 843 3365 899 membrorum
3390 852 3538 902 esset

1957 932 2187 1001 debilis,
2239 940 2298 991 ut
2329 948 2438 988 non
2469 933 2657 988 labore
2702 948 2961 988 manuum
2995 933 3201 988 victum
3233 944 3534 1006 quaereret,

1957 1025 2055 1081 sed
2086 1024 2456 1081 mendicitatis
2489 1024 2749 1096 pudorem
2782 1026 3024 1096 subiret;
3052 1027 3273 1098 requiro
3307 1044 3438 1101 ergo
3468 1029 3540 1086 ab

1956 1133 2020 1174 ca
2050 1131 2267 1174 causas.
2318 1116 2412 1171 Illa
2460 1118 2629 1173 nobili
2674 1134 2734 1174 se
2771 1125 2946 1173 ortam
2988 1135 3218 1191 genere,
3261 1128 3317 1177 et
3362 1121 3532 1178 nobili

1959 1208 2317 1264 nihilominus
2350 1208 2467 1264 viro
2499 1209 2553 1263 in
2586 1210 2939 1265 matrimonio
2964 1208 3137 1267 fuisse
3165 1211 3419 1282 junctam
3450 1211 3538 1268 fa-

1960 1308 2126 1364 tetur,
2158 1300 2320 1369 cujus
2353 1299 2546 1364 frater,
2580 1300 2779 1371 inquit,
2818 1301 2874 1356 in
2905 1316 2992 1357 me
3020 1301 3214 1359 illicito
3236 1318 3422 1361 amore
3452 1305 3539 1360 in-

1956 1390 2268 1448 ﬂammatus
2293 1391 2594 1449 fraternum
2615 1400 2794 1447 torum
2823 1392 3068 1464 polluere
3083 1395 3359 1465 cupiebat.
3379 1395 3536 1463 Quod

1956 1502 2056 1558 ego
2082 1487 2417 1554 abhorrens,
2461 1495 2515 1544 et
2542 1504 2764 1544 rursum
2798 1488 2867 1544 de
2891 1495 3043 1545 tanto
3070 1490 3277 1547 scelere
3304 1490 3422 1547 viro
3454 1491 3540 1547 in-

1958 1578 2144 1637 dicare
2175 1598 2283 1637 non
2324 1584 2533 1639 audens
2553 1622 2568 1647 ,
2604 1598 2673 1639 ne
2727 1583 2929 1639 bellum
2961 1583 3222 1641 fratribus
3252 1593 3306 1641 et
3335 1601 3538 1657 Oppre-

1957 1672 2139 1729 brium
2169 1677 2353 1747 generi
2382 1676 2677 1732 indicerem
2696 1716 2711 1739 ,
2745 1677 2918 1747 magis
2948 1692 3014 1732 ex
3044 1679 3221 1747 patria
3250 1679 3536 1738 discedere

280 1753 654 1857 pervenimus,
673 1753 766 1836 ubi
794 1788 922 1835 ante
950 1788 1140 1851 portas
1166 1753 1467 1834 occurrunt
1496 1776 1654 1832 nobis
1670 1775 1859 1830 Niceta
1888 1753 1932 1811 Β
1955 1766 2200 1838 iudicavi
2247 1783 2371 1823 cum
2417 1768 2636 1825 duobus
2682 1768 2914 1840 geminis
2946 1769 3073 1826 filiis
3102 1772 3271 1836 meis,
3319 1773 3539 1843 iuniore

276 1886 336 1933 et
364 1877 559 1948 Aquila
592 1884 646 1931 et
674 1874 990 1929 osculantes
1021 1888 1122 1929 nos
1144 1872 1424 1927 abducunt
1447 1871 1502 1925 in
1531 1868 1856 1940 hospitium.

277 1970 479 2028 Petrus
508 1977 688 2024 autem
722 1967 917 2024 videns
949 1965 1184 2036 amplam
1218 1965 1498 2020 civitatem
1530 1972 1586 2018 et
1613 1960 1859 2032 splendi-

278 2067 432 2131 dam,
466 2063 700 2135 Dignum
731 2068 836 2125 est,
873 2060 1083 2130 inquit,
1109 2057 1375 2115 remorari
1406 2071 1508 2112 nos
1540 2057 1594 2110 in
1627 2055 1730 2109 hac
1755 2052 1865 2109 die

278 2158 386 2214 bus
434 2156 622 2211 decem
668 2161 762 2207 aut
806 2152 972 2208 etiam
1026 2151 1284 2222 amplius.
1332 2148 1471 2203 Tum
1515 2146 1704 2203 Niceta
1735 2159 1861 2201 cum

280 2248 480 2322 Aquila
515 2244 870 2318 requirebant
915 2258 946 2297 a
987 2258 1109 2308 me,
1158 2257 1282 2313 quze
1325 2248 1476 2297 esset
1522 2238 1720 2294 mulier
1749 2236 1865 2292 haec

278 2343 489 2414 ignota.
520 2340 588 2395 Et
624 2354 725 2410 ego
750 2335 1005 2408 respondi
1032 2354 1045 2389 :
1075 2334 1246 2390 Mater
1278 2348 1399 2390 mea
1425 2340 1510 2388 est
1537 2344 1701 2402 quam
1726 2327 1860 2382 mihi

280 2430 568 2488 redonavit
592 2428 734 2484 Deus
758 2442 856 2498 per
883 2425 1167 2480 dominum
1198 2439 1379 2481 meum
1405 2422 1649 2479 Petrum.

355 2521 545 2580 XXVI.
583 2520 710 2578 Haec
740 2536 865 2577 cum
895 2536 995 2591 ego
1023 2518 1307 2584 dixissem,
1330 2523 1526 2572 cuncta
1556 2511 1862 2571 eis'Petrus

282 2634 387 2691 per
416 2617 665 2673 ordinem
701 2615 869 2685 erepit
900 2626 1173 2683 exponere
1202 2619 1257 2666 et
1286 2610 1363 2664 ait
1398 2628 1411 2663 :
1449 2606 1587 2663 Cum
1616 2605 1863 2661 venisse-

284 2728 413 2768 mus
440 2708 678 2764 Aradum
709 2716 763 2765 et
784 2724 885 2779 ego
914 2722 1012 2761 vos
1041 2702 1349 2775 praecedere
1372 2700 1660 2771 jussissem
1681 2737 1697 2763 ,
1729 2711 1859 2767 pro-

287 2805 451 2860 fectis
488 2803 674 2867 vobis,
721 2799 912 2856 eadem
957 2798 1045 2853 die
1096 2795 1349 2851 Clemens
1400 2806 1523 2847 cum
1574 2789 1863 2847 incidisset

284 2896 561 2953 sermonis
593 2893 841 2955 occasio,
890 2904 1062 2961 genus
1105 2901 1263 2941 suum
1315 2883 1446 2938 mihi
1493 2879 1747 2951 exposuit
1795 2893 1861 2933 ac

285 2991 572 3055 familiam,
598 2996 653 3043 et
674 2984 819 3058 quod
842 2982 1160 3055 parentibus
1186 2985 1332 3035 esset
1355 2975 1583 3033 orbatus
1612 2972 1863 3040 duosque

284 3084 570 3139 habuisset
593 3080 804 3151 priores
829 3092 889 3132 se
912 3075 1159 3145 geminos
1192 3069 1420 3133 fratres;
1453 3073 1507 3122 et
1532 3064 1675 3121 sicut
1701 3061 1858 3159 mihi,
1885 3100 1930 3159 ε

282 3179 498 3249 inquit,
533 3180 688 3246 pater
728 3167 1040 3233 enarravit,
1072 3163 1350 3221 somnium
1381 3158 1514 3215 vidit
1562 3152 1860 3227 aliquando

283 3246 482 3333 mater,
520 3281 637 3340 quo
675 3265 832 3334 jussu
874 3267 958 3316 est
1008 3272 1131 3313 cum
1174 3252 1405 3326 geminis
1451 3250 1568 3306 suis
1613 3265 1681 3305 ex
1725 3246 1861 3303 urbe

283 3364 460 3420 Roma
505 3357 822 3433 proficisci,
860 3369 930 3409 ne
977 3350 1161 3409 subito
1194 3355 1249 3405 et
1295 3345 1501 3418 pariter
1547 3342 1854 3397 interirent.

284 3457 533 3525 Cumque
562 3450 834 3508 somnium
868 3444 1006 3518 patri
1051 3441 1367 3503 indicasset,
1412 3437 1503 3493 ille
1532 3434 1631 3507 qui
1666 3440 1859 3489 tenero

284 3550 433 3605 filios
459 3546 708 3617 diligeret
738 3541 937 3597 affectu
962 3578 978 3605 ,
1004 3552 1074 3592 ne
1100 3533 1230 3606 quid
1267 3532 1404 3588 forte
1431 3528 1558 3585 mali
1604 3535 1859 3600 pateren-

285 3650 399 3705 tur,
427 3653 656 3695 uxorem
688 3635 896 3706 pariter
922 3646 987 3687 ac
1017 3629 1158 3685 filios
1183 3625 1308 3682 navi
1334 3639 1460 3679 cum
1483 3621 1741 3680 omnibus
1768 3633 1861 3675 ne.

284 3733 550 3790 cessariis
594 3726 918 3799 impositos,
964 3720 1165 3779 emittit
1212 3716 1453 3774 Athenas
1502 3710 1856 3770 erudiendos.

283 3827 419 3885 Post
452 3827 567 3882 haec
602 3821 752 3877 misit
781 3817 947 3874 semel
974 3822 1028 3871 et
1054 3816 1253 3869 iterum
1286 3809 1379 3882 qui
1411 3807 1775 3879 requirerent.
1804 3810 1859 3859 et

286 3931 561 3989 nusquam
612 3912 759 3967 illius
789 3924 860 3964 ne
890 3906 1181 3977 vestigium
1214 3901 1433 3973 quidem
1478 3896 1704 3967 reperit.
1738 3893 1858 3965 Ipse

286 4013 355 4070 ad
389 3988 639 4066 ultimum
683 4011 838 4077 pater
858 4000 927 4056 ad
967 3992 1353 4069 inquirendum
1387 3988 1776 4063 proﬁciscitur,
1804 3994 1860 4042 et

286 4118 462 4174 usque
503 4100 572 4155 ad
615 4110 859 4169 praesens
901 4105 1003 4147 nec
1049 4090 1166 4160 ipse
1212 4084 1431 4156 quidem
1472 4095 1702 4151 usquam
1750 4085 1857 4135 est.

286 4171 413 4251 ne}:
435 4208 560 4248 cum
589 4188 723 4244 mihi
744 4188 996 4242 Clemens
1026 4184 1361 4242 enarrasset,
1393 4173 1627 4231 accessit
1660 4171 1726 4228 ad
1757 4186 1860 4226 nos

286 4288 511 4360 quidam
545 4296 769 4354 rogans,
805 4285 864 4333 ut
892 4276 959 4331 ad
988 4273 1225 4330 insulam
1256 4267 1494 4324 Aradum
1526 4280 1648 4337 quae
1674 4263 1857 4319 vicina

286 4357 406 4437 erat
455 4374 865 4435 accederemus,
898 4365 1117 4424 videndi
1153 4363 1325 4437 gratia
1370 4360 1654 4419 columnas
1685 4357 1858 4411 viteas

1962 1873 2134 1928 puero
2163 1858 2230 1912 ad
2264 1859 2517 1916 solatium
2552 1859 2693 1931 patri
2726 1860 2940 1916 relicto.
2972 1860 3037 1915 Et
3068 1871 3128 1916 ut
3156 1863 3292 1928 haec,
3336 1866 3537 1937 inquit,

1962 1950 2191 2006 honesta
2217 1950 2397 2021 specie
2426 1950 2633 2017 fierent,
2664 1951 2896 2023 cogitavi
2946 1954 3220 2009 somnium
3255 1954 3458 2029 ﬁngere
3481 1969 3537 2015 et

1962 2040 2145 2098 dicere
2190 2044 2328 2109 viro,
2361 2042 2607 2098 astitisse
2636 2043 2769 2098 mihi
2798 2059 3000 2100 numen
3030 2045 3302 2117 quoddam
3335 2065 3431 2120 per
3452 2053 3537 2108 vi-

1963 2149 2085 2190 sum
2110 2143 2165 2192 et
2198 2135 2437 2201 dixisse,
2476 2146 2532 2191 ut
2563 2150 2687 2191 cum
2727 2135 2943 2193 duobus
2968 2140 3199 2209 geminis
3227 2142 3365 2199 meis
3402 2158 3537 2199 con-

1966 2225 2147 2282 festim
2181 2242 2248 2284 ex
2286 2225 2431 2284 Urbe
2466 2228 2866 2300 proficiscerer,
2892 2247 3178 2302 usquequo
3204 2234 3274 2289 ab
3298 2235 3415 2305 ipso
3438 2253 3536 2292 au-

1964 2316 2172 2382 direm,
2210 2320 2432 2389 quando
2489 2321 2667 2378 redire
2717 2321 2994 2378 deberem.
3032 2322 3247 2389 Quibus
3304 2327 3531 2392 auditis.

1965 2408 2265 2466 credidisse
2290 2411 2468 2466 aiebat
2487 2412 2687 2475 virum.
2709 2422 2763 2470 et
2789 2413 3032 2471 Athenas
3065 2431 3123 2471 se
3149 2418 3380 2487 geminis
3410 2436 3533 2477 cum

1965 2500 2151 2559 liberis
2196 2503 2449 2560 emisisse
2495 2503 2630 2560 inibi
2679 2505 3029 2571 erudiendis,
3075 2508 3171 2562 sed
3217 2515 3538 2581 tempestate

1965 2593 2115 2663 gravi
2148 2594 2215 2649 ad
2256 2594 2399 2651 hanc
2444 2594 2680 2651 insulam
2714 2596 2884 2652 fuisse
2929 2596 3209 2668 depulsos,
3256 2601 3370 2667 ubi,
3405 2619 3537 2659 con-

1965 2683 2135 2740 fracta
2166 2685 2315 2752 navi,
2345 2702 2405 2743 se
2434 2686 2603 2742 ﬂuctu
2633 2702 2919 2744 excussam
2953 2704 3118 2759 supra
3145 2707 3337 2746 saxum
3364 2694 3536 2763 quod-

1964 2776 2122 2841 dam,
2154 2777 2224 2834 oh
2250 2778 2355 2835 hoc
2386 2780 2567 2835 solum
2599 2786 2830 2836 mortem
2862 2780 3180 2849 distulisse,
3213 2784 3421 2854 donec,
3455 2787 3538 2841 in-

1965 2871 2121 2940 quit,
2156 2869 2459 2927 infelicium
2489 2880 2743 2926 natorum
2781 2887 3027 2929 meorum
3073 2875 3261 2932 saltem
3290 2886 3539 2935 emortua

1964 2963 2209 3019 membra
2235 2965 2648 3036 complecterer,
2670 2980 2735 3020 ac
2760 2966 3053 3036 sepulturae
3073 2970 3409 3027 mandarem.
3432 2970 3540 3028 Sed

1965 3070 2090 3110 cum
2124 3055 2242 3112 dies
2290 3054 2485 3111 fuisset
2523 3063 2748 3112 exortus
2792 3065 2847 3112 et
2897 3058 3071 3114 turba:
3118 3062 3536 3130 convenissent,

1963 3149 2317 3205 miseratione
2334 3148 2466 3204 moti
2494 3149 2849 3219 proiecerunt
2878 3152 3010 3207 mihi
3040 3153 3441 3210 indumentum.
3470 3158 3541 3211 At

1960 3256 2063 3312 ego
2091 3240 2284 3295 infelix
2318 3238 2535 3297 ﬂetibus
2565 3239 2754 3297 multis
2785 3242 3044 3312 rogabam
3080 3251 3137 3297 ut
3172 3246 3537 3316 requirerent,

1962 3334 2139 3389 sicubi
2188 3331 2491 3389 infelicium
2541 3341 2795 3388 natorum
2846 3334 3061 3403 possint
3121 3338 3367 3395 invenire
3412 3354 3539 3395 cor-

1962 3426 2211 3498 puscula.
2258 3423 2372 3495 Ego
2411 3430 2591 3480 autem
2633 3438 2793 3478 omne
2823 3437 3026 3495 corpus
3070 3441 3250 3481 meum
3279 3428 3541 3487 dentibus

1962 3518 2198 3581 lanians,
2231 3514 2540 3588 planctibus
2567 3521 2621 3569 et
2649 3513 2950 3570 ululatibus
2993 3516 3127 3570 nihil
3158 3517 3306 3573 aliud
3337 3519 3542 3573 clama-

1962 3609 2086 3664 bam
2121 3608 2228 3665 nisi
2254 3648 2271 3675 ,
2303 3605 2408 3662 Ubi
2437 3605 2565 3661 mihi
2598 3605 2806 3662 infelici
2845 3605 3081 3663 Faustus
3111 3618 3227 3674 est,
3265 3609 3355 3666 ubi
3396 3609 3540 3668 Fau-

1961 3703 2143 3758 stinus
2159 3703 2185 3757 2
3372 3768 3381 3776 Α

2034 3793 2269 3855 XXVIII.
2309 3793 2376 3849 Et
2418 3810 2543 3852 cum
2586 3794 2702 3851 haec
2750 3793 2957 3851 diceret
3012 3792 3231 3860 Petrus,
3267 3794 3457 3852 Niceta
3485 3806 3540 3853 et

1960 3889 2158 3960 Aquila
2206 3887 2389 3944 subito
2432 3894 2731 3959 assurgunt
2783 3896 2837 3943 et
2892 3887 3183 3959 stupefacti
3229 3890 3539 3959 perturbari

1961 3996 2249 4057 cceperunt
2295 3983 2539 4041 dicentes
2584 4002 2597 4039 :
2643 3982 2964 4039 Dominator
3016 3980 3243 4038 Domine
3289 3990 3343 4039 et
3395 3982 3539 4040 Deus

1961 4077 2208 4133 omnium
2231 4115 2246 4141 ,
2278 4088 2479 4131 verane
2508 4074 2625 4129 haec
2657 4080 2821 4138 sunt,
2848 4086 2917 4125 an
2948 4072 3223 4127 somnium
3268 4082 3352 4128 est
3389 4075 3536 4145 quod

1964 4169 2177 4243 agitur?
2204 4166 2343 4223 Tum
2378 4165 2607 4223 Petrus:
2639 4164 2757 4220 Nisi
2780 4205 2803 4233 ,
2827 4164 3039 4235 inquit,
3090 4178 3193 4219 nos
3221 4164 3401 4221 insani
3442 4181 3538 4222 su-

1962 4276 2117 4325 mus,
2162 4258 2277 4313 haec
2306 4270 2433 4312 vera
2464 4263 2611 4311 sunt.
2658 4254 2732 4311 At
2763 4253 2836 4307 illi
2875 4252 3154 4322 paululum
3194 4255 3451 4309 remorati
3483 4265 3539 4310 et

1962 4350 2332 4409 confricantes
2376 4348 2569 4404 faciem
2596 4388 2613 4412 ,
2644 4348 2837 4403 aiunt:
2871 4343 2982 4400 Nos
3010 4361 3202 4401 sumus
3238 4344 3533 4402 Faustinus

1576 4509 1956 4570 COTELERII
1987 4505 2220 4563 ΝΟΤᾸΞ.

358 4703 473 4775 (45)
512 4696 647 4755 Cum
677 4706 837 4748 uxore
861 4686 1028 4743 Petri.
1062 4683 1317 4739 Testatur
1343 4680 1704 4775 Hieronymus
1724 4688 1857 4728 con-
1890 4680 1933 4735 ι)
1964 4665 2315 4749 notissimum
2346 4664 2603 4735 oppidum
2629 4669 2713 4716 est
2741 4679 2755 4713 ε
2787 4658 2944 4743 «gaius
2972 4656 3262 4743 ερίεςονυε
3294 4654 3538 4725 Euphra-

424 4773 437 4775 _
517 4771 528 4775 _
579 4769 589 4775 .
906 4759 947 4775 ιι
970 4770 1056 4775 _--
1133 4754 1233 4775 I,,._2
1281 4753 1331 4775 ε..
1379 4750 1525 4775 n__-:-
1570 4748 1612 4775 ε..
1641 4754 1690 4775 Α.
1720 4760 1849 4775 ..-ηγ
1965 4745 2078 4775 hnn
2114 4735 2365 4775 lnndmnr
2395 4751 2422 4775 ο
2462 4732 2501 4775 ς
2552 4733 2864 4775 ΑΙΙιεδηειςιη-
2897 4731 3148 4775 Annlnma
3169 4731 3232 4775 de
3258 4729 3382 4775 frma
3416 4744 3535 4775 sua-

288 4748 762 4832 trd-Ir'ivi'nianum
813 4759 1082 4832 scribens,
1128 4754 1235 4832 legi
1372 4748 1612 4832 Perfodit;
1639 4754 1693 4801 et
1720 4760 1858 4828 uxo-

286 4824 434 4904 rein:
455 4824 601 4897 Petri
646 4843 701 4890 et
748 4832 931 4904 filiam.
966 4826 1039 4880 Ea
1071 4824 1237 4904 igitur
1264 4826 1595 4904 Circuituum
1622 4824 1857 4904 parsLi‘n

424 4893 665 4990 deVPetri
697 4906 802 4959 lilia
828 4893 1216 4990 ('I’etronil'lam
1243 4898 1439 4949 vocant
1459 4895 1685 4990 λεθιῖιιο
1709 4893 1854 4990 erat,

288 4964 820 5044 sumendam“...
837 4964 1076 5044 Uxorem
1104 4973 1284 5044 agnem
1315 4964 1861 5044 ιηθιηοτιιηι-ρεωιςντ

287 5027 1077 5115 ἓέυίῇἆιῖξιῖεἶὶὲιθηᾱςίιιιιε,
1112 5035 1313 5115 Strom.
1341 5048 1443 5115 vn,
1466 5046 1588 5115 pag.
1618 5027 1742 5115 7313,
1749 5027 1855 5115 ,91ιί

656 5098 804 5173 illius
833 5111 1027 5197 refert“
1028 5098 1206 5190 verbis
1233 5120 1361 5197 quael
1651 5102 1718 5156 ab
1746 5098 1857 5197 Eu»

499 5170 713 5247 Hister.
724 5170 731 5171 ⁷
744 5170 822 5249 ιιι,
849 5184 926 5260 ᾆρ
936 5199 958 5260 ξ.
984 5170 1268 5260 Origenes,
1381 5172 1576 5260 Matth.
1594 5186 1713 5260 xix,
1732 5170 1852 5260 727‘;

289 5244 659 5338 ᾗῇᾗῖεῆίίίξέ-
676 5244 869 5314 haeresi
896 5244 1852 5338 50.nn_u'm.22;1chr‘ormmts,.egist.

289 5286 329 5322 IL
372 5286 646 5338 tpltamus,
678 5286 869 5314 uertem
896 5286 986 5313 υνο
1021 5286 1171 5332 "fw--
1188 5286 1276 5313 --ι
1298 5286 1676 5314 ···ν·ν··.γ··”·νν
1695 5286 1719 5297 ν
1766 5286 1852 5298 ’νη

287 5286 378 5400 si.
405 5346 569 5408 atque
598 5314 1616 5408 “insuetus:Ppc‘elasfﬁe‘frfi‘ﬂz‘
1642 5286 1857 5408 2:15:9-

288 5382 753 5471 Fdiiiiriiscc—tjii.
780 5382 1097 5471 Appellaittr
1126 5382 1603 5471 in‘l-ilartvrologiis
1621 5453 1634 5471 I
1652 5382 1853 5471 Perpe:

533 5453 1133 5534 Chronico-Simeonis
1182 5453 1581 5534 Metaphrast'ae,
1621 5453 1740 5509 loco
1762 5453 1854 5508 ad

288 5526 694 5604 Constantini,
718 5540 772 5604 6,
798 5538 982 5598 aliato,
1016 5532 1260 5605 Joanna;
1288 5526 1432 5605 quod
1460 5526 1624 5605 etiam
1656 5539 1852 5605 nomen

291 5592 849 5673 Eféiii'eéiri'iiib'un
881 5592 1154 5676 Indiculus
1187 5592 1399 5671 positus
1439 5597 1506 5651 ad
1535 5592 1761 5648 Constit.
1792 5610 1850 5659 ιι,

288 5690 378 5744 6'5.

362 5738 473 5832 in)
529 5757 765 5811 Venimus
806 5750 1090 5805 Balaueas.
1141 5744 1385 5799 Balanca:
1432 5747 1523 5796 aut
1572 5738 1863 5804 Balantcaz,

1965 4737 2079 4790 tion
2114 4729 2436 4789 laudatur'a'
2462 4732 2522 4789 S.
2547 4732 2866 4792 Athanasio,
2897 4731 3148 4799 Apologia
3169 4731 3232 4781 de
3255 4729 3382 4798 fuga
3416 4744 3537 4799 sua,

1967 4807 2130 4876 paulo
2158 4814 2281 4874 post
2304 4805 2540 4863 initium.
2566 4812 2625 4876 et_
2647 4801 2885 4876 Epistola
2914 4796 2982 4852 ad
3003 4796 3380 4876 solitariesfp.
3406 4796 3536 4876 812ἓ

1965 4868 2277 4945 quanquam
2301 4885 2579 4945 postremo
2615 4874 2668 4927 in
2687 4868 2827 4945 '_locn
2864 4885 3143 4945 perperam
3171 4868 3479 4932 ediderunt,
3510 4870 3540 4921 ὁ

1967 4941 2025 5003 ἔν
2054 4941 2346 5009 Κάλαναῖξ.
2381 4944 2521 5014 Lege
2553 4945 2581 4998 ὁ
2604 4945 2661 4996 ὲν
2686 4941 2997 5003 Βαλανέαις.

2038 5016 2151 5086 (45)
2193 5015 2325 5095 Inde
2364 5015 2684 5095 accessimus
2723 5011 2890 5095 Pallio
2933 5009 3154 5095 [Pnltgn
3190 5007 3539 5095 Cot.]."Pal_ti

1967 5078 2185 5158 quoque
2207 5085 2520 5167 episcopum
2557 5083 2791 5137 celebrat
2830 5078 3058 5149 magnus
3087 5078 3341 5134 Ecclesiae
3372 5078 3543 5148 Magi-

1968 5168 2079 5213 ster
2113 5156 2244 5211 locis
2274 5155 2472 5217 citatis,
2515 5168 2725 5208 necnon
2776 5151 3011 5217 Ep'stola
3046 5150 3115 5203 ad
3144 5149 3538 5203 Antiochenses.

1968 5174 2079 5213 ster
2113 5174 2244 5211 IOCIS
2274 5174 2472 5219 curius,
2515 5174 2725 5208 necnon
2776 5174 2851 5217 np
2875 5174 3011 5205 swm
3046 5174 3113 5203 aa
3144 5174 3538 5203 duuocuenses.

1970 5227 2073 5283 Sed
2105 5225 2247 5297 apud
2292 5223 2713 5297 Theodoritum,
2741 5222 2946 5277 Hister.
2985 5220 3078 5276 lib.
3095 5236 3181 5297 ιι-.
3205 5235 3326 5291 capt
3360 5219 3448 5279 £2,
3485 5220 3538 5272 in

1967 5291 2157 5354 verbis
2197 5295 2505 5358 Athanasii,
2549 5303 2613 5350 et-
2632 5295 2921 5365 episcopus
2959 5300 3015 5346 et
3057 5291 3250 5346 civitas
3281 5304 3387 5346 non
3438 5304 3542 5345 suo

1968 5367 2191 5425 nomine
2204 5367 2581 5436 appellantur.

2039 5437 2152 5511 (46)
2183 5428 2405 5491 Gabala.
2432 5434 2589 5499 Hinc,
2612 5443 2667 5488 et
2674 5448 2789 5557 (per
2815 5430 3118 5501 superiora.
3144 5428 3291 5483 nullo
3322 5428 3541 5498 negotio

2040 5509 2273 5557 rrinetnr
2320 5506 2627 5557 Sonhonius
2710 5518 2741 5555 ο
2782 5501 2941 5557 Petro
2971 5511 3024 5555 et
3054 5500 3243 5557 Paulo.
3274 5509 3408 5554 tom.
3447 5496 3541 5551 VII

1969 5496 2273 5578 corrigetur
2320 5496 2627 5578 Stiplionius
2674 5496 2941 5578 de_Pet_ro
2971 5511 3024 5555 et
3054 5496 3414 5578 Pauloitotn.’
3447 5496 3541 5578 VII

1971 5568 2311 5634 Bibliotheca:
2341 5568 2559 5630 Patrum
2592 5572 2937 5640 Parisiensis,
2965 5580 3019 5627 et
3050 5570 3190 5640 apud
3222 5569 3444 5626 Surium
3469 5568 3549 5627 ad»

1970 5651 2041 5707 29
2061 5648 2227 5716 Junii,
2257 5663 2405 5703 num.
2427 5645 2494 5707 .5.
