4030 6342
610 275 746 330 1567

1424 273 1487 333 S.
1521 269 1910 331 οιΕιίΕΝτιε
1938 272 1959 326 1
1994 268 2165 329 κου.
2204 268 2409 328 PONT.
2434 268 2663 328 OPERA
2700 272 2947 331 DUBIA.’

3658 284 3757 342 1368

607 364 663 444 et
687 385 944 445 Faustus.
976 385 1080 444 Sed
1110 393 1164 443 et
1194 386 1265 443 ab
1296 384 1455 443 initio
1499 402 1623 443 cum
1670 402 1898 443 narrare
1922 386 2139 457 ccepisti
2162 427 2175 449 ,
2212 405 2254 461 Α
2282 397 2541 458 poterunt
2582 398 2638 444 et
2679 405 2785 444 una
2837 401 3013 447 tecum
3044 393 3211 448 etiam
3254 406 3353 451 nos
3384 392 3651 454 audiemus.
3686 400 3758 459 ilbi

538 510 541 513 ν
610 484 794 536 statim
826 486 880 535 in
926 480 1292 551 suspicionem
1324 480 1642 543 incidimus.
1672 496 1742 535 ne
1787 480 1926 535 forte
1971 480 2038 534 ad
2082 494 2185 535 nos

608 576 944 645 pertinerent
991 588 1112 643 qua:
1159 572 1514 638 dicebantur;
1558 588 1755 628 rursus
1788 579 1969 627 tamen
2004 572 2187 625 consi-

608 667 861 721 derantes
890 663 1057 717 multa
1105 664 1304 719 similia
1350 664 1603 719 accidere
1649 665 1701 718 in
1731 664 1843 717 vita
1876 664 2182 727 hominum,

606 756 949 813 reticuimus.
968 756 1097 809 licet
1123 770 1222 809 cor
1240 763 1489 810 nostrum
1520 771 1615 826 spe
1638 756 1823 826 aliqua
1850 756 2181 826 pulsaretur.

605 848 1022 919 Aspiciebamus
1052 862 1182 919 ergo
1214 847 1280 902 ad
1311 848 1471 902 linem
1506 848 1800 911 sermonis,
1823 855 1905 911 ut,
1926 848 1971 903 si
2004 848 2071 902 ad
2102 849 2185 903 in-

604 949 818 1011 tegrum
855 938 924 994 de
947 939 1106 995 nobis
1137 955 1259 996 esse
1283 947 1589 1005 constaret,
1619 947 1735 994 tum
1766 940 2083 995 fateremur.
2119 940 2182 994 Et

604 1049 729 1086 cum
760 1032 875 1087 haec
905 1031 1210 1099 dixissent,
1241 1033 1609 1105 lacrymantes
1642 1033 2087 1105 ingrediebantur
2116 1034 2183 1087 ad

604 1134 856 1179 matrem.
911 1124 1084 1189 Quam
1138 1140 1263 1180 cum
1320 1126 1655 1196 reperissent
1702 1126 2074 1195 quiescentem
2130 1133 2185 1180 et

603 1217 895 1289 complecti
925 1217 1147 1283 vellent,
1201 1217 1481 1288 prohibuit
1513 1216 1712 1273 Petrus
1742 1219 1932 1273 dicens
1960 1235 1971 1268 :
2011 1217 2185 1273 Sinite

603 1323 691 1365 me
718 1310 874 1381 prius
902 1323 1213 1381 praeparare
1239 1310 1457 1366 animos
1478 1312 1673 1365 matris
1690 1320 1745 1365 et
1776 1311 1849 1365 ita
1868 1327 1966 1367 vos
1990 1311 2185 1367 olIerre

602 1400 677 1465 ei,
706 1416 779 1457 ne
813 1400 955 1457 forte
983 1401 1160 1456 multo
1188 1409 1243 1458 et
1272 1401 1459 1458 subito
1486 1402 1688 1473 gaudio
1737 1410 1921 1458 mente
1964 1404 2184 1459 excidat

600 1501 657 1546 ct
684 1508 882 1548 sensus
909 1492 1029 1561 ejus
1067 1494 1320 1549 turbetur
1342 1535 1359 1562 ,
1389 1496 1627 1551 maxime
1665 1496 1795 1567 quia
1838 1512 1986 1551 nunc
2020 1498 2181 1551 etiam

602 1600 797 1639 somno
827 1592 1092 1655 occupata
1116 1592 1318 1655 stupet.

669 1674 863 1731 XXIX.
922 1676 1092 1747 Igitur
1150 1677 1243 1731 ubi
1287 1685 1465 1733 mater
1508 1679 1820 1732 exsurrexit
1874 1694 1905 1733 e
1961 1694 2178 1745 somno,

2288 482 2403 537 haec
2444 482 2639 538 Petrus
2687 483 2855 548 dixit,
2908 492 3081 540 mater
3117 486 3289 541 nimio
3323 489 3503 558 gaudio
3534 490 3758 563 intercepta

2287 574 2524 635 corruit,
2553 584 2608 628 et
2647 577 2866 630 tandem
2902 576 3201 645 aliquando
3229 588 3462 648 reparata
3485 590 3621 651 atque
3645 582 3760 641 inse-

2288 666 2573 735 rnetipsam
2621 680 2869 735 regressa
2892 707 2906 728 .
2958 667 3033 720 ait
3065 685 3080 721 :
3116 665 3355 723 Obsecro
3404 686 3513 734 vos,
3534 670 3759 729 dulcissimi

2288 758 2413 822 ﬁlii,
2454 757 2624 813 dicite
2658 759 2825 821 mihi,
2860 775 2982 829 quae
3026 760 3323 816 acciderint
3350 762 3494 816 vobis
3539 772 3638 833 post
3660 765 3760 820 illan

2288 850 2508 906 feralem
2538 859 2592 905 et
2620 850 3054 905 crudelissimam
3084 862 3322 906 noctem.

2352 939 2569 995 XXXII.
2611 939 2749 994 Tum
2775 940 2962 995 Niceta
2989 942 3155 1011 carpit
3198 942 3414 996 dicere:
3442 943 3495 997 In
3521 944 3599 996 illa
3633 955 3759 1008 nocte,

2286 1049 2320 1086 o
2346 1041 2540 1099 mater,
2572 1049 2695 1089 cum
2726 1034 2885 1089 navis
2916 1033 3112 1089 fuisset
3142 1036 3381 1091 resoluta
3406 1046 3455 1091 et
3481 1052 3567 1092 nos
3588 1038 3763 1094 inniten-

2287 1136 2369 1182 tes
2392 1125 2697 1198 l‘ragmento
2726 1126 2944 1181 cuidam
2978 1128 3290 1181 tabularum
3320 1143 3414 1195 per
3439 1129 3764 1198 pelagusjacta—

2286 1235 2473 1274 remur
2493 1259 2508 1283 ,
2540 1219 2642 1273 viri
2677 1218 2900 1289 quidam
2924 1219 3128 1290 quibus
3160 1235 3258 1289 per
3288 1218 3585 1289 profundum
3604 1220 3765 1275 latroci-

2286 1308 2404 1362 nari
2467 1309 2758 1363 artiﬁcium
2815 1316 2937 1373 est,
3000 1318 3251 1381 repertos
3312 1310 3640 1379 imposuerunt
3690 1327 3764 1367 nos

2288 1400 2553 1455 naviculae
2582 1417 2717 1467 suae,
2748 1411 2804 1458 et
2831 1402 3000 1458 remis
3028 1402 3300 1456 undarum
3331 1403 3550 1458 vortices
3574 1419 3764 1473 superan-

2285 1501 2398 1553 tes.
2453 1493 2686 1550 diversis
2733 1494 3024 1550 itineribus
3066 1493 3374 1549 Caesaream
3425 1492 3653 1550 Stratonis
3679 1511 3765 1566 pcr-

2285 1578 2599 1649 duxerunt,
2634 1581 2818 1653 ibique
2848 1583 3154 1654 amigentes
3184 1598 3285 1639 nos
3332 1584 3484 1649 fame,
3510 1586 3762 1649 verberibus,

2287 1680 2435 1727 metu
2459 1713 2474 1739 ,
2513 1675 2590 1727 uti
2634 1689 2703 1729 ne
2730 1675 2877 1745 quod
2918 1683 3067 1731 esset
3098 1677 3155 1730 in
3196 1691 3325 1731 vero
3350 1675 3672 1744 proderemus,
3693 1678 3762 1732 im-

600 1770 806 1839 alloqui
860 1785 979 1824 eam
1022 1769 1218 1825 Petrus
1249 1771 1414 1840 coepit
1465 1770 1697 1825 dicens;
1733 1770 1889 1827 Scire
1933 1780 1987 1827 re
2034 1773 2180 1837 νοιο,
2214 1763 2255 1818 Β
2286 1766 2512 1820 mutatis
2542 1765 2707 1819 etiam
2750 1766 3072 1822 nominibus
3114 1768 3325 1823 nostris
3373 1768 3762 1825 vendiderunt!“

599 1860 820 1927 mulier,
863 1862 1145 1932 religionis
1173 1870 1376 1917 nostrae
1406 1864 1839 1919 observantiam.
1867 1864 1979 1921 Nos
2014 1882 2183 1920 unum

600 1953 834 2009 colimus
868 1953 1036 2009 Deum
1067 1957 1162 2025 qui
1214 1954 1345 2010 fecit
1392 1956 1687 2021 mundum,
1732 1956 1899 2027 hujus
1928 1965 1983 2013 et
2011 1958 2183 2027 legem

600 2062 919 2111 servamus,
952 2064 1059 2118 qua
1096 2047 1318 2103 mandat
1348 2048 1402 2103 in
1448 2050 1640 2120 primis
1688 2052 1866 2121 ipsum
1896 2052 2185 2106 colendum

598 2148 653 2193 et
686 2155 883 2194 nomen
916 2140 1037 2210 ejus
1070 2140 1466 2205 venerandum,
1522 2149 1781 2211 parentes
1810 2142 2183 2206 honorandos,

598 2231 923 2301 pudicitiam
965 2232 1345 2303 justitiamque
1392 2232 1741 2289 servandam.
1793 2231 1901 2288 Sed
1949 2240 2004 2289 et
2049 2232 2186 2287 illud

598 2324 981 2394 observamus,
1012 2340 1256 2380 mensam
1290 2340 1414 2379 cum
1465 2326 1761 2396 gentilibus
1805 2342 1917 2382 non
1981 2325 2186 2381 habere

598 2431 946 2471 communem
970 2458 984 2481 ,
1018 2417 1125 2472 nisi
1158 2432 1282 2472 cum
1334 2419 1671 2474 crediderint
1712 2426 1766 2473 et
1796 2426 2013 2489 recepta
2044 2418 2188 2474 veri-

596 2517 710 2564 tate
740 2509 999 2580 baptizali
1032 2510 1234 2565 fuerint
1255 2553 1269 2577 ,
1301 2526 1365 2565 ac
1398 2512 1542 2566 trina
1568 2512 1806 2583 quadam
1835 2511 1980 2567 beati
2011 2511 2188 2565 nomi-

598 2602 689 2658 nis
723 2602 1070 2659 invocatione
1101 2605 1443 2668 consecrati,
1492 2612 1545 2660 et
1575 2614 1705 2659 tunc
1734 2620 1858 2659 cum
1891 2604 1974 2659 eis
2003 2603 2186 2657 cibum

600 2696 894 2753 sumimus.
938 2696 1194 2766 Alioquin
1227 2697 1392 2753 etiam
1435 2699 1481 2752 si
1524 2706 1683 2769 pater
1710 2706 1804 2751 aut
1833 2705 2008 2753 mater
2052 2697 2186 2761 sint,

602 2794 697 2841 aut
731 2804 868 2843 uxor
916 2796 1010 2841 aut
1059 2788 1155 2841 lilii
1189 2794 1284 2841 aut
1326 2788 1553 2851 fratres,
1584 2803 1692 2842 non
1728 2802 2023 2857 possumus
2061 2801 2185 2841 cum

601 2879 683 2934 eis
722 2894 963 2934 mensam
998 2879 1199 2934 habere
1228 2894 1596 2934 communem.
1630 2878 1770 2945 Quia
1800 2893 1931 2949 ergo
1960 2876 2185 2948 religio-

602 2972 691 3027 nis
720 2986 887 3028 causa
923 2972 1197 3042 praxcipua
1234 2972 1338 3026 hoc
1385 2970 1643 3035 facimus,
1677 2987 1785 3026 non
1825 2970 1925 3025 tibi
1956 2970 2187 3039 injurio—

604 3078 726 3119 sum
757 3063 1029 3128 videatur,
1062 3063 1209 3135 quod
1240 3080 1349 3119 non
1382 3071 1562 3134 potest
1593 3062 1741 3120 ﬁlius
1785 3070 1918 3118 tuus
1964 3077 2073 3116 una
2102 3068 2185 3118 te-

603 3172 729 3209 cum
782 3172 999 3211 sumere
1029 3156 1211 3210 cibum
1234 3197 1249 3221 ,
1289 3170 1576 3227 usquequo
1605 3155 1797 3211 eadem
1830 3154 1927 3210 tihi
1959 3154 2033 3211 sit
2064 3168 2186 3224 quae

602 3247 684 3301 illi
710 3248 981 3303 sententia
1013 3248 1161 3303 ﬁdei.

677 3335 842 3393 XXX.
883 3338 1096 3405 Quibus
1126 3339 1216 3392 illa
1246 3338 1485 3404 auditis,
1514 3337 1583 3393 Et
1613 3336 1769 3409 quid,
1801 3337 2011 3410 inquit,
2040 3346 2188 3394 vetat

603 3428 767 3486 hodie
805 3446 892 3485 me
924 3430 1232 3502 baptizari?
1254 3446 1376 3502 quae
1403 3430 1568 3486 etiam
1607 3430 1928 3501 priusquam
1960 3437 2014 3486 te
2036 3431 2188 3486 vidc-

605 3538 719 3577 rcm
739 3564 755 3589 ,
786 3524 911 3579 illos
935 3540 1077 3595 quos
1106 3523 1297 3579 dicunt
1328 3524 1460 3579 deos
1505 3525 1724 3595 penitus
1755 3533 2007 3580 aversata
2040 3540 2185 3590 sum,

605 3615 753 3685 quod
782 3615 916 3670 mihi
963 3615 1277 3687 frequenter
1311 3624 1365 3671 et
1410 3631 1550 3686 pene
1581 3615 1828 3687 quotidie
1859 3615 2188 3672 sacriﬁcanti

606 3710 713 3765 sibi
762 3717 1024 3780 praestare
1076 3716 1375 3780 potuerunt
1420 3709 1579 3765 nihil.
1628 3709 1763 3764 Nam
1808 3710 1877 3766 de
1919 3709 2187 3782 pudicitia

606 3802 736 3872 quid
761 3802 976 3857 dicam?
1002 3817 1125 3857 cum
1158 3817 1244 3857 me
1267 3818 1442 3872 neque
1470 3811 1599 3857 tunc
1623 3802 1831 3858 delicia:
1850 3802 2185 3874 deceperint,

608 3912 786 3968 neque
812 3912 959 3951 nunc
991 3905 1207 3967 egestas
1254 3913 1481 3967 peccare
1515 3898 1863 3968 compulerit.
1899 3897 2048 3954 Satis
2090 3913 2187 3952 au-

607 4000 718 4045 tem
744 3996 877 4060 puto
912 3990 1221 4045 innotuisse
1250 3989 1374 4053 tibi,
1406 3999 1644 4060 quantus
1673 3991 1807 4044 mihi
1833 3990 2029 4045 exinde
2071 3988 2192 4045 fue-

607 4082 679 4135 rit
708 4096 862 4136 amor
889 4081 1183 4152 pudicitiae,
1218 4097 1338 4151 quze
1373 4090 1427 4136 ut
1462 4083 1748 4138 evaderem
1778 4083 1954 4137 illiciti
1984 4084 2189 4139 amoris

612 4175 841 4229 insidias
872 4175 1145 4229 somnium
1179 4176 1332 4238 tinxi,
1368 4185 1427 4230 ut
1457 4192 1580 4231 cum
1606 4176 1823 4233 duobus
1852 4176 1988 4232 meis
2018 4176 2190 4247 genti-

610 4267 697 4321 nis
729 4267 1134 4337 peregrinarer,
1160 4275 1213 4323 et
1243 4268 1391 4323 hunc
1443 4269 1617 4323 solum
1652 4269 1823 4323 ﬁlium
1856 4284 2035 4324 meum
2064 4268 2191 4325 Cle-

611 4368 850 4414 mentem
900 4361 970 4415 ad
1021 4362 1277 4417 solatium
1312 4362 1454 4433 patri
1489 4363 1705 4433 reliqui.
1755 4361 1813 4416 Si
1865 4362 2012 4417 enim
2053 4362 2187 4417 mihi

2287 1856 2503 1912 cuidam
2552 1858 2761 1922 viduae,
2801 1859 3046 1915 honesta;
3083 1860 3375 1915 admodum
3419 1860 3619 1925 femine,
3649 1860 3761 1918 Iusta

2286 1950 2537 2017 nomine;
2569 1966 2692 2022 qua:
2736 1966 2862 2006 cum
2901 1954 3129 2009 emisset
3152 1994 3168 2017 ,
3208 1953 3394 2009 habuit
3424 1954 3529 2010 loco
3568 1955 3759 2015 filiorum.

2287 2041 2363 2095 ita
2394 2050 2454 2095 ut
2480 2042 2644 2097 etiam
2676 2041 2883 2099 Graecis
2912 2060 3014 2099 nos
3044 2045 3247 2101 litteris
3268 2053 3321 2101 et
3350 2046 3625 2102 liberalibus
3645 2056 3765 2100 atten-

2288 2133 2497 2190 tissime
2524 2135 2791 2191 erudiret.
2819 2135 2922 2191 Ubi
2948 2152 3081 2192 vero
3109 2137 3463 2201 adolevimus,
3483 2140 3619 2194 etiam
3642 2141 3762 2210 philo-

2289 2228 2584 2297 sophorum
2633 2229 2832 2285 studiis
2864 2244 3087 2301 operam
3120 2230 3407 2299 dedimus,
3436 2246 3530 2301 quo
3557 2246 3762 2302 possemus

2288 2321 2570 2393 religionis
2596 2322 2796 2378 divina:
2822 2323 3081 2393 dogmata
3120 2323 3503 2396 philosophicis
3524 2325 3759 2394 disputatio-

2289 2412 2452 2468 nibus
2484 2422 2801 2470 asserentes
2819 2413 3109 2470 confutare
3135 2416 3387 2487 gentiles.

2359 2502 2596 2560 XXXIII.
2636 2504 2848 2561 Simoni
2891 2515 3073 2561 autem
3109 2505 3331 2562 cuidam
3365 2520 3507 2573 mago
3540 2505 3612 2575 qui
3632 2504 3759 2559 nobis-

2287 2614 2412 2655 cum
2441 2613 2551 2654 una
2572 2598 2838 2655 educatus
2858 2606 2943 2654 est
2960 2639 2974 2663 ,
3009 2613 3114 2670 pro
3143 2599 3403 2653 amicitiis
3422 2605 3471 2652 et
3498 2597 3647 2667 puerili
3666 2611 3760 2650 con-

2288 2692 2579 2748 suetudine
2627 2690 3003 2756 adhaesimus,
3051 2692 3129 2746 ita
3178 2699 3241 2747 ut
3291 2705 3425 2762 pene
3464 2690 3524 2745 ab
3558 2705 3608 2746 eo
3636 2688 3757 2756 decipi

2288 2793 2596 2849 possemus.
2617 2778 2813 2835 Fertur
2832 2779 2979 2835 enim
3012 2779 3070 2834 in
3096 2780 3365 2851 religione
3386 2788 3546 2835 nostra
3567 2792 3698 2833 sermo
3713 2777 3759 2829 de

2289 2872 2553 2943 propheta
2581 2872 2817 2943 quodam
2845 2912 2861 2938 ,
2888 2872 3049 2943 cujus
3082 2872 3154 2927 ab
3178 2871 3433 2928 omnibus
3465 2872 3540 2942 qui
3578 2867 3755 2939 religioni

2288 2965 2417 3021 huic
2443 2965 2759 3021 deserviunt
2789 2971 3107 3036 speraretur
3136 2964 3425 3029 adventus,
3450 2979 3524 3035 per
3541 2976 3657 3032 quem
3678 2961 3755 3012 im-

2288 3060 2536 3115 mortalis
2576 3067 2631 3116 et
2664 3059 2820 3114 beata
2848 3059 2959 3113 vita
2994 3058 3355 3116 credentibus
3384 3058 3533 3114 danda
3562 3052 3756 3126 promitti-

2289 3156 2400 3205 tur.
2433 3148 2589 3203 IIune
2618 3164 2749 3221 ergo
2779 3164 2882 3204 nos
2909 3150 3243 3220 putabamus
3270 3164 3392 3205 esse
3430 3146 3659 3202 Simonem.
3678 3140 3757 3195 Sed

2289 3244 2405 3298 haec
2428 3243 2548 3307 tibi,
2574 3249 2769 3307 mater,
2806 3243 3178 3313 opportunius
3202 3248 3539 3314 exponentur.
3564 3236 3646 3293 Nos
3662 3237 3759 3291 inte.

2288 3336 2392 3389 rim
2424 3350 2550 3390 cum
2579 3350 2719 3406 pene
2740 3334 2854 3404 jam
2884 3334 3271 3406 deciperemur
3297 3350 3327 3390 a
3365 3334 3582 3398 Simone,
3605 3329 3755 3402 quidam

2288 3429 2497 3500 collega
2526 3426 2737 3482 domini
2758 3428 2865 3482 mei
2892 3426 3369 3495 Petri,Zaccba:us
3390 3427 3596 3491 nomine,
3616 3418 3757 3478 monuit

2289 3538 2359 3578 ne
2390 3521 2706 3577 falleremur
2735 3535 2765 3575 a
2797 3535 2958 3592 mago
2983 3559 2999 3586 ,
3032 3520 3129 3577 sed
3184 3521 3383 3577 obtulit
3426 3535 3516 3576 nos
3539 3510 3760 3573 advenienti

2290 3614 2452 3670 Petro
2480 3621 2541 3668 ut
2567 3615 2638 3669 ab
2668 3614 2788 3684 ipso
2821 3629 2943 3684 qua:
2976 3620 3134 3669 erant
3171 3629 3307 3669 sana
3335 3620 3385 3669 et
3417 3610 3619 3683 perlecta
3652 3605 3760 3660 dooe-

2289 3722 2509 3773 remur;
2536 3705 2683 3775 quod
2715 3713 2770 3761 et
2796 3704 2895 3759 tibi
2919 3712 3181 3775 optamus
3203 3704 3436 3768 evenire,
3459 3703 3579 3757 sicut
3598 3705 3639 3753 et
3656 3692 3761 3751 nobis

2292 3805 2565 3860 concessit
2586 3802 2749 3866 Deus,
2764 3811 2825 3856 ut
2851 3803 3126 3873 possimus
3148 3806 3317 3859 etiam
3343 3801 3509 3857 cibum
3529 3807 3574 3855 et
3592 3805 3759 3851 mensam

2291 3898 2493 3953 habere
2543 3912 2911 3952 communem.
2963 3894 3104 3951 Hinc
3134 3906 3273 3969 ergo
3316 3895 3439 3957 fuit,
3486 3882 3760 3958 mater,q00d

2290 4006 2393 4047 nos
2426 4005 2456 4044 a
2486 3988 2679 4060 piratis
2708 3994 2916 4061 raptos,
2938 3996 2996 4045 tu
3029 3990 3083 4045 in
3113 3990 3262 4045 mari
3290 3987 3553 4047 defunctos
3573 3992 3761 4041 essetre-

2291 4085 2501 4141 didisti.

2361 4178 2601 4234 XXXIV.
2644 4179 2778 4236 Cum
2811 4178 2928 4232 lnec
2956 4176 3196 4233 dixisset
3218 4175 3401 4233 Niceta
3421 4215 3435 4237 ,
3472 4176 3614 4228 mater
3630 4172 3761 4221 nostra

2291 4271 2528 4344 procidit
2553 4270 2620 4327 ad
2653 4270 2819 4342 pedes
2849 4269 3035 4334 Petri,
3066 4284 3273 4340 rogans
3295 4276 3347 4323 et
3378 4268 3647 4324 obsecrans.
3668 4262 3761 4310 ιιια

2294 4367 2528 4437 seipsam
2577 4372 2631 4419 et
2672 4364 2940 4434 hospitam
2986 4377 3141 4419 suam
3180 4369 3425 4417 evocaret
3460 4359 3561 4412 sine
3585 4364 3696 4408 mora
3719 4359 3760 4400 ac

610 4454 721 4506 duo
773 4452 861 4507 vix
906 4452 1282 4519 sulliciebant,
1330 4463 1538 4525 quanto
1592 4453 1766 4524 magis
1808 4455 2191 4510 contristasset
2222 4459 2265 4514 D
2294 4458 2616 4528 baptizaret,
2645 4456 2724 4510 uti
2754 4471 2823 4509 ne
2854 4470 2961 4509 una
2990 4496 3005 4521 ,
3030 4455 3251 4524 inquit,
3285 4454 3369 4508 die
3396 4451 3613 4505 damnum
3640 4441 3760 4513 pali”

610 4554 858 4615 patrem,
900 4547 947 4601 si
992 4547 1201 4601 nullum
1245 4547 1465 4617 penitus
1496 4547 1817 4603 habuisset?
1866 4548 1997 4602 Erat
2040 4549 2185 4603 enim

608 4636 779 4691 miser
809 4637 1002 4706 grandi
1034 4636 1231 4692 aﬁ'ectu
1264 4654 1392 4707 erga
1419 4640 1580 4701 lilios,
1617 4638 1692 4692 ita
1718 4646 1778 4692 ut
1802 4639 1887 4692 vix
1915 4638 1963 4693 ei
1990 4638 2188 4693 somnii

612 4730 912 4786 auctoritas
939 4738 1309 4801 extorqueret,
1341 4731 1662 4787 Faustinum
1696 4739 1750 4787 et
1780 4730 2042 4786 Faustum
2066 4730 2190 4787 Cle-

611 4825 813 4879 mentis
841 4824 1005 4894 hujus
1034 4824 1234 4882 fratres
1281 4826 1411 4881 mihi
1448 4826 1784 4889 concedere,
1833 4832 1888 4881 et
1921 4823 2039 4897 ipse
2070 4824 2189 4881 solo

612 4924 903 4973 contentus
932 4927 1079 4975 esset
1112 4918 1413 4976 Clemente.

682 5008 876 5065 XXXI.
919 5010 1044 5066 Haec
1074 5011 1166 5066 illa
1213 5027 1338 5066 cum
1365 5012 1607 5077 diceret,
1642 5013 1785 5067 ultra
1817 5026 1927 5066 non
1955 5009 2190 5066 ferentes

614 5099 814 5157 fratres
843 5103 948 5157 mei
974 5104 1193 5158 irruunt
1219 5104 1274 5158 in
1294 5106 1616 5175 complexus
1643 5106 1835 5160 matris
1850 5120 1975 5159 cum
2002 5103 2191 5158 multis

614 5195 893 5265 lacrymis,
925 5203 979 5250 et
1010 5197 1335 5252 osculantur
1359 5213 1498 5253 eam.
1521 5198 1593 5252 At
1618 5197 1708 5252 illa
1730 5217 1742 5251 :
1766 5196 1911 5263 Quid
1944 5196 2082 5258 vult,
2115 5195 2194 5249 in-

614 5288 754 5356 quit,
786 5287 890 5341 hoc
920 5289 1077 5344 esse?
1096 5288 1233 5344 Tum
1267 5288 1460 5345 Petrus
1486 5306 1499 5340 :
1530 5288 1667 5345 Nolo
1682 5289 1946 5353 turberis,
1973 5287 2192 5347 mulier.

614 5388 875 5436 constans
906 5388 1061 5449 esto;
1105 5382 1194 5437 isti
1242 5392 1371 5439 sunt
1419 5382 1717 5439 Faustinus
1742 5389 1795 5438 et
1825 5380 2063 5437 Faustus
2097 5379 2191 5433 lilii

614 5472 695 5527 tui
719 5489 860 5543 quos
883 5474 938 5529 in
972 5473 1243 5544 profundo
1275 5477 1485 5546 perisse
1510 5476 1769 5542 dicebas;
1795 5473 2072 5544 quomodo
2100 5488 2193 5526 au-

614 5572 725 5621 tem
762 5567 950 5621 vivant
987 5575 1041 5621 et
1082 5569 1358 5640 quomodo
1400 5570 1458 5625 in
1502 5570 1593 5624 illa
1626 5569 1880 5624 horribili
1924 5574 2088 5622 nocte
2125 5565 2194 5621 de

615 5658 889 5729 profundo
914 5663 1208 5727 evaserint,
1228 5670 1280 5717 ct
1303 5663 1757 5732 quemadmodum
1783 5663 1925 5716 alius
1949 5662 2191 5730 ipsorum

616 5745 801 5805 Nircta
854 5760 903 5805 ct
941 5753 1079 5804 alius
1130 5753 1322 5820 Aquila
1370 5753 1601 5815 dicatur,
1639 5752 1739 5821 ipsi
1781 5752 1877 5805 tibi
1918 5762 2192 5816 exponere

2292 4548 2559 4605 consortii
2590 4556 2645 4603 et
2675 4547 2955 4603 societatis
2996 4554 3252 4601 natorum
3294 4559 3535 4601 meorum.
3573 4534 3758 4592 Similiter

2290 4652 2470 4697 autem
2498 4650 2552 4697 et
2582 4656 2683 4696 nos
2716 4639 2811 4693 ﬁlii
2839 4639 2959 4709 ejus
2988 4638 3318 4709 rogabamus
3351 4636 3563 4692 Petrum.
3591 4627 3755 4684 Atille:

2291 4734 2429 4801 Quid
2477 4732 2722 4803 putatis,
2769 4732 2979 4802 inquit,
3010 4732 3137 4803 quia
3180 4746 3282 4802 ego
3325 4726 3658 4784 immisericors
3674 4732 3757 4773 sum

2292 4828 2463 4895 solus,
2497 4833 2550 4881 et
2573 4826 2700 4879 nolo
2722 4840 2821 4879 vos
2851 4825 3045 4879 matris
3078 4823 3330 4880 convivio
3360 4817 3570 4878 sociari?
3592 4811 3672 4867 Sed
3691 4823 3757 4864 ne-

2290 4935 2445 4975 cesse
2473 4928 2556 4975 est
2583 4934 2702 4973 eam
2741 4918 2822 4973 vel
2858 4934 2964 4971 una
2994 4917 3082 4973 die
3118 4917 3367 4989 jejunare
3399 4915 3534 4987 prius
3561 4917 3601 4964 et
3621 4902 3759 4961 italis

2293 5012 2508 5085 ptizari,
2543 5020 2596 5067 et
2627 5012 2729 5066 hoc
2759 5012 2887 5082 quia
2915 5026 3225 5070 sermonem
3256 5010 3324 5065 ab
3349 5024 3410 5065 ea
3436 5001 3670 5077 quemdam
3693 5010 3753 5091 au.

2292 5105 2438 5170 divi,
2483 5120 2581 5175 per
2636 5119 2796 5175 quem
2849 5102 2981 5159 mihi
3043 5101 3178 5157 ﬁdes
3232 5101 3351 5174 ejus
3400 5094 3571 5153 claruit
3616 5098 3659 5144 et
3694 5098 3755 5153 qm

2294 5196 2551 5253 indicium
2580 5197 2729 5252 dedit
2762 5195 3103 5253 credulitatis
3131 5194 3271 5265 ejus,
3295 5190 3483 5263 alioqui
3512 5181 3660 5241 multis
3675 5187 3753 5231 eam

2293 5290 2485 5345 diebus
2508 5289 2795 5360 Oportebat
2822 5296 2949 5344 ante
2978 5288 3174 5343 instrui
3204 5295 3257 5342 et
3285 5283 3475 5341 doceri.
3741 5350 3751 5361 '

2363 5379 2579 5435 XXXV.
2624 5379 2691 5434 Et
2738 5395 2869 5451 ego:
2909 5378 3109 5445 Quaeso
3131 5388 3203 5439 te,
3243 5378 3473 5449 inquam,
3501 5365 3752 5461 domini:ml

2294 5474 2474 5537 Petre,
2513 5473 2602 5528 dic
2643 5468 2768 5543 quis
2817 5482 2901 5528 est
2939 5473 3043 5528 iste
3080 5485 3258 5527 sermo
3294 5483 3443 5541 quem
3468 5462 3585 5520 dicis
3602 5454 3751 5512 dedisse

2294 5566 2394 5621 tibi
2425 5564 2687 5621 indicium
2718 5564 2841 5622 lidei
2875 5565 3032 5636 ejus?
3067 5564 3134 5619 Et
3164 5563 3353 5618 Petrus
3386 5579 3397 5614 :
3428 5558 3509 5611 Ille
3536 5560 3674 5607 sermo
3694 5546 3749 5593 αι

2295 5672 2404 5729 quo
2443 5656 2675 5729 rogavit,
2706 5665 2767 5712 ut
2806 5664 2859 5712 et
2904 5656 3119 5727 hospita
3153 5670 3247 5711 sua
3272 5652 3422 5722 cujus
3451 5638 3674 5737 beneﬂciis
3695 5645 3749 5683 VP

2298 5764 2412 5803 cem
2440 5747 2663 5804 reddere
2688 5747 2980 5816 desiderat,
3016 5747 3178 5801 simul
3216 5747 3497 5815 baplizctur
3527 5747 3622 5789 cum
3648 5734 3741 5795 ill“
