4030 6342
255 320 388 378 £369

1408 306 1971 367 RECOGNITIONUM
2038 307 2165 364 LIB.
2210 307 2323 366 VII.

3362 308 3385 365 I
3395 308 3500 366 370

249 433 367 489 Non
396 438 574 487 autem
596 434 837 499 rogaret,
864 434 924 482 ut
950 426 1029 481 illi
1061 439 1225 497 quam
1252 422 1429 497 diligit
1464 432 1821 495 prmstaretur
1848 431 1894 488 Α
1913 424 2031 493 jam
2056 423 2343 479 minitatus
2373 432 2449 479 est
2478 442 2595 478 eam
2626 426 2681 479 in
2709 424 2864 480 corde
2893 442 3011 479 suo.
3039 424 3107 479 Et
3131 426 3220 481 his
3249 427 3495 486 addidit:

250 527 366 581 haec
398 522 591 595 gratia,
617 521 722 576 nisi
753 518 1080 575 credidisset
1113 518 1260 589 quod
1307 533 1565 588 magnum
1600 517 1820 588 aliquod

250 618 307 672 in
341 616 664 686 baptismate
700 627 899 667 munus
944 619 1112 666 esset.
1150 609 1304 665 Unde
1339 617 1394 665 et
1425 624 1526 680 ego
1550 609 1595 641 ⁵ο
1627 624 1820 679 τερτθσο

250 709 428 765 bendo
477 706 742 777 plurimos
781 705 877 775 qui
924 720 1048 758 cum
1095 703 1200 773 ipsi
1238 703 1587 773 baptizentur
1615 709 1670 757 et
1701 716 1820 756 cne-

247 801 401 862 dant,
434 798 571 852 nihil
602 808 781 853 tamen
813 796 1036 867 dignam
1068 796 1173 851 ﬁde
1213 802 1381 866 agunt
1412 810 1535 849 cum
1567 795 1653 850 his
1683 810 1821 865 quos

246 891 499 961 diligunt,
535 890 588 944 id
620 895 703 945 est
734 890 1004 943 uxoribus
1044 888 1129 943 vel
1159 888 1288 943 ﬁliis
1318 887 1401 942 vel
1432 887 1646 951 amicis,
1681 903 1819 957 quos

245 999 354 1037 non
399 981 465 1036 ad
506 982 609 1036 hoc
651 981 943 1035 hortantur
977 979 1124 1051 quod
1166 979 1270 1050 ipsi
1316 979 1553 1035 assecuti
1588 987 1741 1037 sunt.
1773 982 1818 1034 si

242 1075 461 1143 quidem
495 1089 621 1128 vere
659 1072 996 1128 crediderint
1020 1071 1168 1143 quod
1202 1082 1407 1127 aeterna
1443 1072 1554 1126 vita
1594 1089 1690 1144 per
1717 1072 1821 1127 hoc

240 1166 495 1221 donatur.
529 1166 773 1235 Denique
796 1165 843 1220 si
874 1180 969 1220 eos
1004 1172 1272 1235 aagrotare
1292 1164 1516 1220 videant
1551 1176 1645 1219 aut
1676 1165 1824 1235 peri-

240 1259 363 1312 culo
397 1258 566 1312 alicui
613 1259 910 1313 carnaliter
951 1257 1258 1327 subjacere,
1293 1257 1480 1312 dolent
1528 1265 1583 1312 et
1612 1258 1817 1328 lugent,

242 1351 366 1421 quia
405 1351 465 1404 in
512 1351 615 1405 hoc
659 1351 795 1405 certi
821 1356 951 1405 sunt
974 1350 1056 1405 eis
1079 1350 1365 1405 imminere
1392 1350 1709 1421 perniciem.
1741 1349 1820 1404 Ita

239 1458 389 1514 ergo,
421 1444 472 1499 si
496 1452 549 1498 et
577 1443 645 1498 de
668 1443 773 1497 hoc
804 1441 939 1497 certi
966 1450 1153 1497 essent
1186 1442 1332 1512 quod
1364 1443 1458 1512 qui
1496 1441 1669 1497 Deun
1710 1458 1820 1497 non

240 1538 451 1601 colunt,
487 1545 671 1592 manet
693 1553 788 1592 eos
825 1550 986 1606 poena
1018 1535 1161 1607 ignis
1190 1537 1406 1599 aeterni,
1445 1537 1665 1607 quando
1693 1552 1809 1591 ces-

239 1637 429 1684 sarent
475 1637 761 1686 monentes
814 1638 868 1684 et
909 1628 1300 1683 cohortantes?
1343 1629 1451 1681 Aut
1505 1630 1551 1683 si
1584 1628 1821 1683 obsiste~

238 1730 383 1785 rent,
417 1720 695 1792 quomodo
752 1737 861 1777 non
910 1721 1160 1790 lugerent
1212 1735 1309 1776 eos
1367 1729 1423 1775 et
1476 1722 1818 1790 plangerent,

1924 514 1985 569 Si
2014 516 2195 571 oculus
2248 526 2368 571 tuus
2419 516 2602 572 dexter
2648 518 2984 572 scandalizat
3018 530 3084 583 te,
3117 537 3240 575 erue
3282 540 3401 577 eum
3448 534 3500 579 et

1922 609 2093 678 abjire
2123 608 2217 663 abs
2247 620 2329 675 te;
2354 610 2562 679 expedit
2585 612 2723 664 enim
2754 611 2924 664 (ibiut
2947 629 3109 664 unum
3148 614 3497 669 membrorum

1925 710 2133 755 tuorum
2162 712 2361 771 pereat,
2387 719 2544 773 quam
2577 712 2745 756 lotum
2775 719 2963 771 corpus
2990 714 3135 757 tuum
3164 707 3409 761 mittatur
3445 709 3499 762 iu

1920 793 2209 864 gehennam
2252 794 2388 864 ignis
2413 794 2478 849 ⁸⁸.
2529 794 2649 848 Non
2701 795 2836 849 dixit
2870 814 2883 850 :
2916 796 3307 853 scandalizavit
3334 808 3409 863 te,
3441 809 3501 856 ut

1922 892 2275 954 posteaquam
2294 889 2605 955 peccaveris
2622 896 2753 942 tunc
2767 888 2997 958 abjicias
3016 904 3238 944 causam
3260 894 3490 962 peccati,

1922 976 2016 1030 sed
2042 994 2058 1030 :
2094 978 2143 1031 si
2170 978 2503 1033 scandalizat
2534 990 2601 1044 te,
2624 980 2725 1034 hoc
2748 990 2852 1044 est,
2871 991 2929 1035 ut
2957 990 3248 1052 antequam
3281 999 3497 1053 pecces,

1922 1084 2143 1123 causam
2171 1071 2379 1141 peccati
2410 1074 2759 1142 provocantis
2782 1083 2833 1127 te
2856 1082 2910 1128 et
2930 1075 3200 1129 irritantis
3221 1076 3495 1132 abscidas.

1921 1160 2135 1232 Nequis
2157 1170 2337 1217 autem
2352 1171 2592 1219 vestrum
2619 1173 2789 1234 putet,
2809 1164 3028 1230 fratres,
3054 1170 3198 1237 quod
3229 1171 3500 1226 membro-

1923 1270 2042 1309 rum
2057 1270 2143 1309 am
2151 1256 2483 1325 putationem
2500 1258 3113 1329 mandaveritpominus
3129 1280 3142 1315 :
3158 1264 3498 1333 propositum

1924 1363 1978 1400 in
2004 1347 2108 1402 hoc
2134 1349 2249 1402 vult
2278 1349 2539 1414 resecari,
2574 1364 2684 1403 non
2709 1352 2952 1405 membra
2978 1361 3031 1407 et
3063 1368 3260 1409 causas
3282 1371 3406 1425 quae
3430 1356 3499 1411 ad

1923 1440 2261 1510 peccandum
2294 1442 2549 1505 illiciunt,
2576 1458 2684 1512 quo
2720 1444 2977 1513 cogitatio
3018 1454 3202 1501 nostra
3242 1455 3500 1509 aspectus

1920 1530 2177 1584 vehiculo
2208 1531 2490 1595 subvecta,
2526 1533 2590 1586 ad
2619 1548 2860 1589 amorem
2895 1534 2987 1589 Dei
3030 1538 3286 1593 sensibus
3312 1552 3503 1610 corpo-

1923 1622 2034 1678 reis
2071 1623 2249 1677 invisa
2290 1624 2605 1685 contendat,
2633 1640 2733 1680 nec
2762 1627 3081 1681 carnalibus
3114 1630 3312 1695 oculis,
3349 1637 3500 1688 velut

1924 1715 2342 1771 Iascivientibus
2378 1716 2536 1786 equis
2586 1724 2641 1771 et
2699 1725 2853 1771 extra
2903 1720 3287 1775 mandatorum
3355 1723 3498 1777 viam

236 1814 375 1868 certi
421 1824 628 1868 aeterna
670 1813 751 1868 eis
796 1812 1084 1868 imminere
1130 1812 1439 1883 supplicia?
1479 1812 1635 1867 Nunc
1691 1827 1821 1882 ergo
1853 1799 1892 1853 Β
1923 1823 2146 1861 currum
2178 1807 2457 1862 declinare
2487 1808 2859 1878 cupientibus,
2896 1810 3101 1864 relaxet
3141 1810 3294 1867 frena
3325 1822 3378 1867 et
3404 1813 3503 1867 ha-

236 1906 389 1961 illam
420 1906 640 1977 quidem
664 1906 947 1961 mulierem
972 1905 1327 1961 evocabimus
1358 1905 1734 1976 postmodum,
1768 1910 1821 1958 et

235 1995 552 2051 videbimus
582 1997 627 2051 si
670 2003 816 2049 amat
844 1994 1001 2051 ﬁdem
1027 1993 1309 2066 religionis
1340 2001 1565 2057 nostrae,
1590 2000 1644 2048 et
1664 2002 1825 2063 prout

235 2102 587 2158 consequens
612 2087 777 2141 fuerit
796 2102 1039 2157 agemus.
1064 2086 1189 2142 Haec
1207 2094 1388 2142 autem
1418 2085 1678 2156 quoniam
1696 2084 1827 2139 lide—

235 2180 366 2235 liter
401 2178 578 2235 sensit
620 2180 688 2235 de
719 2180 1013 2252 baptismo,
1048 2180 1259 2251 jejunet
1305 2179 1388 2234 vel
1433 2193 1544 2233 una
1574 2177 1663 2233 die
1699 2183 1826 2232 ante

236 2268 600 2340 baptismum.

307 2360 558 2415 XXXVI.
599 2362 669 2416 At
692 2363 780 2416 illa
808 2378 930 2418 cum
951 2361 1666 2433 juramentosatisfaciebat
1690 2377 1826 2432 pra:-

232 2463 395 2512 sente
420 2469 593 2509 uxore
619 2453 827 2509 domini
850 2454 953 2509 mei
984 2452 1152 2514 Petri,
1177 2453 1302 2523 quia
1333 2468 1400 2508 ex
1422 2468 1532 2523 quo
1558 2468 1823 2523 recogno-

233 2546 377 2600 verit
407 2545 602 2609 lilium,
632 2560 744 2615 prie
788 2544 960 2599 multo
991 2544 1193 2614 gaudio
1234 2544 1418 2599 cibum
1458 2558 1656 2613 capere
1703 2558 1825 2597 om-

233 2638 373 2697 nino
420 2638 755 2709 nequiverit,
796 2638 904 2694 nisi
947 2638 1207 2694 hesterna
1263 2637 1353 2693 die
1398 2638 1626 2692 calicem
1669 2653 1825 2708 aqua:

234 2733 423 2788 solum
453 2731 677 2788 biberit.
715 2730 1046 2787 Testabatur
1071 2738 1251 2786 autem
1282 2739 1337 2786 et
1362 2746 1501 2785 uxor
1531 2729 1702 2795 Petri,
1740 2731 1825 2785 di-

233 2837 375 2878 cens
410 2822 488 2877 ita
518 2837 661 2879 esse.
695 2822 760 2877 Et
789 2823 985 2893 Aquila
1014 2822 1128 2877 ait:
1156 2822 1298 2888 Quid
1349 2836 1482 2892 ergo
1512 2822 1695 2876 obstat
1724 2837 1825 2876 cur

232 2932 348 2973 non
389 2917 731 2987 baptizetur?
762 2916 899 2971 Tum
944 2916 1142 2972 Petrus
1187 2916 1521 2971 subridens:
1560 2914 1667 2970 Sed
1711 2931 1821 2971 non

232 3015 342 3075 est,
369 3008 571 3078 inquit,
600 3009 706 3062 hoc
745 3008 1016 3077 jejunium
1062 3007 1343 3077 baptismi,
1376 3007 1521 3078 quod
1555 3023 1663 3062 non
1694 3023 1823 3078 pro-

233 3106 359 3168 pter
385 3098 1041 3168 baptismumjejunatum
1078 3104 1183 3152 est.
1207 3096 1271 3149 Et
1294 3095 1512 3152 Niceta:
1535 3095 1640 3151 Sed
1657 3097 1818 3158 forte.

233 3191 444 3263 inquit,
476 3192 666 3246 volens
701 3190 843 3245 Deus
870 3197 1105 3245 matrem
1156 3198 1403 3244 nostram
1435 3205 1538 3245 nec
1580 3205 1689 3245 una
1729 3191 1819 3246 die

234 3286 444 3357 agnitis
472 3283 635 3339 nobis
682 3282 928 3351 separari
960 3298 991 3337 a
1020 3282 1300 3337 consortio
1349 3298 1555 3338 mensa:
1594 3291 1819 3349 nostras,

231 3378 635 3452 praeordinavit
659 3377 764 3432 hoc
792 3383 851 3432 ut
876 3383 1004 3431 ante
1027 3376 1327 3446 jejunaret.
1361 3375 1518 3431 Sicut
1548 3375 1694 3432 enim
1720 3392 1824 3446 pu-

233 3474 488 3529 dicitiam
524 3472 761 3527 servavit
802 3470 860 3526 in
910 3469 1241 3541 ignorantia,
1268 3476 1327 3523 ut
1356 3469 1649 3539 proﬁceret
1674 3470 1723 3524 ei
1754 3468 1821 3523 ad

232 3564 505 3637 baptismi
537 3563 791 3634 gratiam,
820 3562 896 3617 ita
918 3561 1186 3633 jejunavit
1219 3568 1513 3632 antequam
1544 3560 1712 3616 sciret
1740 3561 1826 3631 je.

228 3656 374 3722 junii
426 3655 725 3719 rationem,
759 3662 819 3708 ut
849 3653 1144 3724 proﬁceret
1178 3653 1227 3708 ei
1278 3652 1347 3707 ad
1389 3653 1745 3724 baptismum,
1771 3660 1825 3707 et

234 3748 429 3801 statim
461 3746 532 3801 ab
560 3746 719 3801 initio
746 3745 1040 3817 agnitionis
1063 3751 1268 3801 nostrae
1294 3744 1587 3801 nobiscum
1616 3748 1825 3818 pariter

233 3855 447 3896 mensa:
469 3839 748 3894 consortio
773 3838 1063 3894 frueretur.

308 3930 581 3987 XXXVII.
624 3930 763 3986 Tum
804 3931 1000 3987 Petrus
1031 3950 1044 3985 :
1072 3929 1193 3985 Non
1237 3947 1361 3997 nos,
1408 3932 1609 4004 inquit,
1639 3932 1825 3989 vincat

233 4029 521 4102 malignus
569 4027 862 4083 occasione
908 4034 1131 4098 accepta
1168 4042 1268 4098 per
1308 4026 1563 4083 affectum
1605 4026 1821 4093 matris,

234 4124 335 4179 sed
384 4122 569 4193 magis
606 4136 705 4178 vos
745 4128 802 4177 et
844 4136 945 4192 ego
990 4121 1273 4176 vobiscum
1316 4119 1479 4176 hodie
1508 4120 1824 4190 jejunemus

234 4232 365 4271 cum
418 4217 562 4287 ipsa,
601 4223 655 4270 et
713 4214 964 4269 crastino
1020 4214 1392 4285 baptizabitur
1442 4212 1593 4284 (£7);
1645 4228 1823 4283 neque

232 4313 386 4365 enim
416 4309 631 4378 justum
684 4315 770 4364 est
820 4307 888 4362 ad
921 4308 1151 4376 gratiam
1189 4320 1438 4378 persome
1488 4304 1724 4375 alicujus
1768 4310 1824 4360 et

235 4400 521 4463 amicitiae,
554 4401 753 4473 resolvi
810 4409 863 4455 et
897 4398 1183 4455 extenuari
1237 4407 1507 4469 praecepta
1548 4397 1818 4452 veritatis.

1928 1901 2095 1954 beuas
2121 1900 2434 1971 indulgeat;
2468 1900 2561 1955 sed
2596 1910 2812 1956 revocet
2842 1909 3123 1971 aspectum
3153 1906 3399 1973 corporis
3432 1905 3499 1959 ad

1925 1992 2213 2047 arbitrium
2230 1993 2448 2060 mentis,
2463 2001 2515 2048 et
2528 1995 2719 2049 oculos
2745 2002 2965 2050 nostros
2987 2011 3127 2065 quos
3146 1995 3288 2051 Deus
3316 1999 3501 2068 operis

1927 2084 2011 2138 sui
2030 2085 2369 2154 inspectores
2381 2101 2505 2141 esse
2530 2086 2769 2141 voluitet
2782 2094 2968 2151 testes,
3000 2104 3107 2143 non
3132 2091 3371 2159 patiatur
3386 2092 3499 2146 ﬁeri

1928 2175 2154 2230 lenones
2185 2177 2312 2231 mali
2343 2177 2624 2234 desiderii.
2654 2179 2719 2233 Et
2751 2179 2872 2235 ideo
2912 2180 3108 2236 cedant
3134 2183 3236 2253 legi
3264 2183 3356 2238 Dei
3391 2192 3499 2239 tam

1931 2269 2182 2338 corporei
2236 2284 2435 2326 sensus
2481 2286 2644 2341 quam
2685 2272 2901 2328 interna
2932 2275 3222 2346 cogitatio,
3265 2284 3318 2331 et
3352 2278 3500 2334 illius

1924 2360 2193 2415 voluntati
2219 2361 2535 2417 ministrent
2555 2364 2712 2433 cujus
2738 2380 2799 2420 se
2827 2380 2989 2435 opera
3014 2382 3137 2423 esse
3164 2369 3497 2440 intelligunt.

1997 2450 2287 2506 XXXVIII.
2331 2452 2504 2525 Igitur
2534 2463 2592 2510 ut
2614 2456 2752 2511 ordo
2780 2458 3027 2529 mysterii
3056 2462 3318 2530 poscebat
3342 2470 3395 2517 et
3421 2478 3505 2516 rae

1925 2542 2021 2610 tio,
2058 2544 2147 2599 die
2188 2554 2407 2616 postera
2458 2548 2775 2618 baptizatur
2802 2550 2857 2605 in
2883 2553 3041 2617 mari,
3073 2560 3127 2607 et
3153 2570 3402 2625 regressa
3433 2556 3500 2611 ad

1927 2635 2230 2706 hospitium
2262 2637 2519 2692 omnibus
2546 2651 2951 2711 consequenter
2976 2645 3255 2715 mysteriis
3285 2648 3493 2717 religio—

1926 2728 2013 2783 nis
2045 2728 2329 2785 imbuitur.
2364 2728 2671 2786 Aderaaius
2717 2740 2899 2788 autem
2943 2743 2997 2789 et
3020 2751 3122 2790 nos
3155 2736 3247 2791 ﬁlii
3276 2740 3382 2802 sui,
3410 2738 3505 2793 Ni-

1924 2828 2044 2876 eeta
2089 2827 2145 2876 et
2187 2821 2382 2891 Aquila
2414 2830 2470 2877 et
2512 2838 2614 2895 ego
2635 2822 2911 2881 Clemens.
2946 2825 3013 2881 Et
3038 2837 3161 2899 post
3189 2832 3303 2884 lure
3337 2832 3504 2887 simul

1925 2929 2050 2969 cum
2080 2929 2145 2969 ea
2176 2916 2520 2985 prandimus,
2553 2923 2608 2971 et
2653 2918 2817 2973 simul
2846 2920 3273 2990 gloriﬁcavimus
3305 2920 3500 2991 Deum,

1926 3006 2227 3065 referentes
2256 3010 2463 3081 gratias
2489 3009 2689 3067 studiis
2720 3020 2775 3067 et
2800 3012 3067 3069 doctrinae
3095 3013 3260 3081 Petri,
3283 3017 3375 3087 qui
3404 3033 3503 3071 no-

1926 3099 2011 3155 bis
2028 3100 2271 3156 ostendit
2300 3118 2398 3172 per
2425 3103 2772 3158 occasionem
2801 3107 3015 3169 matris,
3046 3110 3320 3177 quomodo
3346 3110 3504 3179 pudi-

1925 3192 2068 3248 citiae
2098 3194 2299 3248 bonum
2331 3209 2440 3250 non
2466 3204 2646 3266 pereat
2671 3198 2811 3266 apud
2839 3196 3029 3261 Deum,
3062 3201 3206 3255 sicut
3236 3213 3504 3257 econtra-

1926 3287 2010 3341 rio
2052 3287 2417 3357 impudicitia,
2461 3289 2661 3360 inquit,
2692 3291 2907 3346 etiamsi
2940 3306 3047 3346 non
3079 3294 3286 3360 statim,
3320 3304 3502 3352 tamen

1927 3379 2053 3435 licet
2109 3381 2265 3437 tarde
2312 3397 2421 3436 non
2475 3382 2662 3453 ell'ugit
2694 3397 2933 3454 pmnam.
2965 3383 3023 3437 In
3078 3392 3290 3439 tantum
3321 3396 3501 3443 autem

1928 3471 2213 3541 pudicitia,
2243 3472 2440 3542 inquit,
2470 3472 2582 3528 Deo
2623 3473 2824 3543 placita
2855 3482 2962 3539 est,
2997 3485 3056 3529 ut
3089 3478 3252 3530 etiam
3289 3478 3377 3533 his
3407 3480 3502 3549 qui

1927 3566 1982 3620 in
2010 3581 2197 3621 errore
2256 3577 2384 3622 sunt
2428 3567 2616 3636 positi,
2650 3568 2902 3622 nonnihil
2938 3570 3126 3640 gratiae
3156 3572 3213 3624 in
3244 3574 3501 3641 przesenti

1928 3657 2178 3713 conferat
2203 3660 2335 3714 vita.
2370 3656 2507 3711 Nam
2541 3656 2722 3712 futura
2755 3659 3036 3714 beatitudo
3068 3660 3181 3716 illis
3205 3664 3381 3716 solum
3417 3680 3505 3718 re-

1927 3750 2105 3821 posita
2159 3760 2264 3815 est,
2294 3750 2387 3823 qui
2442 3765 2538 3820 per
2585 3750 2816 3820 gratiam
2868 3750 3127 3820 baptismi
3185 3752 3504 3822 pudicitiam

1923 3842 2305 3914 justitiamque
2331 3845 2697 3899 servaverint.
2729 3842 2975 3915 Denique
2997 3847 3246 3916 exemplo
3272 3856 3357 3902 est
3376 3848 3505 3902 huic

1927 3937 2007 3992 rei
2044 3938 2211 3991 etiam
2244 3938 2368 4001 hoc,
2403 3938 2546 4008 quod
2586 3953 2714 4009 erga
2754 3946 2985 3993 matrem
3024 3947 3260 3995 vestram
3292 3950 3501 4012 gestum

1926 4036 2033 4094 cst,
2067 4030 2155 4084 cui
2207 4032 2359 4086 salus
2401 4031 2516 4085 haec
2564 4032 2745 4085 omnis
2786 4046 2886 4102 pro
2932 4033 3183 4088 mercede
3228 4034 3506 4104 pudicitiae

1928 4125 2179 4190 reparata
2209 4126 2314 4181 est,
2348 4119 2413 4173 ad
2445 4134 2610 4189 quam
2642 4121 3057 4175 custodiendam
3092 4130 3141 4177 et
3174 4138 3507 4179 consnrvan-

1927 4209 2051 4263 dam
2097 4225 2204 4264 non
2247 4209 2453 4265 sufﬁcit
2480 4212 2597 4265 sola
2627 4212 2985 4273 continentia,
3016 4211 3111 4267 sed
3146 4212 3236 4266 ubi
3269 4214 3505 4269 senserit

1927 4304 2053 4372 quis
2084 4300 2318 4357 insidias
2342 4309 2397 4356 et
2438 4301 2811 4372 deceptionem
2831 4304 3033 4372 parari,
3066 4305 3327 4360 continuo
3358 4306 3504 4361 sicut

1929 4395 2004 4450 ab
2031 4396 2175 4466 ignis
2222 4397 2425 4466 impetu
2465 4405 2559 4451 aut
2590 4398 2816 4452 incursu
2848 4398 3003 4453 canis
3039 4398 3212 4453 rabidi
3244 4398 3499 4470 refugiat,

234 4490 360 4547 Non
386 4507 521 4563 ergo
550 4494 730 4565 pigeat
760 4507 862 4548 nos
896 4495 1071 4564 magis
1097 4493 1348 4548 laborare
1391 4506 1516 4546 cum
1544 4490 1659 4555 illa,
1691 4490 1819 4559 quia
1855 4512 1898 4566 ι)
1927 4503 2027 4543 nec
2053 4488 2293 4543 conﬁdat
2321 4489 2466 4559 quod
2510 4489 2826 4558 hujusmodi
2869 4491 3099 4546 insidias
3142 4495 3312 4562 possit
3344 4491 3507 4547 facile

236 4601 408 4642 omne
429 4586 745 4640 mandatum
780 4586 1059 4656 praeterire
1083 4592 1369 4655 peccatum
1394 4593 1497 4641 est.
1516 4583 1823 4637 Doceamus

235 4681 428 4729 autem
481 4688 679 4728 sensus
715 4682 937 4729 nostros
982 4673 1300 4743 corporales
1349 4674 1441 4743 qui
1472 4672 1821 4729 extrinsecus

234 4775 392 4833 sunt,
423 4765 631 4821 servire
647 4765 1003 4821 interioribus
1016 4765 1290 4831 sensibus,
1320 4775 1373 4820 et
1387 4780 1496 4819 non
1524 4766 1818 4820 interiores

234 4873 467 4921 sensus,
500 4856 594 4928 qui
637 4870 759 4927 qua:
790 4855 883 4911 Dei
930 4862 1061 4911 sunt
1095 4855 1339 4925 sapiunt,
1370 4870 1635 4925 cogamus
1662 4852 1818 4924 sequi

233 4950 567 5013 exteriores,
600 4948 691 5019 qui
740 4964 863 5019 qua:
912 4949 1099 5004 carnis
1131 4959 1259 5003 sunt
1297 4948 1539 5018 sapiunt.
1592 4946 1822 5019 Propter

236 5039 409 5095 hoc"
442 5041 583 5095 enim
615 5048 669 5095 et
703 5039 964 5095 Dominus
1004 5040 1325 5093 mandatum
1368 5040 1540 5104 dedit,
1573 5041 1769 5096 dicens
1802 5059 1815 5095 :

237 5132 557 5203 Quicunque
582 5132 769 5188 viderit
793 5133 1064 5188 mulierem
1088 5132 1157 5187 ad
1172 5134 1640 5203 concupiscendam
1674 5150 1814 5200 eam,

309 5333 360 5365 ⁸⁸
392 5333 537 5413 Unde
560 5344 606 5389 et
630 5337 1070 5413 e_g_o—_—imminere
1087 5337 1347 5413 supplicia
1373 5354 1478 5413 non
1512 5339 1767 5413 leguntur
1788 5340 1847 5396 in
1879 5339 2041 5396 codd.
2076 5338 2258 5413 Lipss.

232 5401 447 5459 desunt
477 5406 531 5460 in
559 5401 720 5463 codd.
755 5405 936 5479 Lipss.
1017 5409 1065 5440 “
1094 5401 1285 5464 Matth.
1317 5426 1367 5473 v,
1391 5409 1483 5475 28,
1516 5401 1609 5467 25.

1935 4581 2134 4651 aliquis
2165 4581 2602 4651 pliilosophando
2634 4589 2729 4636 aut
2761 4582 3032 4652 palpando
3064 4582 3352 4649 cohibere;
3379 4585 3500 4650 sed,

1929 4678 1990 4725 ut
2037 4672 2173 4735 divi,
2220 4670 2588 4742 ell‘ugicndum
2641 4680 2727 4728 est
2772 4682 2823 4728 et
2862 4674 3019 4745 longe
3074 4674 3500 4740 abscedentium,

1930 4764 2074 4821 sicut
2104 4764 2233 4819 fecit
2274 4773 2326 4819 ct
2362 4773 2544 4820 vestra
2593 4774 2769 4821 mater
2802 4782 2927 4821 vere
2967 4775 3019 4822 et
3051 4768 3263 4839 integre
3298 4770 3502 4823 bonum

1929 4858 2163 4929 diligens
2184 4858 2481 4929 pudicitiae.
2534 4858 2769 4931 PrOpter
2790 4860 2934 4929 quod
2963 4868 3017 4914 et
3050 4870 3374 4915 conservata
3409 4878 3506 4916 vo-

1929 4951 2015 5007 bis
2044 4957 2129 5007 est
2163 4966 2227 5007 ac
2267 4966 2364 5006 vos
2405 4952 2502 5017 illi,
2538 4952 2765 5022 insuper
2796 4959 2975 5007 autem
3020 4960 3073 5008 et
3116 4961 3333 5008 :eternae
3382 4956 3508 5009 vita:

1928 5043 2204 5114 agnitione
2235 5043 2457 5099 donata.
2483 5044 2619 5099 Cum
2649 5044 2763 5099 haec
2794 5051 2848 5099 ct
2880 5046 3048 5098 multa
3086 5046 3193 5099 alia
3226 5046 3311 5099 his
3348 5047 3509 5101 simi.-

1928 5135 2001 5189 Iia
2029 5136 2283 5201 dixisset,
2319 5153 2546 5208 vespere
2575 5136 2721 5192 facto
2753 5139 3144 5207 requievimus.

2349 5340 2392 5373 ⁸¹
2430 5338 2654 5409 Propter
2683 5339 3061 5395 [ioc—lenones
3094 5340 3222 5392 muli
3254 5336 3507 5392 desiderii

1546 5562 1908 5621 COTELERII
1946 5563 2178 5621 NOTAE.

308 5701 431 5772 (47)
481 5702 583 5757 Vos
633 5712 681 5757 et
734 5719 825 5774 ego
882 5701 1147 5756 vobiscum
1180 5702 1330 5756 hodie
1356 5702 1657 5772 jejunemus
1696 5717 1812 5755 cum

237 5789 384 5842 ipsa,
417 5785 519 5830 clc.
556 5775 646 5830 Sic
682 5774 774 5829 lib.
806 5791 858 5840 Χ,
904 5789 1022 5845 cap.
1072 5776 1165 5829 ult.
1220 5774 1414 5830 Petrus
1458 5782 1662 5843 patrem
1693 5774 1814 5829 Gle-

1922 5700 2121 5756 mcntis
2151 5699 2548 5770 baptizaturus.
2581 5698 2773 5770 indicit
2816 5698 3086 5770 jejunium
3133 5698 3279 5752 omni
3328 5697 3502 5770 plebi,

1922 5789 2031 5843 quo
2062 5772 2129 5828 de
2158 5768 2261 5827 ritu
2294 5771 2346 5825 in
2381 5768 2635 5839 Apologia
2663 5770 2698 5825 ‘2
2725 5769 2923 5827 Justini
2956 5769 3238 5841 Maﬂyris,
3273 5768 3339 5840 ιι(
3361 5769 3455 5826 93.
