  <div class='ocr_page' id='page_1' title='image "/cluster/home/n/w/nwhite01/storage/ocr_20150623/1/hvd.32044073501405/695.png"; bbox 0 0 4030 6342; ppageno 0'>
   <div class='ocr_carea' id='block_1_1' title="bbox 620 267 756 328">
    <p class='ocr_par' dir='ltr' id='par_1_1' title="bbox 620 267 756 328">
     <span class='ocr_line' id='line_1_1' title="bbox 620 267 756 328; baseline 0.015 -2"><span class='ocrx_word' id='word_1_1' title='bbox 620 267 756 328; x_wconf 72' lang='grc'><strong>1371</strong></span> 
     </span>
    </p>
   </div>
   <div class='ocr_carea' id='block_1_2' title="bbox 1502 267 3030 332">
    <p class='ocr_par' dir='ltr' id='par_1_2' title="bbox 1502 267 3030 332">
     <span class='ocr_line' id='line_1_2' title="bbox 1502 267 3030 332; baseline 0.005 -7"><span class='ocrx_word' id='word_1_2' title='bbox 1502 267 1560 326; x_wconf 87' lang='lat' dir='ltr'><strong>S.</strong></span> <span class='ocrx_word' id='word_1_3' title='bbox 1596 267 1989 329; x_wconf 77' lang='lat' dir='ltr'><strong>CLEMENTIS</strong></span> <span class='ocrx_word' id='word_1_4' title='bbox 2022 268 2045 325; x_wconf 84' lang='lat' dir='ltr'><strong>l</strong></span> <span class='ocrx_word' id='word_1_5' title='bbox 2082 267 2252 331; x_wconf 78' lang='lat' dir='ltr'><strong>ROM.</strong></span> <span class='ocrx_word' id='word_1_6' title='bbox 2287 269 2489 330; x_wconf 82' lang='lat' dir='ltr'><strong>PONT.</strong></span> <span class='ocrx_word' id='word_1_7' title='bbox 2529 271 2760 330; x_wconf 75' lang='lat' dir='ltr'><strong>OPERA</strong></span> <span class='ocrx_word' id='word_1_8' title='bbox 2797 271 3030 332; x_wconf 86' lang='lat' dir='ltr'><strong>DUBIA.</strong></span> 
     </span>
    </p>
   </div>
   <div class='ocr_carea' id='block_1_3' title="bbox 3643 286 3743 344">
    <p class='ocr_par' dir='ltr' id='par_1_3' title="bbox 3643 286 3743 344">
     <span class='ocr_line' id='line_1_3' title="bbox 3643 286 3743 344; baseline 0.03 -3"><span class='ocrx_word' id='word_1_9' title='bbox 3643 286 3743 344; x_wconf 65' lang='grc' dir='ltr'><strong>ιδῃ</strong></span> 
     </span>
    </p>
   </div>
   <div class='ocr_carea' id='block_1_4' title="bbox 625 423 3741 462">
    <p class='ocr_par' dir='ltr' id='par_1_4' title="bbox 625 423 3741 462">
     <span class='ocr_line' id='line_1_4' title="bbox 625 423 3741 462; baseline 0.003 -12"><span class='ocrx_word' id='word_1_10' title='bbox 625 423 3741 462; x_wconf 57' lang='lat' dir='ltr'><em>W</em></span> 
     </span>
    </p>
   </div>
   <div class='ocr_carea' id='block_1_5' title="bbox 1717 591 2724 688">
    <p class='ocr_par' dir='ltr' id='par_1_5' title="bbox 1717 591 2724 688">
     <span class='ocr_line' id='line_1_5' title="bbox 1717 591 2724 688; baseline 0.003 -8"><span class='ocrx_word' id='word_1_11' title='bbox 1717 593 2073 683; x_wconf 82' lang='lat' dir='ltr'><strong>LIBER</strong></span> <span class='ocrx_word' id='word_1_12' title='bbox 2143 591 2724 688; x_wconf 83' lang='lat' dir='ltr'><strong>OCTAVUS.</strong></span> 
     </span>
    </p>
   </div>
   <div class='ocr_carea' id='block_1_6' title="bbox 694 939 3746 1019">
    <p class='ocr_par' dir='ltr' id='par_1_6' title="bbox 694 939 3746 1019">
     <span class='ocr_line' id='line_1_6' title="bbox 694 939 3746 1019; baseline 0.004 -23"><span class='ocrx_word' id='word_1_13' title='bbox 694 940 734 996; x_wconf 92' lang='grc'><strong>1.</strong></span> <span class='ocrx_word' id='word_1_14' title='bbox 776 939 1006 997; x_wconf 90' lang='lat' dir='ltr'><strong>Postera</strong></span> <span class='ocrx_word' id='word_1_15' title='bbox 1034 951 1216 995; x_wconf 84' lang='lat' dir='ltr'><strong>autem</strong></span> <span class='ocrx_word' id='word_1_16' title='bbox 1241 940 1329 997; x_wconf 89' lang='lat' dir='ltr'><strong>die</strong></span> <span class='ocrx_word' id='word_1_17' title='bbox 1359 939 1556 997; x_wconf 88' lang='lat' dir='ltr'><strong>Petrus</strong></span> <span class='ocrx_word' id='word_1_18' title='bbox 1580 957 1740 999; x_wconf 84' lang='lat' dir='ltr'><strong>mane</strong></span> <span class='ocrx_word' id='word_1_19' title='bbox 1767 945 2064 1017; x_wconf 76' lang='lat' dir='ltr'><strong>assumptis</strong></span> <span class='ocrx_word' id='word_1_20' title='bbox 2085 943 2197 1000; x_wconf 80' lang='lat' dir='ltr'><strong>fra-</strong></span> <span class='ocrx_word' id='word_1_21' title='bbox 2223 948 2271 1007; x_wconf 72' lang='grc' dir='ltr'>Α</span> <span class='ocrx_word' id='word_1_22' title='bbox 2298 955 2421 996; x_wconf 84' lang='lat' dir='ltr'><strong>mus</strong></span> <span class='ocrx_word' id='word_1_23' title='bbox 2473 940 2590 1012; x_wconf 89' lang='lat' dir='ltr'><strong>ipse</strong></span> <span class='ocrx_word' id='word_1_24' title='bbox 2648 940 2858 1012; x_wconf 77' lang='lat' dir='ltr'><strong>incipit,</strong></span> <span class='ocrx_word' id='word_1_25' title='bbox 2886 958 2987 999; x_wconf 91' lang='lat' dir='ltr'><strong>nec</strong></span> <span class='ocrx_word' id='word_1_26' title='bbox 3022 954 3385 1017; x_wconf 86' lang='lat' dir='ltr'><strong>contemptum</strong></span> <span class='ocrx_word' id='word_1_27' title='bbox 3426 949 3556 1003; x_wconf 85' lang='lat' dir='ltr'><strong>senis</strong></span> <span class='ocrx_word' id='word_1_28' title='bbox 3597 951 3746 1019; x_wconf 79' lang='lat' dir='ltr'><strong>habuit,</strong></span> 
     </span>
    </p>
   </div>
   <div class='ocr_carea' id='block_1_7' title="bbox 620 1030 2192 1104">
    <p class='ocr_par' dir='ltr' id='par_1_7' title="bbox 620 1030 2192 1104">
     <span class='ocr_line' id='line_1_7' title="bbox 620 1030 2192 1104; baseline 0.002 -17"><span class='ocrx_word' id='word_1_29' title='bbox 620 1033 801 1087; x_wconf 87' lang='lat' dir='ltr'><strong>tribus</strong></span> <span class='ocrx_word' id='word_1_30' title='bbox 832 1031 967 1085; x_wconf 87' lang='lat' dir='ltr'><strong>meis</strong></span> <span class='ocrx_word' id='word_1_31' title='bbox 998 1038 1054 1085; x_wconf 91' lang='lat' dir='ltr'><strong>et</strong></span> <span class='ocrx_word' id='word_1_32' title='bbox 1084 1045 1193 1095; x_wconf 90' lang='lat' dir='ltr'><strong>me,</strong></span> <span class='ocrx_word' id='word_1_33' title='bbox 1225 1030 1589 1087; x_wconf 75' lang='lat' dir='ltr'><strong>descenditad</strong></span> <span class='ocrx_word' id='word_1_34' title='bbox 1620 1042 1859 1104; x_wconf 91' lang='lat' dir='ltr'><strong>portum,</strong></span> <span class='ocrx_word' id='word_1_35' title='bbox 1900 1042 1961 1089; x_wconf 85' lang='grc' dir='ltr'><strong>ιιι</strong></span> <span class='ocrx_word' id='word_1_36' title='bbox 1981 1035 2037 1089; x_wconf 90' lang='lat' dir='ltr'><strong>in</strong></span> <span class='ocrx_word' id='word_1_37' title='bbox 2054 1035 2192 1091; x_wconf 89' lang='lat' dir='ltr'><strong>mari</strong></span> 
     </span>
    </p>
   </div>
   <div class='ocr_carea' id='block_1_8' title="bbox 626 1123 2194 1195">
    <p class='ocr_par' dir='ltr' id='par_1_8' title="bbox 626 1123 2194 1195">
     <span class='ocr_line' id='line_1_8' title="bbox 626 1123 2194 1195; baseline 0.003 -18"><span class='ocrx_word' id='word_1_38' title='bbox 626 1123 959 1186; x_wconf 86' lang='lat' dir='ltr'><strong>lavaremus,</strong></span> <span class='ocrx_word' id='word_1_39' title='bbox 993 1131 1047 1177; x_wconf 90' lang='lat' dir='ltr'><strong>et</strong></span> <span class='ocrx_word' id='word_1_40' title='bbox 1092 1130 1215 1194; x_wconf 91' lang='lat' dir='ltr'><strong>post</strong></span> <span class='ocrx_word' id='word_1_41' title='bbox 1257 1123 1359 1177; x_wconf 90' lang='lat' dir='ltr'><strong>hoc</strong></span> <span class='ocrx_word' id='word_1_42' title='bbox 1381 1123 1447 1176; x_wconf 91' lang='lat' dir='ltr'><strong>ad</strong></span> <span class='ocrx_word' id='word_1_43' title='bbox 1479 1124 1659 1178; x_wconf 91' lang='lat' dir='ltr'><strong>locum</strong></span> <span class='ocrx_word' id='word_1_44' title='bbox 1688 1124 1977 1195; x_wconf 85' lang='lat' dir='ltr'><strong>quemdam</strong></span> <span class='ocrx_word' id='word_1_45' title='bbox 2007 1141 2194 1182; x_wconf 87' lang='lat' dir='ltr'><strong>secre-</strong></span> 
     </span>
    </p>
   </div>
   <div class='ocr_carea' id='block_1_9' title="bbox 620 1214 2191 1285">
    <p class='ocr_par' dir='ltr' id='par_1_9' title="bbox 620 1214 2191 1285">
     <span class='ocr_line' id='line_1_9' title="bbox 620 1214 2191 1285; baseline 0.001 -15"><span class='ocrx_word' id='word_1_46' title='bbox 620 1216 817 1271; x_wconf 90' lang='lat' dir='ltr'><strong>tiorem</strong></span> <span class='ocrx_word' id='word_1_47' title='bbox 851 1215 1188 1270; x_wconf 90' lang='lat' dir='ltr'><strong>secessimus</strong></span> <span class='ocrx_word' id='word_1_48' title='bbox 1238 1215 1504 1271; x_wconf 89' lang='lat' dir='ltr'><strong>orationis</strong></span> <span class='ocrx_word' id='word_1_49' title='bbox 1547 1216 1741 1285; x_wconf 89' lang='lat' dir='ltr'><strong>gratia.</strong></span> <span class='ocrx_word' id='word_1_50' title='bbox 1789 1214 1967 1272; x_wconf 87' lang='lat' dir='ltr'><strong>Senex</strong></span> <span class='ocrx_word' id='word_1_51' title='bbox 2009 1225 2191 1272; x_wconf 82' lang='lat' dir='ltr'><strong>autem</strong></span> 
     </span>
    </p>
   </div>
   <div class='ocr_carea' id='block_1_10' title="bbox 619 1308 2193 1379">
    <p class='ocr_par' dir='ltr' id='par_1_10' title="bbox 619 1308 2193 1379">
     <span class='ocr_line' id='line_1_10' title="bbox 619 1308 2193 1379; baseline 0 -17"><span class='ocrx_word' id='word_1_52' title='bbox 619 1308 843 1379; x_wconf 89' lang='lat' dir='ltr'><strong>quidam</strong></span> <span class='ocrx_word' id='word_1_53' title='bbox 876 1323 1101 1377; x_wconf 77' lang='lat' dir='ltr'><strong>pauper,</strong></span> <span class='ocrx_word' id='word_1_54' title='bbox 1139 1315 1191 1361; x_wconf 90' lang='lat' dir='ltr'><strong>et</strong></span> <span class='ocrx_word' id='word_1_55' title='bbox 1244 1317 1301 1361; x_wconf 90' lang='lat' dir='ltr'><strong>ut</strong></span> <span class='ocrx_word' id='word_1_56' title='bbox 1342 1309 1640 1378; x_wconf 75' lang='lat' dir='ltr'><strong>apparebat</strong></span> <span class='ocrx_word' id='word_1_57' title='bbox 1677 1324 1743 1363; x_wconf 85' lang='lat' dir='ltr'><strong>ex</strong></span> <span class='ocrx_word' id='word_1_58' title='bbox 1775 1308 1960 1363; x_wconf 88' lang='lat' dir='ltr'><strong>habitu</strong></span> <span class='ocrx_word' id='word_1_59' title='bbox 1995 1322 2193 1379; x_wconf 88' lang='lat' dir='ltr'><strong>opera-</strong></span> 
     </span>
    </p>
   </div>
   <div class='ocr_carea' id='block_1_11' title="bbox 618 1397 2193 1469">
    <p class='ocr_par' dir='ltr' id='par_1_11' title="bbox 618 1397 2193 1469">
     <span class='ocr_line' id='line_1_11' title="bbox 618 1397 2193 1469; baseline 0 -15"><span class='ocrx_word' id='word_1_60' title='bbox 618 1401 759 1462; x_wconf 82' lang='lat' dir='ltr'><strong>rius,</strong></span> <span class='ocrx_word' id='word_1_61' title='bbox 804 1398 1024 1452; x_wconf 85' lang='lat' dir='ltr'><strong>curiose</strong></span> <span class='ocrx_word' id='word_1_62' title='bbox 1052 1412 1121 1450; x_wconf 88' lang='lat' dir='ltr'><strong>ex</strong></span> <span class='ocrx_word' id='word_1_63' title='bbox 1151 1397 1372 1452; x_wconf 90' lang='lat' dir='ltr'><strong>occulto</strong></span> <span class='ocrx_word' id='word_1_64' title='bbox 1421 1398 1719 1454; x_wconf 89' lang='lat' dir='ltr'><strong>observare</strong></span> <span class='ocrx_word' id='word_1_65' title='bbox 1760 1415 1860 1454; x_wconf 84' lang='lat' dir='ltr'><strong>nos</strong></span> <span class='ocrx_word' id='word_1_66' title='bbox 1909 1400 2098 1469; x_wconf 73' lang='lat' dir='ltr'><strong>erepit,</strong></span> <span class='ocrx_word' id='word_1_67' title='bbox 2134 1408 2193 1454; x_wconf 89' lang='lat' dir='ltr'><strong>ut</strong></span> 
     </span>
    </p>
   </div>
   <div class='ocr_carea' id='block_1_12' title="bbox 618 1489 2192 1563">
    <p class='ocr_par' dir='ltr' id='par_1_12' title="bbox 618 1489 2192 1563">
     <span class='ocr_line' id='line_1_12' title="bbox 618 1489 2192 1563; baseline 0.001 -16"><span class='ocrx_word' id='word_1_68' title='bbox 618 1492 827 1547; x_wconf 76' lang='lat' dir='ltr'><strong>videret</strong></span> <span class='ocrx_word' id='word_1_69' title='bbox 864 1489 995 1561; x_wconf 87' lang='lat' dir='ltr'><strong>quid</strong></span> <span class='ocrx_word' id='word_1_70' title='bbox 1045 1506 1330 1560; x_wconf 82' lang='lat' dir='ltr'><strong>ageremus</strong></span> <span class='ocrx_word' id='word_1_71' title='bbox 1378 1491 1434 1547; x_wconf 92' lang='lat' dir='ltr'><strong>in</strong></span> <span class='ocrx_word' id='word_1_72' title='bbox 1485 1499 1698 1545; x_wconf 88' lang='lat' dir='ltr'><strong>secreto</strong></span> <span class='ocrx_word' id='word_1_73' title='bbox 1729 1492 1914 1561; x_wconf 86' lang='lat' dir='ltr'><strong>positi.</strong></span> <span class='ocrx_word' id='word_1_74' title='bbox 1945 1492 2192 1563; x_wconf 86' lang='lat' dir='ltr'><strong>Cumque</strong></span> 
     </span>
    </p>
   </div>
   <div class='ocr_carea' id='block_1_13' title="bbox 620 1583 2187 1653">
    <p class='ocr_par' dir='ltr' id='par_1_13' title="bbox 620 1583 2187 1653">
     <span class='ocr_line' id='line_1_13' title="bbox 620 1583 2187 1653; baseline 0.002 -14"><span class='ocrx_word' id='word_1_75' title='bbox 620 1600 722 1639; x_wconf 89' lang='lat' dir='ltr'><strong>nos</strong></span> <span class='ocrx_word' id='word_1_76' title='bbox 749 1593 971 1639; x_wconf 82' lang='lat' dir='ltr'><strong>orantes</strong></span> <span class='ocrx_word' id='word_1_77' title='bbox 999 1583 1248 1646; x_wconf 79' lang='lat' dir='ltr'><strong>vidisset,</strong></span> <span class='ocrx_word' id='word_1_78' title='bbox 1282 1584 1629 1653; x_wconf 79' lang='lat' dir='ltr'><strong>exspectavit</strong></span> <span class='ocrx_word' id='word_1_79' title='bbox 1671 1584 1846 1639; x_wconf 89' lang='lat' dir='ltr'><strong>donec</strong></span> <span class='ocrx_word' id='word_1_80' title='bbox 1890 1585 2187 1650; x_wconf 74' lang='lat' dir='ltr'><strong>exiremus,</strong></span> 
     </span>
    </p>
   </div>
   <div class='ocr_carea' id='block_1_14' title="bbox 618 1672 2191 1748">
    <p class='ocr_par' dir='ltr' id='par_1_14' title="bbox 618 1672 2191 1748">
     <span class='ocr_line' id='line_1_14' title="bbox 618 1672 2191 1748; baseline 0.001 -19"><span class='ocrx_word' id='word_1_81' title='bbox 618 1684 674 1730; x_wconf 92' lang='lat' dir='ltr'><strong>et</strong></span> <span class='ocrx_word' id='word_1_82' title='bbox 704 1675 952 1729; x_wconf 87' lang='lat' dir='ltr'><strong>salutans</strong></span> <span class='ocrx_word' id='word_1_83' title='bbox 982 1688 1084 1729; x_wconf 89' lang='lat' dir='ltr'><strong>nos</strong></span> <span class='ocrx_word' id='word_1_84' title='bbox 1109 1674 1182 1727; x_wconf 90' lang='lat' dir='ltr'><strong>ait</strong></span> <span class='ocrx_word' id='word_1_85' title='bbox 1218 1689 1231 1724; x_wconf 90' lang='lat'><strong>:</strong></span> <span class='ocrx_word' id='word_1_86' title='bbox 1263 1672 1320 1728; x_wconf 89' lang='lat' dir='ltr'><strong>Si</strong></span> <span class='ocrx_word' id='word_1_87' title='bbox 1349 1689 1460 1729; x_wconf 88' lang='lat' dir='ltr'><strong>non</strong></span> <span class='ocrx_word' id='word_1_88' title='bbox 1489 1690 1631 1745; x_wconf 65' lang='lat' dir='ltr'><strong>aegre</strong></span> <span class='ocrx_word' id='word_1_89' title='bbox 1658 1675 1927 1746; x_wconf 86' lang='lat' dir='ltr'><strong>accipitis,</strong></span> <span class='ocrx_word' id='word_1_90' title='bbox 1953 1685 2007 1731; x_wconf 91' lang='lat' dir='ltr'><strong>et</strong></span> <span class='ocrx_word' id='word_1_91' title='bbox 2031 1678 2191 1748; x_wconf 84' lang='lat' dir='ltr'><strong>quasi</strong></span> 
     </span>
    </p>
   </div>
   <div class='ocr_carea' id='block_1_15' title="bbox 618 1766 2190 1837">
    <p class='ocr_par' dir='ltr' id='par_1_15' title="bbox 618 1766 2190 1837">
     <span class='ocr_line' id='line_1_15' title="bbox 618 1766 2190 1837; baseline 0.002 -15"><span class='ocrx_word' id='word_1_92' title='bbox 618 1768 897 1822; x_wconf 86' lang='lat' dir='ltr'><strong>curiosum</strong></span> <span class='ocrx_word' id='word_1_93' title='bbox 937 1782 1021 1821; x_wconf 89' lang='lat' dir='ltr'><strong>me</strong></span> <span class='ocrx_word' id='word_1_94' title='bbox 1064 1776 1161 1820; x_wconf 93' lang='lat' dir='ltr'><strong>aut</strong></span> <span class='ocrx_word' id='word_1_95' title='bbox 1215 1766 1590 1837; x_wconf 89' lang='lat' dir='ltr'><strong>importunum</strong></span> <span class='ocrx_word' id='word_1_96' title='bbox 1633 1770 1861 1833; x_wconf 84' lang='lat' dir='ltr'><strong>notatis,</strong></span> <span class='ocrx_word' id='word_1_97' title='bbox 1902 1770 2062 1825; x_wconf 82' lang='lat' dir='ltr'><strong>velim</strong></span> <span class='ocrx_word' id='word_1_98' title='bbox 2092 1786 2190 1825; x_wconf 83' lang='lat' dir='ltr'><strong>vo-</strong></span> 
     </span>
    </p>
   </div>
   <div class='ocr_carea' id='block_1_16' title="bbox 616 1858 2191 1928">
    <p class='ocr_par' dir='ltr' id='par_1_16' title="bbox 616 1858 2191 1928">
     <span class='ocr_line' id='line_1_16' title="bbox 616 1858 2191 1928; baseline 0.001 -14"><span class='ocrx_word' id='word_1_99' title='bbox 616 1860 833 1915; x_wconf 88' lang='lat' dir='ltr'><strong>biscum</strong></span> <span class='ocrx_word' id='word_1_100' title='bbox 865 1858 1119 1915; x_wconf 80' lang='lat' dir='ltr'><strong>conferre</strong></span> <span class='ocrx_word' id='word_1_101' title='bbox 1167 1873 1500 1923; x_wconf 87' lang='lat' dir='ltr'><strong>sermonem,</strong></span> <span class='ocrx_word' id='word_1_102' title='bbox 1534 1859 1663 1928; x_wconf 88' lang='lat' dir='ltr'><strong>quia</strong></span> <span class='ocrx_word' id='word_1_103' title='bbox 1708 1859 1920 1916; x_wconf 84' lang='lat' dir='ltr'><strong>habens</strong></span> <span class='ocrx_word' id='word_1_104' title='bbox 1956 1863 2191 1917; x_wconf 85' lang='lat' dir='ltr'><strong>misera-</strong></span> 
     </span>
    </p>
   </div>
   <div class='ocr_carea' id='block_1_17' title="bbox 617 1949 2187 2019">
    <p class='ocr_par' dir='ltr' id='par_1_17' title="bbox 617 1949 2187 2019">
     <span class='ocr_line' id='line_1_17' title="bbox 617 1949 2187 2019; baseline 0.003 -16"><span class='ocrx_word' id='word_1_105' title='bbox 617 1950 819 2004; x_wconf 89' lang='lat' dir='ltr'><strong>tionem</strong></span> <span class='ocrx_word' id='word_1_106' title='bbox 851 1950 1044 2014; x_wconf 86' lang='lat' dir='ltr'><strong>vestri,</strong></span> <span class='ocrx_word' id='word_1_107' title='bbox 1077 1949 1180 2005; x_wconf 89' lang='lat' dir='ltr'><strong>sub</strong></span> <span class='ocrx_word' id='word_1_108' title='bbox 1215 1951 1398 2019; x_wconf 86' lang='lat' dir='ltr'><strong>specie</strong></span> <span class='ocrx_word' id='word_1_109' title='bbox 1440 1953 1693 2009; x_wconf 81' lang='lat' dir='ltr'><strong>veritatis</strong></span> <span class='ocrx_word' id='word_1_110' title='bbox 1726 1968 1916 2009; x_wconf 89' lang='lat' dir='ltr'><strong>errare</strong></span> <span class='ocrx_word' id='word_1_111' title='bbox 1944 1971 2041 2009; x_wconf 85' lang='lat' dir='ltr'><strong>vos</strong></span> <span class='ocrx_word' id='word_1_112' title='bbox 2062 1954 2187 2009; x_wconf 87' lang='lat' dir='ltr'><strong>nol-</strong></span> 
     </span>
    </p>
   </div>
   <div class='ocr_carea' id='block_1_18' title="bbox 615 2042 2188 2115">
    <p class='ocr_par' dir='ltr' id='par_1_18' title="bbox 615 2042 2188 2115">
     <span class='ocr_line' id='line_1_18' title="bbox 615 2042 2188 2115; baseline 0.004 -20"><span class='ocrx_word' id='word_1_113' title='bbox 615 2043 722 2097; x_wconf 86' lang='lat' dir='ltr'><strong>lem</strong></span> <span class='ocrx_word' id='word_1_114' title='bbox 756 2049 811 2097; x_wconf 90' lang='lat' dir='ltr'><strong>et</strong></span> <span class='ocrx_word' id='word_1_115' title='bbox 840 2042 1044 2097; x_wconf 86' lang='lat' dir='ltr'><strong>habere</strong></span> <span class='ocrx_word' id='word_1_116' title='bbox 1074 2048 1279 2096; x_wconf 90' lang='lat' dir='ltr'><strong>metum</strong></span> <span class='ocrx_word' id='word_1_117' title='bbox 1309 2042 1376 2098; x_wconf 91' lang='lat' dir='ltr'><strong>de</strong></span> <span class='ocrx_word' id='word_1_118' title='bbox 1407 2044 1493 2098; x_wconf 88' lang='lat' dir='ltr'><strong>his</strong></span> <span class='ocrx_word' id='word_1_119' title='bbox 1524 2061 1645 2115; x_wconf 77' lang='lat' dir='ltr'><strong>qua:</strong></span> <span class='ocrx_word' id='word_1_120' title='bbox 1671 2060 1780 2099; x_wconf 91' lang='lat' dir='ltr'><strong>non</strong></span> <span class='ocrx_word' id='word_1_121' title='bbox 1826 2056 1986 2114; x_wconf 92' lang='lat' dir='ltr'><strong>sunt;</strong></span> <span class='ocrx_word' id='word_1_122' title='bbox 2020 2055 2112 2101; x_wconf 89' lang='lat' dir='ltr'><strong>aut</strong></span> <span class='ocrx_word' id='word_1_123' title='bbox 2140 2049 2188 2102; x_wconf 91' lang='lat' dir='ltr'><strong>si</strong></span> 
     </span>
    </p>
   </div>
   <div class='ocr_carea' id='block_1_19' title="bbox 616 2133 2188 2206">
    <p class='ocr_par' dir='ltr' id='par_1_19' title="bbox 616 2133 2188 2206">
     <span class='ocr_line' id='line_1_19' title="bbox 616 2133 2188 2206; baseline 0.003 -17"><span class='ocrx_word' id='word_1_124' title='bbox 616 2134 823 2206; x_wconf 82' lang='lat' dir='ltr'><strong>putatis</strong></span> <span class='ocrx_word' id='word_1_125' title='bbox 864 2150 988 2189; x_wconf 90' lang='lat' dir='ltr'><strong>esse</strong></span> <span class='ocrx_word' id='word_1_126' title='bbox 1038 2133 1245 2205; x_wconf 87' lang='lat' dir='ltr'><strong>aliquid</strong></span> <span class='ocrx_word' id='word_1_127' title='bbox 1296 2136 1433 2199; x_wconf 88' lang='lat' dir='ltr'><strong>veri,</strong></span> <span class='ocrx_word' id='word_1_128' title='bbox 1486 2137 1683 2191; x_wconf 86' lang='lat' dir='ltr'><strong>tradite</strong></span> <span class='ocrx_word' id='word_1_129' title='bbox 1728 2139 1893 2191; x_wconf 86' lang='lat' dir='ltr'><strong>etiam</strong></span> <span class='ocrx_word' id='word_1_130' title='bbox 1938 2138 2095 2194; x_wconf 88' lang='lat' dir='ltr'><strong>mihi.</strong></span> <span class='ocrx_word' id='word_1_131' title='bbox 2128 2138 2188 2193; x_wconf 90' lang='lat' dir='ltr'><strong>Si</strong></span> 
     </span>
    </p>
   </div>
   <div class='ocr_carea' id='block_1_20' title="bbox 616 2228 2189 2298">
    <p class='ocr_par' dir='ltr' id='par_1_20' title="bbox 616 2228 2189 2298">
     <span class='ocr_line' id='line_1_20' title="bbox 616 2228 2189 2298; baseline 0.001 -16"><span class='ocrx_word' id='word_1_132' title='bbox 616 2244 748 2298; x_wconf 88' lang='lat' dir='ltr'><strong>ergo</strong></span> <span class='ocrx_word' id='word_1_133' title='bbox 780 2228 1050 2298; x_wconf 87' lang='lat' dir='ltr'><strong>patienter</strong></span> <span class='ocrx_word' id='word_1_134' title='bbox 1075 2228 1347 2298; x_wconf 86' lang='lat' dir='ltr'><strong>accipitis,</strong></span> <span class='ocrx_word' id='word_1_135' title='bbox 1376 2241 1596 2297; x_wconf 87' lang='lat' dir='ltr'><strong>possum</strong></span> <span class='ocrx_word' id='word_1_136' title='bbox 1628 2242 1724 2281; x_wconf 89' lang='lat' dir='ltr'><strong>vos</strong></span> <span class='ocrx_word' id='word_1_137' title='bbox 1748 2228 1937 2297; x_wconf 86' lang='lat' dir='ltr'><strong>paucis</strong></span> <span class='ocrx_word' id='word_1_138' title='bbox 1959 2229 2189 2284; x_wconf 87' lang='lat' dir='ltr'><strong>cdocere</strong></span> 
     </span>
    </p>
   </div>
   <div class='ocr_carea' id='block_1_21' title="bbox 2295 1035 3748 1107">
    <p class='ocr_par' dir='ltr' id='par_1_21' title="bbox 2295 1035 3748 1107">
     <span class='ocr_line' id='line_1_21' title="bbox 2295 1035 3748 1107; baseline 0.009 -19"><span class='ocrx_word' id='word_1_139' title='bbox 2295 1049 2472 1105; x_wconf 89' lang='lat' dir='ltr'><strong>neque</strong></span> <span class='ocrx_word' id='word_1_140' title='bbox 2501 1035 2747 1106; x_wconf 83' lang='lat' dir='ltr'><strong>despexit</strong></span> <span class='ocrx_word' id='word_1_141' title='bbox 2775 1037 2921 1107; x_wconf 92' lang='lat' dir='ltr'><strong>quod</strong></span> <span class='ocrx_word' id='word_1_142' title='bbox 2951 1038 3076 1093; x_wconf 85' lang='lat' dir='ltr'><strong>vilis</strong></span> <span class='ocrx_word' id='word_1_143' title='bbox 3097 1038 3147 1094; x_wconf 90' lang='lat' dir='ltr'><strong>ei</strong></span> <span class='ocrx_word' id='word_1_144' title='bbox 3174 1040 3402 1095; x_wconf 84' lang='lat' dir='ltr'><strong>amictus</strong></span> <span class='ocrx_word' id='word_1_145' title='bbox 3422 1052 3547 1097; x_wconf 81' lang='lat' dir='ltr'><strong>esset</strong></span> <span class='ocrx_word' id='word_1_146' title='bbox 3562 1052 3605 1097; x_wconf 89' lang='lat' dir='ltr'><strong>et</strong></span> <span class='ocrx_word' id='word_1_147' title='bbox 3626 1048 3748 1101; x_wconf 84' lang='lat' dir='ltr'><strong>sordi-</strong></span> 
     </span>
    </p>
   </div>
   <div class='ocr_carea' id='block_1_22' title="bbox 2293 1124 3751 1199">
    <p class='ocr_par' dir='ltr' id='par_1_22' title="bbox 2293 1124 3751 1199">
     <span class='ocr_line' id='line_1_22' title="bbox 2293 1124 3751 1199; baseline 0.008 -17"><span class='ocrx_word' id='word_1_148' title='bbox 2293 1124 2418 1183; x_wconf 89' lang='lat' dir='ltr'><strong>dus.</strong></span> <span class='ocrx_word' id='word_1_149' title='bbox 2449 1125 2540 1181; x_wconf 80' lang='lat' dir='ltr'><strong>Ait</strong></span> <span class='ocrx_word' id='word_1_150' title='bbox 2587 1141 2757 1197; x_wconf 85' lang='lat' dir='ltr'><strong>ergo:</strong></span> <span class='ocrx_word' id='word_1_151' title='bbox 2787 1127 3056 1193; x_wconf 86' lang='lat' dir='ltr'><strong>Quoniam</strong></span> <span class='ocrx_word' id='word_1_152' title='bbox 3104 1129 3322 1199; x_wconf 89' lang='lat' dir='ltr'><strong>quidem</strong></span> <span class='ocrx_word' id='word_1_153' title='bbox 3365 1131 3545 1187; x_wconf 84' lang='lat' dir='ltr'><strong>videris</strong></span> <span class='ocrx_word' id='word_1_154' title='bbox 3570 1136 3670 1191; x_wconf 86' lang='lat' dir='ltr'><strong>mihi</strong></span> <span class='ocrx_word' id='word_1_155' title='bbox 3692 1140 3751 1193; x_wconf 85' lang='lat' dir='ltr'><strong>vir</strong></span> 
     </span>
    </p>
   </div>
   <div class='ocr_carea' id='block_1_23' title="bbox 2294 1218 3745 1295">
    <p class='ocr_par' dir='ltr' id='par_1_23' title="bbox 2294 1218 3745 1295">
     <span class='ocr_line' id='line_1_23' title="bbox 2294 1218 3745 1295; baseline 0.006 -20"><span class='ocrx_word' id='word_1_156' title='bbox 2294 1218 2543 1275; x_wconf 91' lang='lat' dir='ltr'><strong>eruditus</strong></span> <span class='ocrx_word' id='word_1_157' title='bbox 2577 1234 2701 1274; x_wconf 90' lang='lat' dir='ltr'><strong>esse</strong></span> <span class='ocrx_word' id='word_1_158' title='bbox 2726 1229 2781 1274; x_wconf 92' lang='lat' dir='ltr'><strong>et</strong></span> <span class='ocrx_word' id='word_1_159' title='bbox 2810 1220 3127 1277; x_wconf 85' lang='lat' dir='ltr'><strong>misericors</strong></span> <span class='ocrx_word' id='word_1_160' title='bbox 3170 1237 3237 1277; x_wconf 92' lang='lat' dir='ltr'><strong>ex</strong></span> <span class='ocrx_word' id='word_1_161' title='bbox 3263 1237 3328 1278; x_wconf 91' lang='lat' dir='ltr'><strong>eo</strong></span> <span class='ocrx_word' id='word_1_162' title='bbox 3354 1224 3487 1295; x_wconf 91' lang='lat' dir='ltr'><strong>quod</strong></span> <span class='ocrx_word' id='word_1_163' title='bbox 3516 1226 3637 1283; x_wconf 84' lang='lat' dir='ltr'><strong>adisti</strong></span> <span class='ocrx_word' id='word_1_164' title='bbox 3659 1246 3745 1294; x_wconf 82' lang='lat' dir='ltr'><strong>nos,</strong></span> 
     </span>
    </p>
   </div>
   <div class='ocr_carea' id='block_1_24' title="bbox 2293 1310 3748 1382">
    <p class='ocr_par' dir='ltr' id='par_1_24' title="bbox 2293 1310 3748 1382">
     <span class='ocr_line' id='line_1_24' title="bbox 2293 1310 3748 1382; baseline 0.008 -16"><span class='ocrx_word' id='word_1_165' title='bbox 2293 1318 2349 1367; x_wconf 93' lang='lat' dir='ltr'><strong>et</strong></span> <span class='ocrx_word' id='word_1_166' title='bbox 2382 1310 2531 1382; x_wconf 90' lang='lat' dir='ltr'><strong>quod</strong></span> <span class='ocrx_word' id='word_1_167' title='bbox 2576 1310 2675 1365; x_wconf 89' lang='lat' dir='ltr'><strong>tibi</strong></span> <span class='ocrx_word' id='word_1_168' title='bbox 2713 1311 2917 1366; x_wconf 87' lang='lat' dir='ltr'><strong>bonum</strong></span> <span class='ocrx_word' id='word_1_169' title='bbox 2961 1312 3251 1368; x_wconf 87' lang='lat' dir='ltr'><strong>videbatur</strong></span> <span class='ocrx_word' id='word_1_170' title='bbox 3276 1316 3496 1370; x_wconf 85' lang='lat' dir='ltr'><strong>celatum</strong></span> <span class='ocrx_word' id='word_1_171' title='bbox 3528 1320 3748 1378; x_wconf 82' lang='lat' dir='ltr'><strong>nobisesse</strong></span> 
     </span>
    </p>
   </div>
   <div class='ocr_carea' id='block_1_25' title="bbox 2292 1405 3747 1480">
    <p class='ocr_par' dir='ltr' id='par_1_25' title="bbox 2292 1405 3747 1480">
     <span class='ocr_line' id='line_1_25' title="bbox 2292 1405 3747 1480; baseline 0.008 -21"><span class='ocrx_word' id='word_1_172' title='bbox 2292 1406 2543 1475; x_wconf 86' lang='lat' dir='ltr'><strong>noluisti,</strong></span> <span class='ocrx_word' id='word_1_173' title='bbox 2571 1405 2821 1461; x_wconf 87' lang='lat' dir='ltr'><strong>volumus</strong></span> <span class='ocrx_word' id='word_1_174' title='bbox 2869 1415 2925 1462; x_wconf 92' lang='lat' dir='ltr'><strong>et</strong></span> <span class='ocrx_word' id='word_1_175' title='bbox 2970 1422 3071 1463; x_wconf 88' lang='lat' dir='ltr'><strong>nos</strong></span> <span class='ocrx_word' id='word_1_176' title='bbox 3107 1407 3207 1463; x_wconf 87' lang='lat' dir='ltr'><strong>tibi</strong></span> <span class='ocrx_word' id='word_1_177' title='bbox 3238 1425 3356 1480; x_wconf 76' lang='lat' dir='ltr'><strong>qua:</strong></span> <span class='ocrx_word' id='word_1_178' title='bbox 3400 1412 3537 1466; x_wconf 88' lang='lat' dir='ltr'><strong>nobis</strong></span> <span class='ocrx_word' id='word_1_179' title='bbox 3578 1413 3674 1468; x_wconf 86' lang='lat' dir='ltr'><strong>bona</strong></span> <span class='ocrx_word' id='word_1_180' title='bbox 3707 1426 3747 1470; x_wconf 84' lang='lat' dir='ltr'><strong>et</strong></span> 
     </span>
    </p>
   </div>
   <div class='ocr_carea' id='block_1_26' title="bbox 2292 1499 3748 1570">
    <p class='ocr_par' dir='ltr' id='par_1_26' title="bbox 2292 1499 3748 1570">
     <span class='ocr_line' id='line_1_26' title="bbox 2292 1499 3748 1570; baseline 0.006 -18"><span class='ocrx_word' id='word_1_181' title='bbox 2292 1506 2444 1553; x_wconf 88' lang='lat' dir='ltr'><strong>recta</strong></span> <span class='ocrx_word' id='word_1_182' title='bbox 2475 1499 2773 1555; x_wconf 86' lang='lat' dir='ltr'><strong>creduntur</strong></span> <span class='ocrx_word' id='word_1_183' title='bbox 2805 1515 3098 1569; x_wconf 81' lang='lat' dir='ltr'><strong>exponere,</strong></span> <span class='ocrx_word' id='word_1_184' title='bbox 3131 1516 3253 1570; x_wconf 68' lang='lat' dir='ltr'><strong>qua:</strong></span> <span class='ocrx_word' id='word_1_185' title='bbox 3294 1502 3340 1555; x_wconf 90' lang='lat' dir='ltr'><strong>si</strong></span> <span class='ocrx_word' id='word_1_186' title='bbox 3375 1502 3468 1555; x_wconf 90' lang='lat' dir='ltr'><strong>tibi</strong></span> <span class='ocrx_word' id='word_1_187' title='bbox 3493 1504 3634 1560; x_wconf 85' lang='lat' dir='ltr'><strong>minus</strong></span> <span class='ocrx_word' id='word_1_188' title='bbox 3661 1522 3748 1561; x_wconf 75' lang='lat' dir='ltr'><strong>vera</strong></span> 
     </span>
    </p>
   </div>
   <div class='ocr_carea' id='block_1_27' title="bbox 2290 1579 3750 1667">
    <p class='ocr_par' dir='ltr' id='par_1_27' title="bbox 2290 1579 3750 1667">
     <span class='ocr_line' id='line_1_27' title="bbox 2290 1579 3750 1667; baseline 0.005 -23"><span class='ocrx_word' id='word_1_189' title='bbox 2290 1579 2641 1655; x_wconf 85' lang='lat' dir='ltr'><strong>videbuntur,</strong></span> <span class='ocrx_word' id='word_1_190' title='bbox 2674 1592 2841 1647; x_wconf 88' lang='lat' dir='ltr'><strong>etiam</strong></span> <span class='ocrx_word' id='word_1_191' title='bbox 2877 1600 2935 1647; x_wconf 91' lang='lat' dir='ltr'><strong>tu</strong></span> <span class='ocrx_word' id='word_1_192' title='bbox 2969 1600 3222 1647; x_wconf 89' lang='lat' dir='ltr'><strong>nostrum</strong></span> <span class='ocrx_word' id='word_1_193' title='bbox 3253 1608 3375 1664; x_wconf 84' lang='lat' dir='ltr'><strong>erga</strong></span> <span class='ocrx_word' id='word_1_194' title='bbox 3410 1602 3458 1648; x_wconf 88' lang='lat' dir='ltr'><strong>te</strong></span> <span class='ocrx_word' id='word_1_195' title='bbox 3478 1595 3636 1650; x_wconf 88' lang='lat' dir='ltr'><strong>bonum</strong></span> <span class='ocrx_word' id='word_1_196' title='bbox 3664 1614 3750 1667; x_wconf 85' lang='lat' dir='ltr'><strong>pro-</strong></span> 
     </span>
    </p>
   </div>
   <div class='ocr_carea' id='block_1_28' title="bbox 2291 1682 3747 1753">
    <p class='ocr_par' dir='ltr' id='par_1_28' title="bbox 2291 1682 3747 1753">
     <span class='ocr_line' id='line_1_28' title="bbox 2291 1682 3747 1753; baseline 0.003 -16"><span class='ocrx_word' id='word_1_197' title='bbox 2291 1682 2528 1753; x_wconf 91' lang='lat' dir='ltr'><strong>positum</strong></span> <span class='ocrx_word' id='word_1_198' title='bbox 2560 1683 2789 1738; x_wconf 88' lang='lat' dir='ltr'><strong>libenter</strong></span> <span class='ocrx_word' id='word_1_199' title='bbox 2813 1683 3056 1753; x_wconf 90' lang='lat' dir='ltr'><strong>suscipe,</strong></span> <span class='ocrx_word' id='word_1_200' title='bbox 3083 1683 3228 1739; x_wconf 89' lang='lat' dir='ltr'><strong>sicut</strong></span> <span class='ocrx_word' id='word_1_201' title='bbox 3242 1690 3296 1737; x_wconf 91' lang='lat' dir='ltr'><strong>et</strong></span> <span class='ocrx_word' id='word_1_202' title='bbox 3318 1699 3412 1739; x_wconf 90' lang='lat' dir='ltr'><strong>nos</strong></span> <span class='ocrx_word' id='word_1_203' title='bbox 3441 1695 3588 1740; x_wconf 88' lang='lat' dir='ltr'><strong>tuum.</strong></span> <span class='ocrx_word' id='word_1_204' title='bbox 3610 1685 3747 1741; x_wconf 78' lang='lat' dir='ltr'><strong>Etcum</strong></span> 
     </span>
    </p>
   </div>
   <div class='ocr_carea' id='block_1_29' title="bbox 2291 1775 3744 1848">
    <p class='ocr_par' dir='ltr' id='par_1_29' title="bbox 2291 1775 3744 1848">
     <span class='ocr_line' id='line_1_29' title="bbox 2291 1775 3744 1848; baseline 0.005 -17"><span class='ocrx_word' id='word_1_205' title='bbox 2291 1777 2407 1831; x_wconf 68' lang='lat' dir='ltr'><strong>haec</strong></span> <span class='ocrx_word' id='word_1_206' title='bbox 2435 1776 2641 1832; x_wconf 87' lang='lat' dir='ltr'><strong>diceret</strong></span> <span class='ocrx_word' id='word_1_207' title='bbox 2697 1775 2894 1834; x_wconf 87' lang='lat' dir='ltr'><strong>Petrus</strong></span> <span class='ocrx_word' id='word_1_208' title='bbox 2914 1817 2931 1839; x_wconf 93' lang='lat'><strong>,</strong></span> <span class='ocrx_word' id='word_1_209' title='bbox 2983 1778 3221 1848; x_wconf 88' lang='lat' dir='ltr'><strong>plurima</strong></span> <span class='ocrx_word' id='word_1_210' title='bbox 3257 1778 3525 1833; x_wconf 87' lang='lat' dir='ltr'><strong>multitudo</strong></span> <span class='ocrx_word' id='word_1_211' title='bbox 3557 1784 3744 1838; x_wconf 79' lang='lat' dir='ltr'><strong>convenit.</strong></span> 
     </span>
    </p>
   </div>
   <div class='ocr_carea' id='block_1_30' title="bbox 2292 1866 3741 1942">
    <p class='ocr_par' dir='ltr' id='par_1_30' title="bbox 2292 1866 3741 1942">
     <span class='ocr_line' id='line_1_30' title="bbox 2292 1866 3741 1942; baseline 0.003 -21"><span class='ocrx_word' id='word_1_212' title='bbox 2292 1866 2432 1922; x_wconf 89' lang='lat' dir='ltr'><strong>Tum</strong></span> <span class='ocrx_word' id='word_1_213' title='bbox 2456 1885 2624 1925; x_wconf 81' lang='lat' dir='ltr'><strong>senex</strong></span> <span class='ocrx_word' id='word_1_214' title='bbox 2654 1889 2667 1924; x_wconf 91' lang='lat'><strong>:</strong></span> <span class='ocrx_word' id='word_1_215' title='bbox 2701 1869 2999 1937; x_wconf 88' lang='lat' dir='ltr'><strong>Fortassis,</strong></span> <span class='ocrx_word' id='word_1_216' title='bbox 3032 1871 3241 1941; x_wconf 88' lang='lat' dir='ltr'><strong>inquit,</strong></span> <span class='ocrx_word' id='word_1_217' title='bbox 3271 1871 3537 1926; x_wconf 87' lang='lat' dir='ltr'><strong>contristat</strong></span> <span class='ocrx_word' id='word_1_218' title='bbox 3558 1888 3633 1926; x_wconf 82' lang='lat' dir='ltr'><strong>vos</strong></span> <span class='ocrx_word' id='word_1_219' title='bbox 3651 1887 3741 1942; x_wconf 79' lang='lat' dir='ltr'><strong>pra:-</strong></span> 
     </span>
    </p>
   </div>
   <div class='ocr_carea' id='block_1_31' title="bbox 2288 1960 3745 2034">
    <p class='ocr_par' dir='ltr' id='par_1_31' title="bbox 2288 1960 3745 2034">
     <span class='ocr_line' id='line_1_31' title="bbox 2288 1960 3745 2034; baseline 0.001 -18"><span class='ocrx_word' id='word_1_220' title='bbox 2288 1961 2465 2016; x_wconf 81' lang='lat' dir='ltr'><strong>sentia</strong></span> <span class='ocrx_word' id='word_1_221' title='bbox 2494 1961 2882 2016; x_wconf 86' lang='lat' dir='ltr'><strong>multitudinis.</strong></span> <span class='ocrx_word' id='word_1_222' title='bbox 2902 1960 2967 2017; x_wconf 89' lang='lat' dir='ltr'><strong>Et</strong></span> <span class='ocrx_word' id='word_1_223' title='bbox 3001 1960 3199 2017; x_wconf 87' lang='lat' dir='ltr'><strong>Petrus</strong></span> <span class='ocrx_word' id='word_1_224' title='bbox 3225 1977 3238 2015; x_wconf 89' lang='lat'><strong>:</strong></span> <span class='ocrx_word' id='word_1_225' title='bbox 3265 1960 3595 2033; x_wconf 82' lang='lat' dir='ltr'><strong>Nequaquam,</strong></span> <span class='ocrx_word' id='word_1_226' title='bbox 3615 1965 3745 2034; x_wconf 85' lang='lat' dir='ltr'><strong>inquit,</strong></span> 
     </span>
    </p>
   </div>
   <div class='ocr_carea' id='block_1_32' title="bbox 2288 2052 3747 2124">
    <p class='ocr_par' dir='ltr' id='par_1_32' title="bbox 2288 2052 3747 2124">
     <span class='ocr_line' id='line_1_32' title="bbox 2288 2052 3747 2124; baseline 0.001 -19"><span class='ocrx_word' id='word_1_227' title='bbox 2288 2052 2395 2107; x_wconf 89' lang='lat' dir='ltr'><strong>nisi</strong></span> <span class='ocrx_word' id='word_1_228' title='bbox 2430 2052 2530 2108; x_wconf 88' lang='lat' dir='ltr'><strong>hoc</strong></span> <span class='ocrx_word' id='word_1_229' title='bbox 2558 2054 2736 2107; x_wconf 89' lang='lat' dir='ltr'><strong>solum</strong></span> <span class='ocrx_word' id='word_1_230' title='bbox 2769 2068 2985 2115; x_wconf 89' lang='lat' dir='ltr'><strong>vereor,</strong></span> <span class='ocrx_word' id='word_1_231' title='bbox 3013 2069 3081 2108; x_wconf 89' lang='lat' dir='ltr'><strong>ne</strong></span> <span class='ocrx_word' id='word_1_232' title='bbox 3101 2052 3245 2108; x_wconf 81' lang='lat' dir='ltr'><strong>torte</strong></span> <span class='ocrx_word' id='word_1_233' title='bbox 3270 2053 3622 2124; x_wconf 87' lang='lat' dir='ltr'><strong>disputantibus</strong></span> <span class='ocrx_word' id='word_1_234' title='bbox 3642 2056 3747 2108; x_wconf 81' lang='lat' dir='ltr'><strong>nobis</strong></span> 
     </span>
    </p>
   </div>
   <div class='ocr_carea' id='block_1_33' title="bbox 2287 2144 3748 2216">
    <p class='ocr_par' dir='ltr' id='par_1_33' title="bbox 2287 2144 3748 2216">
     <span class='ocr_line' id='line_1_33' title="bbox 2287 2144 3748 2216; baseline 0.003 -20"><span class='ocrx_word' id='word_1_235' title='bbox 2287 2157 2413 2196; x_wconf 90' lang='lat' dir='ltr'><strong>cum</strong></span> <span class='ocrx_word' id='word_1_236' title='bbox 2445 2144 2630 2214; x_wconf 88' lang='lat' dir='ltr'><strong>palam</strong></span> <span class='ocrx_word' id='word_1_237' title='bbox 2662 2144 2806 2198; x_wconf 83' lang='lat' dir='ltr'><strong>facta</strong></span> <span class='ocrx_word' id='word_1_238' title='bbox 2838 2144 3005 2200; x_wconf 80' lang='lat' dir='ltr'><strong>fuerit</strong></span> <span class='ocrx_word' id='word_1_239' title='bbox 3035 2145 3247 2203; x_wconf 87' lang='lat' dir='ltr'><strong>veritas</strong></span> <span class='ocrx_word' id='word_1_240' title='bbox 3266 2153 3326 2201; x_wconf 88' lang='lat' dir='ltr'><strong>tu</strong></span> <span class='ocrx_word' id='word_1_241' title='bbox 3351 2146 3664 2202; x_wconf 80' lang='lat' dir='ltr'><strong>verecundiam</strong></span> <span class='ocrx_word' id='word_1_242' title='bbox 3688 2164 3748 2216; x_wconf 77' lang='lat' dir='ltr'><strong>pa-</strong></span> 
     </span>
    </p>
   </div>
   <div class='ocr_carea' id='block_1_34' title="bbox 2289 2234 3743 2307">
    <p class='ocr_par' dir='ltr' id='par_1_34' title="bbox 2289 2234 3743 2307">
     <span class='ocr_line' id='line_1_34' title="bbox 2289 2234 3743 2307; baseline 0.003 -21"><span class='ocrx_word' id='word_1_243' title='bbox 2289 2234 2447 2288; x_wconf 87' lang='lat' dir='ltr'><strong>tiaris</strong></span> <span class='ocrx_word' id='word_1_244' title='bbox 2481 2250 2580 2303; x_wconf 87' lang='lat' dir='ltr'><strong>pro</strong></span> <span class='ocrx_word' id='word_1_245' title='bbox 2610 2237 2897 2305; x_wconf 72' lang='lat' dir='ltr'><strong>praesentia</strong></span> <span class='ocrx_word' id='word_1_246' title='bbox 2940 2236 3315 2292; x_wconf 82' lang='lat' dir='ltr'><strong>multitudinis</strong></span> <span class='ocrx_word' id='word_1_247' title='bbox 3334 2238 3509 2292; x_wconf 76' lang='lat' dir='ltr'><strong>cedere</strong></span> <span class='ocrx_word' id='word_1_248' title='bbox 3532 2249 3574 2293; x_wconf 88' lang='lat' dir='ltr'><strong>et</strong></span> <span class='ocrx_word' id='word_1_249' title='bbox 3596 2240 3743 2307; x_wconf 76' lang='lat' dir='ltr'><strong>acquie-</strong></span> 
     </span>
    </p>
   </div>
   <div class='ocr_carea' id='block_1_35' title="bbox 614 2310 3745 2395">
    <p class='ocr_par' dir='ltr' id='par_1_35' title="bbox 614 2310 3745 2395">
     <span class='ocr_line' id='line_1_35' title="bbox 614 2310 3745 2395; baseline 0.002 -21"><span class='ocrx_word' id='word_1_250' title='bbox 614 2337 736 2392; x_wconf 71' lang='lat' dir='ltr'><strong>quaa</strong></span> <span class='ocrx_word' id='word_1_251' title='bbox 768 2330 916 2375; x_wconf 89' lang='lat' dir='ltr'><strong>recta</strong></span> <span class='ocrx_word' id='word_1_252' title='bbox 941 2330 1090 2386; x_wconf 89' lang='lat' dir='ltr'><strong>sunt;</strong></span> <span class='ocrx_word' id='word_1_253' title='bbox 1116 2321 1162 2374; x_wconf 86' lang='lat' dir='ltr'><strong>si</strong></span> <span class='ocrx_word' id='word_1_254' title='bbox 1199 2335 1328 2376; x_wconf 90' lang='lat' dir='ltr'><strong>vero</strong></span> <span class='ocrx_word' id='word_1_255' title='bbox 1357 2319 1664 2384; x_wconf 85' lang='lat' dir='ltr'><strong>molestum,</strong></span> <span class='ocrx_word' id='word_1_256' title='bbox 1701 2336 1919 2390; x_wconf 71' lang='lat' dir='ltr'><strong>pergam</strong></span> <span class='ocrx_word' id='word_1_257' title='bbox 1950 2330 2001 2375; x_wconf 92' lang='lat' dir='ltr'><strong>et</strong></span> <span class='ocrx_word' id='word_1_258' title='bbox 2038 2336 2189 2377; x_wconf 79' lang='lat' dir='ltr'><strong>titeos</strong></span> <span class='ocrx_word' id='word_1_259' title='bbox 2221 2310 2263 2365; x_wconf 80' lang='grc' dir='ltr'><strong>Β</strong></span> <span class='ocrx_word' id='word_1_260' title='bbox 2291 2340 2449 2379; x_wconf 89' lang='lat' dir='ltr'><strong>scere</strong></span> <span class='ocrx_word' id='word_1_261' title='bbox 2479 2325 2566 2380; x_wconf 83' lang='lat' dir='ltr'><strong>his</strong></span> <span class='ocrx_word' id='word_1_262' title='bbox 2594 2341 2716 2395; x_wconf 78' lang='lat' dir='ltr'><strong>quae</strong></span> <span class='ocrx_word' id='word_1_263' title='bbox 2751 2342 2876 2381; x_wconf 87' lang='lat' dir='ltr'><strong>vera</strong></span> <span class='ocrx_word' id='word_1_264' title='bbox 2911 2326 3018 2380; x_wconf 90' lang='lat' dir='ltr'><strong>dici</strong></span> <span class='ocrx_word' id='word_1_265' title='bbox 3051 2328 3410 2384; x_wconf 78' lang='lat' dir='ltr'><strong>intellexeris.</strong></span> <span class='ocrx_word' id='word_1_266' title='bbox 3440 2327 3507 2381; x_wconf 78' lang='lat' dir='ltr'><strong>Ad</strong></span> <span class='ocrx_word' id='word_1_267' title='bbox 3534 2328 3745 2383; x_wconf 61' lang='lat' dir='ltr'><strong>haecseuet</strong></span> 
     </span>
    </p>
   </div>
   <div class='ocr_carea' id='block_1_36' title="bbox 614 2411 2185 2485">
    <p class='ocr_par' dir='ltr' id='par_1_36' title="bbox 614 2411 2185 2485">
     <span class='ocr_line' id='line_1_36' title="bbox 614 2411 2185 2485; baseline -0.001 -16"><span class='ocrx_word' id='word_1_268' title='bbox 614 2424 773 2470; x_wconf 88' lang='lat' dir='ltr'><strong>actus</strong></span> <span class='ocrx_word' id='word_1_269' title='bbox 814 2429 992 2485; x_wconf 88' lang='lat' dir='ltr'><strong>agam.</strong></span> <span class='ocrx_word' id='word_1_270' title='bbox 1048 2412 1153 2468; x_wconf 86' lang='lat' dir='ltr'><strong>Cui</strong></span> <span class='ocrx_word' id='word_1_271' title='bbox 1199 2411 1397 2468; x_wconf 88' lang='lat' dir='ltr'><strong>Petrus</strong></span> <span class='ocrx_word' id='word_1_272' title='bbox 1429 2413 1711 2483; x_wconf 89' lang='lat' dir='ltr'><strong>respondit</strong></span> <span class='ocrx_word' id='word_1_273' title='bbox 1741 2433 1756 2466; x_wconf 87' lang='lat'><strong>:</strong></span> <span class='ocrx_word' id='word_1_274' title='bbox 1781 2412 1877 2467; x_wconf 88' lang='lat' dir='ltr'><strong>Dic</strong></span> <span class='ocrx_word' id='word_1_275' title='bbox 1907 2428 2006 2484; x_wconf 91' lang='lat' dir='ltr'><strong>age</strong></span> <span class='ocrx_word' id='word_1_276' title='bbox 2042 2415 2185 2483; x_wconf 89' lang='lat' dir='ltr'><strong>quod</strong></span> 
     </span>
    </p>
   </div>
   <div class='ocr_carea' id='block_1_37' title="bbox 615 2502 2188 2579">
    <p class='ocr_par' dir='ltr' id='par_1_37' title="bbox 615 2502 2188 2579">
     <span class='ocr_line' id='line_1_37' title="bbox 615 2502 2188 2579; baseline -0.001 -19"><span class='ocrx_word' id='word_1_277' title='bbox 615 2505 714 2562; x_wconf 89' lang='lat' dir='ltr'><strong>tibi</strong></span> <span class='ocrx_word' id='word_1_278' title='bbox 746 2503 963 2559; x_wconf 84' lang='lat' dir='ltr'><strong>videtur</strong></span> <span class='ocrx_word' id='word_1_279' title='bbox 997 2503 1225 2568; x_wconf 88' lang='lat' dir='ltr'><strong>bonum,</strong></span> <span class='ocrx_word' id='word_1_280' title='bbox 1261 2510 1317 2557; x_wconf 92' lang='lat' dir='ltr'><strong>et</strong></span> <span class='ocrx_word' id='word_1_281' title='bbox 1365 2503 1599 2579; x_wconf 52' lang='lat' dir='ltr'><strong>libenter</strong></span> <span class='ocrx_word' id='word_1_282' title='bbox 1638 2502 1939 2572; x_wconf 88' lang='lat' dir='ltr'><strong>accipimus</strong></span> <span class='ocrx_word' id='word_1_283' title='bbox 1982 2506 2098 2561; x_wconf 80' lang='lat' dir='ltr'><strong>sive</strong></span> <span class='ocrx_word' id='word_1_284' title='bbox 2135 2504 2188 2559; x_wconf 88' lang='lat' dir='ltr'><strong>id</strong></span> 
     </span>
    </p>
   </div>
   <div class='ocr_carea' id='block_1_38' title="bbox 614 2588 2187 2664">
    <p class='ocr_par' dir='ltr' id='par_1_38' title="bbox 614 2588 2187 2664">
     <span class='ocr_line' id='line_1_38' title="bbox 614 2588 2187 2664; baseline 0.002 -16"><span class='ocrx_word' id='word_1_285' title='bbox 614 2609 806 2649; x_wconf 90' lang='lat' dir='ltr'><strong>verum</strong></span> <span class='ocrx_word' id='word_1_286' title='bbox 846 2594 965 2648; x_wconf 88' lang='lat' dir='ltr'><strong>sive</strong></span> <span class='ocrx_word' id='word_1_287' title='bbox 1005 2592 1172 2649; x_wconf 90' lang='lat' dir='ltr'><strong>etiam</strong></span> <span class='ocrx_word' id='word_1_288' title='bbox 1210 2588 1411 2647; x_wconf 80' lang='lat' dir='ltr'><strong>falsum</strong></span> <span class='ocrx_word' id='word_1_289' title='bbox 1451 2594 1554 2658; x_wconf 89' lang='lat' dir='ltr'><strong>sit;</strong></span> <span class='ocrx_word' id='word_1_290' title='bbox 1593 2592 2004 2664; x_wconf 87' lang='lat' dir='ltr'><strong>amplectendus</strong></span> <span class='ocrx_word' id='word_1_291' title='bbox 2041 2596 2187 2651; x_wconf 89' lang='lat' dir='ltr'><strong>enim</strong></span> 
     </span>
    </p>
   </div>
   <div class='ocr_carea' id='block_1_39' title="bbox 613 2684 2190 2757">
    <p class='ocr_par' dir='ltr' id='par_1_39' title="bbox 613 2684 2190 2757">
     <span class='ocr_line' id='line_1_39' title="bbox 613 2684 2190 2757; baseline 0.002 -17"><span class='ocrx_word' id='word_1_292' title='bbox 613 2700 697 2751; x_wconf 87' lang='lat' dir='ltr'><strong>es,</strong></span> <span class='ocrx_word' id='word_1_293' title='bbox 730 2685 860 2755; x_wconf 88' lang='lat' dir='ltr'><strong>quia</strong></span> <span class='ocrx_word' id='word_1_294' title='bbox 900 2685 1047 2755; x_wconf 90' lang='lat' dir='ltr'><strong>quod</strong></span> <span class='ocrx_word' id='word_1_295' title='bbox 1078 2685 1179 2738; x_wconf 91' lang='lat' dir='ltr'><strong>tibi</strong></span> <span class='ocrx_word' id='word_1_296' title='bbox 1218 2684 1422 2739; x_wconf 88' lang='lat' dir='ltr'><strong>bonum</strong></span> <span class='ocrx_word' id='word_1_297' title='bbox 1473 2684 1709 2748; x_wconf 83' lang='lat' dir='ltr'><strong>videtur,</strong></span> <span class='ocrx_word' id='word_1_298' title='bbox 1743 2692 2001 2756; x_wconf 89' lang='lat' dir='ltr'><strong>tanquam</strong></span> <span class='ocrx_word' id='word_1_299' title='bbox 2034 2696 2190 2757; x_wconf 87' lang='lat' dir='ltr'><strong>pater</strong></span> 
     </span>
    </p>
   </div>
   <div class='ocr_carea' id='block_1_40' title="bbox 614 2776 1835 2849">
    <p class='ocr_par' dir='ltr' id='par_1_40' title="bbox 614 2776 1835 2849">
     <span class='ocr_line' id='line_1_40' title="bbox 614 2776 1835 2849; baseline 0.002 -18"><span class='ocrx_word' id='word_1_300' title='bbox 614 2792 716 2849; x_wconf 88' lang='lat' dir='ltr'><strong>pro</strong></span> <span class='ocrx_word' id='word_1_301' title='bbox 745 2776 873 2831; x_wconf 79' lang='lat' dir='ltr'><strong>[iliis</strong></span> <span class='ocrx_word' id='word_1_302' title='bbox 910 2776 1180 2832; x_wconf 88' lang='lat' dir='ltr'><strong>sollicitus</strong></span> <span class='ocrx_word' id='word_1_303' title='bbox 1214 2790 1564 2830; x_wconf 90' lang='lat' dir='ltr'><strong>connnonere</strong></span> <span class='ocrx_word' id='word_1_304' title='bbox 1595 2777 1835 2833; x_wconf 90' lang='lat' dir='ltr'><strong>voluisti.</strong></span> 
     </span>
    </p>
   </div>
   <div class='ocr_carea' id='block_1_41' title="bbox 687 2866 2189 2938">
    <p class='ocr_par' dir='ltr' id='par_1_41' title="bbox 687 2866 2189 2938">
     <span class='ocr_line' id='line_1_41' title="bbox 687 2866 2189 2938; baseline 0.005 -16"><span class='ocrx_word' id='word_1_305' title='bbox 687 2868 750 2923; x_wconf 93' lang='lat' dir='ltr'><strong>ll.</strong></span> <span class='ocrx_word' id='word_1_306' title='bbox 798 2870 941 2924; x_wconf 90' lang='lat' dir='ltr'><strong>Tum</strong></span> <span class='ocrx_word' id='word_1_307' title='bbox 971 2868 1154 2924; x_wconf 89' lang='lat' dir='ltr'><strong>senior</strong></span> <span class='ocrx_word' id='word_1_308' title='bbox 1176 2868 1343 2938; x_wconf 70' lang='lat' dir='ltr'><strong>cmpit</strong></span> <span class='ocrx_word' id='word_1_309' title='bbox 1362 2866 1544 2923; x_wconf 85' lang='lat' dir='ltr'><strong>dicere</strong></span> <span class='ocrx_word' id='word_1_310' title='bbox 1572 2889 1584 2923; x_wconf 93' lang='lat'>:</span> <span class='ocrx_word' id='word_1_311' title='bbox 1610 2867 1666 2923; x_wconf 91' lang='lat' dir='ltr'><strong>ln</strong></span> <span class='ocrx_word' id='word_1_312' title='bbox 1701 2872 1836 2924; x_wconf 83' lang='lat' dir='ltr'><strong>mari</strong></span> <span class='ocrx_word' id='word_1_313' title='bbox 1869 2887 1966 2928; x_wconf 88' lang='lat' dir='ltr'><strong>vos</strong></span> <span class='ocrx_word' id='word_1_314' title='bbox 1989 2873 2189 2929; x_wconf 80' lang='lat' dir='ltr'><strong>lavisse</strong></span> 
     </span>
    </p>
   </div>
   <div class='ocr_carea' id='block_1_42' title="bbox 613 2959 2187 3032">
    <p class='ocr_par' dir='ltr' id='par_1_42' title="bbox 613 2959 2187 3032">
     <span class='ocr_line' id='line_1_42' title="bbox 613 2959 2187 3032; baseline 0.003 -17"><span class='ocrx_word' id='word_1_315' title='bbox 613 2960 748 3023; x_wconf 92' lang='lat' dir='ltr'><strong>vidi,</strong></span> <span class='ocrx_word' id='word_1_316' title='bbox 781 2968 836 3015; x_wconf 91' lang='lat' dir='ltr'><strong>et</strong></span> <span class='ocrx_word' id='word_1_317' title='bbox 877 2967 1001 3032; x_wconf 88' lang='lat' dir='ltr'><strong>post</strong></span> <span class='ocrx_word' id='word_1_318' title='bbox 1038 2960 1141 3015; x_wconf 88' lang='lat' dir='ltr'><strong>hoc</strong></span> <span class='ocrx_word' id='word_1_319' title='bbox 1197 2959 1265 3014; x_wconf 89' lang='lat' dir='ltr'><strong>ad</strong></span> <span class='ocrx_word' id='word_1_320' title='bbox 1322 2973 1594 3018; x_wconf 88' lang='lat' dir='ltr'><strong>secretum</strong></span> <span class='ocrx_word' id='word_1_321' title='bbox 1639 2964 1937 3019; x_wconf 84' lang='lat' dir='ltr'><strong>secessisse</strong></span> <span class='ocrx_word' id='word_1_322' title='bbox 1978 2966 2187 3032; x_wconf 90' lang='lat' dir='ltr'><strong>locum;</strong></span> 
     </span>
    </p>
   </div>
   <div class='ocr_carea' id='block_1_43' title="bbox 612 3050 2186 3125">
    <p class='ocr_par' dir='ltr' id='par_1_43' title="bbox 612 3050 2186 3125">
     <span class='ocr_line' id='line_1_43' title="bbox 612 3050 2186 3125; baseline 0.004 -20"><span class='ocrx_word' id='word_1_323' title='bbox 612 3050 917 3107; x_wconf 89' lang='lat' dir='ltr'><strong>observans</strong></span> <span class='ocrx_word' id='word_1_324' title='bbox 949 3065 1081 3121; x_wconf 86' lang='lat' dir='ltr'><strong>ergo</strong></span> <span class='ocrx_word' id='word_1_325' title='bbox 1102 3051 1171 3107; x_wconf 89' lang='lat' dir='ltr'><strong>de</strong></span> <span class='ocrx_word' id='word_1_326' title='bbox 1203 3054 1418 3108; x_wconf 89' lang='lat' dir='ltr'><strong>occulto</strong></span> <span class='ocrx_word' id='word_1_327' title='bbox 1441 3054 1574 3123; x_wconf 91' lang='lat' dir='ltr'><strong>quid</strong></span> <span class='ocrx_word' id='word_1_328' title='bbox 1607 3054 1660 3108; x_wconf 92' lang='lat' dir='ltr'><strong>in</strong></span> <span class='ocrx_word' id='word_1_329' title='bbox 1690 3063 1904 3109; x_wconf 90' lang='lat' dir='ltr'><strong>secreto</strong></span> <span class='ocrx_word' id='word_1_330' title='bbox 1933 3057 2186 3125; x_wconf 88' lang='lat' dir='ltr'><strong>ageretis,</strong></span> 
     </span>
    </p>
   </div>
   <div class='ocr_carea' id='block_1_44' title="bbox 613 3144 2185 3218">
    <p class='ocr_par' dir='ltr' id='par_1_44' title="bbox 613 3144 2185 3218">
     <span class='ocr_line' id='line_1_44' title="bbox 613 3144 2185 3218; baseline 0.004 -22"><span class='ocrx_word' id='word_1_331' title='bbox 613 3152 836 3198; x_wconf 87' lang='lat' dir='ltr'><strong>orantes</strong></span> <span class='ocrx_word' id='word_1_332' title='bbox 862 3144 1110 3215; x_wconf 79' lang='lat' dir='ltr'><strong>inspexi;</strong></span> <span class='ocrx_word' id='word_1_333' title='bbox 1138 3145 1432 3203; x_wconf 86' lang='lat' dir='ltr'><strong>miseratus</strong></span> <span class='ocrx_word' id='word_1_334' title='bbox 1457 3148 1625 3218; x_wconf 91' lang='lat' dir='ltr'><strong>igitur</strong></span> <span class='ocrx_word' id='word_1_335' title='bbox 1655 3164 1898 3203; x_wconf 89' lang='lat' dir='ltr'><strong>errorem</strong></span> <span class='ocrx_word' id='word_1_336' title='bbox 1919 3157 2185 3213; x_wconf 89' lang='lat' dir='ltr'><strong>vestrum,</strong></span> 
     </span>
    </p>
   </div>
   <div class='ocr_carea' id='block_1_45' title="bbox 614 3234 2191 3311">
    <p class='ocr_par' dir='ltr' id='par_1_45' title="bbox 614 3234 2191 3311">
     <span class='ocr_line' id='line_1_45' title="bbox 614 3234 2191 3311; baseline 0.005 -24"><span class='ocrx_word' id='word_1_337' title='bbox 614 3234 859 3306; x_wconf 84' lang='lat' dir='ltr'><strong>opperiri</strong></span> <span class='ocrx_word' id='word_1_338' title='bbox 904 3236 1070 3306; x_wconf 67' lang='lat' dir='ltr'><strong>ccepi,</strong></span> <span class='ocrx_word' id='word_1_339' title='bbox 1129 3253 1416 3309; x_wconf 90' lang='lat' dir='ltr'><strong>usquequo</strong></span> <span class='ocrx_word' id='word_1_340' title='bbox 1472 3255 1727 3309; x_wconf 85' lang='lat' dir='ltr'><strong>egressos</strong></span> <span class='ocrx_word' id='word_1_341' title='bbox 1771 3241 2082 3311; x_wconf 89' lang='lat' dir='ltr'><strong>alloquerer</strong></span> <span class='ocrx_word' id='word_1_342' title='bbox 2136 3249 2191 3297; x_wconf 90' lang='lat' dir='ltr'><strong>et</strong></span> 
     </span>
    </p>
   </div>
   <div class='ocr_carea' id='block_1_46' title="bbox 616 3329 2189 3404">
    <p class='ocr_par' dir='ltr' id='par_1_46' title="bbox 616 3329 2189 3404">
     <span class='ocr_line' id='line_1_46' title="bbox 616 3329 2189 3404; baseline 0.004 -21"><span class='ocrx_word' id='word_1_343' title='bbox 616 3329 894 3392; x_wconf 87' lang='lat' dir='ltr'><strong>docerem,</strong></span> <span class='ocrx_word' id='word_1_344' title='bbox 931 3344 1000 3383; x_wconf 91' lang='lat' dir='ltr'><strong>ne</strong></span> <span class='ocrx_word' id='word_1_345' title='bbox 1020 3330 1217 3385; x_wconf 83' lang='lat' dir='ltr'><strong>erretis</strong></span> <span class='ocrx_word' id='word_1_346' title='bbox 1242 3330 1295 3385; x_wconf 90' lang='lat' dir='ltr'><strong>in</strong></span> <span class='ocrx_word' id='word_1_347' title='bbox 1324 3331 1641 3400; x_wconf 88' lang='lat' dir='ltr'><strong>hujusrnodi</strong></span> <span class='ocrx_word' id='word_1_348' title='bbox 1676 3332 2041 3399; x_wconf 84' lang='lat' dir='ltr'><strong>observantia,</strong></span> <span class='ocrx_word' id='word_1_349' title='bbox 2062 3336 2189 3404; x_wconf 88' lang='lat' dir='ltr'><strong>quia</strong></span> 
     </span>
    </p>
   </div>
   <div class='ocr_carea' id='block_1_47' title="bbox 614 3419 2190 3498">
    <p class='ocr_par' dir='ltr' id='par_1_47' title="bbox 614 3419 2190 3498">
     <span class='ocr_line' id='line_1_47' title="bbox 614 3419 2190 3498; baseline 0.005 -23"><span class='ocrx_word' id='word_1_350' title='bbox 614 3435 793 3490; x_wconf 81' lang='lat' dir='ltr'><strong>neque</strong></span> <span class='ocrx_word' id='word_1_351' title='bbox 821 3419 965 3477; x_wconf 87' lang='lat' dir='ltr'><strong>Deus</strong></span> <span class='ocrx_word' id='word_1_352' title='bbox 981 3428 1064 3476; x_wconf 88' lang='lat' dir='ltr'><strong>est</strong></span> <span class='ocrx_word' id='word_1_353' title='bbox 1096 3438 1274 3492; x_wconf 89' lang='lat' dir='ltr'><strong>neque</strong></span> <span class='ocrx_word' id='word_1_354' title='bbox 1304 3423 1486 3480; x_wconf 88' lang='lat' dir='ltr'><strong>cultus</strong></span> <span class='ocrx_word' id='word_1_355' title='bbox 1519 3424 1607 3478; x_wconf 86' lang='lat' dir='ltr'><strong>hic</strong></span> <span class='ocrx_word' id='word_1_356' title='bbox 1633 3425 1834 3497; x_wconf 89' lang='lat' dir='ltr'><strong>aliquis</strong></span> <span class='ocrx_word' id='word_1_357' title='bbox 1873 3434 1981 3491; x_wconf 91' lang='lat' dir='ltr'><strong>est,</strong></span> <span class='ocrx_word' id='word_1_358' title='bbox 2015 3443 2190 3498; x_wconf 88' lang='lat' dir='ltr'><strong>neque</strong></span> 
     </span>
    </p>
   </div>
   <div class='ocr_carea' id='block_1_48' title="bbox 616 3508 2191 3587">
    <p class='ocr_par' dir='ltr' id='par_1_48' title="bbox 616 3508 2191 3587">
     <span class='ocr_line' id='line_1_48' title="bbox 616 3508 2191 3587; baseline 0.008 -27"><span class='ocrx_word' id='word_1_359' title='bbox 616 3508 958 3579; x_wconf 80' lang='lat' dir='ltr'><strong>providentia</strong></span> <span class='ocrx_word' id='word_1_360' title='bbox 984 3511 1039 3565; x_wconf 91' lang='lat' dir='ltr'><strong>in</strong></span> <span class='ocrx_word' id='word_1_361' title='bbox 1064 3513 1292 3575; x_wconf 89' lang='lat' dir='ltr'><strong>mundo,</strong></span> <span class='ocrx_word' id='word_1_362' title='bbox 1325 3513 1420 3568; x_wconf 91' lang='lat' dir='ltr'><strong>sed</strong></span> <span class='ocrx_word' id='word_1_363' title='bbox 1451 3512 1710 3569; x_wconf 83' lang='lat' dir='ltr'><strong>fortuitus</strong></span> <span class='ocrx_word' id='word_1_364' title='bbox 1749 3531 1913 3571; x_wconf 90' lang='lat' dir='ltr'><strong>casus</strong></span> <span class='ocrx_word' id='word_1_365' title='bbox 1954 3528 2009 3571; x_wconf 91' lang='lat' dir='ltr'><strong>et</strong></span> <span class='ocrx_word' id='word_1_366' title='bbox 2034 3534 2191 3587; x_wconf 84' lang='lat' dir='ltr'><strong>gene-</strong></span> 
     </span>
    </p>
   </div>
   <div class='ocr_carea' id='block_1_49' title="bbox 615 3603 2189 3678">
    <p class='ocr_par' dir='ltr' id='par_1_49' title="bbox 615 3603 2189 3678">
     <span class='ocr_line' id='line_1_49' title="bbox 615 3603 2189 3678; baseline 0.005 -20"><span class='ocrx_word' id='word_1_367' title='bbox 615 3606 695 3658; x_wconf 84' lang='lat' dir='ltr'><strong>sis</strong></span> <span class='ocrx_word' id='word_1_368' title='bbox 728 3610 898 3673; x_wconf 86' lang='lat' dir='ltr'><strong>agunt</strong></span> <span class='ocrx_word' id='word_1_369' title='bbox 944 3603 1152 3669; x_wconf 89' lang='lat' dir='ltr'><strong>omnia,</strong></span> <span class='ocrx_word' id='word_1_370' title='bbox 1193 3606 1340 3660; x_wconf 89' lang='lat' dir='ltr'><strong>sicut</strong></span> <span class='ocrx_word' id='word_1_371' title='bbox 1386 3622 1487 3677; x_wconf 88' lang='lat' dir='ltr'><strong>ego</strong></span> <span class='ocrx_word' id='word_1_372' title='bbox 1522 3623 1589 3661; x_wconf 89' lang='lat' dir='ltr'><strong>ex</strong></span> <span class='ocrx_word' id='word_1_373' title='bbox 1622 3608 1828 3678; x_wconf 89' lang='lat' dir='ltr'><strong>meipso</strong></span> <span class='ocrx_word' id='word_1_374' title='bbox 1855 3609 2189 3667; x_wconf 81' lang='lat' dir='ltr'><strong>manifestis-</strong></span> 
     </span>
    </p>
   </div>
   <div class='ocr_carea' id='block_1_50' title="bbox 617 3692 2185 3770">
    <p class='ocr_par' dir='ltr' id='par_1_50' title="bbox 617 3692 2185 3770">
     <span class='ocr_line' id='line_1_50' title="bbox 617 3692 2185 3770; baseline 0.008 -24"><span class='ocrx_word' id='word_1_375' title='bbox 617 3692 758 3746; x_wconf 86' lang='lat' dir='ltr'><strong>sime</strong></span> <span class='ocrx_word' id='word_1_376' title='bbox 790 3692 1032 3763; x_wconf 90' lang='lat' dir='ltr'><strong>comperi</strong></span> <span class='ocrx_word' id='word_1_377' title='bbox 1065 3692 1120 3748; x_wconf 92' lang='lat' dir='ltr'><strong>iu</strong></span> <span class='ocrx_word' id='word_1_378' title='bbox 1152 3694 1443 3766; x_wconf 88' lang='lat' dir='ltr'><strong>disciplina</strong></span> <span class='ocrx_word' id='word_1_379' title='bbox 1477 3697 1789 3753; x_wconf 88' lang='lat' dir='ltr'><strong>matheseos</strong></span> <span class='ocrx_word' id='word_1_380' title='bbox 1822 3716 1932 3770; x_wconf 64' lang='lat' dir='ltr'><strong>pra:</strong></span> <span class='ocrx_word' id='word_1_381' title='bbox 1972 3704 2185 3758; x_wconf 71' lang='lat' dir='ltr'><strong>caeteris</strong></span> 
     </span>
    </p>
   </div>
   <div class='ocr_carea' id='block_1_51' title="bbox 616 3782 2184 3857">
    <p class='ocr_par' dir='ltr' id='par_1_51' title="bbox 616 3782 2184 3857">
     <span class='ocr_line' id='line_1_51' title="bbox 616 3782 2184 3857; baseline 0.008 -20"><span class='ocrx_word' id='word_1_382' title='bbox 616 3782 889 3839; x_wconf 89' lang='lat' dir='ltr'><strong>eruditus.</strong></span> <span class='ocrx_word' id='word_1_383' title='bbox 912 3782 1091 3841; x_wconf 87' lang='lat' dir='ltr'><strong>Nolite</strong></span> <span class='ocrx_word' id='word_1_384' title='bbox 1115 3802 1247 3857; x_wconf 92' lang='lat' dir='ltr'><strong>ergo</strong></span> <span class='ocrx_word' id='word_1_385' title='bbox 1274 3802 1495 3855; x_wconf 89' lang='lat' dir='ltr'><strong>errare;</strong></span> <span class='ocrx_word' id='word_1_386' title='bbox 1530 3788 1644 3843; x_wconf 81' lang='lat' dir='ltr'><strong>sive</strong></span> <span class='ocrx_word' id='word_1_387' title='bbox 1671 3790 1816 3844; x_wconf 74' lang='lat' dir='ltr'><strong>enim</strong></span> <span class='ocrx_word' id='word_1_388' title='bbox 1839 3794 2031 3857; x_wconf 90' lang='lat' dir='ltr'><strong>oretis,</strong></span> <span class='ocrx_word' id='word_1_389' title='bbox 2067 3795 2184 3850; x_wconf 91' lang='lat' dir='ltr'><strong>sive</strong></span> 
     </span>
    </p>
   </div>
   <div class='ocr_carea' id='block_1_52' title="bbox 617 3876 2186 3950">
    <p class='ocr_par' dir='ltr' id='par_1_52' title="bbox 617 3876 2186 3950">
     <span class='ocr_line' id='line_1_52' title="bbox 617 3876 2186 3950; baseline 0.008 -19"><span class='ocrx_word' id='word_1_390' title='bbox 617 3891 729 3931; x_wconf 90' lang='lat' dir='ltr'><strong>non</strong></span> <span class='ocrx_word' id='word_1_391' title='bbox 771 3876 960 3944; x_wconf 89' lang='lat' dir='ltr'><strong>oretis,</strong></span> <span class='ocrx_word' id='word_1_392' title='bbox 991 3878 1138 3948; x_wconf 90' lang='lat' dir='ltr'><strong>quod</strong></span> <span class='ocrx_word' id='word_1_393' title='bbox 1182 3881 1398 3950; x_wconf 89' lang='lat' dir='ltr'><strong>genesis</strong></span> <span class='ocrx_word' id='word_1_394' title='bbox 1429 3889 1614 3937; x_wconf 87' lang='lat' dir='ltr'><strong>vestra</strong></span> <span class='ocrx_word' id='word_1_395' title='bbox 1645 3884 1911 3948; x_wconf 83' lang='lat' dir='ltr'><strong>continet,</strong></span> <span class='ocrx_word' id='word_1_396' title='bbox 1940 3886 2044 3942; x_wconf 90' lang='lat' dir='ltr'><strong>hoc</strong></span> <span class='ocrx_word' id='word_1_397' title='bbox 2078 3890 2186 3943; x_wconf 91' lang='lat' dir='ltr'><strong>erit</strong></span> 
     </span>
    </p>
   </div>
   <div class='ocr_carea' id='block_1_53' title="bbox 618 3966 2186 4047">
    <p class='ocr_par' dir='ltr' id='par_1_53' title="bbox 618 3966 2186 4047">
     <span class='ocr_line' id='line_1_53' title="bbox 618 3966 2186 4047; baseline 0.007 -25"><span class='ocrx_word' id='word_1_398' title='bbox 618 3967 798 4023; x_wconf 82' lang='lat' dir='ltr'><strong>vobis.</strong></span> <span class='ocrx_word' id='word_1_399' title='bbox 822 3966 888 4023; x_wconf 85' lang='lat' dir='ltr'><strong>Et</strong></span> <span class='ocrx_word' id='word_1_400' title='bbox 912 3984 1013 4039; x_wconf 88' lang='lat' dir='ltr'><strong>ego</strong></span> <span class='ocrx_word' id='word_1_401' title='bbox 1036 3968 1288 4025; x_wconf 87' lang='lat' dir='ltr'><strong>Clemens</strong></span> <span class='ocrx_word' id='word_1_402' title='bbox 1319 3974 1508 4027; x_wconf 90' lang='lat' dir='ltr'><strong>nescio</strong></span> <span class='ocrx_word' id='word_1_403' title='bbox 1550 3973 1679 4044; x_wconf 91' lang='lat' dir='ltr'><strong>quid</strong></span> <span class='ocrx_word' id='word_1_404' title='bbox 1709 3977 1875 4031; x_wconf 86' lang='lat' dir='ltr'><strong>corde</strong></span> <span class='ocrx_word' id='word_1_405' title='bbox 1907 3978 2186 4047; x_wconf 84' lang='lat' dir='ltr'><strong>pulsabar,</strong></span> 
     </span>
    </p>
   </div>
   <div class='ocr_carea' id='block_1_54' title="bbox 618 4059 2187 4133">
    <p class='ocr_par' dir='ltr' id='par_1_54' title="bbox 618 4059 2187 4133">
     <span class='ocr_line' id='line_1_54' title="bbox 618 4059 2187 4133; baseline 0.008 -21"><span class='ocrx_word' id='word_1_406' title='bbox 618 4059 788 4113; x_wconf 89' lang='lat' dir='ltr'><strong>multa</strong></span> <span class='ocrx_word' id='word_1_407' title='bbox 812 4059 970 4129; x_wconf 88' lang='lat' dir='ltr'><strong>quasi</strong></span> <span class='ocrx_word' id='word_1_408' title='bbox 1002 4069 1132 4114; x_wconf 88' lang='lat' dir='ltr'><strong>nota</strong></span> <span class='ocrx_word' id='word_1_409' title='bbox 1178 4061 1311 4115; x_wconf 88' lang='lat' dir='ltr'><strong>mihi</strong></span> <span class='ocrx_word' id='word_1_410' title='bbox 1366 4064 1614 4120; x_wconf 90' lang='lat' dir='ltr'><strong>recolens</strong></span> <span class='ocrx_word' id='word_1_411' title='bbox 1639 4064 1691 4119; x_wconf 92' lang='lat' dir='ltr'><strong>in</strong></span> <span class='ocrx_word' id='word_1_412' title='bbox 1714 4081 1815 4133; x_wconf 90' lang='lat' dir='ltr'><strong>eo;</strong></span> <span class='ocrx_word' id='word_1_413' title='bbox 1862 4067 2000 4122; x_wconf 90' lang='lat' dir='ltr'><strong>bene</strong></span> <span class='ocrx_word' id='word_1_414' title='bbox 2043 4071 2187 4124; x_wconf 90' lang='lat' dir='ltr'><strong>enim</strong></span> 
     </span>
    </p>
   </div>
   <div class='ocr_carea' id='block_1_55' title="bbox 618 4148 2189 4223">
    <p class='ocr_par' dir='ltr' id='par_1_55' title="bbox 618 4148 2189 4223">
     <span class='ocr_line' id='line_1_55' title="bbox 618 4148 2189 4223; baseline 0.008 -20"><span class='ocrx_word' id='word_1_415' title='bbox 618 4148 696 4203; x_wconf 89' lang='lat' dir='ltr'><strong>ait</strong></span> <span class='ocrx_word' id='word_1_416' title='bbox 724 4148 970 4219; x_wconf 89' lang='lat' dir='ltr'><strong>quidam,</strong></span> <span class='ocrx_word' id='word_1_417' title='bbox 1005 4150 1133 4217; x_wconf 78' lang='lat' dir='ltr'><strong>quia</strong></span> <span class='ocrx_word' id='word_1_418' title='bbox 1158 4150 1302 4221; x_wconf 90' lang='lat' dir='ltr'><strong>quod</strong></span> <span class='ocrx_word' id='word_1_419' title='bbox 1326 4168 1389 4205; x_wconf 91' lang='lat' dir='ltr'><strong>ex</strong></span> <span class='ocrx_word' id='word_1_420' title='bbox 1422 4153 1605 4223; x_wconf 89' lang='lat' dir='ltr'><strong>aliquo</strong></span> <span class='ocrx_word' id='word_1_421' title='bbox 1628 4164 1817 4210; x_wconf 87' lang='lat' dir='ltr'><strong>natum</strong></span> <span class='ocrx_word' id='word_1_422' title='bbox 1846 4166 1948 4222; x_wconf 88' lang='lat' dir='ltr'><strong>est,</strong></span> <span class='ocrx_word' id='word_1_423' title='bbox 1974 4160 2189 4215; x_wconf 90' lang='lat' dir='ltr'><strong>etiamsi</strong></span> 
     </span>
    </p>
   </div>
   <div class='ocr_carea' id='block_1_56' title="bbox 619 4243 2191 4316">
    <p class='ocr_par' dir='ltr' id='par_1_56' title="bbox 619 4243 2191 4316">
     <span class='ocr_line' id='line_1_56' title="bbox 619 4243 2191 4316; baseline 0.008 -20"><span class='ocrx_word' id='word_1_424' title='bbox 619 4243 793 4296; x_wconf 87' lang='lat' dir='ltr'><strong>multo</strong></span> <span class='ocrx_word' id='word_1_425' title='bbox 823 4252 1063 4311; x_wconf 87' lang='lat' dir='ltr'><strong>tempore</strong></span> <span class='ocrx_word' id='word_1_426' title='bbox 1104 4244 1364 4307; x_wconf 75' lang='lat' dir='ltr'><strong>abfuerit,</strong></span> <span class='ocrx_word' id='word_1_427' title='bbox 1400 4261 1676 4316; x_wconf 83' lang='lat' dir='ltr'><strong>nunquam</strong></span> <span class='ocrx_word' id='word_1_428' title='bbox 1730 4257 1909 4303; x_wconf 85' lang='lat' dir='ltr'><strong>tamen</strong></span> <span class='ocrx_word' id='word_1_429' title='bbox 1954 4253 2191 4308; x_wconf 89' lang='lat' dir='ltr'><strong>scintilla</strong></span> 
     </span>
    </p>
   </div>
   <div class='ocr_carea' id='block_1_57' title="bbox 619 4335 2190 4417">
    <p class='ocr_par' dir='ltr' id='par_1_57' title="bbox 619 4335 2190 4417">
     <span class='ocr_line' id='line_1_57' title="bbox 619 4335 2190 4417; baseline 0.01 -31"><span class='ocrx_word' id='word_1_430' title='bbox 619 4335 1048 4405; x_wconf 83' lang='lat' dir='ltr'><strong>propinquitatis</strong></span> <span class='ocrx_word' id='word_1_431' title='bbox 1079 4336 1471 4407; x_wconf 80' lang='lat' dir='ltr'><strong>exstinguitur.</strong></span> <span class='ocrx_word' id='word_1_432' title='bbox 1502 4338 1654 4409; x_wconf 66' lang='grc' dir='ltr'><strong>(Σαξρὶ</strong></span> <span class='ocrx_word' id='word_1_433' title='bbox 1686 4356 1817 4412; x_wconf 90' lang='lat' dir='ltr'><strong>ergo</strong></span> <span class='ocrx_word' id='word_1_434' title='bbox 1851 4343 2190 4417; x_wconf 82' lang='lat' dir='ltr'><strong>interrogare</strong></span> 
     </span>
    </p>
   </div>
   <div class='ocr_carea' id='block_1_58' title="bbox 617 4427 2192 4502">
    <p class='ocr_par' dir='ltr' id='par_1_58' title="bbox 617 4427 2192 4502">
     <span class='ocr_line' id='line_1_58' title="bbox 617 4427 2192 4502; baseline 0.009 -21"><span class='ocrx_word' id='word_1_435' title='bbox 617 4427 687 4481; x_wconf 87' lang='lat' dir='ltr'><strong>ab</strong></span> <span class='ocrx_word' id='word_1_436' title='bbox 726 4442 812 4490; x_wconf 87' lang='lat' dir='ltr'><strong>eo,</strong></span> <span class='ocrx_word' id='word_1_437' title='bbox 840 4427 965 4497; x_wconf 89' lang='lat' dir='ltr'><strong>quis</strong></span> <span class='ocrx_word' id='word_1_438' title='bbox 991 4437 1044 4481; x_wconf 92' lang='lat' dir='ltr'><strong>et</strong></span> <span class='ocrx_word' id='word_1_439' title='bbox 1087 4428 1230 4483; x_wconf 91' lang='lat' dir='ltr'><strong>unde</strong></span> <span class='ocrx_word' id='word_1_440' title='bbox 1265 4440 1430 4495; x_wconf 87' lang='lat' dir='ltr'><strong>esset,</strong></span> <span class='ocrx_word' id='word_1_441' title='bbox 1465 4430 1549 4485; x_wconf 88' lang='lat' dir='ltr'><strong>vel</strong></span> <span class='ocrx_word' id='word_1_442' title='bbox 1595 4434 1869 4502; x_wconf 89' lang='lat' dir='ltr'><strong>quomodo</strong></span> <span class='ocrx_word' id='word_1_443' title='bbox 1917 4446 2093 4494; x_wconf 91' lang='lat' dir='ltr'><strong>ortus.</strong></span> <span class='ocrx_word' id='word_1_444' title='bbox 2122 4440 2192 4495; x_wconf 80' lang='lat' dir='ltr'><strong>At</strong></span> 
     </span>
    </p>
   </div>
   <div class='ocr_carea' id='block_1_59' title="bbox 621 4519 2193 4602">
    <p class='ocr_par' dir='ltr' id='par_1_59' title="bbox 621 4519 2193 4602">
     <span class='ocr_line' id='line_1_59' title="bbox 621 4519 2193 4602; baseline 0.008 -29"><span class='ocrx_word' id='word_1_445' title='bbox 621 4520 711 4574; x_wconf 85' lang='lat' dir='ltr'><strong>ille</strong></span> <span class='ocrx_word' id='word_1_446' title='bbox 746 4519 812 4572; x_wconf 91' lang='lat' dir='ltr'><strong>ad</strong></span> <span class='ocrx_word' id='word_1_447' title='bbox 835 4520 949 4574; x_wconf 66' lang='lat' dir='ltr'><strong>haac</strong></span> <span class='ocrx_word' id='word_1_448' title='bbox 974 4520 1306 4591; x_wconf 86' lang='lat' dir='ltr'><strong>respondere</strong></span> <span class='ocrx_word' id='word_1_449' title='bbox 1330 4522 1525 4579; x_wconf 86' lang='lat' dir='ltr'><strong>nolens</strong></span> <span class='ocrx_word' id='word_1_450' title='bbox 1556 4544 1569 4579; x_wconf 91' lang='lat'><strong>:</strong></span> <span class='ocrx_word' id='word_1_451' title='bbox 1605 4525 1770 4593; x_wconf 81' lang='lat' dir='ltr'><strong>Quid,</strong></span> <span class='ocrx_word' id='word_1_452' title='bbox 1806 4528 1901 4593; x_wconf 89' lang='lat' dir='ltr'><strong>ait,</strong></span> <span class='ocrx_word' id='word_1_453' title='bbox 1936 4529 2039 4585; x_wconf 89' lang='lat' dir='ltr'><strong>hoc</strong></span> <span class='ocrx_word' id='word_1_454' title='bbox 2063 4547 2193 4602; x_wconf 91' lang='lat' dir='ltr'><strong>per-</strong></span> 
     </span>
    </p>
   </div>
   <div class='ocr_carea' id='block_1_60' title="bbox 622 4610 2190 4691">
    <p class='ocr_par' dir='ltr' id='par_1_60' title="bbox 622 4610 2190 4691">
     <span class='ocr_line' id='line_1_60' title="bbox 622 4610 2190 4691; baseline 0.008 -24"><span class='ocrx_word' id='word_1_455' title='bbox 622 4612 760 4667; x_wconf 90' lang='lat' dir='ltr'><strong>tinet</strong></span> <span class='ocrx_word' id='word_1_456' title='bbox 785 4610 854 4666; x_wconf 91' lang='lat' dir='ltr'><strong>ad</strong></span> <span class='ocrx_word' id='word_1_457' title='bbox 908 4627 973 4668; x_wconf 88' lang='lat' dir='ltr'><strong>ea</strong></span> <span class='ocrx_word' id='word_1_458' title='bbox 1011 4629 1131 4685; x_wconf 70' lang='lat' dir='ltr'><strong>quae</strong></span> <span class='ocrx_word' id='word_1_459' title='bbox 1160 4614 1273 4668; x_wconf 83' lang='lat' dir='ltr'><strong>dixi</strong></span> <span class='ocrx_word' id='word_1_460' title='bbox 1300 4616 1494 4671; x_wconf 84' lang='lat' dir='ltr'><strong>vobis?</strong></span> <span class='ocrx_word' id='word_1_461' title='bbox 1516 4616 1623 4673; x_wconf 89' lang='lat' dir='ltr'><strong>Sed</strong></span> <span class='ocrx_word' id='word_1_462' title='bbox 1646 4620 1843 4689; x_wconf 87' lang='lat' dir='ltr'><strong>primo,</strong></span> <span class='ocrx_word' id='word_1_463' title='bbox 1876 4622 1922 4676; x_wconf 89' lang='lat' dir='ltr'><strong>si</strong></span> <span class='ocrx_word' id='word_1_464' title='bbox 1956 4624 2190 4691; x_wconf 90' lang='lat' dir='ltr'><strong>videtur,</strong></span> 
     </span>
    </p>
   </div>
   <div class='ocr_carea' id='block_1_61' title="bbox 622 4700 2192 4786">
    <p class='ocr_par' dir='ltr' id='par_1_61' title="bbox 622 4700 2192 4786">
     <span class='ocr_line' id='line_1_61' title="bbox 622 4700 2192 4786; baseline 0.01 -28"><span class='ocrx_word' id='word_1_465' title='bbox 622 4718 806 4758; x_wconf 88' lang='lat' dir='ltr'><strong>sermo</strong></span> <span class='ocrx_word' id='word_1_466' title='bbox 848 4700 919 4759; x_wconf 93' lang='lat' dir='ltr'><strong>de</strong></span> <span class='ocrx_word' id='word_1_467' title='bbox 959 4702 1047 4761; x_wconf 87' lang='lat' dir='ltr'><strong>his</strong></span> <span class='ocrx_word' id='word_1_468' title='bbox 1098 4719 1221 4775; x_wconf 59' lang='lat' dir='ltr'><strong>quae</strong></span> <span class='ocrx_word' id='word_1_469' title='bbox 1248 4709 1638 4777; x_wconf 88' lang='lat' dir='ltr'><strong>proposuimus</strong></span> <span class='ocrx_word' id='word_1_470' title='bbox 1666 4710 1952 4779; x_wconf 88' lang='lat' dir='ltr'><strong>habeatur,</strong></span> <span class='ocrx_word' id='word_1_471' title='bbox 1986 4723 2041 4770; x_wconf 90' lang='lat' dir='ltr'><strong>et</strong></span> <span class='ocrx_word' id='word_1_472' title='bbox 2067 4726 2192 4786; x_wconf 92' lang='lat' dir='ltr'><strong>post</strong></span> 
     </span>
    </p>
   </div>
   <div class='ocr_carea' id='block_1_62' title="bbox 623 4794 2192 4877">
    <p class='ocr_par' dir='ltr' id='par_1_62' title="bbox 623 4794 2192 4877">
     <span class='ocr_line' id='line_1_62' title="bbox 623 4794 2192 4877; baseline 0.011 -31"><span class='ocrx_word' id='word_1_473' title='bbox 623 4794 738 4849; x_wconf 67' lang='lat' dir='ltr'><strong>tuaac</strong></span> <span class='ocrx_word' id='word_1_474' title='bbox 762 4794 808 4849; x_wconf 91' lang='lat' dir='ltr'><strong>si</strong></span> <span class='ocrx_word' id='word_1_475' title='bbox 830 4794 903 4850; x_wconf 87' lang='lat' dir='ltr'><strong>ita</strong></span> <span class='ocrx_word' id='word_1_476' title='bbox 928 4810 1016 4852; x_wconf 90' lang='lat' dir='ltr'><strong>res</strong></span> <span class='ocrx_word' id='word_1_477' title='bbox 1037 4797 1366 4867; x_wconf 87' lang='lat' dir='ltr'><strong>poposcerit,</strong></span> <span class='ocrx_word' id='word_1_478' title='bbox 1390 4815 1588 4856; x_wconf 90' lang='lat' dir='ltr'><strong>nomen</strong></span> <span class='ocrx_word' id='word_1_479' title='bbox 1610 4813 1663 4857; x_wconf 89' lang='lat' dir='ltr'><strong>et</strong></span> <span class='ocrx_word' id='word_1_480' title='bbox 1683 4819 1855 4874; x_wconf 90' lang='lat' dir='ltr'><strong>genus</strong></span> <span class='ocrx_word' id='word_1_481' title='bbox 1873 4821 1937 4860; x_wconf 88' lang='lat' dir='ltr'><strong>ac</strong></span> <span class='ocrx_word' id='word_1_482' title='bbox 1958 4809 2192 4877; x_wconf 86' lang='lat' dir='ltr'><strong>patriam</strong></span> 
     </span>
    </p>
   </div>
   <div class='ocr_carea' id='block_1_63' title="bbox 621 4889 2195 4963">
    <p class='ocr_par' dir='ltr' id='par_1_63' title="bbox 621 4889 2195 4963">
     <span class='ocr_line' id='line_1_63' title="bbox 621 4889 2195 4963; baseline 0.008 -20"><span class='ocrx_word' id='word_1_483' title='bbox 621 4895 673 4943; x_wconf 91' lang='lat' dir='ltr'><strong>et</strong></span> <span class='ocrx_word' id='word_1_484' title='bbox 700 4895 895 4943; x_wconf 83' lang='lat' dir='ltr'><strong>caetera</strong></span> <span class='ocrx_word' id='word_1_485' title='bbox 944 4904 1065 4960; x_wconf 75' lang='lat' dir='ltr'><strong>qua:</strong></span> <span class='ocrx_word' id='word_1_486' title='bbox 1118 4889 1233 4947; x_wconf 68' lang='lat' dir='ltr'><strong>haec</strong></span> <span class='ocrx_word' id='word_1_487' title='bbox 1290 4904 1617 4963; x_wconf 88' lang='lat' dir='ltr'><strong>sequuntur,</strong></span> <span class='ocrx_word' id='word_1_488' title='bbox 1650 4896 1885 4951; x_wconf 89' lang='lat' dir='ltr'><strong>invicem</strong></span> <span class='ocrx_word' id='word_1_489' title='bbox 1928 4900 2086 4955; x_wconf 88' lang='lat' dir='ltr'><strong>nobis</strong></span> <span class='ocrx_word' id='word_1_490' title='bbox 2136 4911 2195 4957; x_wconf 91' lang='lat' dir='ltr'><strong>ut</strong></span> 
     </span>
    </p>
   </div>
   <div class='ocr_carea' id='block_1_64' title="bbox 2292 2413 3747 2488">
    <p class='ocr_par' dir='ltr' id='par_1_64' title="bbox 2292 2413 3747 2488">
     <span class='ocr_line' id='line_1_64' title="bbox 2292 2413 3747 2488; baseline 0.003 -21"><span class='ocrx_word' id='word_1_491' title='bbox 2292 2414 2371 2467; x_wconf 88' lang='lat' dir='ltr'><strong>ait</strong></span> <span class='ocrx_word' id='word_1_492' title='bbox 2405 2434 2418 2467; x_wconf 90' lang='lat'><strong>:</strong></span> <span class='ocrx_word' id='word_1_493' title='bbox 2452 2413 2565 2485; x_wconf 82' lang='lat' dir='ltr'><strong>Ego</strong></span> <span class='ocrx_word' id='word_1_494' title='bbox 2606 2431 2717 2470; x_wconf 89' lang='lat' dir='ltr'><strong>non</strong></span> <span class='ocrx_word' id='word_1_495' title='bbox 2761 2416 2837 2469; x_wconf 88' lang='lat' dir='ltr'><strong>ita</strong></span> <span class='ocrx_word' id='word_1_496' title='bbox 2886 2417 3088 2473; x_wconf 90' lang='lat' dir='ltr'><strong>stultus</strong></span> <span class='ocrx_word' id='word_1_497' title='bbox 3126 2418 3412 2482; x_wconf 88' lang='lat' dir='ltr'><strong>consenui,</strong></span> <span class='ocrx_word' id='word_1_498' title='bbox 3449 2426 3499 2472; x_wconf 93' lang='lat' dir='ltr'><strong>ut</strong></span> <span class='ocrx_word' id='word_1_499' title='bbox 3531 2418 3747 2488; x_wconf 63' lang='lat' dir='ltr'><strong>intelligens</strong></span> 
     </span>
    </p>
   </div>
   <div class='ocr_carea' id='block_1_65' title="bbox 2288 2509 3628 2585">
    <p class='ocr_par' dir='ltr' id='par_1_65' title="bbox 2288 2509 3628 2585">
     <span class='ocr_line' id='line_1_65' title="bbox 2288 2509 3628 2585; baseline 0.004 -22"><span class='ocrx_word' id='word_1_500' title='bbox 2288 2509 2435 2580; x_wconf 92' lang='lat' dir='ltr'><strong>quod</strong></span> <span class='ocrx_word' id='word_1_501' title='bbox 2460 2526 2648 2565; x_wconf 90' lang='lat' dir='ltr'><strong>verum</strong></span> <span class='ocrx_word' id='word_1_502' title='bbox 2678 2520 2785 2580; x_wconf 91' lang='lat' dir='ltr'><strong>est,</strong></span> <span class='ocrx_word' id='word_1_503' title='bbox 2809 2513 3042 2567; x_wconf 87' lang='lat' dir='ltr'><strong>abnuam</strong></span> <span class='ocrx_word' id='word_1_504' title='bbox 3068 2512 3127 2568; x_wconf 91' lang='lat' dir='ltr'><strong>id</strong></span> <span class='ocrx_word' id='word_1_505' title='bbox 3162 2514 3230 2569; x_wconf 87' lang='lat' dir='ltr'><strong>ad</strong></span> <span class='ocrx_word' id='word_1_506' title='bbox 3257 2514 3397 2585; x_wconf 85' lang='lat' dir='ltr'><strong>vulgi</strong></span> <span class='ocrx_word' id='word_1_507' title='bbox 3426 2514 3628 2585; x_wconf 80' lang='lat' dir='ltr'><strong>gratiam.</strong></span> 
     </span>
    </p>
   </div>
   <div class='ocr_carea' id='block_1_66' title="bbox 2360 2601 3745 2675">
    <p class='ocr_par' dir='ltr' id='par_1_66' title="bbox 2360 2601 3745 2675">
     <span class='ocr_line' id='line_1_66' title="bbox 2360 2601 3745 2675; baseline 0.002 -19"><span class='ocrx_word' id='word_1_508' title='bbox 2360 2601 2450 2659; x_wconf 76' lang='grc' dir='ltr'><strong>Ν.</strong></span> <span class='ocrx_word' id='word_1_509' title='bbox 2476 2601 2653 2674; x_wconf 59' lang='lat' dir='ltr'><strong>Coepit</strong></span> <span class='ocrx_word' id='word_1_510' title='bbox 2684 2620 2814 2675; x_wconf 86' lang='lat' dir='ltr'><strong>ergo</strong></span> <span class='ocrx_word' id='word_1_511' title='bbox 2834 2604 3031 2660; x_wconf 83' lang='lat' dir='ltr'><strong>Petrus</strong></span> <span class='ocrx_word' id='word_1_512' title='bbox 3058 2606 3252 2662; x_wconf 92' lang='lat' dir='ltr'><strong>dicere</strong></span> <span class='ocrx_word' id='word_1_513' title='bbox 3284 2623 3298 2659; x_wconf 90' lang='lat'><strong>:</strong></span> <span class='ocrx_word' id='word_1_514' title='bbox 3327 2605 3559 2662; x_wconf 81' lang='lat' dir='ltr'><strong>Videntur</strong></span> <span class='ocrx_word' id='word_1_515' title='bbox 3580 2605 3675 2659; x_wconf 80' lang='lat' dir='ltr'><strong>mihi</strong></span> <span class='ocrx_word' id='word_1_516' title='bbox 3694 2605 3745 2669; x_wconf 79' lang='lat' dir='ltr'><strong>hi,</strong></span> 
     </span>
    </p>
   </div>
   <div class='ocr_carea' id='block_1_67' title="bbox 2288 2696 3748 2771">
    <p class='ocr_par' dir='ltr' id='par_1_67' title="bbox 2288 2696 3748 2771">
     <span class='ocr_line' id='line_1_67' title="bbox 2288 2696 3748 2771; baseline 0.002 -23"><span class='ocrx_word' id='word_1_517' title='bbox 2288 2697 2379 2766; x_wconf 92' lang='lat' dir='ltr'><strong>qui</strong></span> <span class='ocrx_word' id='word_1_518' title='bbox 2421 2696 2723 2766; x_wconf 86' lang='lat' dir='ltr'><strong>loquuntur</strong></span> <span class='ocrx_word' id='word_1_519' title='bbox 2757 2698 2985 2753; x_wconf 89' lang='lat' dir='ltr'><strong>verbum</strong></span> <span class='ocrx_word' id='word_1_520' title='bbox 3029 2699 3290 2758; x_wconf 84' lang='lat' dir='ltr'><strong>veritatis</strong></span> <span class='ocrx_word' id='word_1_521' title='bbox 3334 2706 3384 2756; x_wconf 92' lang='lat' dir='ltr'><strong>et</strong></span> <span class='ocrx_word' id='word_1_522' title='bbox 3416 2700 3496 2771; x_wconf 87' lang='lat' dir='ltr'><strong>qui</strong></span> <span class='ocrx_word' id='word_1_523' title='bbox 3529 2698 3748 2753; x_wconf 83' lang='lat' dir='ltr'><strong>illuminant</strong></span> 
     </span>
    </p>
   </div>
   <div class='ocr_carea' id='block_1_68' title="bbox 2290 2788 3746 2859">
    <p class='ocr_par' dir='ltr' id='par_1_68' title="bbox 2290 2788 3746 2859">
     <span class='ocr_line' id='line_1_68' title="bbox 2290 2788 3746 2859; baseline 0 -18"><span class='ocrx_word' id='word_1_524' title='bbox 2290 2788 2504 2842; x_wconf 89' lang='lat' dir='ltr'><strong>animas</strong></span> <span class='ocrx_word' id='word_1_525' title='bbox 2545 2788 2853 2853; x_wconf 89' lang='lat' dir='ltr'><strong>hominum,</strong></span> <span class='ocrx_word' id='word_1_526' title='bbox 2897 2789 3107 2845; x_wconf 89' lang='lat' dir='ltr'><strong>similes</strong></span> <span class='ocrx_word' id='word_1_527' title='bbox 3144 2807 3271 2847; x_wconf 91' lang='lat' dir='ltr'><strong>esse</strong></span> <span class='ocrx_word' id='word_1_528' title='bbox 3300 2790 3457 2846; x_wconf 89' lang='lat' dir='ltr'><strong>radiis</strong></span> <span class='ocrx_word' id='word_1_529' title='bbox 3482 2792 3600 2852; x_wconf 86' lang='lat' dir='ltr'><strong>solis.</strong></span> <span class='ocrx_word' id='word_1_530' title='bbox 3623 2790 3746 2859; x_wconf 87' lang='lat' dir='ltr'><strong>quiut</strong></span> 
     </span>
    </p>
   </div>
   <div class='ocr_carea' id='block_1_69' title="bbox 2290 2881 3745 2950">
    <p class='ocr_par' dir='ltr' id='par_1_69' title="bbox 2290 2881 3745 2950">
     <span class='ocr_line' id='line_1_69' title="bbox 2290 2881 3745 2950; baseline -0.001 -17"><span class='ocrx_word' id='word_1_531' title='bbox 2290 2881 2659 2950; x_wconf 89' lang='lat' dir='ltr'><strong>processerint</strong></span> <span class='ocrx_word' id='word_1_532' title='bbox 2678 2888 2734 2935; x_wconf 88' lang='lat' dir='ltr'><strong>et</strong></span> <span class='ocrx_word' id='word_1_533' title='bbox 2761 2882 3118 2950; x_wconf 89' lang='lat' dir='ltr'><strong>apparuerint</strong></span> <span class='ocrx_word' id='word_1_534' title='bbox 3148 2884 3376 2949; x_wconf 90' lang='lat' dir='ltr'><strong>mundo,</strong></span> <span class='ocrx_word' id='word_1_535' title='bbox 3408 2884 3542 2939; x_wconf 83' lang='lat' dir='ltr'><strong>celari</strong></span> <span class='ocrx_word' id='word_1_536' title='bbox 3563 2884 3661 2936; x_wconf 84' lang='lat' dir='ltr'><strong>ultra</strong></span> <span class='ocrx_word' id='word_1_537' title='bbox 3677 2888 3745 2933; x_wconf 85' lang='lat' dir='ltr'><strong>aut</strong></span> 
     </span>
    </p>
   </div>
   <div class='ocr_carea' id='block_1_70' title="bbox 2288 2974 3745 3045">
    <p class='ocr_par' dir='ltr' id='par_1_70' title="bbox 2288 2974 3745 3045">
     <span class='ocr_line' id='line_1_70' title="bbox 2288 2974 3745 3045; baseline -0.001 -18"><span class='ocrx_word' id='word_1_538' title='bbox 2288 2974 2555 3028; x_wconf 85' lang='lat' dir='ltr'><strong>occultari</strong></span> <span class='ocrx_word' id='word_1_539' title='bbox 2582 2974 2898 3030; x_wconf 90' lang='lat' dir='ltr'><strong>nullatenus</strong></span> <span class='ocrx_word' id='word_1_540' title='bbox 2933 2984 3191 3045; x_wconf 88' lang='lat' dir='ltr'><strong>possunt,</strong></span> <span class='ocrx_word' id='word_1_541' title='bbox 3233 2976 3361 3031; x_wconf 91' lang='lat' dir='ltr'><strong>dum</strong></span> <span class='ocrx_word' id='word_1_542' title='bbox 3391 2992 3483 3031; x_wconf 91' lang='lat' dir='ltr'><strong>non</strong></span> <span class='ocrx_word' id='word_1_543' title='bbox 3505 2986 3582 3029; x_wconf 86' lang='lat' dir='ltr'><strong>tam</strong></span> <span class='ocrx_word' id='word_1_544' title='bbox 3604 2974 3745 3029; x_wconf 77' lang='lat' dir='ltr'><strong>viden-</strong></span> 
     </span>
    </p>
   </div>
   <div class='ocr_carea' id='block_1_71' title="bbox 2291 3065 3742 3136">
    <p class='ocr_par' dir='ltr' id='par_1_71' title="bbox 2291 3065 3742 3136">
     <span class='ocr_line' id='line_1_71' title="bbox 2291 3065 3742 3136; baseline 0.001 -18"><span class='ocrx_word' id='word_1_545' title='bbox 2291 3073 2381 3119; x_wconf 90' lang='lat' dir='ltr'><strong>tur</strong></span> <span class='ocrx_word' id='word_1_546' title='bbox 2400 3065 2469 3119; x_wconf 87' lang='lat' dir='ltr'><strong>ab</strong></span> <span class='ocrx_word' id='word_1_547' title='bbox 2493 3065 2827 3131; x_wconf 84' lang='lat' dir='ltr'><strong>hominibus,</strong></span> <span class='ocrx_word' id='word_1_548' title='bbox 2859 3080 3025 3136; x_wconf 88' lang='lat' dir='ltr'><strong>qnatn</strong></span> <span class='ocrx_word' id='word_1_549' title='bbox 3064 3066 3260 3122; x_wconf 83' lang='lat' dir='ltr'><strong>videre</strong></span> <span class='ocrx_word' id='word_1_550' title='bbox 3291 3068 3515 3122; x_wconf 88' lang='lat' dir='ltr'><strong>omnibus</strong></span> <span class='ocrx_word' id='word_1_551' title='bbox 3542 3071 3742 3135; x_wconf 76' lang='lat' dir='ltr'><strong>praestant.</strong></span> 
     </span>
    </p>
   </div>
   <div class='ocr_carea' id='block_1_72' title="bbox 2291 3156 3747 3228">
    <p class='ocr_par' dir='ltr' id='par_1_72' title="bbox 2291 3156 3747 3228">
     <span class='ocr_line' id='line_1_72' title="bbox 2291 3156 3747 3228; baseline -0.001 -17"><span class='ocrx_word' id='word_1_552' title='bbox 2291 3156 2449 3213; x_wconf 86' lang='lat' dir='ltr'><strong>Unde</strong></span> <span class='ocrx_word' id='word_1_553' title='bbox 2497 3166 2551 3212; x_wconf 84' lang='lat' dir='ltr'><strong>et</strong></span> <span class='ocrx_word' id='word_1_554' title='bbox 2605 3157 2745 3212; x_wconf 78' lang='lat' dir='ltr'><strong>bene</strong></span> <span class='ocrx_word' id='word_1_555' title='bbox 2793 3172 2823 3210; x_wconf 89' lang='lat' dir='ltr'><strong>a</strong></span> <span class='ocrx_word' id='word_1_556' title='bbox 2871 3158 3110 3228; x_wconf 86' lang='lat' dir='ltr'><strong>quodam</strong></span> <span class='ocrx_word' id='word_1_557' title='bbox 3155 3160 3364 3214; x_wconf 91' lang='lat' dir='ltr'><strong>dictum</strong></span> <span class='ocrx_word' id='word_1_558' title='bbox 3410 3168 3485 3215; x_wconf 88' lang='lat' dir='ltr'><strong>est</strong></span> <span class='ocrx_word' id='word_1_559' title='bbox 3507 3158 3555 3211; x_wconf 80' lang='lat' dir='ltr'><strong>ad</strong></span> <span class='ocrx_word' id='word_1_560' title='bbox 3574 3156 3747 3211; x_wconf 71' lang='lat' dir='ltr'><strong>veritatis</strong></span> 
     </span>
    </p>
   </div>
   <div class='ocr_carea' id='block_1_73' title="bbox 2290 3247 3747 3321">
    <p class='ocr_par' dir='ltr' id='par_1_73' title="bbox 2290 3247 3747 3321">
     <span class='ocr_line' id='line_1_73' title="bbox 2290 3247 3747 3321; baseline -0.003 -18"><span class='ocrx_word' id='word_1_561' title='bbox 2290 3265 2571 3321; x_wconf 65' lang='lat' dir='ltr'><strong>praecones</strong></span> <span class='ocrx_word' id='word_1_562' title='bbox 2602 3264 2619 3300; x_wconf 73' lang='grc' dir='ltr'>ε</span> <span class='ocrx_word' id='word_1_563' title='bbox 2664 3248 2761 3304; x_wconf 78' lang='lat' dir='ltr'><strong>Vos</strong></span> <span class='ocrx_word' id='word_1_564' title='bbox 2790 3250 2917 3303; x_wconf 85' lang='lat' dir='ltr'><strong>estis</strong></span> <span class='ocrx_word' id='word_1_565' title='bbox 2948 3249 3042 3302; x_wconf 74' lang='lat' dir='ltr'><strong>lux</strong></span> <span class='ocrx_word' id='word_1_566' title='bbox 3081 3252 3293 3315; x_wconf 79' lang='lat' dir='ltr'><strong>mundi,</strong></span> <span class='ocrx_word' id='word_1_567' title='bbox 3325 3261 3374 3306; x_wconf 79' lang='lat' dir='ltr'><strong>et</strong></span> <span class='ocrx_word' id='word_1_568' title='bbox 3412 3269 3499 3306; x_wconf 76' lang='lat' dir='ltr'><strong>non</strong></span> <span class='ocrx_word' id='word_1_569' title='bbox 3521 3258 3642 3319; x_wconf 74' lang='lat' dir='ltr'><strong>potest</strong></span> <span class='ocrx_word' id='word_1_570' title='bbox 3659 3247 3747 3300; x_wconf 70' lang='lat' dir='ltr'><strong>ciri-</strong></span> 
     </span>
    </p>
   </div>
   <div class='ocr_carea' id='block_1_74' title="bbox 2290 3335 3742 3412">
    <p class='ocr_par' dir='ltr' id='par_1_74' title="bbox 2290 3335 3742 3412">
     <span class='ocr_line' id='line_1_74' title="bbox 2290 3335 3742 3412; baseline -0.003 -19"><span class='ocrx_word' id='word_1_571' title='bbox 2290 3350 2373 3395; x_wconf 82' lang='lat' dir='ltr'><strong>tas</strong></span> <span class='ocrx_word' id='word_1_572' title='bbox 2411 3340 2664 3394; x_wconf 81' lang='lat' dir='ltr'><strong>abscondi</strong></span> <span class='ocrx_word' id='word_1_573' title='bbox 2694 3357 2856 3409; x_wconf 80' lang='lat' dir='ltr'><strong>supra</strong></span> <span class='ocrx_word' id='word_1_574' title='bbox 2887 3351 3111 3395; x_wconf 84' lang='lat' dir='ltr'><strong>montem</strong></span> <span class='ocrx_word' id='word_1_575' title='bbox 3156 3344 3352 3411; x_wconf 79' lang='lat' dir='ltr'><strong>posita,</strong></span> <span class='ocrx_word' id='word_1_576' title='bbox 3382 3357 3523 3412; x_wconf 72' lang='lat' dir='ltr'><strong>neque</strong></span> <span class='ocrx_word' id='word_1_577' title='bbox 3546 3335 3742 3392; x_wconf 65' lang='lat' dir='ltr'><strong>accendant</strong></span> 
     </span>
    </p>
   </div>
   <div class='ocr_carea' id='block_1_75' title="bbox 2291 3433 3745 3502">
    <p class='ocr_par' dir='ltr' id='par_1_75' title="bbox 2291 3433 3745 3502">
     <span class='ocr_line' id='line_1_75' title="bbox 2291 3433 3745 3502; baseline -0.002 -15"><span class='ocrx_word' id='word_1_578' title='bbox 2291 3433 2563 3487; x_wconf 86' lang='lat' dir='ltr'><strong>lucernam</strong></span> <span class='ocrx_word' id='word_1_579' title='bbox 2603 3443 2651 3487; x_wconf 86' lang='lat' dir='ltr'><strong>et</strong></span> <span class='ocrx_word' id='word_1_580' title='bbox 2682 3443 2885 3502; x_wconf 72' lang='lat' dir='ltr'><strong>ponunt</strong></span> <span class='ocrx_word' id='word_1_581' title='bbox 2913 3450 3031 3487; x_wconf 89' lang='lat' dir='ltr'><strong>eam</strong></span> <span class='ocrx_word' id='word_1_582' title='bbox 3060 3435 3163 3487; x_wconf 81' lang='lat' dir='ltr'><strong>sub</strong></span> <span class='ocrx_word' id='word_1_583' title='bbox 3194 3435 3390 3501; x_wconf 84' lang='lat' dir='ltr'><strong>modio,</strong></span> <span class='ocrx_word' id='word_1_584' title='bbox 3422 3433 3500 3489; x_wconf 76' lang='lat' dir='ltr'><strong>sed</strong></span> <span class='ocrx_word' id='word_1_585' title='bbox 3528 3446 3640 3497; x_wconf 64' lang='lat' dir='ltr'><strong>super</strong></span> <span class='ocrx_word' id='word_1_586' title='bbox 3658 3444 3745 3480; x_wconf 78' lang='lat' dir='ltr'><strong>m-</strong></span> 
     </span>
    </p>
   </div>
   <div class='ocr_carea' id='block_1_76' title="bbox 2289 3516 3751 3599">
    <p class='ocr_par' dir='ltr' id='par_1_76' title="bbox 2289 3516 3751 3599">
     <span class='ocr_line' id='line_1_76' title="bbox 2289 3516 3751 3599; baseline -0.005 -21"><span class='ocrx_word' id='word_1_587' title='bbox 2289 3525 2565 3581; x_wconf 84' lang='lat' dir='ltr'><strong>delabrum</strong></span> <span class='ocrx_word' id='word_1_588' title='bbox 2598 3537 2655 3580; x_wconf 72' lang='lat' dir='ltr'><strong>ait</strong></span> <span class='ocrx_word' id='word_1_589' title='bbox 2688 3526 2929 3581; x_wconf 84' lang='lat' dir='ltr'><strong>omnibus</strong></span> <span class='ocrx_word' id='word_1_590' title='bbox 2974 3528 3145 3581; x_wconf 81' lang='lat' dir='ltr'><strong>luceat</strong></span> <span class='ocrx_word' id='word_1_591' title='bbox 3182 3530 3274 3599; x_wconf 81' lang='lat' dir='ltr'><strong>qui</strong></span> <span class='ocrx_word' id='word_1_592' title='bbox 3306 3529 3357 3581; x_wconf 82' lang='lat' dir='ltr'><strong>in</strong></span> <span class='ocrx_word' id='word_1_593' title='bbox 3382 3527 3518 3580; x_wconf 84' lang='lat' dir='ltr'><strong>domo</strong></span> <span class='ocrx_word' id='word_1_594' title='bbox 3537 3516 3751 3577; x_wconf 74' lang='lat' dir='ltr'><strong>tuat“.£t</strong></span> 
     </span>
    </p>
   </div>
   <div class='ocr_carea' id='block_1_77' title="bbox 2292 3614 3751 3691">
    <p class='ocr_par' dir='ltr' id='par_1_77' title="bbox 2292 3614 3751 3691">
     <span class='ocr_line' id='line_1_77' title="bbox 2292 3614 3751 3691; baseline -0.008 -16"><span class='ocrx_word' id='word_1_595' title='bbox 2292 3635 2455 3675; x_wconf 88' lang='lat' dir='ltr'><strong>senex</strong></span> <span class='ocrx_word' id='word_1_596' title='bbox 2491 3618 2676 3675; x_wconf 88' lang='lat' dir='ltr'><strong>:Bene</strong></span> <span class='ocrx_word' id='word_1_597' title='bbox 2711 3619 2868 3674; x_wconf 85' lang='lat' dir='ltr'><strong>valde</strong></span> <span class='ocrx_word' id='word_1_598' title='bbox 2902 3620 3062 3683; x_wconf 89' lang='lat' dir='ltr'><strong>dixit,</strong></span> <span class='ocrx_word' id='word_1_599' title='bbox 3088 3622 3345 3691; x_wconf 89' lang='lat' dir='ltr'><strong>quisquis</strong></span> <span class='ocrx_word' id='word_1_600' title='bbox 3374 3621 3456 3675; x_wconf 92' lang='lat' dir='ltr'><strong>ille</strong></span> <span class='ocrx_word' id='word_1_601' title='bbox 3474 3626 3564 3674; x_wconf 86' lang='lat' dir='ltr'><strong>est.</strong></span> <span class='ocrx_word' id='word_1_602' title='bbox 3595 3614 3751 3669; x_wconf 75' lang='lat' dir='ltr'><strong>Sedet-</strong></span> 
     </span>
    </p>
   </div>
   <div class='ocr_carea' id='block_1_78' title="bbox 2291 3701 3752 3785">
    <p class='ocr_par' dir='ltr' id='par_1_78' title="bbox 2291 3701 3752 3785">
     <span class='ocr_line' id='line_1_78' title="bbox 2291 3701 3752 3785; baseline -0.008 -21"><span class='ocrx_word' id='word_1_603' title='bbox 2291 3719 2458 3781; x_wconf 91' lang='lat' dir='ltr'><strong>ponat</strong></span> <span class='ocrx_word' id='word_1_604' title='bbox 2513 3711 2716 3781; x_wconf 89' lang='lat' dir='ltr'><strong>aliquis</strong></span> <span class='ocrx_word' id='word_1_605' title='bbox 2744 3722 3010 3785; x_wconf 65' lang='lat' dir='ltr'><strong>vestrum,</strong></span> <span class='ocrx_word' id='word_1_606' title='bbox 3040 3716 3191 3783; x_wconf 87' lang='lat' dir='ltr'><strong>quod</strong></span> <span class='ocrx_word' id='word_1_607' title='bbox 3225 3714 3325 3768; x_wconf 90' lang='lat' dir='ltr'><strong>sibi</strong></span> <span class='ocrx_word' id='word_1_608' title='bbox 3354 3708 3633 3781; x_wconf 83' lang='lat' dir='ltr'><strong>sequendum</strong></span> <span class='ocrx_word' id='word_1_609' title='bbox 3653 3701 3752 3755; x_wconf 74' lang='lat' dir='ltr'><strong>vidc-</strong></span> 
     </span>
    </p>
   </div>
   <div class='ocr_carea' id='block_1_79' title="bbox 2290 3803 3755 3873">
    <p class='ocr_par' dir='ltr' id='par_1_79' title="bbox 2290 3803 3755 3873">
     <span class='ocr_line' id='line_1_79' title="bbox 2290 3803 3755 3873; baseline -0.006 -16"><span class='ocrx_word' id='word_1_610' title='bbox 2290 3816 2401 3866; x_wconf 63' lang='grc' dir='ltr'><strong>ιιι.</strong></span> <span class='ocrx_word' id='word_1_611' title='bbox 2428 3812 2486 3858; x_wconf 91' lang='lat' dir='ltr'><strong>ut</strong></span> <span class='ocrx_word' id='word_1_612' title='bbox 2508 3803 2577 3857; x_wconf 88' lang='lat' dir='ltr'><strong>ad</strong></span> <span class='ocrx_word' id='word_1_613' title='bbox 2613 3811 2821 3858; x_wconf 90' lang='lat' dir='ltr'><strong>certum</strong></span> <span class='ocrx_word' id='word_1_614' title='bbox 2852 3812 3208 3873; x_wconf 88' lang='lat' dir='ltr'><strong>prospectum</strong></span> <span class='ocrx_word' id='word_1_615' title='bbox 3234 3804 3526 3859; x_wconf 87' lang='lat' dir='ltr'><strong>emittamus</strong></span> <span class='ocrx_word' id='word_1_616' title='bbox 3553 3806 3755 3855; x_wconf 79' lang='lat' dir='ltr'><strong>sermones</strong></span> 
     </span>
    </p>
   </div>
   <div class='ocr_carea' id='block_1_80' title="bbox 2289 3890 3749 3951">
    <p class='ocr_par' dir='ltr' id='par_1_80' title="bbox 2289 3890 3749 3951">
     <span class='ocr_line' id='line_1_80' title="bbox 2289 3890 3749 3951; baseline -0.009 -1"><span class='ocrx_word' id='word_1_617' title='bbox 2289 3906 2533 3951; x_wconf 87' lang='lat' dir='ltr'><strong>nostros.</strong></span> <span class='ocrx_word' id='word_1_618' title='bbox 2571 3894 2689 3949; x_wconf 86' lang='lat' dir='ltr'><strong>Non</strong></span> <span class='ocrx_word' id='word_1_619' title='bbox 2725 3897 2870 3949; x_wconf 88' lang='lat' dir='ltr'><strong>enim</strong></span> <span class='ocrx_word' id='word_1_620' title='bbox 2902 3895 3097 3950; x_wconf 85' lang='lat' dir='ltr'><strong>sullicit</strong></span> <span class='ocrx_word' id='word_1_621' title='bbox 3128 3897 3200 3950; x_wconf 89' lang='lat' dir='ltr'><strong>ad</strong></span> <span class='ocrx_word' id='word_1_622' title='bbox 3234 3893 3579 3950; x_wconf 86' lang='lat' dir='ltr'><strong>inveniendam</strong></span> <span class='ocrx_word' id='word_1_623' title='bbox 3606 3890 3749 3944; x_wconf 74' lang='lat' dir='ltr'><strong>verita-</strong></span> 
     </span>
    </p>
   </div>
   <div class='ocr_carea' id='block_1_81' title="bbox 2291 3978 3754 4058">
    <p class='ocr_par' dir='ltr' id='par_1_81' title="bbox 2291 3978 3754 4058">
     <span class='ocr_line' id='line_1_81' title="bbox 2291 3978 3754 4058; baseline -0.009 -13"><span class='ocrx_word' id='word_1_624' title='bbox 2291 3999 2397 4045; x_wconf 92' lang='lat' dir='ltr'><strong>tem</strong></span> <span class='ocrx_word' id='word_1_625' title='bbox 2424 3988 2707 4043; x_wconf 88' lang='lat' dir='ltr'><strong>destruere</strong></span> <span class='ocrx_word' id='word_1_626' title='bbox 2750 4002 2836 4051; x_wconf 86' lang='lat' dir='ltr'><strong>ea,</strong></span> <span class='ocrx_word' id='word_1_627' title='bbox 2870 4004 2992 4058; x_wconf 67' lang='lat' dir='ltr'><strong>qua:</strong></span> <span class='ocrx_word' id='word_1_628' title='bbox 3023 4002 3054 4042; x_wconf 89' lang='lat' dir='ltr'><strong>e</strong></span> <span class='ocrx_word' id='word_1_629' title='bbox 3081 3986 3306 4044; x_wconf 85' lang='lat' dir='ltr'><strong>diverso</strong></span> <span class='ocrx_word' id='word_1_630' title='bbox 3347 3987 3592 4045; x_wconf 89' lang='lat' dir='ltr'><strong>dicuntur,</strong></span> <span class='ocrx_word' id='word_1_631' title='bbox 3616 3978 3686 4036; x_wconf 86' lang='lat' dir='ltr'><strong>sed</strong></span> <span class='ocrx_word' id='word_1_632' title='bbox 3716 3981 3754 4029; x_wconf 64' lang='lat' dir='ltr'><strong>et</strong></span> 
     </span>
    </p>
   </div>
   <div class='ocr_carea' id='block_1_82' title="bbox 2292 4069 3753 4153">
    <p class='ocr_par' dir='ltr' id='par_1_82' title="bbox 2292 4069 3753 4153">
     <span class='ocr_line' id='line_1_82' title="bbox 2292 4069 3753 4153; baseline -0.01 -17"><span class='ocrx_word' id='word_1_633' title='bbox 2292 4082 2471 4153; x_wconf 91' lang='lat' dir='ltr'><strong>ipsum</strong></span> <span class='ocrx_word' id='word_1_634' title='bbox 2509 4079 2757 4150; x_wconf 77' lang='lat' dir='ltr'><strong>proferre</strong></span> <span class='ocrx_word' id='word_1_635' title='bbox 2809 4082 2864 4133; x_wconf 92' lang='lat' dir='ltr'><strong>in</strong></span> <span class='ocrx_word' id='word_1_636' title='bbox 2903 4080 3165 4143; x_wconf 87' lang='lat' dir='ltr'><strong>medium,</strong></span> <span class='ocrx_word' id='word_1_637' title='bbox 3200 4081 3342 4149; x_wconf 87' lang='lat' dir='ltr'><strong>quod</strong></span> <span class='ocrx_word' id='word_1_638' title='bbox 3385 4078 3536 4149; x_wconf 88' lang='lat' dir='ltr'><strong>possit</strong></span> <span class='ocrx_word' id='word_1_639' title='bbox 3566 4069 3753 4145; x_wconf 86' lang='lat' dir='ltr'><strong>quiedi-</strong></span> 
     </span>
    </p>
   </div>
   <div class='ocr_carea' id='block_1_83' title="bbox 2292 4168 3751 4243">
    <p class='ocr_par' dir='ltr' id='par_1_83' title="bbox 2292 4168 3751 4243">
     <span class='ocr_line' id='line_1_83' title="bbox 2292 4168 3751 4243; baseline -0.007 -15"><span class='ocrx_word' id='word_1_640' title='bbox 2292 4187 2455 4228; x_wconf 86' lang='lat' dir='ltr'><strong>verso</strong></span> <span class='ocrx_word' id='word_1_641' title='bbox 2500 4180 2586 4226; x_wconf 90' lang='lat' dir='ltr'><strong>cst</strong></span> <span class='ocrx_word' id='word_1_642' title='bbox 2639 4172 2980 4241; x_wconf 84' lang='lat' dir='ltr'><strong>impugnare.</strong></span> <span class='ocrx_word' id='word_1_643' title='bbox 3040 4170 3111 4226; x_wconf 87' lang='lat' dir='ltr'><strong>Ut</strong></span> <span class='ocrx_word' id='word_1_644' title='bbox 3153 4189 3288 4243; x_wconf 84' lang='lat' dir='ltr'><strong>ergo</strong></span> <span class='ocrx_word' id='word_1_645' title='bbox 3343 4172 3548 4242; x_wconf 88' lang='lat' dir='ltr'><strong>partium</strong></span> <span class='ocrx_word' id='word_1_646' title='bbox 3570 4168 3625 4222; x_wconf 87' lang='lat' dir='ltr'><strong>sit</strong></span> <span class='ocrx_word' id='word_1_647' title='bbox 3647 4174 3751 4232; x_wconf 68' lang='lat' dir='ltr'><strong>aqua</strong></span> 
     </span>
    </p>
   </div>
   <div class='ocr_carea' id='block_1_84' title="bbox 2291 4250 3752 4331">
    <p class='ocr_par' dir='ltr' id='par_1_84' title="bbox 2291 4250 3752 4331">
     <span class='ocr_line' id='line_1_84' title="bbox 2291 4250 3752 4331; baseline -0.003 -15"><span class='ocrx_word' id='word_1_648' title='bbox 2291 4262 2633 4331; x_wconf 85' lang='lat' dir='ltr'><strong>congressio,</strong></span> <span class='ocrx_word' id='word_1_649' title='bbox 2678 4269 2885 4316; x_wconf 86' lang='lat' dir='ltr'><strong>rectum</strong></span> <span class='ocrx_word' id='word_1_650' title='bbox 2932 4261 3063 4315; x_wconf 87' lang='lat' dir='ltr'><strong>mihi</strong></span> <span class='ocrx_word' id='word_1_651' title='bbox 3131 4263 3346 4317; x_wconf 88' lang='lat' dir='ltr'><strong>videtur</strong></span> <span class='ocrx_word' id='word_1_652' title='bbox 3395 4269 3445 4315; x_wconf 91' lang='lat' dir='ltr'><strong>ut</strong></span> <span class='ocrx_word' id='word_1_653' title='bbox 3487 4260 3634 4329; x_wconf 86' lang='lat' dir='ltr'><strong>prius,</strong></span> <span class='ocrx_word' id='word_1_654' title='bbox 3666 4250 3752 4321; x_wconf 70' lang='lat' dir='ltr'><strong>quid</strong></span> 
     </span>
    </p>
   </div>
   <div class='ocr_carea' id='block_1_85' title="bbox 2292 4348 3751 4423">
    <p class='ocr_par' dir='ltr' id='par_1_85' title="bbox 2292 4348 3751 4423">
     <span class='ocr_line' id='line_1_85' title="bbox 2292 4348 3751 4423; baseline -0.003 -13"><span class='ocrx_word' id='word_1_655' title='bbox 2292 4363 2525 4423; x_wconf 82' lang='lat' dir='ltr'><strong>uterque</strong></span> <span class='ocrx_word' id='word_1_656' title='bbox 2573 4360 2824 4409; x_wconf 88' lang='lat' dir='ltr'><strong>nostrum</strong></span> <span class='ocrx_word' id='word_1_657' title='bbox 2865 4352 3147 4419; x_wconf 82' lang='lat' dir='ltr'><strong>defendat,</strong></span> <span class='ocrx_word' id='word_1_658' title='bbox 3181 4354 3449 4420; x_wconf 88' lang='lat' dir='ltr'><strong>enuntiet;</strong></span> <span class='ocrx_word' id='word_1_659' title='bbox 3471 4360 3518 4407; x_wconf 90' lang='lat' dir='ltr'><strong>et</strong></span> <span class='ocrx_word' id='word_1_660' title='bbox 3550 4351 3587 4405; x_wconf 88' lang='lat' dir='ltr'><strong>si</strong></span> <span class='ocrx_word' id='word_1_661' title='bbox 3617 4348 3751 4418; x_wconf 57' lang='lat' dir='ltr'><strong>plied.</strong></span> 
     </span>
    </p>
   </div>
   <div class='ocr_carea' id='block_1_86' title="bbox 2285 4434 3750 4517">
    <p class='ocr_par' dir='ltr' id='par_1_86' title="bbox 2285 4434 3750 4517">
     <span class='ocr_line' id='line_1_86' title="bbox 2285 4434 3750 4517; baseline -0.021 1"><span class='ocrx_word' id='word_1_662' title='bbox 2285 4447 2401 4517; x_wconf 60' lang='lat' dir='ltr'><strong>ipse</strong></span> <span class='ocrx_word' id='word_1_663' title='bbox 2425 4449 2633 4516; x_wconf 66' lang='lat' dir='ltr'><strong>Primus</strong></span> <span class='ocrx_word' id='word_1_664' title='bbox 2657 4449 2933 4517; x_wconf 86' lang='lat' dir='ltr'><strong>incipiam.</strong></span> <span class='ocrx_word' id='word_1_665' title='bbox 2966 4447 3078 4516; x_wconf 79' lang='lat' dir='ltr'><strong>Ego</strong></span> <span class='ocrx_word' id='word_1_666' title='bbox 3103 4449 3249 4514; x_wconf 80' lang='lat' dir='ltr'><strong>dico,</strong></span> <span class='ocrx_word' id='word_1_667' title='bbox 3289 4464 3391 4503; x_wconf 90' lang='lat' dir='ltr'><strong>non</strong></span> <span class='ocrx_word' id='word_1_668' title='bbox 3417 4443 3663 4502; x_wconf 84' lang='lat' dir='ltr'><strong>secundum</strong></span> <span class='ocrx_word' id='word_1_669' title='bbox 3690 4434 3750 4487; x_wconf 77' lang='lat' dir='ltr'><strong>Dei</strong></span> 
     </span>
    </p>
   </div>
   <div class='ocr_carea' id='block_1_87' title="bbox 2284 4532 3753 4625">
    <p class='ocr_par' dir='ltr' id='par_1_87' title="bbox 2284 4532 3753 4625">
     <span class='ocr_line' id='line_1_87' title="bbox 2284 4532 3753 4625; baseline -0.004 -32"><span class='ocrx_word' id='word_1_670' title='bbox 2284 4540 2676 4609; x_wconf 72' lang='lat' dir='ltr'><strong>providentiam</strong></span> <span class='ocrx_word' id='word_1_671' title='bbox 2713 4542 3001 4611; x_wconf 86' lang='lat' dir='ltr'><strong>gubernari</strong></span> <span class='ocrx_word' id='word_1_672' title='bbox 3040 4542 3323 4607; x_wconf 86' lang='lat' dir='ltr'><strong>mundum,</strong></span> <span class='ocrx_word' id='word_1_673' title='bbox 3352 4544 3467 4608; x_wconf 85' lang='lat' dir='ltr'><strong>quia</strong></span> <span class='ocrx_word' id='word_1_674' title='bbox 3490 4534 3627 4590; x_wconf 77' lang='lat' dir='ltr'><strong>niulta</strong></span> <span class='ocrx_word' id='word_1_675' title='bbox 3650 4532 3688 4582; x_wconf 87' lang='lat' dir='ltr'><strong>in</strong></span> <span class='ocrx_word' id='word_1_676' title='bbox 3705 4540 3753 4625; x_wconf 57' lang='lat' dir='ltr'><strong>to</strong></span> 
     </span>
    </p>
   </div>
   <div class='ocr_carea' id='block_1_88' title="bbox 2285 4626 3751 4696">
    <p class='ocr_par' dir='ltr' id='par_1_88' title="bbox 2285 4626 3751 4696">
     <span class='ocr_line' id='line_1_88' title="bbox 2285 4626 3751 4696; baseline 0.004 -18"><span class='ocrx_word' id='word_1_677' title='bbox 2285 4626 2485 4694; x_wconf 85' lang='lat' dir='ltr'><strong>injuste</strong></span> <span class='ocrx_word' id='word_1_678' title='bbox 2534 4635 2589 4682; x_wconf 86' lang='lat' dir='ltr'><strong>ct</strong></span> <span class='ocrx_word' id='word_1_679' title='bbox 2636 4628 2942 4683; x_wconf 84' lang='lat' dir='ltr'><strong>inordinate</strong></span> <span class='ocrx_word' id='word_1_680' title='bbox 2995 4628 3107 4696; x_wconf 89' lang='lat' dir='ltr'><strong>geri</strong></span> <span class='ocrx_word' id='word_1_681' title='bbox 3147 4630 3413 4693; x_wconf 88' lang='lat' dir='ltr'><strong>videmus,</strong></span> <span class='ocrx_word' id='word_1_682' title='bbox 3448 4626 3527 4681; x_wconf 88' lang='lat' dir='ltr'><strong>sed</strong></span> <span class='ocrx_word' id='word_1_683' title='bbox 3581 4628 3751 4691; x_wconf 62' lang='grc'><strong>80³⁸⁵⁸⁸³</strong></span> 
     </span>
    </p>
   </div>
   <div class='ocr_carea' id='block_1_89' title="bbox 2281 4717 3459 4790">
    <p class='ocr_par' dir='ltr' id='par_1_89' title="bbox 2281 4717 3459 4790">
     <span class='ocr_line' id='line_1_89' title="bbox 2281 4717 3459 4790; baseline 0 -17"><span class='ocrx_word' id='word_1_684' title='bbox 2281 4717 2404 4773; x_wconf 81' lang='lat' dir='ltr'><strong>dico</strong></span> <span class='ocrx_word' id='word_1_685' title='bbox 2436 4734 2577 4785; x_wconf 86' lang='lat' dir='ltr'><strong>esse,</strong></span> <span class='ocrx_word' id='word_1_686' title='bbox 2613 4735 2735 4789; x_wconf 67' lang='lat' dir='ltr'><strong>qua:</strong></span> <span class='ocrx_word' id='word_1_687' title='bbox 2763 4720 2946 4775; x_wconf 84' lang='lat' dir='ltr'><strong>omnia</strong></span> <span class='ocrx_word' id='word_1_688' title='bbox 2979 4720 3088 4790; x_wconf 87' lang='lat' dir='ltr'><strong>agit</strong></span> <span class='ocrx_word' id='word_1_689' title='bbox 3118 4730 3173 4776; x_wconf 92' lang='lat' dir='ltr'><strong>et</strong></span> <span class='ocrx_word' id='word_1_690' title='bbox 3205 4721 3459 4775; x_wconf 86' lang='lat' dir='ltr'><strong>continet.</strong></span> 
     </span>
    </p>
   </div>
   <div class='ocr_carea' id='block_1_90' title="bbox 2366 4802 3753 4884">
    <p class='ocr_par' dir='ltr' id='par_1_90' title="bbox 2366 4802 3753 4884">
     <span class='ocr_line' id='line_1_90' title="bbox 2366 4802 3753 4884; baseline -0.009 -17"><span class='ocrx_word' id='word_1_691' title='bbox 2366 4812 2431 4870; x_wconf 86' lang='lat' dir='ltr'><strong>V.</strong></span> <span class='ocrx_word' id='word_1_692' title='bbox 2472 4813 2554 4868; x_wconf 87' lang='lat' dir='ltr'><strong>Ad</strong></span> <span class='ocrx_word' id='word_1_693' title='bbox 2576 4814 2693 4869; x_wconf 63' lang='lat' dir='ltr'><strong>haec</strong></span> <span class='ocrx_word' id='word_1_694' title='bbox 2712 4829 2837 4869; x_wconf 90' lang='lat' dir='ltr'><strong>cum</strong></span> <span class='ocrx_word' id='word_1_695' title='bbox 2863 4812 3060 4870; x_wconf 87' lang='lat' dir='ltr'><strong>Petrus</strong></span> <span class='ocrx_word' id='word_1_696' title='bbox 3094 4814 3420 4884; x_wconf 85' lang='lat' dir='ltr'><strong>respondere</strong></span> <span class='ocrx_word' id='word_1_697' title='bbox 3443 4810 3594 4867; x_wconf 81' lang='lat' dir='ltr'><strong>vellet,</strong></span> <span class='ocrx_word' id='word_1_698' title='bbox 3625 4802 3753 4857; x_wconf 65' lang='lat' dir='ltr'><strong>Niceti</strong></span> 
     </span>
    </p>
   </div>
   <div class='ocr_carea' id='block_1_91' title="bbox 2294 4891 3755 4976">
    <p class='ocr_par' dir='ltr' id='par_1_91' title="bbox 2294 4891 3755 4976">
     <span class='ocr_line' id='line_1_91' title="bbox 2294 4891 3755 4976; baseline -0.009 -18"><span class='ocrx_word' id='word_1_699' title='bbox 2294 4904 2632 4973; x_wconf 65' lang='lat' dir='ltr'><strong>praeveniens</strong></span> <span class='ocrx_word' id='word_1_700' title='bbox 2657 4906 2733 4959; x_wconf 90' lang='lat' dir='ltr'><strong>ait</strong></span> <span class='ocrx_word' id='word_1_701' title='bbox 2764 4925 2776 4960; x_wconf 92' lang='lat'><strong>:</strong></span> <span class='ocrx_word' id='word_1_702' title='bbox 2816 4906 3097 4976; x_wconf 84' lang='lat' dir='ltr'><strong>indulgeat</strong></span> <span class='ocrx_word' id='word_1_703' title='bbox 3126 4906 3260 4960; x_wconf 84' lang='lat' dir='ltr'><strong>mihi</strong></span> <span class='ocrx_word' id='word_1_704' title='bbox 3298 4904 3530 4960; x_wconf 85' lang='lat' dir='ltr'><strong>dominus</strong></span> <span class='ocrx_word' id='word_1_705' title='bbox 3557 4891 3755 4952; x_wconf 80' lang='lat' dir='ltr'><strong>meusPe-</strong></span> 
     </span>
    </p>
   </div>
   <div class='ocr_carea' id='block_1_92' title="bbox 622 4978 3755 5068">
    <p class='ocr_par' dir='ltr' id='par_1_92' title="bbox 622 4978 3755 5068">
     <span class='ocr_line' id='line_1_92' title="bbox 622 4978 3755 5068; baseline 0.005 -36"><span class='ocrx_word' id='word_1_706' title='bbox 622 4978 783 5033; x_wconf 89' lang='lat' dir='ltr'><strong>amici</strong></span> <span class='ocrx_word' id='word_1_707' title='bbox 807 4980 999 5036; x_wconf 90' lang='lat' dir='ltr'><strong>amicis</strong></span> <span class='ocrx_word' id='word_1_708' title='bbox 1031 4984 1333 5052; x_wconf 90' lang='lat' dir='ltr'><strong>poterimus</strong></span> <span class='ocrx_word' id='word_1_709' title='bbox 1365 4986 1599 5055; x_wconf 88' lang='lat' dir='ltr'><strong>aperire.</strong></span> <span class='ocrx_word' id='word_1_710' title='bbox 1637 4986 1973 5044; x_wconf 84' lang='lat' dir='ltr'><strong>Mirabamur</strong></span> <span class='ocrx_word' id='word_1_711' title='bbox 2003 4998 2185 5047; x_wconf 89' lang='lat' dir='ltr'><strong>tamen</strong></span> <span class='ocrx_word' id='word_1_712' title='bbox 2220 5013 2263 5067; x_wconf 74' lang='grc' dir='ltr'><strong>ι)</strong></span> <span class='ocrx_word' id='word_1_713' title='bbox 2294 5005 2411 5052; x_wconf 90' lang='lat' dir='ltr'><strong>trus</strong></span> <span class='ocrx_word' id='word_1_714' title='bbox 2441 4997 2507 5051; x_wconf 91' lang='lat' dir='ltr'><strong>ad</strong></span> <span class='ocrx_word' id='word_1_715' title='bbox 2539 4997 2653 5052; x_wconf 70' lang='lat' dir='ltr'><strong>haec</strong></span> <span class='ocrx_word' id='word_1_716' title='bbox 2682 4999 3029 5068; x_wconf 89' lang='lat' dir='ltr'><strong>respondere,</strong></span> <span class='ocrx_word' id='word_1_717' title='bbox 3055 5007 3109 5053; x_wconf 92' lang='lat' dir='ltr'><strong>et</strong></span> <span class='ocrx_word' id='word_1_718' title='bbox 3134 5015 3246 5053; x_wconf 88' lang='lat' dir='ltr'><strong>non</strong></span> <span class='ocrx_word' id='word_1_719' title='bbox 3288 4998 3513 5053; x_wconf 86' lang='lat' dir='ltr'><strong>videatur</strong></span> <span class='ocrx_word' id='word_1_720' title='bbox 3526 4996 3755 5062; x_wconf 61' lang='lat' dir='ltr'><strong>promtum</strong></span> 
     </span>
    </p>
   </div>
   <div class='ocr_carea' id='block_1_93' title="bbox 623 5070 2188 5159">
    <p class='ocr_par' dir='ltr' id='par_1_93' title="bbox 623 5070 2188 5150">
     <span class='ocr_line' id='line_1_93' title="bbox 623 5070 2188 5150; baseline 0.01 -28"><span class='ocrx_word' id='word_1_721' title='bbox 623 5083 815 5125; x_wconf 88' lang='lat' dir='ltr'><strong>omnes</strong></span> <span class='ocrx_word' id='word_1_722' title='bbox 871 5070 1240 5141; x_wconf 88' lang='lat' dir='ltr'><strong>eloquentiam</strong></span> <span class='ocrx_word' id='word_1_723' title='bbox 1303 5074 1438 5138; x_wconf 80' lang='lat' dir='ltr'><strong>viri,</strong></span> <span class='ocrx_word' id='word_1_724' title='bbox 1493 5084 1547 5132; x_wconf 91' lang='lat' dir='ltr'><strong>et</strong></span> <span class='ocrx_word' id='word_1_725' title='bbox 1598 5079 1919 5150; x_wconf 83' lang='lat' dir='ltr'><strong>gravitatem</strong></span> <span class='ocrx_word' id='word_1_726' title='bbox 1974 5097 2188 5137; x_wconf 87' lang='lat' dir='ltr'><strong>morum</strong></span> 
     </span>
    </p>
   </div>
   <div class='ocr_carea' id='block_1_94' title="bbox 623 5158 2049 5235">
    <p class='ocr_par' dir='ltr' id='par_1_94' title="bbox 623 5158 2049 5235">
     <span class='ocr_line' id='line_1_94' title="bbox 623 5158 2049 5235; baseline 0.013 -22"><span class='ocrx_word' id='word_1_727' title='bbox 623 5160 1185 5235; x_wconf 81' lang='lat' dir='ltr'><strong>tranquillitatemque</strong></span> <span class='ocrx_word' id='word_1_728' title='bbox 1214 5166 1509 5223; x_wconf 88' lang='lat' dir='ltr'><strong>sermonis.</strong></span> <span class='ocrx_word' id='word_1_729' title='bbox 2039 5158 2049 5165; x_wconf 66' lang='grc'><em>’</em></span> 
     </span>
    </p>
   </div>
   <div class='ocr_carea' id='block_1_95' title="bbox 696 5251 2193 5324">
    <p class='ocr_par' dir='ltr' id='par_1_95' title="bbox 696 5251 2193 5324">
     <span class='ocr_line' id='line_1_95' title="bbox 696 5251 2193 5324; baseline 0.014 -20"><span class='ocrx_word' id='word_1_730' title='bbox 696 5251 785 5307; x_wconf 88' lang='lat' dir='ltr'><strong>llt.</strong></span> <span class='ocrx_word' id='word_1_731' title='bbox 826 5252 1023 5310; x_wconf 73' lang='lat' dir='ltr'><strong>Petrus</strong></span> <span class='ocrx_word' id='word_1_732' title='bbox 1069 5263 1251 5312; x_wconf 89' lang='lat' dir='ltr'><strong>autem</strong></span> <span class='ocrx_word' id='word_1_733' title='bbox 1319 5258 1523 5313; x_wconf 90' lang='lat' dir='ltr'><strong>sensim</strong></span> <span class='ocrx_word' id='word_1_734' title='bbox 1573 5263 1992 5321; x_wconf 90' lang='lat' dir='ltr'><strong>sermocinando</strong></span> <span class='ocrx_word' id='word_1_735' title='bbox 2043 5266 2193 5324; x_wconf 88' lang='lat' dir='ltr'><strong>ince-</strong></span> 
     </span>
    </p>
   </div>
   <div class='ocr_carea' id='block_1_96' title="bbox 624 5342 2193 5427">
    <p class='ocr_par' dir='ltr' id='par_1_96' title="bbox 624 5342 2193 5427">
     <span class='ocr_line' id='line_1_96' title="bbox 624 5342 2193 5427; baseline 0.01 -32"><span class='ocrx_word' id='word_1_736' title='bbox 624 5342 784 5407; x_wconf 85' lang='lat' dir='ltr'><strong>dens,</strong></span> <span class='ocrx_word' id='word_1_737' title='bbox 815 5351 1182 5417; x_wconf 83' lang='lat' dir='ltr'><strong>opportunum</strong></span> <span class='ocrx_word' id='word_1_738' title='bbox 1230 5347 1297 5403; x_wconf 90' lang='lat' dir='ltr'><strong>ad</strong></span> <span class='ocrx_word' id='word_1_739' title='bbox 1347 5349 1767 5421; x_wconf 87' lang='lat' dir='ltr'><strong>colloquendum</strong></span> <span class='ocrx_word' id='word_1_740' title='bbox 1817 5356 2082 5427; x_wconf 86' lang='lat' dir='ltr'><strong>prospicit</strong></span> <span class='ocrx_word' id='word_1_741' title='bbox 2111 5358 2193 5411; x_wconf 90' lang='lat' dir='ltr'><strong>lo-</strong></span> 
     </span>
    </p>
   </div>
   <div class='ocr_carea' id='block_1_97' title="bbox 622 5436 2189 5517">
    <p class='ocr_par' dir='ltr' id='par_1_97' title="bbox 622 5436 2189 5517">
     <span class='ocr_line' id='line_1_97' title="bbox 622 5436 2189 5517; baseline 0.012 -30"><span class='ocrx_word' id='word_1_742' title='bbox 622 5452 772 5489; x_wconf 89' lang='lat' dir='ltr'><strong>cum.</strong></span> <span class='ocrx_word' id='word_1_743' title='bbox 806 5436 875 5492; x_wconf 88' lang='lat' dir='ltr'><strong>Et</strong></span> <span class='ocrx_word' id='word_1_744' title='bbox 914 5453 1038 5493; x_wconf 91' lang='lat' dir='ltr'><strong>cum</strong></span> <span class='ocrx_word' id='word_1_745' title='bbox 1078 5440 1407 5510; x_wconf 90' lang='lat' dir='ltr'><strong>pervidisset</strong></span> <span class='ocrx_word' id='word_1_746' title='bbox 1442 5443 1600 5513; x_wconf 87' lang='lat' dir='ltr'><strong>juxta</strong></span> <span class='ocrx_word' id='word_1_747' title='bbox 1641 5455 1858 5517; x_wconf 87' lang='lat' dir='ltr'><strong>portum</strong></span> <span class='ocrx_word' id='word_1_748' title='bbox 1908 5465 2189 5507; x_wconf 87' lang='lat' dir='ltr'><strong>recessum</strong></span> 
     </span>
    </p>
   </div>
   <div class='ocr_carea' id='block_1_98' title="bbox 624 5527 2195 5614">
    <p class='ocr_par' dir='ltr' id='par_1_98' title="bbox 624 5527 2195 5614">
     <span class='ocr_line' id='line_1_98' title="bbox 624 5527 2195 5614; baseline 0.012 -35"><span class='ocrx_word' id='word_1_749' title='bbox 624 5527 916 5597; x_wconf 79' lang='lat' dir='ltr'><strong>quemdam</strong></span> <span class='ocrx_word' id='word_1_750' title='bbox 952 5541 1247 5598; x_wconf 90' lang='lat' dir='ltr'><strong>secretum,</strong></span> <span class='ocrx_word' id='word_1_751' title='bbox 1288 5535 1528 5594; x_wconf 89' lang='lat' dir='ltr'><strong>residere</strong></span> <span class='ocrx_word' id='word_1_752' title='bbox 1578 5554 1679 5597; x_wconf 89' lang='lat' dir='ltr'><strong>nos</strong></span> <span class='ocrx_word' id='word_1_753' title='bbox 1722 5540 1870 5610; x_wconf 81' lang='lat' dir='ltr'><strong>fecit,</strong></span> <span class='ocrx_word' id='word_1_754' title='bbox 1900 5549 1954 5598; x_wconf 92' lang='lat' dir='ltr'><strong>et</strong></span> <span class='ocrx_word' id='word_1_755' title='bbox 1979 5542 2052 5598; x_wconf 90' lang='lat' dir='ltr'><strong>ita</strong></span> <span class='ocrx_word' id='word_1_756' title='bbox 2083 5543 2195 5614; x_wconf 84' lang='lat' dir='ltr'><strong>pri-</strong></span> 
     </span>
    </p>
   </div>
   <div class='ocr_carea' id='block_1_99' title="bbox 702 5711 1295 5784">
    <p class='ocr_par' dir='ltr' id='par_1_99' title="bbox 702 5711 1295 5784">
     <span class='ocr_line' id='line_1_99' title="bbox 702 5711 1295 5784; baseline 0.015 -19"><span class='ocrx_word' id='word_1_757' title='bbox 702 5712 744 5740; x_wconf 76' lang='grc' dir='ltr'><strong>υ</strong></span> <span class='ocrx_word' id='word_1_758' title='bbox 780 5711 968 5768; x_wconf 73' lang='lat' dir='ltr'><strong>Matth.</strong></span> <span class='ocrx_word' id='word_1_759' title='bbox 1012 5733 1061 5781; x_wconf 79' lang='grc' dir='ltr'><strong>ν,</strong></span> <span class='ocrx_word' id='word_1_760' title='bbox 1096 5715 1295 5784; x_wconf 60' lang='lat'><strong>14,15.</strong></span> 
     </span>
    </p>
   </div>
   <div class='ocr_carea' id='block_1_100' title="bbox 2110 5772 2201 5795">
    <p class='ocr_par' dir='ltr' id='par_1_100' title="bbox 2110 5772 2201 5795">
     <span class='ocr_line' id='line_1_100' title="bbox 2110 5772 2201 5795; baseline 0 -4"><span class='ocrx_word' id='word_1_761' title='bbox 2110 5772 2201 5795; x_wconf 50' lang='grc' dir='ltr'><strong>μδ</strong></span> 
     </span>
    </p>
   </div>
   <div class='ocr_carea' id='block_1_101' title="bbox 2291 5074 3757 5160">
    <p class='ocr_par' dir='ltr' id='par_1_101' title="bbox 2291 5074 3757 5160">
     <span class='ocr_line' id='line_1_101' title="bbox 2291 5074 3757 5160; baseline -0.004 -18"><span class='ocrx_word' id='word_1_762' title='bbox 2291 5088 2436 5160; x_wconf 89' lang='lat' dir='ltr'><strong>quod</strong></span> <span class='ocrx_word' id='word_1_763' title='bbox 2460 5089 2681 5159; x_wconf 85' lang='lat' dir='ltr'><strong>juvenis</strong></span> <span class='ocrx_word' id='word_1_764' title='bbox 2711 5106 2834 5146; x_wconf 89' lang='lat' dir='ltr'><strong>cum</strong></span> <span class='ocrx_word' id='word_1_765' title='bbox 2878 5106 3007 5146; x_wconf 89' lang='lat' dir='ltr'><strong>sene</strong></span> <span class='ocrx_word' id='word_1_766' title='bbox 3048 5090 3356 5146; x_wconf 67' lang='lat' dir='ltr'><strong>conﬂictuum</strong></span> <span class='ocrx_word' id='word_1_767' title='bbox 3386 5088 3601 5144; x_wconf 86' lang='lat' dir='ltr'><strong>habeam,</strong></span> <span class='ocrx_word' id='word_1_768' title='bbox 3628 5074 3697 5133; x_wconf 71' lang='lat' dir='ltr'><strong>sed</strong></span> <span class='ocrx_word' id='word_1_769' title='bbox 3721 5078 3757 5125; x_wconf 75' lang='grc' dir='ltr'><strong>ιιι</strong></span> 
     </span>
    </p>
   </div>
   <div class='ocr_carea' id='block_1_102' title="bbox 2295 5167 3754 5263">
    <p class='ocr_par' dir='ltr' id='par_1_102' title="bbox 2295 5167 3754 5263">
     <span class='ocr_line' id='line_1_102' title="bbox 2295 5167 3754 5263; baseline -0.009 -28"><span class='ocrx_word' id='word_1_770' title='bbox 2295 5181 2439 5235; x_wconf 86' lang='lat' dir='ltr'><strong>lilius</strong></span> <span class='ocrx_word' id='word_1_771' title='bbox 2482 5196 2606 5235; x_wconf 89' lang='lat' dir='ltr'><strong>cum</strong></span> <span class='ocrx_word' id='word_1_772' title='bbox 2651 5189 2806 5252; x_wconf 92' lang='lat' dir='ltr'><strong>patre</strong></span> <span class='ocrx_word' id='word_1_773' title='bbox 2833 5183 3135 5253; x_wconf 86' lang='lat' dir='ltr'><strong>colloquar.</strong></span> <span class='ocrx_word' id='word_1_774' title='bbox 3173 5182 3237 5235; x_wconf 88' lang='lat' dir='ltr'><strong>Et</strong></span> <span class='ocrx_word' id='word_1_775' title='bbox 3272 5196 3432 5237; x_wconf 90' lang='lat' dir='ltr'><strong>senex</strong></span> <span class='ocrx_word' id='word_1_776' title='bbox 3465 5196 3477 5232; x_wconf 88' lang='lat'><strong>:</strong></span> <span class='ocrx_word' id='word_1_777' title='bbox 3505 5174 3602 5229; x_wconf 75' lang='lat' dir='ltr'><strong>Non</strong></span> <span class='ocrx_word' id='word_1_778' title='bbox 3634 5167 3754 5263; x_wconf 62' lang='lat' dir='ltr'><strong>solut”</strong></span> 
     </span>
    </p>
   </div>
   <div class='ocr_carea' id='block_1_103' title="bbox 2295 5266 3752 5345">
    <p class='ocr_par' dir='ltr' id='par_1_103' title="bbox 2295 5266 3752 5345">
     <span class='ocr_line' id='line_1_103' title="bbox 2295 5266 3752 5345; baseline -0.005 -19"><span class='ocrx_word' id='word_1_779' title='bbox 2295 5279 2377 5334; x_wconf 92' lang='lat' dir='ltr'><strong>tu,</strong></span> <span class='ocrx_word' id='word_1_780' title='bbox 2429 5272 2629 5342; x_wconf 90' lang='lat' dir='ltr'><strong>inquit,</strong></span> <span class='ocrx_word' id='word_1_781' title='bbox 2671 5273 2769 5335; x_wconf 81' lang='lat' dir='ltr'><strong>ﬁli,</strong></span> <span class='ocrx_word' id='word_1_782' title='bbox 2821 5274 2965 5345; x_wconf 92' lang='lat' dir='ltr'><strong>quod</strong></span> <span class='ocrx_word' id='word_1_783' title='bbox 3018 5275 3115 5329; x_wconf 88' lang='lat' dir='ltr'><strong>tibi</strong></span> <span class='ocrx_word' id='word_1_784' title='bbox 3164 5273 3374 5329; x_wconf 84' lang='lat' dir='ltr'><strong>videtur</strong></span> <span class='ocrx_word' id='word_1_785' title='bbox 3402 5279 3453 5325; x_wconf 91' lang='lat' dir='ltr'><strong>ut</strong></span> <span class='ocrx_word' id='word_1_786' title='bbox 3493 5266 3752 5339; x_wconf 67' lang='lat' dir='ltr'><strong>prosequi&quot;s</strong></span> 
     </span>
    </p>
   </div>
   <div class='ocr_carea' id='block_1_104' title="bbox 2294 5349 3752 5437">
    <p class='ocr_par' dir='ltr' id='par_1_104' title="bbox 2294 5349 3752 5437">
     <span class='ocr_line' id='line_1_104' title="bbox 2294 5349 3752 5437; baseline -0.01 -18"><span class='ocrx_word' id='word_1_787' title='bbox 2294 5365 2439 5429; x_wconf 86' lang='lat' dir='ltr'><strong>volo,</strong></span> <span class='ocrx_word' id='word_1_788' title='bbox 2473 5364 2571 5420; x_wconf 88' lang='lat' dir='ltr'><strong>sed</strong></span> <span class='ocrx_word' id='word_1_789' title='bbox 2610 5375 2663 5421; x_wconf 90' lang='lat' dir='ltr'><strong>et</strong></span> <span class='ocrx_word' id='word_1_790' title='bbox 2686 5367 2734 5421; x_wconf 89' lang='lat' dir='ltr'><strong>si</strong></span> <span class='ocrx_word' id='word_1_791' title='bbox 2766 5368 2860 5437; x_wconf 89' lang='lat' dir='ltr'><strong>qui</strong></span> <span class='ocrx_word' id='word_1_792' title='bbox 2900 5383 2965 5423; x_wconf 88' lang='lat' dir='ltr'><strong>ex</strong></span> <span class='ocrx_word' id='word_1_793' title='bbox 3000 5366 3282 5421; x_wconf 86' lang='lat' dir='ltr'><strong>sodalibus</strong></span> <span class='ocrx_word' id='word_1_794' title='bbox 3318 5364 3440 5427; x_wconf 87' lang='lat' dir='ltr'><strong>tuis,</strong></span> <span class='ocrx_word' id='word_1_795' title='bbox 3471 5360 3513 5416; x_wconf 89' lang='lat' dir='ltr'><strong>si</strong></span> <span class='ocrx_word' id='word_1_796' title='bbox 3540 5354 3617 5426; x_wconf 87' lang='lat' dir='ltr'><strong>qui</strong></span> <span class='ocrx_word' id='word_1_797' title='bbox 3641 5349 3752 5405; x_wconf 69' lang='lat' dir='ltr'><strong>etilli</strong></span> 
     </span>
    </p>
   </div>
   <div class='ocr_carea' id='block_1_105' title="bbox 2297 5445 3748 5535">
    <p class='ocr_par' dir='ltr' id='par_1_105' title="bbox 2297 5445 3748 5535">
     <span class='ocr_line' id='line_1_105' title="bbox 2297 5445 3748 5535; baseline -0.001 -26"><span class='ocrx_word' id='word_1_798' title='bbox 2297 5454 2366 5510; x_wconf 86' lang='lat' dir='ltr'><strong>de</strong></span> <span class='ocrx_word' id='word_1_799' title='bbox 2399 5456 2703 5513; x_wconf 83' lang='lat' dir='ltr'><strong>astantibus</strong></span> <span class='ocrx_word' id='word_1_800' title='bbox 2749 5456 2965 5512; x_wconf 85' lang='lat' dir='ltr'><strong>videtur</strong></span> <span class='ocrx_word' id='word_1_801' title='bbox 3004 5457 3147 5512; x_wconf 86' lang='lat' dir='ltr'><strong>scire</strong></span> <span class='ocrx_word' id='word_1_802' title='bbox 3196 5452 3420 5525; x_wconf 86' lang='lat' dir='ltr'><strong>aliquid,</strong></span> <span class='ocrx_word' id='word_1_803' title='bbox 3465 5445 3748 5535; x_wconf 51' lang='grc' dir='ltr'><strong>ἱηευηοιξηιςί</strong></span> 
     </span>
    </p>
   </div>
   <div class='ocr_carea' id='block_1_106' title="bbox 2302 5531 3747 5620">
    <p class='ocr_par' dir='ltr' id='par_1_106' title="bbox 2302 5531 3747 5620">
     <span class='ocr_line' id='line_1_106' title="bbox 2302 5531 3747 5620; baseline -0.006 -19"><span class='ocrx_word' id='word_1_804' title='bbox 2302 5548 2562 5618; x_wconf 81' lang='lat' dir='ltr'><strong>proferat,</strong></span> <span class='ocrx_word' id='word_1_805' title='bbox 2603 5550 2835 5606; x_wconf 86' lang='lat' dir='ltr'><strong>libenter</strong></span> <span class='ocrx_word' id='word_1_806' title='bbox 2873 5550 3202 5620; x_wconf 87' lang='lat' dir='ltr'><strong>accipimus;</strong></span> <span class='ocrx_word' id='word_1_807' title='bbox 3250 5545 3456 5603; x_wconf 89' lang='lat' dir='ltr'><strong>collatio</strong></span> <span class='ocrx_word' id='word_1_808' title='bbox 3488 5539 3608 5598; x_wconf 87' lang='lat' dir='ltr'><strong>enim</strong></span> <span class='ocrx_word' id='word_1_809' title='bbox 3637 5531 3747 5606; x_wconf 71' lang='grc' dir='ltr'><strong>ριιιη·</strong></span> 
     </span>
    </p>
   </div>
  </div>
