4030 6342
274 358 411 415 1373

1464 346 2028 407 RECOGNITIONUM
2069 349 2199 402 LIB.
2244 348 2276 406 ν
2289 346 2373 403 Ill.

3372 347 3513 405 1574

268 488 483 528 tuorum
522 470 735 527 facilius
760 485 823 526 ea
862 484 981 540 quae
1011 468 1331 540 ignorantur
1356 466 1593 521 inveniet
1616 463 1681 519 ".
1704 463 1842 517 Tum
1871 467 1919 524 Α
1951 463 2103 531 prius
2142 463 2344 524 dicere.
2391 461 2505 518 sive
2532 461 2636 517 hoc
2680 462 2854 534 magis
2886 461 3063 533 placet
3089 471 3147 519 ut
3173 477 3275 536 ego
3305 463 3511 529 dicam,

268 564 401 634 erg'o
435 561 624 618 Niceta
672 563 998 632 respondit:
1029 559 1148 615 Non
1205 576 1291 615 me
1337 558 1610 621 aestimes,
1653 555 1841 622 Pater,

267 663 478 713 temere
516 656 735 723 fecisse,
782 655 931 727 quod
986 654 1194 710 inserui
1242 669 1328 708 me
1370 650 1716 708 sermonibus
1744 649 1843 703 do-

265 749 407 803 mini
454 748 559 804 mei
607 747 774 808 Petri.
808 747 905 803 sed
951 747 1127 817 magis
1165 761 1266 817 pro
1320 745 1530 800 honore
1576 744 1698 813 ejus
1738 743 1844 798 hoc

266 840 401 893 mihi
434 839 612 895 facere
638 840 794 894 visus
824 853 968 895 sum.
1004 836 1181 893 Homo
1212 837 1359 893 enim
1389 834 1486 893 Dei
1511 845 1616 899 est,
1647 836 1843 907 plenus

180 956 187 963 ο
264 932 437 987 totius
470 931 733 995 scientiae,
770 945 933 1000 quem
955 944 1026 984 ne
1048 928 1235 983 Graeca
1256 926 1474 999 quidem
1502 927 1632 981 latet
1659 926 1841 982 erudi-

264 1025 364 1088 tio,
395 1024 526 1094 quia
561 1022 769 1093 Spiritu
800 1021 895 1077 Dei
923 1022 1164 1093 repletus
1194 1030 1277 1077 est
1313 1036 1475 1092 quem
1507 1019 1644 1075 nihil
1687 1020 1839 1075 latet.

263 1116 373 1173 Sed
409 1118 539 1188 quia
568 1118 670 1187 ipsi
712 1118 778 1173 de
805 1117 1123 1172 ocelestibus
1152 1116 1303 1186 loqui
1328 1115 1609 1179 convenit,
1643 1130 1745 1186 ego
1774 1113 1843 1169 de

260 1212 349 1268 his
375 1228 502 1282 quae
536 1211 603 1266 ad
635 1209 949 1266 Graecorum
994 1208 1384 1279 loquacitatem
1421 1206 1717 1279 pertinent,
1752 1221 1843 1261 re-

258 1304 569 1374 spondebo.
625 1300 822 1357 Postea
876 1314 1007 1355 vero
1049 1314 1214 1369 quam
1258 1312 1288 1351 a
1322 1296 1481 1350 nobis
1525 1294 1840 1353 Gmcorum

256 1407 415 1447 more
464 1390 628 1445 fuerit
673 1390 1034 1459 disputatum,
1071 1396 1234 1459 atque
1272 1386 1339 1441 ad
1380 1386 1433 1441 id
1474 1393 1719 1451 ventum,
1750 1386 1841 1441 ubi

254 1483 445 1538 exitus
486 1483 671 1537 nullus
718 1486 998 1551 appareat,
1050 1486 1181 1533 tunc
1232 1478 1348 1549 ipse
1402 1478 1562 1548 quasi
1612 1477 1841 1533 scientia

256 1574 357 1629 Dei
391 1575 658 1644 repletus,
708 1581 896 1644 aperte
942 1582 997 1628 et
1043 1571 1285 1627 dilucide
1315 1585 1497 1626 rerum
1528 1570 1688 1626 nobis
1723 1585 1842 1625 om-

254 1670 415 1723 nium
456 1665 746 1737 patefaciet
787 1666 1096 1731 veritatem,
1129 1674 1328 1719 utnon
1357 1665 1540 1719 solum
1585 1678 1708 1727 nos,
1743 1663 1840 1718 sed

252 1771 311 1817 et
343 1774 543 1816 omnes
577 1759 669 1831 qui
704 1768 904 1830 praesto
956 1767 1085 1813 sunt
1126 1756 1431 1821 auditores,
1464 1757 1605 1810 viam
1638 1756 1839 1810 verita-

251 1853 330 1907 tis
364 1829 693 1922 agnoscant.
714 1829 791 1903 VEt
830 1849 951 1905 ideo
990 1864 1138 1903 nunc
1169 1848 1285 1919 ipse
1322 1848 1481 1918 quasi
1510 1847 1717 1902 arbiter
1745 1862 1835 1902 se-
1871 1829 1911 1884 Β

253 1944 411 2006 deat,
450 1951 509 1996 ut
548 1957 673 1996 cum
723 1957 866 1995 unus
897 1940 1096 2011 aliquis
1126 1955 1194 1994 ex
1226 1939 1386 1994 nobis
1418 1940 1670 2004 cesserit,
1705 1946 1837 1993 tunc

251 2035 377 2106 ipse
403 2035 712 2104 suscipiens
744 2031 1105 2086 indubitatam
1138 2032 1464 2086 sententiam
1499 2029 1657 2085 ferat.

330 2126 422 2182 Vl.
469 2125 591 2180 llaec
628 2140 753 2179 cum
802 2125 1033 2179 dixisset
1070 2121 1280 2185 Niceta,
1329 2121 1385 2175 hi
1433 2121 1526 2192 qui
1574 2134 1841 2176 convene-

251 2225 384 2274 rant
436 2218 581 2272 inter
622 2217 944 2286 semetipsos
982 2214 1437 2285 colloquebantur
1478 2231 1492 2269 :
1538 2212 1710 2268 llicne
1756 2220 1840 2267 est

251 2310 347 2364 ille
392 2324 557 2378 quem
600 2305 955 2362 audiebamus
1004 2303 1221 2369 Petrus,
1255 2304 1401 2359 illius
1434 2304 1527 2375 qui
1566 2303 1619 2357 in
1651 2301 1835 2357 Iudaea

250 2402 511 2471 apparuit
542 2408 598 2456 et
634 2399 790 2469 signa
833 2413 897 2452 ac
936 2396 1165 2451 virtutes
1194 2395 1459 2465 plurimas
1488 2394 1639 2460 fecit,
1671 2394 1839 2450 disci-

249 2494 421 2564 pulus
455 2489 910 2563 probatissimos?
936 2486 1003 2542 Et
1042 2488 1389 2543 intendentes
1430 2488 1484 2541 in
1529 2502 1676 2551 eum,
1710 2500 1837 2540 cum

250 2586 458 2641 timore
511 2600 575 2639 ac
622 2582 971 2638 veneratione
1020 2582 1231 2653 ingenti
1288 2581 1541 2645 stabant,
1573 2588 1835 2649 tanquam

250 2680 385 2734 boni
417 2678 562 2734 servi
594 2678 859 2732 honorem
908 2677 1132 2732 domino
1164 2674 1494 2730 deferentes.
1537 2673 1695 2742 Quod
1742 2674 1837 2729 ubi

252 2767 462 2822 Petrus
494 2768 688 2832 sensit,
727 2767 802 2820 ait
834 2767 902 2821 ad
933 2783 1028 2823 eos
1055 2783 1069 2818 :
1098 2767 1374 2820 Attentius
1403 2764 1711 2830 audiamus,
1748 2779 1840 2820 re.-

254 2868 407 2915 ctum
432 2867 678 2914 tenentes
702 2859 968 2928 judicium
986 2859 1054 2914 de
1078 2860 1161 2913 his
1182 2874 1302 2929 quae
1323 2858 1576 2913 dicentur
1595 2858 1662 2913 ab
1688 2866 1839 2912 utro-

252 2968 384 3023 que,
416 2960 471 3007 et
494 2959 617 3022 post
653 2953 897 3022 ipsorum
929 2949 1263 3017 conflictum,
1287 2951 1431 3022 quod
1462 2949 1837 3006 necessarium

252 3046 439 3102 visum
464 3046 647 3110 luerit,
679 3045 945 3101 addemus
978 3054 1031 3101 et
1060 3061 1182 3100 nos.
1217 3044 1281 3098 Et
1311 3059 1434 3100 cum
1474 3044 1588 3098 haec
1610 3042 1838 3099 dixisset

253 3137 480 3201 Petrus,
516 3138 716 3210 gavisae
758 3146 887 3192 sunt
922 3137 1112 3192 turbae.
1151 3136 1337 3192 Niceta
1372 3151 1500 3191 vero
1530 3135 1711 3192 dicere
1733 3135 1838 3190 hoc

254 3231 427 3285 modo
475 3246 772 3301 aggressus
829 3240 913 3284 cst
947 3249 960 3285 :
991 3228 1257 3295 Deﬁuisti,
1311 3227 1495 3293 Pater,
1537 3227 1683 3298 quod
1726 3243 1837 3282 non

256 3340 355 3394 per
386 3322 484 3376 Dei
520 3321 916 3392 providentiam
948 3322 1187 3376 mundus
1235 3329 1478 3391 regatur,
1514 3319 1610 3376 scd
1655 3320 1837 3374 omnia

256 3410 451 3480 genesi
507 3410 851 3479 subjaeeant,
926 3410 1010 3465 vel
1062 3425 1183 3480 quae
1240 3409 1308 3464 ad
1362 3425 1541 3465 mores
1577 3410 1839 3465 uniuscu-

253 3505 462 3575 jusque
486 3505 570 3557 vel
611 3520 733 3573 quze
762 3504 828 3558 ad
872 3514 1023 3573 gesta
1056 3504 1349 3574 pertinent.
1382 3502 1462 3557 Ad
1498 3520 1619 3573 qua:
1649 3505 1836 3559 statim

259 3596 483 3665 quidem
517 3597 667 3664 potui
703 3594 1052 3665 reSpoudere,
1084 3594 1179 3649 sed
1213 3595 1339 3664 quia
1369 3594 1582 3665 justum
1603 3603 1687 3651 est
1718 3612 1836 3652 ser-

258 3703 392 3743 vare
446 3687 722 3752 ordinem,
770 3686 1061 3743 deﬁnimus
1108 3695 1162 3742 et
1210 3703 1311 3743 nos
1356 3687 1487 3759 quid
1528 3697 1835 3755 teneamus,

259 3782 408 3836 sicut
457 3782 574 3850 ipse
608 3778 725 3835 ﬁeri
759 3779 988 3849 rogasti.
1025 3779 1138 3850 Ego
1184 3779 1308 3834 dico
1354 3780 1696 3850 providentia
1740 3782 1837 3837 Dei

261 3872 562 3944 gubernari
593 3872 880 3937 mundum,
917 3871 971 3925 in
1009 3870 1096 3926 his
1126 3871 1390 3927 duntaxat
1415 3888 1536 3943 qua:
1564 3874 1838 3944 guberna-

261 3968 413 4022 tione
456 3965 577 4036 ejus
611 3964 876 4035 iudigent.
928 3962 1083 4019 Unus
1116 3972 1198 4020 est
1235 3963 1382 4019 enim
1417 3966 1602 4020 omnia
1642 3974 1839 4023 tenens

260 4061 355 4128 qui
413 4068 470 4114 et
515 4057 780 4113 mundum
815 4056 965 4124 fecit,
994 4059 1179 4127 justus
1212 4055 1379 4122 Deus,
1424 4058 1723 4130 unicuique
1750 4076 1839 4115 se-

262 4150 508 4205 cundum
532 4156 686 4219 gesta
717 4163 815 4204 sua
845 4148 1175 4218 quandoque
1200 4148 1538 4204 redditurus.
1565 4147 1706 4205 Ecce
1733 4149 1834 4202 ha-

263 4238 361 4296 bes
394 4246 452 4295 et
473 4246 719 4295 nostram
752 4238 1154 4307 deﬁnitionem;
1189 4255 1338 4294 nunc
1383 4238 1529 4311 quod
1552 4240 1633 4296 vis
1655 4257 1842 4312 prose-

263 4346 458 4401 quere,
480 4331 567 4386 vel
603 4346 723 4386 mea
745 4329 1059 4394 destruens,
1092 4331 1180 4386 vel
1211 4338 1303 4386 tua
1336 4347 1615 4395 asserens,
1651 4340 1710 4386 ut
1737 4347 1840 4403 ego

262 4425 350 4483 his
382 4440 507 4495 qua:
541 4439 572 4477 a
612 4431 664 4479 te
710 4429 1133 4493 prosequentur,
1174 4438 1487 4479 occurram.
1525 4424 1634 4480 Aut
1670 4425 1718 4480 si
1751 4440 1838 4483 me

262 4520 347 4573 vis
390 4517 625 4588 priorem
649 4517 851 4577 dicere,
880 4530 992 4568 non
1024 4517 1299 4572 morabor.
1460 4516 1463 4517 ⁷

333 4609 453 4666 VII.
494 4609 561 4665 Et
607 4626 775 4666 senex
824 4608 1143 4679 respondit:
1178 4608 1305 4666 Sive
1345 4611 1447 4665 tibi
1497 4611 1695 4683 placet,
1734 4612 1831 4680 ﬁli,

1945 553 2079 607 nihil
2121 552 2368 617 interest,
2402 554 2546 623 apud
2591 569 2685 610 eos
2717 554 3011 624 praecipue,
3041 556 3136 626 qui
3172 555 3317 612 bona
3354 557 3515 613 venia

1942 643 2245 713 disputant.
2295 642 2392 699 Dic
2442 653 2624 701 tamen
2666 654 2722 699 tu
2766 646 2941 716 prior,
2991 646 3226 703 libenter
3278 650 3512 723 accipio,

1943 743 2105 807 atque
2137 737 2345 791 utinam
2374 738 2555 806 possis
2584 738 2745 792 etiam
2775 753 2897 807 quae
2928 753 2958 792 a
2992 753 3079 794 me
3124 740 3354 795 dicenda
3388 752 3517 798 sunt

1942 831 2222 901 prosequi,
2256 838 2420 901 atque
2450 830 2535 886 his
2563 846 2685 901 qua:
2707 831 2987 885 contraria
3012 840 3141 887 sunt
3170 832 3433 902 objicere,
3460 842 3515 888 et

1942 936 2010 977 ex
2051 930 2409 993 utrorumque
2441 924 2739 978 collatione
2765 923 3054 980 ostendere
3083 926 3388 981 veritatem.
3419 924 3516 979 Ni-

1941 1025 2060 1072 oeta
2098 1017 2419 1087 respondit:
2450 1016 2508 1071 Si
2552 1018 2659 1079 vis.
2706 1016 2903 1087 inquit,
2934 1033 3158 1087 possunt
3201 1019 3365 1073 etiam
3392 1025 3516 1073 tuas

1942 1116 2125 1179 partes
2165 1108 2368 1173 dicere,
2406 1116 2460 1164 et
2508 1109 2577 1163 ad
2628 1109 2743 1163 haec
2794 1108 3142 1179 respondere.
3189 1092 3255 1164 Et
3300 1126 3512 1165 senex:

1941 1199 2179 1257 Ostende
2218 1202 2351 1256 mihi
2394 1202 2568 1271 prius,
2611 1202 2886 1272 quomodo
2929 1211 3085 1273 potes
3128 1204 3271 1259 scire
3301 1220 3364 1259 ea
3390 1221 3513 1274 qua:

1942 1295 2185 1349 nondum
2214 1293 2433 1349 locutus
2460 1309 2602 1358 sum,
2637 1302 2690 1348 et
2721 1295 2794 1347 ita
2825 1293 2920 1347 tibi
2950 1294 3193 1359 credam,
3217 1295 3361 1366 quod
3388 1311 3513 1365 par-

1941 1394 2024 1442 tes
2050 1402 2198 1441 meas
2228 1387 2485 1455 prosequi
2516 1386 2718 1455 possis.
2746 1384 2814 1440 Et
2841 1384 3031 1441 Nieeta
3059 1405 3072 1441 :
3100 1381 3281 1451 Secta,
3312 1388 3511 1458 inquit,

1941 1487 2033 1535 tua
2064 1488 2117 1534 et
2146 1479 2416 1534 sententia
2446 1493 2610 1548 quam
2642 1476 2902 1543 deﬁnisti,
2969 1476 3259 1533 manifesta
3308 1488 3392 1535 est
3428 1480 3514 1538 bis

1941 1570 2035 1643 qui
2066 1570 2267 1626 eruditi
2299 1577 2429 1626 sunt
2469 1570 2524 1624 in
2554 1567 2867 1638 hujusmodi
2897 1568 3222 1640 disciplinis,
3253 1580 3514 1642 certaque

1942 1671 2027 1721 est
2046 1664 2167 1733 ejus
2191 1661 2605 1732 consequentia.
2634 1661 2699 1716 Et
2719 1661 2847 1733 quia
2876 1677 2976 1733 ego
3006 1678 3113 1718 non
3138 1679 3256 1719 sum
3288 1663 3514 1735 ignarus

1943 1774 2064 1829 qua:
2107 1756 2217 1812 sint
2266 1754 2612 1810 deﬁnitiones
2652 1754 3122 1826 philosophorum,
3155 1771 3222 1811 ex
3264 1755 3350 1811 his
3387 1772 3511 1826 qua:

1940 1845 2297 1922 proposuisti,
2358 1846 2489 1917 quid
2547 1855 2918 1919 consequatur
2974 1861 3233 1917 agnosco,
3278 1848 3514 1903 maxime

1941 1944 2069 2015 quia
2104 1958 2216 2013 pra:
2257 1941 2468 1997 cmteris
2511 1939 2852 2010 philosophis
2900 1938 3121 2009 Epicuri
3155 1938 3373 1994 scholas
3404 1939 3516 1994 fre-

1940 2034 2220 2107 quentavi.
2272 2032 2466 2088 Frater
2505 2041 2685 2086 autem
2731 2046 2885 2086 meus
2917 2030 3137 2101 Aquila,
3171 2030 3347 2100 magis
3376 2029 3515 2105 Pyr-

1940 2124 2164 2180 rhonios
2200 2130 2423 2179 secutus
2452 2129 2556 2181 est,
2585 2121 2725 2175 alius
2763 2126 2944 2175 autem
2978 2118 3147 2173 frater
3176 2128 3364 2175 noster
3388 2117 3517 2173 Pla-

1940 2217 2155 2272 tonicos
2184 2222 2239 2270 et
2274 2213 2652 2269 Aristotelieos
2683 2210 2831 2282 (48);
2876 2210 3062 2280 itaque
3103 2224 3229 2264 eum
3280 2208 3514 2265 eruditis

1941 2308 2038 2364 tibi
2055 2306 2396 2362 auditoribus
2409 2319 2590 2361 sermo
2602 2310 2705 2359 est.
2724 2301 2863 2356 Tum
2886 2316 3054 2357 senex
3082 2322 3096 2357 :
3129 2301 3294 2366 Bene,
3312 2302 3510 2373 inquit,

1940 2407 1994 2455 et
2007 2406 2407 2469 consequenter
2419 2396 2676 2457 docuisti,
2694 2393 2969 2466 quomodo
2984 2409 3049 2449 ex
3074 2394 3157 2449 his
3179 2409 3299 2465 qua:
3312 2409 3513 2464 prepo-

1942 2492 2061 2549 sitze
2090 2499 2219 2547 sunt
2247 2488 2676 2550 deﬁnitionibus,
2695 2487 2856 2540 etiam
2878 2502 2940 2542 ea
2957 2502 3079 2557 qua:
3101 2496 3517 2557 consequuntur

1940 2582 2273 2638 adverteres.
2297 2579 2403 2636 Sed
2427 2594 2528 2650 ego
2558 2578 2791 2648 amplius
2822 2577 3027 2649 aliquid
3052 2578 3333 2647 professus
3367 2596 3514 2645 sum,

1940 2689 2104 2746 quam
2166 2675 2331 2729 sentit
2385 2673 2684 2742 Epicurus,
2742 2670 2867 2740 quia
2923 2670 3203 2724 introduxi
3250 2672 3512 2742 genesim,

1939 2781 2165 2836 eamque
2184 2780 2403 2820 causam
2435 2765 2674 2819 omnium
2699 2774 2972 2835 gestorum
2997 2765 3309 2821 hominibus
3333 2768 3513 2838 posui.

2010 2855 2147 2913 VIII.
2189 2855 2436 2926 Cumque
2474 2856 2587 2910 haec
2631 2872 2797 2911 senex
2838 2856 3087 2924 dixisset,
3134 2873 3233 2929 ego
3263 2858 3516 2913 Clemens

1941 2947 2029 3003 aio
2056 2947 2123 3002 ad
2155 2963 2278 3002 eum
2313 2962 2326 2998 :
2363 2947 2525 3012 Audi,
2558 2946 2738 3011 Pater,
2755 2944 2799 2999 si
2825 2956 2926 3003 ate
2950 2947 3117 3004 frater
3139 2964 3292 3005 meus
3324 2948 3515 3005 Niceta

1942 3040 2264 3103 obtinuerit,
2292 3041 2419 3110 quia
2461 3055 2568 3094 non
2612 3040 2731 3095 sine
2765 3039 2858 3096 Dei
2892 3041 3233 3112 providentia
3275 3042 3515 3099 mundus

1866 3168 1910 3226 ο
1944 3132 2147 3203 agitur,
2192 3132 2248 3186 in
2286 3132 2389 3186 ista
2420 3138 2574 3202 parte
2609 3146 2733 3200 qua:
2777 3140 3031 3202 superest
3059 3132 3127 3187 de
3161 3135 3371 3203 genesi,
3408 3150 3512 3206 ego

1944 3224 2042 3279 tibi
2072 3231 2262 3293 potero
2293 3221 2656 3293 respondere;
2685 3231 2769 3277 est
2797 3223 2940 3277 enim
2971 3225 3103 3278 mihi
3130 3226 3321 3279 notitia
3347 3226 3514 3298 hujus

1943 3316 2205 3373 scientiae.
2237 3314 2445 3369 Etcum
2471 3315 2586 3370 haec
2604 3314 2890 3381 dixissem,
2919 3315 3086 3372 frater
3112 3334 3265 3375 meus
3287 3319 3513 3391 Aquila:

1942 3407 2083 3475 Quid
2118 3422 2343 3462 necesse
2388 3414 2493 3471 est,
2517 3407 2715 3477 inquit,
2745 3420 2805 3461 ut
2836 3423 2959 3463 eum
2991 3417 3199 3478 patrem
3231 3426 3513 3475 vocemus,

1941 3516 2065 3555 cum
2100 3501 2154 3556 in
2183 3498 2459 3554 mandatis
2487 3498 2787 3554 habeamus
2817 3500 3087 3555 neminem
3121 3517 3286 3571 super
3311 3510 3513 3558 terram

1942 3604 2153 3666 patrem
2182 3591 2421 3646 vocare?
2449 3589 2513 3644 Et
2542 3600 2667 3661 post
2706 3591 2819 3646 haec
2842 3592 3143 3662 reSpiciens
3176 3594 3243 3647 ad
3273 3609 3461 3649 senem
3489 3612 3505 3649 :

1940 3685 2062 3741 Non
2112 3686 2396 3756 injuriose,
2442 3683 2641 3755 inquit,
2699 3683 2963 3754 accipias,
2994 3683 3180 3751 Pater,
3226 3687 3372 3758 quod
3406 3686 3516 3742 fra-

1944 3786 2084 3835 trem
2130 3794 2310 3833 meum
2362 3776 2601 3849 culpavi,
2634 3775 2762 3848 quia
2809 3785 2863 3832 te
2891 3786 3101 3848 patrem
3132 3789 3385 3847 vocaret;
3418 3780 3515 3835 ha-

1943 3871 2136 3927 bemus
2164 3869 2310 3925 enim
2356 3869 2466 3925 tale
2523 3867 2864 3933 mandatum,
2895 3884 2964 3923 ne
3018 3868 3255 3940 aliquem
3286 3870 3513 3925 nomine

1942 3963 2050 4019 isto
2107 3962 2409 4018 v'ocitemus
2429 3962 2495 4017 ".
2537 3960 2784 4028 Cumque
2841 3961 2955 4015 haec
3008 3961 3238 4017 dixisset
3288 3962 3509 4033 Aquila,

1925 4057 2064 4131 ,risit
2117 4056 2360 4111 omnium
2412 4055 2707 4109 astantium
2760 4060 2936 4109 coetus
2974 4070 3080 4108 una
3125 4070 3250 4109 cum
3301 4071 3432 4111 sene
3460 4062 3517 4111 et

1926 4141 2123 4204 ‘Petro.
2156 4147 2350 4218 Aquila
2383 4153 2562 4200 autem
2591 4143 2903 4215 requirente
2923 4159 3167 4210 causam,
3196 4162 3295 4201 cur
3322 4162 3515 4204 omnes

1941 4239 2188 4304 riserint,
2226 4238 2311 4293 aio
2334 4236 2401 4291 ad
2440 4252 2566 4291 eum
2598 4255 2612 4290 :
2642 4234 2796 4302 Quod
2827 4244 2884 4289 tu
2919 4236 2974 4291 in
2998 4248 3109 4307 quo
3132 4237 3270 4293 alios
3302 4238 3513 4309 culpas,

1941 4334 1994 4389 id
2024 4334 2139 4404 ipse
2166 4332 2321 4394 facis,
2347 4330 2441 4400 qui
2461 4344 2645 4385 senem
2667 4328 3027 4398 appellaveris
3057 4337 3287 4400 patrem.
3318 4329 3388 4385 At
3424 4330 3516 4386 ille

1942 4426 2198 4496 negabat,
2228 4424 2418 4477 dicens
2437 4420 2599 4477 :Vere
2626 4420 2817 4477 nescio
2844 4421 2888 4477 si
2920 4437 3042 4476 eum
3069 4431 3279 4491 patrem
3301 4424 3511 4479 vocavi.

1865 4505 1913 4562 Ῑ)
1942 4518 2150 4573 Interea
2173 4515 2367 4571 Petrus
2395 4514 2714 4570 movebatur
2733 4515 3140 4584 suspicionibus
3160 4516 3511 4586 quibusdam,

1944 4612 2088 4667 sicut
2143 4610 2260 4681 ipse
2308 4609 2467 4664 nobis
2519 4607 2796 4663 enarravit
2837 4608 3208 4678 postmodum,
3232 4616 3288 4665 et
3335 4608 3514 4679 respi-

336 4798 389 4829 “
420 4795 553 4867 Quae
576 4804 883 4867 sequuntur
905 4794 1178 4867 usquead
1204 4794 1361 4867 ﬁnem
1389 4794 1569 4867 hujus_
1584 4796 1729 4867 libri,
1759 4796 1997 4867 breviter
2026 4791 2405 4848 tantummodo
2438 4800 2492 4845 et
2524 4789 2579 4844 in
2607 4785 2989 4857 compendium
3021 4790 3235 4845 redacta
3266 4792 3320 4847 in
3349 4792 3513 4849 codd.

267 4883 403 4925 mss.
449 4866 629 4940 Lipss.
655 4863 1026 4922 continentur.
1052 4863 1174 4920 για.
1208 4866 1417 4936 ριωῐειι.
1463 4863 1742 4923 "'Matth.
1774 4882 1928 4933 χχιιι,
1960 4866 2013 4921 9.

1572 5003 1940 5060 COTELERII
1978 5002 2209 5059 NOTAE.

340 5172 451 5255 (ιᾷ)
494 5171 644 5255 Alitis.
674 5164 1606 5255 “nminat-noster...Platonicos
1631 5172 1681 5247 et
1713 5162 1835 5255 (iri-

267 5235 552 5297 ειοίειὶεοε.
587 5239 769 5307 EIOgia
799 5238 1095 5293 Clementis
1126 5238 1178 5290 in
1208 5236 1403 5289 litteris
1438 5236 1688 5307 humanis
1720 5235 1836 5288 haec

268 5322 398 5367 sunt
430 5334 443 5368 :
479 5305 714 5367 Clemens
743 5325 807 5364 ea:
835 5308 1141 5377 philosopho
1182 5322 1388 5376 magna'
1412 5305 1684 5377 doctrina!
1697 5306 1836 5377 fil.“

266 5382 673 5438 Commentario
710 5373 879 5449 Epist.
900 5379 969 5431 ad
1006 5373 1461 5449 Philippensemin
1480 5393 1623 5440 (λιν.
1648 5373 1813 5449 LVIII

268 5450 580 5525 Hieronymi
607 5447 879 5525 :Clemeus
901 5451 1045 5503 omni
1066 5450 1286 5525 scientia
1308 5448 1553 5525 refertus,
1585 5447 1841 5525 omniam-

266 5540 360 5594 que
390 5515 688 5579 liberalium
740 5523 933 5575 artium
965 5515 1713 5594 peritissimuspEucllerius,
1742 5515 1844 5570 Pa-

267 5587 460 5651 ranesi
498 5595 572 5649 De
600 5602 895 5661 contemptu
920 5587 1100 5643 mundi
1137 5605 1155 5643 :
1191 5592 1475 5661 deceperat
1506 5588 1571 5644 B.
1595 5587 1831 5661 Clemens

267 5668 540 5735 scientiam
567 5656 1031 5735 quamplurimum,
1055 5664 1131 5735 ita
1160 5672 1230 5735 Aut
1270 5656 1499 5728 optimus
1526 5658 1736 5735 quidem
1766 5656 1836 5711 il-

267 5734 369 5792 lius
418 5729 665 5807 temporis
710 5729 1045 5807 philosophus
1080 5732 1380 5807 haberetur,
1424 5731 1567 5807 apud
1599 5729 1834 5807 Bernar—

268 5808 392 5864 dum
431 5800 678 5865 Sermone
710 5800 779 5861 ἀι’
812 5805 868 5861 S.
914 5800 1220 5860 Clemente:
1258 5800 1483 5876 Κλήμης
1515 5805 1543 5857 ὁ
1578 5800 1738 5864 πολὺς
1780 5802 1836 5854 ὲν

1938 5165 2100 5235 σοφίᾳ
2126 5162 2220 5216 καὶ
2242 5160 3063 5235 yvcbaauAnastgpius,_Hodegi
3094 5175 3212 5229 cap.
3236 5161 3287 5235 ξ.
3319 5161 3520 5220 Εῑϐιθι

1938 5228 2176 5290 mentem
2214 5228 2607 5303 philosophum
2632 5228 2891 5303 Dionysio
2921 5228 3195 5303 Iaudtaum
3225 5230 3302 5286 De
3323 5236 3517 5290 divinis

1939 5299 2258 5367 nominibus,
2293 5318 2415 5373 cap.
2437 5299 2512 5369 ’5;
2559 5299 2907 5373 Maximusget
2942 5300 3317 5373 Pachymeres
3374 5305 3519 5359 hunc

1939 5374 2243 5430 Romanum
2276 5369 2905 5440 interpretanturNerba
2935 5371 2991 5425 S.
3024 5369 3128 5425 Nili
3162 5382 3311 5437 sunt,
3332 5374 3427 5431 lib.
3451 5392 3513 5440 ιι,

1938 5447 2102 5518 epist.
2127 5446 2217 5504 £9.
2260 5460 2315 5515 p.
2346 5440 2452 5518 HO
2467 5463 2490 5518 _:
2666 5440 2938 5518 Ἀπρλλὼς
2965 5444 2994 5495 ὁ
3022 5441 3403 5518 ξΔλεξᾳνξρελὺς
3432 5446 3521 5518 λόέ

1940 5511 2058 5608 ῖξεος
2088 5519 2117 5571 δ
2144 5511 2403 5608 ἲτοτίστῖπξ
2424 5511 3108 5608 τῶν.Χρὶῖτ.ῗῦ-ιῖαθΕἱὲῖίἷ’
3143 5513 3213 5608 οἳ,
3237 5511 3521 5608 mil"???

1966 5588 2236 5660 Ρωμαίων
2279 5582 2603 5660 (pavissem,
2635 5596 2759 5652 qua
2801 5582 2885 5638 sic
2913 5591 3091 5660 _verto
3116 5601 3130 5637 :
3158 5582 3287 5660 βοῇ
3327 5582 3520 5660 Apollo

1941 5652 2338 5714 Aleiandrimis
2402 5655 2485 5709 vir
2534 5654 2777 5724 eloqttens
2805 5694 2821 5719 ,
2876 5652 3083 5721 rigaton
3134 5652 3517 5724 discipulorum

1943 5729 2144 5786 Christi
2167 5744 2183 5791 ;
2209 5745 2310 5785 mm
2342 5724 2602 5793 Clemens,
2629 5723 2894 5779 Romanus
2918 5723 3274 5793 philoswlms.
