  <div class='ocr_page' id='page_1' title='image "/cluster/home/n/w/nwhite01/storage/ocr_20150623/1/hvd.32044073501405/697.png"; bbox 0 0 4030 6342; ppageno 0'>
   <div class='ocr_carea' id='block_1_1' title="bbox 586 278 726 337">
    <p class='ocr_par' dir='ltr' id='par_1_1' title="bbox 586 278 726 337">
     <span class='ocr_line' id='line_1_1' title="bbox 586 278 726 337; baseline -0.021 0"><span class='ocrx_word' id='word_1_1' title='bbox 586 278 726 337; x_wconf 62' lang='grc' dir='ltr'><strong>θ375</strong></span> 
     </span>
    </p>
   </div>
   <div class='ocr_carea' id='block_1_2' title="bbox 1435 254 2917 326">
    <p class='ocr_par' dir='ltr' id='par_1_2' title="bbox 1435 254 2917 326">
     <span class='ocr_line' id='line_1_2' title="bbox 1435 254 2917 326; baseline -0.007 -3"><span class='ocrx_word' id='word_1_2' title='bbox 1435 269 1493 326; x_wconf 89' lang='lat' dir='ltr'><strong>S.</strong></span> <span class='ocrx_word' id='word_1_3' title='bbox 1530 262 1974 324; x_wconf 75' lang='lat' dir='ltr'><strong>CLEMENTISI</strong></span> <span class='ocrx_word' id='word_1_4' title='bbox 2015 260 2183 318; x_wconf 77' lang='lat' dir='ltr'><strong>BOM.</strong></span> <span class='ocrx_word' id='word_1_5' title='bbox 2215 254 2653 315; x_wconf 65' lang='lat' dir='ltr'><strong>PONT.OPEM</strong></span> <span class='ocrx_word' id='word_1_6' title='bbox 2691 254 2917 312; x_wconf 75' lang='lat' dir='ltr'><strong>DUBIA.</strong></span> 
     </span>
    </p>
   </div>
   <div class='ocr_carea' id='block_1_3' title="bbox 3606 264 3705 318">
    <p class='ocr_par' dir='ltr' id='par_1_3' title="bbox 3606 264 3705 318">
     <span class='ocr_line' id='line_1_3' title="bbox 3606 264 3705 318; baseline 0.01 -1"><span class='ocrx_word' id='word_1_7' title='bbox 3606 264 3705 318; x_wconf 71' lang='lat' dir='ltr'><strong>L376</strong></span> 
     </span>
    </p>
   </div>
   <div class='ocr_carea' id='block_1_4' title="bbox 584 371 3705 466">
    <p class='ocr_par' dir='ltr' id='par_1_4' title="bbox 584 371 3705 466">
     <span class='ocr_line' id='line_1_4' title="bbox 584 371 3705 466; baseline -0.007 -16"><span class='ocrx_word' id='word_1_8' title='bbox 584 396 739 450; x_wconf 87' lang='lat' dir='ltr'><strong>cicns</strong></span> <span class='ocrx_word' id='word_1_9' title='bbox 767 392 834 448; x_wconf 85' lang='lat' dir='ltr'><strong>ad</strong></span> <span class='ocrx_word' id='word_1_10' title='bbox 862 392 1101 466; x_wconf 49' lang='lat' dir='ltr'><strong>ﬁicetam</strong></span> <span class='ocrx_word' id='word_1_11' title='bbox 1125 408 1142 444; x_wconf 85' lang='lat'><strong>:</strong></span> <span class='ocrx_word' id='word_1_12' title='bbox 1170 385 1611 460; x_wconf 78' lang='lat' dir='ltr'><strong>Expedi,inquit,</strong></span> <span class='ocrx_word' id='word_1_13' title='bbox 1630 383 1773 454; x_wconf 87' lang='lat' dir='ltr'><strong>quod</strong></span> <span class='ocrx_word' id='word_1_14' title='bbox 1797 378 2147 453; x_wconf 74' lang='lat' dir='ltr'><strong>proposuisti.</strong></span> <span class='ocrx_word' id='word_1_15' title='bbox 2183 384 2229 443; x_wconf 76' lang='grc' dir='ltr'><strong>Α</strong></span> <span class='ocrx_word' id='word_1_16' title='bbox 2260 384 2508 439; x_wconf 76' lang='lat' dir='ltr'><strong>vocatur,</strong></span> <span class='ocrx_word' id='word_1_17' title='bbox 2541 372 2745 428; x_wconf 77' lang='lat' dir='ltr'><strong>frustra</strong></span> <span class='ocrx_word' id='word_1_18' title='bbox 2768 372 2977 442; x_wconf 87' lang='lat' dir='ltr'><strong>justitia</strong></span> <span class='ocrx_word' id='word_1_19' title='bbox 3016 371 3328 439; x_wconf 76' lang='lat' dir='ltr'><strong>custoditur,</strong></span> <span class='ocrx_word' id='word_1_20' title='bbox 3365 376 3534 444; x_wconf 81' lang='lat' dir='ltr'><strong>quippe</strong></span> <span class='ocrx_word' id='word_1_21' title='bbox 3562 377 3598 431; x_wconf 89' lang='lat' dir='ltr'><strong>si</strong></span> <span class='ocrx_word' id='word_1_22' title='bbox 3629 396 3705 434; x_wconf 87' lang='lat' dir='ltr'><strong>non</strong></span> 
     </span>
    </p>
   </div>
   <div class='ocr_carea' id='block_1_5' title="bbox 646 469 2156 540">
    <p class='ocr_par' dir='ltr' id='par_1_5' title="bbox 646 469 2156 540">
     <span class='ocr_line' id='line_1_5' title="bbox 646 469 2156 540; baseline -0.009 0"><span class='ocrx_word' id='word_1_23' title='bbox 646 484 740 540; x_wconf 77' lang='lat' dir='ltr'><strong>1X.</strong></span> <span class='ocrx_word' id='word_1_24' title='bbox 783 484 921 539; x_wconf 80' lang='lat' dir='ltr'><strong>Tum</strong></span> <span class='ocrx_word' id='word_1_25' title='bbox 974 481 1160 537; x_wconf 86' lang='lat' dir='ltr'><strong>Niceta</strong></span> <span class='ocrx_word' id='word_1_26' title='bbox 1208 481 1313 535; x_wconf 86' lang='lat' dir='ltr'><strong>hoc</strong></span> <span class='ocrx_word' id='word_1_27' title='bbox 1365 477 1526 533; x_wconf 92' lang='lat' dir='ltr'><strong>modo</strong></span> <span class='ocrx_word' id='word_1_28' title='bbox 1572 489 1802 531; x_wconf 80' lang='lat' dir='ltr'><strong>exorsus</strong></span> <span class='ocrx_word' id='word_1_29' title='bbox 1834 469 2156 528; x_wconf 88' lang='lat' dir='ltr'><strong>est:0mne</strong></span> 
     </span>
    </p>
   </div>
   <div class='ocr_carea' id='block_1_6' title="bbox 583 562 2153 649">
    <p class='ocr_par' dir='ltr' id='par_1_6' title="bbox 583 562 2153 649">
     <span class='ocr_line' id='line_1_6' title="bbox 583 562 2153 649; baseline -0.011 -15"><span class='ocrx_word' id='word_1_30' title='bbox 583 578 728 649; x_wconf 90' lang='lat' dir='ltr'><strong>quod</strong></span> <span class='ocrx_word' id='word_1_31' title='bbox 768 583 875 639; x_wconf 91' lang='lat' dir='ltr'><strong>est,</strong></span> <span class='ocrx_word' id='word_1_32' title='bbox 909 583 1001 629; x_wconf 90' lang='lat' dir='ltr'><strong>aut</strong></span> <span class='ocrx_word' id='word_1_33' title='bbox 1050 574 1278 645; x_wconf 80' lang='lat' dir='ltr'><strong>simplex</strong></span> <span class='ocrx_word' id='word_1_34' title='bbox 1326 579 1411 627; x_wconf 86' lang='lat' dir='ltr'><strong>cst</strong></span> <span class='ocrx_word' id='word_1_35' title='bbox 1460 576 1552 625; x_wconf 91' lang='lat' dir='ltr'><strong>aut</strong></span> <span class='ocrx_word' id='word_1_36' title='bbox 1580 565 1962 637; x_wconf 91' lang='lat' dir='ltr'><strong>compositum.</strong></span> <span class='ocrx_word' id='word_1_37' title='bbox 1996 562 2153 629; x_wconf 86' lang='lat' dir='ltr'><strong>Quod</strong></span> 
     </span>
    </p>
   </div>
   <div class='ocr_carea' id='block_1_7' title="bbox 586 655 2153 740">
    <p class='ocr_par' dir='ltr' id='par_1_7' title="bbox 586 655 2153 740">
     <span class='ocr_line' id='line_1_7' title="bbox 586 655 2153 740; baseline -0.01 -14"><span class='ocrx_word' id='word_1_38' title='bbox 586 670 817 740; x_wconf 81' lang='lat' dir='ltr'><strong>simplex</strong></span> <span class='ocrx_word' id='word_1_39' title='bbox 847 676 933 722; x_wconf 89' lang='lat' dir='ltr'><strong>est</strong></span> <span class='ocrx_word' id='word_1_40' title='bbox 963 666 1097 740; x_wconf 72' lang='lat'><strong>(49),</strong></span> <span class='ocrx_word' id='word_1_41' title='bbox 1143 671 1296 720; x_wconf 89' lang='lat' dir='ltr'><strong>caret</strong></span> <span class='ocrx_word' id='word_1_42' title='bbox 1344 676 1597 725; x_wconf 90' lang='lat' dir='ltr'><strong>numero,</strong></span> <span class='ocrx_word' id='word_1_43' title='bbox 1628 657 1919 720; x_wconf 86' lang='lat' dir='ltr'><strong>divisione,</strong></span> <span class='ocrx_word' id='word_1_44' title='bbox 1949 655 2153 719; x_wconf 90' lang='lat' dir='ltr'><strong>colore,</strong></span> 
     </span>
    </p>
   </div>
   <div class='ocr_carea' id='block_1_8' title="bbox 586 747 2153 828">
    <p class='ocr_par' dir='ltr' id='par_1_8' title="bbox 586 747 2153 828">
     <span class='ocr_line' id='line_1_8' title="bbox 586 747 2153 828; baseline -0.01 -10"><span class='ocrx_word' id='word_1_45' title='bbox 586 760 919 825; x_wconf 70' lang='lat' dir='ltr'><strong>differentia,</strong></span> <span class='ocrx_word' id='word_1_46' title='bbox 973 758 1290 828; x_wconf 72' lang='lat' dir='ltr'><strong>asperitate,</strong></span> <span class='ocrx_word' id='word_1_47' title='bbox 1343 755 1588 818; x_wconf 85' lang='lat' dir='ltr'><strong>lenitate,</strong></span> <span class='ocrx_word' id='word_1_48' title='bbox 1620 749 1881 823; x_wconf 86' lang='lat' dir='ltr'><strong>pondere,</strong></span> <span class='ocrx_word' id='word_1_49' title='bbox 1915 747 2153 811; x_wconf 87' lang='lat' dir='ltr'><strong>levitate,</strong></span> 
     </span>
    </p>
   </div>
   <div class='ocr_carea' id='block_1_9' title="bbox 585 836 2157 923">
    <p class='ocr_par' dir='ltr' id='par_1_9' title="bbox 585 836 2157 923">
     <span class='ocr_line' id='line_1_9' title="bbox 585 836 2157 923; baseline -0.011 -15"><span class='ocrx_word' id='word_1_50' title='bbox 585 855 869 923; x_wconf 84' lang='lat' dir='ltr'><strong>qualitate,</strong></span> <span class='ocrx_word' id='word_1_51' title='bbox 914 852 1237 922; x_wconf 89' lang='lat' dir='ltr'><strong>quantitate.</strong></span> <span class='ocrx_word' id='word_1_52' title='bbox 1280 856 1334 905; x_wconf 89' lang='lat' dir='ltr'><strong>et</strong></span> <span class='ocrx_word' id='word_1_53' title='bbox 1373 848 1444 902; x_wconf 93' lang='lat' dir='ltr'><strong>ob</strong></span> <span class='ocrx_word' id='word_1_54' title='bbox 1486 847 1588 900; x_wconf 88' lang='lat' dir='ltr'><strong>hoc</strong></span> <span class='ocrx_word' id='word_1_55' title='bbox 1626 844 1789 898; x_wconf 88' lang='lat' dir='ltr'><strong>etiam</strong></span> <span class='ocrx_word' id='word_1_56' title='bbox 1832 840 1959 895; x_wconf 90' lang='lat' dir='ltr'><strong>fine.</strong></span> <span class='ocrx_word' id='word_1_57' title='bbox 1998 836 2157 905; x_wconf 83' lang='lat' dir='ltr'><strong>Quod</strong></span> 
     </span>
    </p>
   </div>
   <div class='ocr_carea' id='block_1_10' title="bbox 585 930 2157 1017">
    <p class='ocr_par' dir='ltr' id='par_1_10' title="bbox 585 930 2157 1017">
     <span class='ocr_line' id='line_1_10' title="bbox 585 930 2157 1017; baseline -0.01 -16"><span class='ocrx_word' id='word_1_58' title='bbox 585 962 713 1001; x_wconf 89' lang='lat' dir='ltr'><strong>vero</strong></span> <span class='ocrx_word' id='word_1_59' title='bbox 741 944 1106 1014; x_wconf 81' lang='lat' dir='ltr'><strong>compositum</strong></span> <span class='ocrx_word' id='word_1_60' title='bbox 1152 948 1255 1004; x_wconf 81' lang='lat' dir='ltr'><strong>est,</strong></span> <span class='ocrx_word' id='word_1_61' title='bbox 1297 948 1390 993; x_wconf 87' lang='lat' dir='ltr'><strong>aut</strong></span> <span class='ocrx_word' id='word_1_62' title='bbox 1425 954 1490 993; x_wconf 89' lang='lat' dir='ltr'><strong>ex</strong></span> <span class='ocrx_word' id='word_1_63' title='bbox 1522 936 1739 1017; x_wconf 75' lang='lat' dir='ltr'><strong>duobus</strong></span> <span class='ocrx_word' id='word_1_64' title='bbox 1770 942 1861 988; x_wconf 89' lang='lat' dir='ltr'><strong>aut</strong></span> <span class='ocrx_word' id='word_1_65' title='bbox 1890 949 1957 987; x_wconf 86' lang='lat' dir='ltr'><strong>ex</strong></span> <span class='ocrx_word' id='word_1_66' title='bbox 1978 930 2157 986; x_wconf 90' lang='lat' dir='ltr'><strong>tribus</strong></span> 
     </span>
    </p>
   </div>
   <div class='ocr_carea' id='block_1_11' title="bbox 585 1029 2152 1105">
    <p class='ocr_par' dir='ltr' id='par_1_11' title="bbox 585 1029 2152 1105">
     <span class='ocr_line' id='line_1_11' title="bbox 585 1029 2152 1105; baseline -0.011 -14"><span class='ocrx_word' id='word_1_67' title='bbox 585 1046 679 1091; x_wconf 89' lang='lat' dir='ltr'><strong>aut</strong></span> <span class='ocrx_word' id='word_1_68' title='bbox 704 1037 865 1091; x_wconf 88' lang='lat' dir='ltr'><strong>etiam</strong></span> <span class='ocrx_word' id='word_1_69' title='bbox 902 1051 970 1090; x_wconf 90' lang='lat' dir='ltr'><strong>ex</strong></span> <span class='ocrx_word' id='word_1_70' title='bbox 998 1040 1233 1105; x_wconf 81' lang='lat' dir='ltr'><strong>quatuor</strong></span> <span class='ocrx_word' id='word_1_71' title='bbox 1259 1030 1620 1100; x_wconf 89' lang='lat' dir='ltr'><strong>compositutn</strong></span> <span class='ocrx_word' id='word_1_72' title='bbox 1652 1036 1755 1089; x_wconf 91' lang='lat' dir='ltr'><strong>cst,</strong></span> <span class='ocrx_word' id='word_1_73' title='bbox 1792 1032 1886 1079; x_wconf 92' lang='lat' dir='ltr'><strong>aut</strong></span> <span class='ocrx_word' id='word_1_74' title='bbox 1914 1029 2062 1077; x_wconf 88' lang='lat' dir='ltr'><strong>certe</strong></span> <span class='ocrx_word' id='word_1_75' title='bbox 2090 1036 2152 1075; x_wconf 88' lang='lat' dir='ltr'><strong>ex</strong></span> 
     </span>
    </p>
   </div>
   <div class='ocr_carea' id='block_1_12' title="bbox 587 1114 2153 1200">
    <p class='ocr_par' dir='ltr' id='par_1_12' title="bbox 587 1114 2153 1200">
     <span class='ocr_line' id='line_1_12' title="bbox 587 1114 2153 1200; baseline -0.01 -17"><span class='ocrx_word' id='word_1_76' title='bbox 587 1130 859 1200; x_wconf 86' lang='lat' dir='ltr'><strong>pluribus,</strong></span> <span class='ocrx_word' id='word_1_77' title='bbox 884 1135 936 1182; x_wconf 93' lang='lat' dir='ltr'><strong>et</strong></span> <span class='ocrx_word' id='word_1_78' title='bbox 965 1142 1085 1196; x_wconf 72' lang='lat' dir='ltr'><strong>qua:</strong></span> <span class='ocrx_word' id='word_1_79' title='bbox 1116 1124 1417 1195; x_wconf 87' lang='lat' dir='ltr'><strong>composita</strong></span> <span class='ocrx_word' id='word_1_80' title='bbox 1460 1127 1610 1184; x_wconf 88' lang='lat' dir='ltr'><strong>sunt,</strong></span> <span class='ocrx_word' id='word_1_81' title='bbox 1646 1116 1957 1174; x_wconf 89' lang='lat' dir='ltr'><strong>necessario</strong></span> <span class='ocrx_word' id='word_1_82' title='bbox 1993 1114 2153 1168; x_wconf 88' lang='lat' dir='ltr'><strong>etiam</strong></span> 
     </span>
    </p>
   </div>
   <div class='ocr_carea' id='block_1_13' title="bbox 585 1205 2158 1292">
    <p class='ocr_par' dir='ltr' id='par_1_13' title="bbox 585 1205 2158 1292">
     <span class='ocr_line' id='line_1_13' title="bbox 585 1205 2158 1292; baseline -0.012 -15"><span class='ocrx_word' id='word_1_83' title='bbox 585 1220 755 1277; x_wconf 80' lang='lat' dir='ltr'><strong>dividi</strong></span> <span class='ocrx_word' id='word_1_84' title='bbox 788 1226 1039 1292; x_wconf 89' lang='lat' dir='ltr'><strong>possunt.</strong></span> <span class='ocrx_word' id='word_1_85' title='bbox 1084 1216 1149 1270; x_wconf 85' lang='lat' dir='ltr'><strong>Et</strong></span> <span class='ocrx_word' id='word_1_86' title='bbox 1176 1230 1339 1271; x_wconf 88' lang='lat' dir='ltr'><strong>senex</strong></span> <span class='ocrx_word' id='word_1_87' title='bbox 1372 1212 1601 1267; x_wconf 90' lang='lat' dir='ltr'><strong>audiens</strong></span> <span class='ocrx_word' id='word_1_88' title='bbox 1631 1210 1745 1264; x_wconf 62' lang='lat' dir='ltr'><strong>haac</strong></span> <span class='ocrx_word' id='word_1_89' title='bbox 1770 1227 1782 1263; x_wconf 91' lang='lat'><strong>:</strong></span> <span class='ocrx_word' id='word_1_90' title='bbox 1805 1207 2039 1278; x_wconf 89' lang='lat' dir='ltr'><strong>Optime,</strong></span> <span class='ocrx_word' id='word_1_91' title='bbox 2070 1205 2158 1259; x_wconf 89' lang='lat' dir='ltr'><strong>in-</strong></span> 
     </span>
    </p>
   </div>
   <div class='ocr_carea' id='block_1_14' title="bbox 585 1297 2157 1384">
    <p class='ocr_par' dir='ltr' id='par_1_14' title="bbox 585 1297 2157 1384">
     <span class='ocr_line' id='line_1_14' title="bbox 585 1297 2157 1384; baseline -0.011 -17"><span class='ocrx_word' id='word_1_92' title='bbox 585 1314 725 1384; x_wconf 90' lang='lat' dir='ltr'><strong>quit,</strong></span> <span class='ocrx_word' id='word_1_93' title='bbox 758 1320 812 1367; x_wconf 92' lang='lat' dir='ltr'><strong>et</strong></span> <span class='ocrx_word' id='word_1_94' title='bbox 852 1310 1170 1366; x_wconf 80' lang='lat' dir='ltr'><strong>doctissime</strong></span> <span class='ocrx_word' id='word_1_95' title='bbox 1212 1307 1369 1367; x_wconf 89' lang='lat' dir='ltr'><strong>dicis,</strong></span> <span class='ocrx_word' id='word_1_96' title='bbox 1405 1305 1499 1359; x_wconf 88' lang='lat' dir='ltr'><strong>fili.</strong></span> <span class='ocrx_word' id='word_1_97' title='bbox 1528 1302 1597 1357; x_wconf 88' lang='lat' dir='ltr'><strong>Et</strong></span> <span class='ocrx_word' id='word_1_98' title='bbox 1626 1301 1815 1357; x_wconf 88' lang='lat' dir='ltr'><strong>Niceta</strong></span> <span class='ocrx_word' id='word_1_99' title='bbox 1846 1317 1860 1353; x_wconf 88' lang='lat'>:</span> <span class='ocrx_word' id='word_1_100' title='bbox 1888 1298 2062 1370; x_wconf 83' lang='lat' dir='ltr'><strong>Igitur</strong></span> <span class='ocrx_word' id='word_1_101' title='bbox 2092 1297 2157 1351; x_wconf 80' lang='lat' dir='ltr'><strong>il-</strong></span> 
     </span>
    </p>
   </div>
   <div class='ocr_carea' id='block_1_15' title="bbox 586 1390 2156 1472">
    <p class='ocr_par' dir='ltr' id='par_1_15' title="bbox 586 1390 2156 1472">
     <span class='ocr_line' id='line_1_15' title="bbox 586 1390 2156 1472; baseline -0.008 -15"><span class='ocrx_word' id='word_1_102' title='bbox 586 1396 677 1457; x_wconf 85' lang='lat' dir='ltr'><strong>Iud</strong></span> <span class='ocrx_word' id='word_1_103' title='bbox 709 1400 853 1472; x_wconf 91' lang='lat' dir='ltr'><strong>quod</strong></span> <span class='ocrx_word' id='word_1_104' title='bbox 884 1399 1113 1471; x_wconf 80' lang='lat' dir='ltr'><strong>simplex</strong></span> <span class='ocrx_word' id='word_1_105' title='bbox 1145 1406 1229 1453; x_wconf 89' lang='lat' dir='ltr'><strong>est</strong></span> <span class='ocrx_word' id='word_1_106' title='bbox 1255 1407 1309 1451; x_wconf 90' lang='lat' dir='ltr'><strong>et</strong></span> <span class='ocrx_word' id='word_1_107' title='bbox 1341 1395 1426 1450; x_wconf 88' lang='lat' dir='ltr'><strong>his</strong></span> <span class='ocrx_word' id='word_1_108' title='bbox 1460 1393 1720 1448; x_wconf 90' lang='lat' dir='ltr'><strong>omnibus</strong></span> <span class='ocrx_word' id='word_1_109' title='bbox 1749 1397 1923 1456; x_wconf 82' lang='lat' dir='ltr'><strong>caret,</strong></span> <span class='ocrx_word' id='word_1_110' title='bbox 1954 1390 2156 1462; x_wconf 89' lang='lat' dir='ltr'><strong>quibus</strong></span> 
     </span>
    </p>
   </div>
   <div class='ocr_carea' id='block_1_16' title="bbox 587 1483 2157 1564">
    <p class='ocr_par' dir='ltr' id='par_1_16' title="bbox 587 1483 2157 1564">
     <span class='ocr_line' id='line_1_16' title="bbox 587 1483 2157 1564; baseline -0.011 -13"><span class='ocrx_word' id='word_1_111' title='bbox 587 1495 723 1551; x_wconf 90' lang='lat' dir='ltr'><strong>solvi</strong></span> <span class='ocrx_word' id='word_1_112' title='bbox 755 1492 897 1564; x_wconf 90' lang='lat' dir='ltr'><strong>quod</strong></span> <span class='ocrx_word' id='word_1_113' title='bbox 942 1490 1214 1552; x_wconf 87' lang='lat' dir='ltr'><strong>subsistit,</strong></span> <span class='ocrx_word' id='word_1_114' title='bbox 1256 1493 1457 1558; x_wconf 85' lang='lat' dir='ltr'><strong>potest,</strong></span> <span class='ocrx_word' id='word_1_115' title='bbox 1486 1485 1607 1543; x_wconf 87' lang='lat' dir='ltr'><strong>sine</strong></span> <span class='ocrx_word' id='word_1_116' title='bbox 1638 1484 1802 1539; x_wconf 89' lang='lat' dir='ltr'><strong>dubio</strong></span> <span class='ocrx_word' id='word_1_117' title='bbox 1848 1483 2157 1553; x_wconf 84' lang='lat' dir='ltr'><strong>incompre—</strong></span> 
     </span>
    </p>
   </div>
   <div class='ocr_carea' id='block_1_17' title="bbox 586 1574 2149 1647">
    <p class='ocr_par' dir='ltr' id='par_1_17' title="bbox 586 1574 2149 1647">
     <span class='ocr_line' id='line_1_17' title="bbox 586 1574 2149 1647; baseline -0.008 -7"><span class='ocrx_word' id='word_1_118' title='bbox 586 1584 856 1640; x_wconf 83' lang='lat' dir='ltr'><strong>liensibile</strong></span> <span class='ocrx_word' id='word_1_119' title='bbox 885 1588 939 1637; x_wconf 87' lang='lat' dir='ltr'><strong>et</strong></span> <span class='ocrx_word' id='word_1_120' title='bbox 982 1583 1308 1635; x_wconf 88' lang='lat' dir='ltr'><strong>immensum</strong></span> <span class='ocrx_word' id='word_1_121' title='bbox 1345 1583 1449 1641; x_wconf 88' lang='lat' dir='ltr'><strong>est,</strong></span> <span class='ocrx_word' id='word_1_122' title='bbox 1483 1591 1660 1647; x_wconf 87' lang='lat' dir='ltr'><strong>neque</strong></span> <span class='ocrx_word' id='word_1_123' title='bbox 1704 1575 1921 1630; x_wconf 90' lang='lat' dir='ltr'><strong>initium</strong></span> <span class='ocrx_word' id='word_1_124' title='bbox 1980 1574 2149 1629; x_wconf 90' lang='lat' dir='ltr'><strong>ullum</strong></span> 
     </span>
    </p>
   </div>
   <div class='ocr_carea' id='block_1_18' title="bbox 585 1668 2154 1749">
    <p class='ocr_par' dir='ltr' id='par_1_18' title="bbox 585 1668 2154 1749">
     <span class='ocr_line' id='line_1_18' title="bbox 585 1668 2154 1749; baseline -0.01 -16"><span class='ocrx_word' id='word_1_125' title='bbox 585 1694 762 1749; x_wconf 82' lang='lat' dir='ltr'><strong>neque</strong></span> <span class='ocrx_word' id='word_1_126' title='bbox 793 1677 954 1730; x_wconf 87' lang='lat' dir='ltr'><strong>ﬁnem</strong></span> <span class='ocrx_word' id='word_1_127' title='bbox 996 1673 1200 1734; x_wconf 86' lang='lat' dir='ltr'><strong>sciens,</strong></span> <span class='ocrx_word' id='word_1_128' title='bbox 1233 1678 1289 1726; x_wconf 89' lang='lat' dir='ltr'><strong>et</strong></span> <span class='ocrx_word' id='word_1_129' title='bbox 1319 1670 1440 1724; x_wconf 89' lang='lat' dir='ltr'><strong>ideo</strong></span> <span class='ocrx_word' id='word_1_130' title='bbox 1472 1683 1641 1723; x_wconf 92' lang='lat' dir='ltr'><strong>unum</strong></span> <span class='ocrx_word' id='word_1_131' title='bbox 1672 1674 1726 1722; x_wconf 92' lang='lat' dir='ltr'><strong>et</strong></span> <span class='ocrx_word' id='word_1_132' title='bbox 1755 1668 1931 1722; x_wconf 91' lang='lat' dir='ltr'><strong>solum</strong></span> <span class='ocrx_word' id='word_1_133' title='bbox 1956 1674 2064 1729; x_wconf 91' lang='lat' dir='ltr'><strong>est,</strong></span> <span class='ocrx_word' id='word_1_134' title='bbox 2100 1673 2154 1718; x_wconf 90' lang='lat' dir='ltr'><strong>et</strong></span> 
     </span>
    </p>
   </div>
   <div class='ocr_carea' id='block_1_19' title="bbox 2258 462 3706 538">
    <p class='ocr_par' dir='ltr' id='par_1_19' title="bbox 2258 462 3706 538">
     <span class='ocr_line' id='line_1_19' title="bbox 2258 462 3706 538; baseline 0.001 -15"><span class='ocrx_word' id='word_1_135' title='bbox 2258 474 2340 523; x_wconf 87' lang='lat' dir='ltr'><strong>est</strong></span> <span class='ocrx_word' id='word_1_136' title='bbox 2385 467 2478 538; x_wconf 92' lang='lat' dir='ltr'><strong>qui</strong></span> <span class='ocrx_word' id='word_1_137' title='bbox 2521 467 2675 537; x_wconf 88' lang='lat' dir='ltr'><strong>justo</strong></span> <span class='ocrx_word' id='word_1_138' title='bbox 2723 481 2821 537; x_wconf 91' lang='lat' dir='ltr'><strong>pro</strong></span> <span class='ocrx_word' id='word_1_139' title='bbox 2854 463 3063 518; x_wconf 85' lang='lat' dir='ltr'><strong>meritis</strong></span> <span class='ocrx_word' id='word_1_140' title='bbox 3088 462 3606 533; x_wconf 77' lang='lat' dir='ltr'><strong>aliquandorestituat.</strong></span> <span class='ocrx_word' id='word_1_141' title='bbox 3633 469 3706 525; x_wconf 85' lang='lat' dir='ltr'><strong>Sed</strong></span> 
     </span>
    </p>
   </div>
   <div class='ocr_carea' id='block_1_20' title="bbox 2257 555 3706 629">
    <p class='ocr_par' dir='ltr' id='par_1_20' title="bbox 2257 555 3706 629">
     <span class='ocr_line' id='line_1_20' title="bbox 2257 555 3706 629; baseline 0 -13"><span class='ocrx_word' id='word_1_142' title='bbox 2257 578 2326 616; x_wconf 88' lang='lat' dir='ltr'><strong>ne</strong></span> <span class='ocrx_word' id='word_1_143' title='bbox 2350 560 2530 615; x_wconf 89' lang='lat' dir='ltr'><strong>anima</strong></span> <span class='ocrx_word' id='word_1_144' title='bbox 2560 557 2776 629; x_wconf 86' lang='lat' dir='ltr'><strong>quidem</strong></span> <span class='ocrx_word' id='word_1_145' title='bbox 2808 556 2923 627; x_wconf 88' lang='lat' dir='ltr'><strong>ipsa</strong></span> <span class='ocrx_word' id='word_1_146' title='bbox 2946 555 3261 610; x_wconf 86' lang='lat' dir='ltr'><strong>immortalis</strong></span> <span class='ocrx_word' id='word_1_147' title='bbox 3285 556 3538 624; x_wconf 75' lang='lat' dir='ltr'><strong>videbitur,</strong></span> <span class='ocrx_word' id='word_1_148' title='bbox 3563 560 3599 614; x_wconf 89' lang='lat' dir='ltr'><strong>si</strong></span> <span class='ocrx_word' id='word_1_149' title='bbox 3626 576 3706 616; x_wconf 80' lang='lat' dir='ltr'><strong>eam</strong></span> 
     </span>
    </p>
   </div>
   <div class='ocr_carea' id='block_1_21' title="bbox 2257 649 3709 727">
    <p class='ocr_par' dir='ltr' id='par_1_21' title="bbox 2257 649 3709 727">
     <span class='ocr_line' id='line_1_21' title="bbox 2257 649 3709 727; baseline -0.003 -16"><span class='ocrx_word' id='word_1_150' title='bbox 2257 662 2382 727; x_wconf 87' lang='lat' dir='ltr'><strong>post</strong></span> <span class='ocrx_word' id='word_1_151' title='bbox 2445 653 2841 709; x_wconf 86' lang='lat' dir='ltr'><strong>absolutionem</strong></span> <span class='ocrx_word' id='word_1_152' title='bbox 2909 649 3154 721; x_wconf 89' lang='lat' dir='ltr'><strong>corporis</strong></span> <span class='ocrx_word' id='word_1_153' title='bbox 3205 649 3390 704; x_wconf 85' lang='lat' dir='ltr'><strong>nullius</strong></span> <span class='ocrx_word' id='word_1_154' title='bbox 3441 652 3709 722; x_wconf 71' lang='lat' dir='ltr'><strong>providentia</strong></span> 
     </span>
    </p>
   </div>
   <div class='ocr_carea' id='block_1_22' title="bbox 2256 742 2886 817">
    <p class='ocr_par' dir='ltr' id='par_1_22' title="bbox 2256 742 2886 817">
     <span class='ocr_line' id='line_1_22' title="bbox 2256 742 2886 817; baseline -0.01 -13"><span class='ocrx_word' id='word_1_155' title='bbox 2256 747 2493 817; x_wconf 85' lang='lat' dir='ltr'><strong>excipiat</strong></span> <span class='ocrx_word' id='word_1_156' title='bbox 2529 742 2886 817; x_wconf 87' lang='lat' dir='ltr'><strong>dispensatio.</strong></span> 
     </span>
    </p>
   </div>
   <div class='ocr_carea' id='block_1_23' title="bbox 2327 832 3707 905">
    <p class='ocr_par' dir='ltr' id='par_1_23' title="bbox 2327 832 3707 905">
     <span class='ocr_line' id='line_1_23' title="bbox 2327 832 3707 905; baseline -0.001 -13"><span class='ocrx_word' id='word_1_157' title='bbox 2327 838 2416 894; x_wconf 81' lang='lat' dir='ltr'><strong>Xl.</strong></span> <span class='ocrx_word' id='word_1_158' title='bbox 2438 836 2555 893; x_wconf 82' lang='lat' dir='ltr'><strong>Jam</strong></span> <span class='ocrx_word' id='word_1_159' title='bbox 2575 838 2621 893; x_wconf 90' lang='lat' dir='ltr'><strong>si</strong></span> <span class='ocrx_word' id='word_1_160' title='bbox 2651 837 2914 891; x_wconf 88' lang='lat' dir='ltr'><strong>doceatur</strong></span> <span class='ocrx_word' id='word_1_161' title='bbox 2929 849 3051 890; x_wconf 88' lang='lat' dir='ltr'><strong>esse</strong></span> <span class='ocrx_word' id='word_1_162' title='bbox 3068 832 3409 896; x_wconf 85' lang='lat' dir='ltr'><strong>Providentia,</strong></span> <span class='ocrx_word' id='word_1_163' title='bbox 3428 842 3474 889; x_wconf 89' lang='lat' dir='ltr'><strong>et</strong></span> <span class='ocrx_word' id='word_1_164' title='bbox 3493 850 3572 905; x_wconf 90' lang='lat' dir='ltr'><strong>per</strong></span> <span class='ocrx_word' id='word_1_165' title='bbox 3590 837 3707 905; x_wconf 85' lang='lat' dir='ltr'><strong>ipsam</strong></span> 
     </span>
    </p>
   </div>
   <div class='ocr_carea' id='block_1_24' title="bbox 2259 928 3711 999">
    <p class='ocr_par' dir='ltr' id='par_1_24' title="bbox 2259 928 3711 999">
     <span class='ocr_line' id='line_1_24' title="bbox 2259 928 3711 999; baseline -0.001 -12"><span class='ocrx_word' id='word_1_166' title='bbox 2259 932 2437 988; x_wconf 91' lang='lat' dir='ltr'><strong>factus</strong></span> <span class='ocrx_word' id='word_1_167' title='bbox 2467 948 2590 987; x_wconf 86' lang='lat' dir='ltr'><strong>esse</strong></span> <span class='ocrx_word' id='word_1_168' title='bbox 2614 932 2851 987; x_wconf 86' lang='lat' dir='ltr'><strong>mundus</strong></span> <span class='ocrx_word' id='word_1_169' title='bbox 2875 970 2890 995; x_wconf 93' lang='lat'><strong>,</strong></span> <span class='ocrx_word' id='word_1_170' title='bbox 2939 929 3044 983; x_wconf 90' lang='lat' dir='ltr'><strong>alia</strong></span> <span class='ocrx_word' id='word_1_171' title='bbox 3082 944 3269 983; x_wconf 88' lang='lat' dir='ltr'><strong>rursus</strong></span> <span class='ocrx_word' id='word_1_172' title='bbox 3302 943 3409 999; x_wconf 78' lang='lat' dir='ltr'><strong>qua:</strong></span> <span class='ocrx_word' id='word_1_173' title='bbox 3434 928 3711 985; x_wconf 67' lang='lat' dir='ltr'><strong>discutiantur</strong></span> 
     </span>
    </p>
   </div>
   <div class='ocr_carea' id='block_1_25' title="bbox 2257 1019 3713 1093">
    <p class='ocr_par' dir='ltr' id='par_1_25' title="bbox 2257 1019 3713 1093">
     <span class='ocr_line' id='line_1_25' title="bbox 2257 1019 3713 1093; baseline -0.003 -12"><span class='ocrx_word' id='word_1_174' title='bbox 2257 1033 2588 1091; x_wconf 88' lang='lat' dir='ltr'><strong>occurrunt;</strong></span> <span class='ocrx_word' id='word_1_175' title='bbox 2617 1025 2928 1093; x_wconf 90' lang='lat' dir='ltr'><strong>requiretur</strong></span> <span class='ocrx_word' id='word_1_176' title='bbox 2955 1022 3100 1077; x_wconf 86' lang='lat' dir='ltr'><strong>enim</strong></span> <span class='ocrx_word' id='word_1_177' title='bbox 3128 1036 3233 1091; x_wconf 92' lang='lat' dir='ltr'><strong>quo</strong></span> <span class='ocrx_word' id='word_1_178' title='bbox 3257 1019 3403 1075; x_wconf 90' lang='lat' dir='ltr'><strong>modo</strong></span> <span class='ocrx_word' id='word_1_179' title='bbox 3427 1021 3487 1075; x_wconf 88' lang='lat' dir='ltr'><strong>sit</strong></span> <span class='ocrx_word' id='word_1_180' title='bbox 3502 1021 3713 1076; x_wconf 81' lang='lat' dir='ltr'><strong>Providen-</strong></span> 
     </span>
    </p>
   </div>
   <div class='ocr_carea' id='block_1_26' title="bbox 2258 1112 3711 1188">
    <p class='ocr_par' dir='ltr' id='par_1_26' title="bbox 2258 1112 3711 1188">
     <span class='ocr_line' id='line_1_26' title="bbox 2258 1112 3711 1188; baseline -0.005 -15"><span class='ocrx_word' id='word_1_181' title='bbox 2258 1120 2360 1185; x_wconf 87' lang='lat' dir='ltr'><strong>tia,</strong></span> <span class='ocrx_word' id='word_1_182' title='bbox 2394 1128 2572 1173; x_wconf 89' lang='lat' dir='ltr'><strong>utrum</strong></span> <span class='ocrx_word' id='word_1_183' title='bbox 2606 1116 2930 1188; x_wconf 83' lang='lat' dir='ltr'><strong>generaliter</strong></span> <span class='ocrx_word' id='word_1_184' title='bbox 2975 1128 3103 1183; x_wconf 84' lang='lat' dir='ltr'><strong>erga</strong></span> <span class='ocrx_word' id='word_1_185' title='bbox 3130 1113 3303 1167; x_wconf 87' lang='lat' dir='ltr'><strong>omnia</strong></span> <span class='ocrx_word' id='word_1_186' title='bbox 3324 1153 3337 1177; x_wconf 93' lang='lat'><strong>,</strong></span> <span class='ocrx_word' id='word_1_187' title='bbox 3385 1127 3446 1167; x_wconf 90' lang='lat' dir='ltr'><strong>an</strong></span> <span class='ocrx_word' id='word_1_188' title='bbox 3489 1112 3711 1182; x_wconf 79' lang='lat' dir='ltr'><strong>specialiter</strong></span> 
     </span>
    </p>
   </div>
   <div class='ocr_carea' id='block_1_27' title="bbox 2256 1205 3709 1282">
    <p class='ocr_par' dir='ltr' id='par_1_27' title="bbox 2256 1205 3709 1282">
     <span class='ocr_line' id='line_1_27' title="bbox 2256 1205 3709 1282; baseline -0.007 -16"><span class='ocrx_word' id='word_1_189' title='bbox 2256 1225 2381 1282; x_wconf 87' lang='lat' dir='ltr'><strong>erga</strong></span> <span class='ocrx_word' id='word_1_190' title='bbox 2415 1215 2620 1279; x_wconf 89' lang='lat' dir='ltr'><strong>partes,</strong></span> <span class='ocrx_word' id='word_1_191' title='bbox 2653 1223 2722 1261; x_wconf 92' lang='lat' dir='ltr'><strong>an</strong></span> <span class='ocrx_word' id='word_1_192' title='bbox 2752 1214 2806 1261; x_wconf 90' lang='lat' dir='ltr'><strong>et</strong></span> <span class='ocrx_word' id='word_1_193' title='bbox 2828 1205 3151 1277; x_wconf 74' lang='lat' dir='ltr'><strong>generaliter</strong></span> <span class='ocrx_word' id='word_1_194' title='bbox 3179 1218 3301 1274; x_wconf 77' lang='lat' dir='ltr'><strong>erga</strong></span> <span class='ocrx_word' id='word_1_195' title='bbox 3328 1214 3505 1273; x_wconf 87' lang='lat' dir='ltr'><strong>partes,</strong></span> <span class='ocrx_word' id='word_1_196' title='bbox 3526 1214 3628 1257; x_wconf 84' lang='lat' dir='ltr'><strong>anet</strong></span> <span class='ocrx_word' id='word_1_197' title='bbox 3647 1219 3709 1273; x_wconf 82' lang='lat' dir='ltr'><strong>ge-</strong></span> 
     </span>
    </p>
   </div>
   <div class='ocr_carea' id='block_1_28' title="bbox 2257 1292 3709 1370">
    <p class='ocr_par' dir='ltr' id='par_1_28' title="bbox 2257 1292 3709 1370">
     <span class='ocr_line' id='line_1_28' title="bbox 2257 1292 3709 1370; baseline -0.007 -14"><span class='ocrx_word' id='word_1_198' title='bbox 2257 1302 2514 1357; x_wconf 88' lang='lat' dir='ltr'><strong>neraliter</strong></span> <span class='ocrx_word' id='word_1_199' title='bbox 2544 1314 2672 1370; x_wconf 86' lang='lat' dir='ltr'><strong>erga</strong></span> <span class='ocrx_word' id='word_1_200' title='bbox 2702 1297 2884 1353; x_wconf 88' lang='lat' dir='ltr'><strong>omnia</strong></span> <span class='ocrx_word' id='word_1_201' title='bbox 2905 1304 2957 1352; x_wconf 87' lang='lat' dir='ltr'><strong>et</strong></span> <span class='ocrx_word' id='word_1_202' title='bbox 2981 1296 3283 1367; x_wconf 89' lang='lat' dir='ltr'><strong>specialiter</strong></span> <span class='ocrx_word' id='word_1_203' title='bbox 3304 1309 3418 1366; x_wconf 86' lang='lat' dir='ltr'><strong>erga</strong></span> <span class='ocrx_word' id='word_1_204' title='bbox 3452 1302 3610 1365; x_wconf 86' lang='lat' dir='ltr'><strong>partes.</strong></span> <span class='ocrx_word' id='word_1_205' title='bbox 3638 1292 3709 1347; x_wconf 82' lang='lat' dir='ltr'><strong>Ge-</strong></span> 
     </span>
    </p>
   </div>
   <div class='ocr_carea' id='block_1_29' title="bbox 2258 1387 3709 1461">
    <p class='ocr_par' dir='ltr' id='par_1_29' title="bbox 2258 1387 3709 1461">
     <span class='ocr_line' id='line_1_29' title="bbox 2258 1387 3709 1461; baseline -0.006 -13"><span class='ocrx_word' id='word_1_206' title='bbox 2258 1395 2460 1449; x_wconf 92' lang='lat' dir='ltr'><strong>neralis</strong></span> <span class='ocrx_word' id='word_1_207' title='bbox 2489 1404 2669 1448; x_wconf 91' lang='lat' dir='ltr'><strong>autem</strong></span> <span class='ocrx_word' id='word_1_208' title='bbox 2699 1391 3024 1461; x_wconf 82' lang='lat' dir='ltr'><strong>intelligitur</strong></span> <span class='ocrx_word' id='word_1_209' title='bbox 3050 1391 3151 1445; x_wconf 91' lang='lat' dir='ltr'><strong>hoc</strong></span> <span class='ocrx_word' id='word_1_210' title='bbox 3176 1388 3347 1452; x_wconf 90' lang='lat' dir='ltr'><strong>modo,</strong></span> <span class='ocrx_word' id='word_1_211' title='bbox 3375 1388 3510 1459; x_wconf 84' lang='lat' dir='ltr'><strong>quasi</strong></span> <span class='ocrx_word' id='word_1_212' title='bbox 3536 1388 3585 1441; x_wconf 83' lang='lat' dir='ltr'><strong>ab</strong></span> <span class='ocrx_word' id='word_1_213' title='bbox 3606 1387 3709 1441; x_wconf 90' lang='lat' dir='ltr'><strong>initio</strong></span> 
     </span>
    </p>
   </div>
   <div class='ocr_carea' id='block_1_30' title="bbox 2258 1480 3713 1541">
    <p class='ocr_par' dir='ltr' id='par_1_30' title="bbox 2258 1480 3713 1541">
     <span class='ocr_line' id='line_1_30' title="bbox 2258 1480 3713 1541; baseline -0.003 -3"><span class='ocrx_word' id='word_1_214' title='bbox 2258 1485 2399 1541; x_wconf 90' lang='lat' dir='ltr'><strong>Deus</strong></span> <span class='ocrx_word' id='word_1_215' title='bbox 2438 1484 2643 1541; x_wconf 79' lang='lat' dir='ltr'><strong>faciens</strong></span> <span class='ocrx_word' id='word_1_216' title='bbox 2682 1483 2943 1538; x_wconf 91' lang='lat' dir='ltr'><strong>mundum</strong></span> <span class='ocrx_word' id='word_1_217' title='bbox 2987 1482 3233 1536; x_wconf 84' lang='lat' dir='ltr'><strong>ordinem</strong></span> <span class='ocrx_word' id='word_1_218' title='bbox 3297 1480 3485 1535; x_wconf 81' lang='lat' dir='ltr'><strong>dederit</strong></span> <span class='ocrx_word' id='word_1_219' title='bbox 3527 1481 3645 1534; x_wconf 81' lang='lat' dir='ltr'><strong>rebus</strong></span> <span class='ocrx_word' id='word_1_220' title='bbox 3677 1488 3713 1534; x_wconf 76' lang='lat' dir='ltr'><strong>et</strong></span> 
     </span>
    </p>
   </div>
   <div class='ocr_carea' id='block_1_31' title="bbox 2256 1573 3714 1642">
    <p class='ocr_par' dir='ltr' id='par_1_31' title="bbox 2256 1573 3714 1642">
     <span class='ocr_line' id='line_1_31' title="bbox 2256 1573 3714 1642; baseline -0.007 -10"><span class='ocrx_word' id='word_1_221' title='bbox 2256 1592 2479 1632; x_wconf 90' lang='lat' dir='ltr'><strong>cursum</strong></span> <span class='ocrx_word' id='word_1_222' title='bbox 2514 1575 2785 1641; x_wconf 88' lang='lat' dir='ltr'><strong>statuerit,</strong></span> <span class='ocrx_word' id='word_1_223' title='bbox 2816 1582 2870 1628; x_wconf 90' lang='lat' dir='ltr'><strong>et</strong></span> <span class='ocrx_word' id='word_1_224' title='bbox 2897 1573 3039 1626; x_wconf 90' lang='lat' dir='ltr'><strong>ultra</strong></span> <span class='ocrx_word' id='word_1_225' title='bbox 3062 1586 3245 1626; x_wconf 90' lang='lat' dir='ltr'><strong>eorum</strong></span> <span class='ocrx_word' id='word_1_226' title='bbox 3274 1585 3445 1625; x_wconf 87' lang='lat' dir='ltr'><strong>curam</strong></span> <span class='ocrx_word' id='word_1_227' title='bbox 3461 1587 3557 1642; x_wconf 79' lang='lat' dir='ltr'><strong>quae</strong></span> <span class='ocrx_word' id='word_1_228' title='bbox 3579 1586 3714 1640; x_wconf 79' lang='lat' dir='ltr'><strong>gerun-</strong></span> 
     </span>
    </p>
   </div>
   <div class='ocr_carea' id='block_1_32' title="bbox 2257 1652 3713 1735">
    <p class='ocr_par' dir='ltr' id='par_1_32' title="bbox 2257 1652 3713 1735">
     <span class='ocr_line' id='line_1_32' title="bbox 2257 1652 3713 1735; baseline -0.005 -13"><span class='ocrx_word' id='word_1_229' title='bbox 2257 1675 2369 1734; x_wconf 84' lang='lat' dir='ltr'><strong>tur,</strong></span> <span class='ocrx_word' id='word_1_230' title='bbox 2400 1668 2600 1722; x_wconf 89' lang='lat' dir='ltr'><strong>habere</strong></span> <span class='ocrx_word' id='word_1_231' title='bbox 2631 1666 2949 1722; x_wconf 87' lang='lat' dir='ltr'><strong>cessaverit.</strong></span> <span class='ocrx_word' id='word_1_232' title='bbox 2994 1662 3261 1735; x_wconf 90' lang='lat' dir='ltr'><strong>Specialis</strong></span> <span class='ocrx_word' id='word_1_233' title='bbox 3307 1652 3424 1716; x_wconf 85' lang='lat' dir='ltr'><strong>vero</strong></span> <span class='ocrx_word' id='word_1_234' title='bbox 3450 1676 3555 1731; x_wconf 76' lang='lat' dir='ltr'><strong>erga</strong></span> <span class='ocrx_word' id='word_1_235' title='bbox 3590 1669 3713 1731; x_wconf 69' lang='lat' dir='ltr'><strong>partes</strong></span> 
     </span>
    </p>
   </div>
   <div class='ocr_carea' id='block_1_33' title="bbox 585 1728 3711 1829">
    <p class='ocr_par' dir='ltr' id='par_1_33' title="bbox 585 1728 3711 1829">
     <span class='ocr_line' id='line_1_33' title="bbox 585 1728 3711 1829; baseline -0.004 -10"><span class='ocrx_word' id='word_1_236' title='bbox 585 1772 706 1825; x_wconf 78' lang='lat' dir='ltr'><strong>sine</strong></span> <span class='ocrx_word' id='word_1_237' title='bbox 752 1775 977 1822; x_wconf 84' lang='lat' dir='ltr'><strong>auctore</strong></span> <span class='ocrx_word' id='word_1_238' title='bbox 1020 1764 1353 1821; x_wconf 90' lang='lat' dir='ltr'><strong>subsistens.</strong></span> <span class='ocrx_word' id='word_1_239' title='bbox 1386 1759 1542 1827; x_wconf 86' lang='lat' dir='ltr'><strong>Quod</strong></span> <span class='ocrx_word' id='word_1_240' title='bbox 1578 1766 1759 1814; x_wconf 89' lang='lat' dir='ltr'><strong>autem</strong></span> <span class='ocrx_word' id='word_1_241' title='bbox 1787 1759 2151 1828; x_wconf 88' lang='lat' dir='ltr'><strong>compositum</strong></span> <span class='ocrx_word' id='word_1_242' title='bbox 2189 1728 2227 1779; x_wconf 68' lang='grc' dir='ltr'><strong><em>Β</em></strong></span> <span class='ocrx_word' id='word_1_243' title='bbox 2259 1761 2361 1816; x_wconf 88' lang='lat' dir='ltr'><strong>hoc</strong></span> <span class='ocrx_word' id='word_1_244' title='bbox 2384 1759 2545 1814; x_wconf 88' lang='lat' dir='ltr'><strong>modo</strong></span> <span class='ocrx_word' id='word_1_245' title='bbox 2568 1766 2671 1824; x_wconf 91' lang='lat' dir='ltr'><strong>est,</strong></span> <span class='ocrx_word' id='word_1_246' title='bbox 2698 1768 2757 1813; x_wconf 93' lang='lat' dir='ltr'><strong>ut</strong></span> <span class='ocrx_word' id='word_1_247' title='bbox 2777 1755 3142 1829; x_wconf 89' lang='lat' dir='ltr'><strong>quorumdam</strong></span> <span class='ocrx_word' id='word_1_248' title='bbox 3169 1753 3376 1827; x_wconf 88' lang='lat' dir='ltr'><strong>quidem</strong></span> <span class='ocrx_word' id='word_1_249' title='bbox 3407 1753 3480 1809; x_wconf 86' lang='lat' dir='ltr'><strong>vel</strong></span> <span class='ocrx_word' id='word_1_250' title='bbox 3516 1753 3711 1807; x_wconf 85' lang='lat' dir='ltr'><strong>hominum</strong></span> 
     </span>
    </p>
   </div>
   <div class='ocr_carea' id='block_1_34' title="bbox 583 1851 2151 1927">
    <p class='ocr_par' dir='ltr' id='par_1_34' title="bbox 583 1851 2151 1927">
     <span class='ocr_line' id='line_1_34' title="bbox 583 1851 2151 1927; baseline -0.01 -7"><span class='ocrx_word' id='word_1_251' title='bbox 583 1872 690 1927; x_wconf 89' lang='lat' dir='ltr'><strong>est,</strong></span> <span class='ocrx_word' id='word_1_252' title='bbox 724 1872 777 1918; x_wconf 92' lang='lat' dir='ltr'><strong>et</strong></span> <span class='ocrx_word' id='word_1_253' title='bbox 806 1875 1035 1916; x_wconf 87' lang='lat' dir='ltr'><strong>numero</strong></span> <span class='ocrx_word' id='word_1_254' title='bbox 1056 1873 1120 1912; x_wconf 89' lang='lat' dir='ltr'><strong>ac</strong></span> <span class='ocrx_word' id='word_1_255' title='bbox 1153 1856 1457 1912; x_wconf 90' lang='lat' dir='ltr'><strong>diversitati</strong></span> <span class='ocrx_word' id='word_1_256' title='bbox 1486 1854 1853 1924; x_wconf 88' lang='lat' dir='ltr'><strong>divisionique</strong></span> <span class='ocrx_word' id='word_1_257' title='bbox 1884 1851 2151 1921; x_wconf 89' lang='lat' dir='ltr'><strong>subjacet,</strong></span> 
     </span>
    </p>
   </div>
   <div class='ocr_carea' id='block_1_35' title="bbox 584 1942 2155 2017">
    <p class='ocr_par' dir='ltr' id='par_1_35' title="bbox 584 1942 2155 2017">
     <span class='ocr_line' id='line_1_35' title="bbox 584 1942 2155 2017; baseline -0.007 -8"><span class='ocrx_word' id='word_1_258' title='bbox 584 1951 904 2009; x_wconf 84' lang='lat' dir='ltr'><strong>necessario</strong></span> <span class='ocrx_word' id='word_1_259' title='bbox 928 1956 1151 2005; x_wconf 89' lang='lat' dir='ltr'><strong>auctore</strong></span> <span class='ocrx_word' id='word_1_260' title='bbox 1181 1948 1366 2017; x_wconf 86' lang='lat' dir='ltr'><strong>aliquo</strong></span> <span class='ocrx_word' id='word_1_261' title='bbox 1394 1945 1756 2015; x_wconf 88' lang='lat' dir='ltr'><strong>compositum</strong></span> <span class='ocrx_word' id='word_1_262' title='bbox 1787 1954 1891 2009; x_wconf 83' lang='lat' dir='ltr'><strong>est,</strong></span> <span class='ocrx_word' id='word_1_263' title='bbox 1910 1952 2075 2014; x_wconf 87' lang='lat' dir='ltr'><strong>atque</strong></span> <span class='ocrx_word' id='word_1_264' title='bbox 2100 1942 2155 1998; x_wconf 80' lang='lat' dir='ltr'><strong>in</strong></span> 
     </span>
    </p>
   </div>
   <div class='ocr_carea' id='block_1_36' title="bbox 584 2036 2160 2111">
    <p class='ocr_par' dir='ltr' id='par_1_36' title="bbox 584 2036 2160 2111">
     <span class='ocr_line' id='line_1_36' title="bbox 584 2036 2160 2111; baseline -0.003 -13"><span class='ocrx_word' id='word_1_265' title='bbox 584 2058 751 2099; x_wconf 90' lang='lat' dir='ltr'><strong>unam</strong></span> <span class='ocrx_word' id='word_1_266' title='bbox 805 2040 1039 2111; x_wconf 79' lang='lat' dir='ltr'><strong>speciem</strong></span> <span class='ocrx_word' id='word_1_267' title='bbox 1092 2038 1382 2093; x_wconf 82' lang='lat' dir='ltr'><strong>diversitas</strong></span> <span class='ocrx_word' id='word_1_268' title='bbox 1428 2048 1775 2108; x_wconf 88' lang='lat' dir='ltr'><strong>congregata.</strong></span> <span class='ocrx_word' id='word_1_269' title='bbox 1823 2036 1978 2104; x_wconf 91' lang='lat' dir='ltr'><strong>Quod</strong></span> <span class='ocrx_word' id='word_1_270' title='bbox 2031 2053 2160 2110; x_wconf 84' lang='lat' dir='ltr'><strong>ergo</strong></span> 
     </span>
    </p>
   </div>
   <div class='ocr_carea' id='block_1_37' title="bbox 586 2127 2158 2197">
    <p class='ocr_par' dir='ltr' id='par_1_37' title="bbox 586 2127 2158 2197">
     <span class='ocr_line' id='line_1_37' title="bbox 586 2127 2158 2197; baseline -0.003 -7"><span class='ocrx_word' id='word_1_271' title='bbox 586 2134 912 2190; x_wconf 90' lang='lat' dir='ltr'><strong>immensum</strong></span> <span class='ocrx_word' id='word_1_272' title='bbox 939 2141 1040 2194; x_wconf 88' lang='lat' dir='ltr'><strong>est,</strong></span> <span class='ocrx_word' id='word_1_273' title='bbox 1074 2130 1317 2184; x_wconf 86' lang='lat' dir='ltr'><strong>bonitate</strong></span> <span class='ocrx_word' id='word_1_274' title='bbox 1360 2136 1510 2197; x_wconf 88' lang='lat' dir='ltr'><strong>pater</strong></span> <span class='ocrx_word' id='word_1_275' title='bbox 1532 2135 1637 2192; x_wconf 89' lang='lat' dir='ltr'><strong>est,</strong></span> <span class='ocrx_word' id='word_1_276' title='bbox 1661 2127 1860 2182; x_wconf 84' lang='lat' dir='ltr'><strong>virtute</strong></span> <span class='ocrx_word' id='word_1_277' title='bbox 1889 2128 2158 2185; x_wconf 91' lang='lat' dir='ltr'><strong>conditor.</strong></span> 
     </span>
    </p>
   </div>
   <div class='ocr_carea' id='block_1_38' title="bbox 584 2220 2162 2294">
    <p class='ocr_par' dir='ltr' id='par_1_38' title="bbox 584 2220 2162 2294">
     <span class='ocr_line' id='line_1_38' title="bbox 584 2220 2162 2294; baseline -0.002 -16"><span class='ocrx_word' id='word_1_278' title='bbox 584 2223 770 2294; x_wconf 73' lang='lat' dir='ltr'><strong>Neque</strong></span> <span class='ocrx_word' id='word_1_279' title='bbox 818 2238 946 2293; x_wconf 87' lang='lat' dir='ltr'><strong>ergo</strong></span> <span class='ocrx_word' id='word_1_280' title='bbox 996 2220 1261 2276; x_wconf 88' lang='lat' dir='ltr'><strong>condendi</strong></span> <span class='ocrx_word' id='word_1_281' title='bbox 1308 2220 1481 2274; x_wconf 85' lang='lat' dir='ltr'><strong>virtus</strong></span> <span class='ocrx_word' id='word_1_282' title='bbox 1527 2221 1579 2275; x_wconf 91' lang='lat' dir='ltr'><strong>in</strong></span> <span class='ocrx_word' id='word_1_283' title='bbox 1625 2220 1893 2274; x_wconf 90' lang='lat' dir='ltr'><strong>immenso</strong></span> <span class='ocrx_word' id='word_1_284' title='bbox 1946 2235 2162 2275; x_wconf 88' lang='lat' dir='ltr'><strong>cessare</strong></span> 
     </span>
    </p>
   </div>
   <div class='ocr_carea' id='block_1_39' title="bbox 585 2313 2161 2388">
    <p class='ocr_par' dir='ltr' id='par_1_39' title="bbox 585 2313 2161 2388">
     <span class='ocr_line' id='line_1_39' title="bbox 585 2313 2161 2388; baseline -0.003 -16"><span class='ocrx_word' id='word_1_285' title='bbox 585 2318 784 2388; x_wconf 91' lang='lat' dir='ltr'><strong>potuit,</strong></span> <span class='ocrx_word' id='word_1_286' title='bbox 819 2331 995 2380; x_wconf 83' lang='lat' dir='ltr'><strong>neque</strong></span> <span class='ocrx_word' id='word_1_287' title='bbox 1027 2315 1241 2370; x_wconf 87' lang='lat' dir='ltr'><strong>bonitas</strong></span> <span class='ocrx_word' id='word_1_288' title='bbox 1267 2315 1450 2381; x_wconf 86' lang='lat' dir='ltr'><strong>otiari,</strong></span> <span class='ocrx_word' id='word_1_289' title='bbox 1476 2314 1569 2370; x_wconf 91' lang='lat' dir='ltr'><strong>sed</strong></span> <span class='ocrx_word' id='word_1_290' title='bbox 1592 2313 1657 2369; x_wconf 91' lang='lat' dir='ltr'><strong>ad</strong></span> <span class='ocrx_word' id='word_1_291' title='bbox 1684 2313 2061 2370; x_wconf 87' lang='lat' dir='ltr'><strong>substituenda</strong></span> <span class='ocrx_word' id='word_1_292' title='bbox 2097 2325 2161 2367; x_wconf 87' lang='lat' dir='ltr'><strong>ea</strong></span> 
     </span>
    </p>
   </div>
   <div class='ocr_carea' id='block_1_40' title="bbox 584 2403 2160 2479">
    <p class='ocr_par' dir='ltr' id='par_1_40' title="bbox 584 2403 2160 2479">
     <span class='ocr_line' id='line_1_40' title="bbox 584 2403 2160 2479; baseline -0.003 -17"><span class='ocrx_word' id='word_1_293' title='bbox 584 2425 707 2479; x_wconf 66' lang='lat' dir='ltr'><strong>qua:</strong></span> <span class='ocrx_word' id='word_1_294' title='bbox 738 2418 896 2474; x_wconf 87' lang='lat' dir='ltr'><strong>sunt,</strong></span> <span class='ocrx_word' id='word_1_295' title='bbox 942 2406 1181 2462; x_wconf 86' lang='lat' dir='ltr'><strong>bonitate</strong></span> <span class='ocrx_word' id='word_1_296' title='bbox 1210 2447 1225 2473; x_wconf 94' lang='lat'><strong>,</strong></span> <span class='ocrx_word' id='word_1_297' title='bbox 1272 2406 1341 2460; x_wconf 70' lang='lat' dir='ltr'><strong>ad</strong></span> <span class='ocrx_word' id='word_1_298' title='bbox 1388 2405 1760 2476; x_wconf 86' lang='lat' dir='ltr'><strong>componenda</strong></span> <span class='ocrx_word' id='word_1_299' title='bbox 1794 2414 1848 2461; x_wconf 89' lang='lat' dir='ltr'><strong>et</strong></span> <span class='ocrx_word' id='word_1_300' title='bbox 1876 2403 2160 2470; x_wconf 87' lang='lat' dir='ltr'><strong>firmanda,</strong></span> 
     </span>
    </p>
   </div>
   <div class='ocr_carea' id='block_1_41' title="bbox 585 2493 2156 2567">
    <p class='ocr_par' dir='ltr' id='par_1_41' title="bbox 585 2493 2156 2567">
     <span class='ocr_line' id='line_1_41' title="bbox 585 2493 2156 2567; baseline -0.006 -13"><span class='ocrx_word' id='word_1_301' title='bbox 585 2499 790 2554; x_wconf 88' lang='lat' dir='ltr'><strong>virtute</strong></span> <span class='ocrx_word' id='word_1_302' title='bbox 828 2504 1180 2567; x_wconf 84' lang='lat' dir='ltr'><strong>provocatur.</strong></span> <span class='ocrx_word' id='word_1_303' title='bbox 1221 2493 1646 2550; x_wconf 88' lang='lat' dir='ltr'><strong>Substituuntur</strong></span> <span class='ocrx_word' id='word_1_304' title='bbox 1672 2507 1801 2563; x_wconf 83' lang='lat' dir='ltr'><strong>ergo</strong></span> <span class='ocrx_word' id='word_1_305' title='bbox 1833 2498 1886 2547; x_wconf 91' lang='lat' dir='ltr'><strong>et</strong></span> <span class='ocrx_word' id='word_1_306' title='bbox 1932 2506 2156 2562; x_wconf 86' lang='lat' dir='ltr'><strong>compo-</strong></span> 
     </span>
    </p>
   </div>
   <div class='ocr_carea' id='block_1_42' title="bbox 585 2582 2157 2660">
    <p class='ocr_par' dir='ltr' id='par_1_42' title="bbox 585 2582 2157 2660">
     <span class='ocr_line' id='line_1_42' title="bbox 585 2582 2157 2660; baseline -0.008 -13"><span class='ocrx_word' id='word_1_307' title='bbox 585 2602 794 2647; x_wconf 91' lang='lat' dir='ltr'><strong>nuntur</strong></span> <span class='ocrx_word' id='word_1_308' title='bbox 822 2588 1091 2660; x_wconf 63' lang='lat' dir='ltr'><strong>quaedam,</strong></span> <span class='ocrx_word' id='word_1_309' title='bbox 1120 2595 1179 2641; x_wconf 89' lang='lat' dir='ltr'><strong>ut</strong></span> <span class='ocrx_word' id='word_1_310' title='bbox 1208 2585 1465 2649; x_wconf 83' lang='lat' dir='ltr'><strong>diximus,</strong></span> <span class='ocrx_word' id='word_1_311' title='bbox 1497 2601 1561 2641; x_wconf 83' lang='lat' dir='ltr'><strong>ex</strong></span> <span class='ocrx_word' id='word_1_312' title='bbox 1601 2582 1818 2639; x_wconf 91' lang='lat' dir='ltr'><strong>duobus</strong></span> <span class='ocrx_word' id='word_1_313' title='bbox 1844 2582 1927 2639; x_wconf 88' lang='lat' dir='ltr'><strong>vel</strong></span> <span class='ocrx_word' id='word_1_314' title='bbox 1959 2598 2024 2637; x_wconf 84' lang='lat' dir='ltr'><strong>ex</strong></span> <span class='ocrx_word' id='word_1_315' title='bbox 2055 2582 2157 2635; x_wconf 89' lang='lat' dir='ltr'><strong>tri-</strong></span> 
     </span>
    </p>
   </div>
   <div class='ocr_carea' id='block_1_43' title="bbox 585 2673 2150 2753">
    <p class='ocr_par' dir='ltr' id='par_1_43' title="bbox 585 2673 2150 2753">
     <span class='ocr_line' id='line_1_43' title="bbox 585 2673 2150 2753; baseline -0.008 -13"><span class='ocrx_word' id='word_1_316' title='bbox 585 2684 711 2749; x_wconf 84' lang='lat' dir='ltr'><strong>bus,</strong></span> <span class='ocrx_word' id='word_1_317' title='bbox 756 2683 1002 2753; x_wconf 61' lang='lat' dir='ltr'><strong>quatdam</strong></span> <span class='ocrx_word' id='word_1_318' title='bbox 1046 2694 1176 2735; x_wconf 88' lang='lat' dir='ltr'><strong>vero</strong></span> <span class='ocrx_word' id='word_1_319' title='bbox 1220 2694 1287 2733; x_wconf 88' lang='lat' dir='ltr'><strong>ex</strong></span> <span class='ocrx_word' id='word_1_320' title='bbox 1330 2687 1586 2749; x_wconf 85' lang='lat' dir='ltr'><strong>quatuor,</strong></span> <span class='ocrx_word' id='word_1_321' title='bbox 1628 2676 1733 2730; x_wconf 89' lang='lat' dir='ltr'><strong>alia</strong></span> <span class='ocrx_word' id='word_1_322' title='bbox 1778 2690 1845 2730; x_wconf 88' lang='lat' dir='ltr'><strong>ex</strong></span> <span class='ocrx_word' id='word_1_323' title='bbox 1883 2673 2150 2744; x_wconf 90' lang='lat' dir='ltr'><strong>pluribus.</strong></span> 
     </span>
    </p>
   </div>
   <div class='ocr_carea' id='block_1_44' title="bbox 589 2762 2148 2845">
    <p class='ocr_par' dir='ltr' id='par_1_44' title="bbox 589 2762 2148 2845">
     <span class='ocr_line' id='line_1_44' title="bbox 589 2762 2148 2845; baseline -0.01 -15"><span class='ocrx_word' id='word_1_324' title='bbox 589 2774 697 2830; x_wconf 88' lang='lat' dir='ltr'><strong>Sed</strong></span> <span class='ocrx_word' id='word_1_325' title='bbox 726 2772 987 2845; x_wconf 87' lang='lat' dir='ltr'><strong>quoniam</strong></span> <span class='ocrx_word' id='word_1_326' title='bbox 1020 2784 1168 2825; x_wconf 93' lang='lat' dir='ltr'><strong>nunc</strong></span> <span class='ocrx_word' id='word_1_327' title='bbox 1197 2768 1355 2823; x_wconf 88' lang='lat' dir='ltr'><strong>nobis</strong></span> <span class='ocrx_word' id='word_1_328' title='bbox 1387 2768 1454 2822; x_wconf 90' lang='lat' dir='ltr'><strong>de</strong></span> <span class='ocrx_word' id='word_1_329' title='bbox 1490 2766 1678 2821; x_wconf 88' lang='lat' dir='ltr'><strong>mundi</strong></span> <span class='ocrx_word' id='word_1_330' title='bbox 1723 2767 1928 2820; x_wconf 90' lang='lat' dir='ltr'><strong>ratione</strong></span> <span class='ocrx_word' id='word_1_331' title='bbox 1958 2762 2148 2836; x_wconf 60' lang='lat' dir='ltr'><strong>quatri-</strong></span> 
     </span>
    </p>
   </div>
   <div class='ocr_carea' id='block_1_45' title="bbox 586 2856 2154 2929">
    <p class='ocr_par' dir='ltr' id='par_1_45' title="bbox 586 2856 2154 2929">
     <span class='ocr_line' id='line_1_45' title="bbox 586 2856 2154 2929; baseline -0.009 -7"><span class='ocrx_word' id='word_1_332' title='bbox 586 2877 675 2923; x_wconf 92' lang='lat' dir='ltr'><strong>tur</strong></span> <span class='ocrx_word' id='word_1_333' title='bbox 698 2873 753 2921; x_wconf 92' lang='lat' dir='ltr'><strong>et</strong></span> <span class='ocrx_word' id='word_1_334' title='bbox 785 2868 850 2919; x_wconf 92' lang='lat' dir='ltr'><strong>de</strong></span> <span class='ocrx_word' id='word_1_335' title='bbox 881 2860 1188 2919; x_wconf 88' lang='lat' dir='ltr'><strong>substantia</strong></span> <span class='ocrx_word' id='word_1_336' title='bbox 1248 2859 1390 2929; x_wconf 87' lang='lat' dir='ltr'><strong>ejus,</strong></span> <span class='ocrx_word' id='word_1_337' title='bbox 1428 2874 1591 2929; x_wconf 89' lang='lat' dir='ltr'><strong>quam</strong></span> <span class='ocrx_word' id='word_1_338' title='bbox 1644 2873 1709 2914; x_wconf 85' lang='lat' dir='ltr'><strong>ex</strong></span> <span class='ocrx_word' id='word_1_339' title='bbox 1757 2866 1992 2928; x_wconf 88' lang='lat' dir='ltr'><strong>quatuor</strong></span> <span class='ocrx_word' id='word_1_340' title='bbox 2040 2856 2154 2911; x_wconf 88' lang='lat' dir='ltr'><strong>ele-</strong></span> 
     </span>
    </p>
   </div>
   <div class='ocr_carea' id='block_1_46' title="bbox 584 2947 2156 3024">
    <p class='ocr_par' dir='ltr' id='par_1_46' title="bbox 584 2947 2156 3024">
     <span class='ocr_line' id='line_1_46' title="bbox 584 2947 2156 3024; baseline -0.006 -11"><span class='ocrx_word' id='word_1_341' title='bbox 584 2958 784 3013; x_wconf 87' lang='lat' dir='ltr'><strong>mentis</strong></span> <span class='ocrx_word' id='word_1_342' title='bbox 830 2971 955 3012; x_wconf 89' lang='lat' dir='ltr'><strong>esse</strong></span> <span class='ocrx_word' id='word_1_343' title='bbox 1006 2952 1365 3024; x_wconf 88' lang='lat' dir='ltr'><strong>compositam</strong></span> <span class='ocrx_word' id='word_1_344' title='bbox 1413 2957 1651 3014; x_wconf 88' lang='lat' dir='ltr'><strong>constat,</strong></span> <span class='ocrx_word' id='word_1_345' title='bbox 1695 2949 1783 3004; x_wconf 92' lang='lat' dir='ltr'><strong>cui</strong></span> <span class='ocrx_word' id='word_1_346' title='bbox 1827 2964 2016 3004; x_wconf 91' lang='lat' dir='ltr'><strong>omnes</strong></span> <span class='ocrx_word' id='word_1_347' title='bbox 2049 2947 2156 3003; x_wconf 77' lang='lat' dir='ltr'><strong>illae</strong></span> 
     </span>
    </p>
   </div>
   <div class='ocr_carea' id='block_1_47' title="bbox 2254 1848 3711 1926">
    <p class='ocr_par' dir='ltr' id='par_1_47' title="bbox 2254 1848 3711 1926">
     <span class='ocr_line' id='line_1_47' title="bbox 2254 1848 3711 1926; baseline -0.005 -16"><span class='ocrx_word' id='word_1_348' title='bbox 2254 1856 2338 1912; x_wconf 86' lang='lat' dir='ltr'><strong>vel</strong></span> <span class='ocrx_word' id='word_1_349' title='bbox 2392 1856 2635 1911; x_wconf 85' lang='lat' dir='ltr'><strong>lucorum</strong></span> <span class='ocrx_word' id='word_1_350' title='bbox 2667 1855 3068 1926; x_wconf 88' lang='lat' dir='ltr'><strong>providentiam</strong></span> <span class='ocrx_word' id='word_1_351' title='bbox 3101 1859 3270 1923; x_wconf 87' lang='lat' dir='ltr'><strong>gerat,</strong></span> <span class='ocrx_word' id='word_1_352' title='bbox 3294 1848 3600 1920; x_wconf 84' lang='lat' dir='ltr'><strong>quorumdam</strong></span> <span class='ocrx_word' id='word_1_353' title='bbox 3630 1864 3711 1902; x_wconf 70' lang='lat' dir='ltr'><strong>vero</strong></span> 
     </span>
    </p>
   </div>
   <div class='ocr_carea' id='block_1_48' title="bbox 2259 1942 3712 2019">
    <p class='ocr_par' dir='ltr' id='par_1_48' title="bbox 2259 1942 3712 2019">
     <span class='ocr_line' id='line_1_48' title="bbox 2259 1942 3712 2019; baseline -0.004 -16"><span class='ocrx_word' id='word_1_354' title='bbox 2259 1964 2367 2005; x_wconf 92' lang='lat' dir='ltr'><strong>non</strong></span> <span class='ocrx_word' id='word_1_355' title='bbox 2391 1958 2565 2019; x_wconf 82' lang='lat' dir='ltr'><strong>gerat.</strong></span> <span class='ocrx_word' id='word_1_356' title='bbox 2610 1946 2895 2004; x_wconf 87' lang='lat' dir='ltr'><strong>Generalis</strong></span> <span class='ocrx_word' id='word_1_357' title='bbox 2943 1953 3127 2000; x_wconf 91' lang='lat' dir='ltr'><strong>autem</strong></span> <span class='ocrx_word' id='word_1_358' title='bbox 3179 1942 3407 1999; x_wconf 80' lang='lat' dir='ltr'><strong>omnium</strong></span> <span class='ocrx_word' id='word_1_359' title='bbox 3450 1952 3495 1997; x_wconf 89' lang='lat' dir='ltr'><strong>et</strong></span> <span class='ocrx_word' id='word_1_360' title='bbox 3541 1942 3712 2012; x_wconf 79' lang='lat' dir='ltr'><strong>specialis</strong></span> 
     </span>
    </p>
   </div>
   <div class='ocr_carea' id='block_1_49' title="bbox 2257 2031 3714 2111">
    <p class='ocr_par' dir='ltr' id='par_1_49' title="bbox 2257 2031 3714 2111">
     <span class='ocr_line' id='line_1_49' title="bbox 2257 2031 3714 2111; baseline -0.007 -17"><span class='ocrx_word' id='word_1_361' title='bbox 2257 2041 2491 2111; x_wconf 90' lang='lat' dir='ltr'><strong>partium</strong></span> <span class='ocrx_word' id='word_1_362' title='bbox 2521 2040 2683 2095; x_wconf 91' lang='lat' dir='ltr'><strong>simul</strong></span> <span class='ocrx_word' id='word_1_363' title='bbox 2740 2039 2843 2093; x_wconf 88' lang='lat' dir='ltr'><strong>hoc</strong></span> <span class='ocrx_word' id='word_1_364' title='bbox 2884 2037 3050 2093; x_wconf 89' lang='lat' dir='ltr'><strong>modo</strong></span> <span class='ocrx_word' id='word_1_365' title='bbox 3104 2043 3211 2103; x_wconf 88' lang='lat' dir='ltr'><strong>est,</strong></span> <span class='ocrx_word' id='word_1_366' title='bbox 3242 2035 3390 2105; x_wconf 88' lang='lat' dir='ltr'><strong>quasi</strong></span> <span class='ocrx_word' id='word_1_367' title='bbox 3435 2044 3481 2088; x_wconf 88' lang='lat' dir='ltr'><strong>et</strong></span> <span class='ocrx_word' id='word_1_368' title='bbox 3526 2033 3579 2087; x_wconf 86' lang='lat' dir='ltr'><strong>ab</strong></span> <span class='ocrx_word' id='word_1_369' title='bbox 3614 2031 3714 2085; x_wconf 88' lang='lat' dir='ltr'><strong>initio</strong></span> 
     </span>
    </p>
   </div>
   <div class='ocr_carea' id='block_1_50' title="bbox 2255 2124 3716 2200">
    <p class='ocr_par' dir='ltr' id='par_1_50' title="bbox 2255 2124 3716 2200">
     <span class='ocr_line' id='line_1_50' title="bbox 2255 2124 3716 2200; baseline -0.008 -12"><span class='ocrx_word' id='word_1_370' title='bbox 2255 2131 2441 2189; x_wconf 90' lang='lat' dir='ltr'><strong>omnia</strong></span> <span class='ocrx_word' id='word_1_371' title='bbox 2474 2131 2666 2186; x_wconf 81' lang='lat' dir='ltr'><strong>fecerit</strong></span> <span class='ocrx_word' id='word_1_372' title='bbox 2699 2130 2845 2185; x_wconf 86' lang='lat' dir='ltr'><strong>Deus</strong></span> <span class='ocrx_word' id='word_1_373' title='bbox 2870 2169 2885 2194; x_wconf 93' lang='lat'><strong>,</strong></span> <span class='ocrx_word' id='word_1_374' title='bbox 2924 2139 2978 2184; x_wconf 89' lang='lat' dir='ltr'><strong>et</strong></span> <span class='ocrx_word' id='word_1_375' title='bbox 3007 2143 3186 2200; x_wconf 89' lang='lat' dir='ltr'><strong>usque</strong></span> <span class='ocrx_word' id='word_1_376' title='bbox 3228 2126 3294 2182; x_wconf 87' lang='lat' dir='ltr'><strong>ad</strong></span> <span class='ocrx_word' id='word_1_377' title='bbox 3322 2125 3462 2182; x_wconf 88' lang='lat' dir='ltr'><strong>finem</strong></span> <span class='ocrx_word' id='word_1_378' title='bbox 3486 2141 3563 2195; x_wconf 84' lang='lat' dir='ltr'><strong>per</strong></span> <span class='ocrx_word' id='word_1_379' title='bbox 3589 2124 3716 2194; x_wconf 77' lang='lat' dir='ltr'><strong>singu-</strong></span> 
     </span>
    </p>
   </div>
   <div class='ocr_carea' id='block_1_51' title="bbox 2256 2213 3715 2294">
    <p class='ocr_par' dir='ltr' id='par_1_51' title="bbox 2256 2213 3715 2294">
     <span class='ocr_line' id='line_1_51' title="bbox 2256 2213 3715 2294; baseline -0.006 -18"><span class='ocrx_word' id='word_1_380' title='bbox 2256 2223 2337 2278; x_wconf 91' lang='lat' dir='ltr'><strong>los</strong></span> <span class='ocrx_word' id='word_1_381' title='bbox 2363 2238 2611 2294; x_wconf 87' lang='lat' dir='ltr'><strong>quosque</strong></span> <span class='ocrx_word' id='word_1_382' title='bbox 2630 2220 3028 2291; x_wconf 86' lang='lat' dir='ltr'><strong>providentiam</strong></span> <span class='ocrx_word' id='word_1_383' title='bbox 3082 2226 3259 2293; x_wconf 81' lang='lat' dir='ltr'><strong>gerat,</strong></span> <span class='ocrx_word' id='word_1_384' title='bbox 3314 2225 3364 2274; x_wconf 87' lang='lat' dir='ltr'><strong>et</strong></span> <span class='ocrx_word' id='word_1_385' title='bbox 3383 2213 3715 2286; x_wconf 78' lang='lat' dir='ltr'><strong>unicuiquered-</strong></span> 
     </span>
    </p>
   </div>
   <div class='ocr_carea' id='block_1_52' title="bbox 2255 2309 2892 2382">
    <p class='ocr_par' dir='ltr' id='par_1_52' title="bbox 2255 2309 2892 2382">
     <span class='ocr_line' id='line_1_52' title="bbox 2255 2309 2892 2382; baseline -0.002 -16"><span class='ocrx_word' id='word_1_386' title='bbox 2255 2313 2346 2366; x_wconf 83' lang='lat' dir='ltr'><strong>dat</strong></span> <span class='ocrx_word' id='word_1_387' title='bbox 2380 2327 2477 2382; x_wconf 89' lang='lat' dir='ltr'><strong>pro</strong></span> <span class='ocrx_word' id='word_1_388' title='bbox 2506 2311 2723 2366; x_wconf 89' lang='lat' dir='ltr'><strong>actibus</strong></span> <span class='ocrx_word' id='word_1_389' title='bbox 2756 2309 2892 2366; x_wconf 92' lang='lat' dir='ltr'><strong>suis.</strong></span> 
     </span>
    </p>
   </div>
   <div class='ocr_carea' id='block_1_53' title="bbox 2326 2393 3715 2474">
    <p class='ocr_par' dir='ltr' id='par_1_53' title="bbox 2326 2393 3715 2474">
     <span class='ocr_line' id='line_1_53' title="bbox 2326 2393 3715 2474; baseline -0.006 -17"><span class='ocrx_word' id='word_1_390' title='bbox 2326 2400 2438 2457; x_wconf 77' lang='lat' dir='ltr'><strong>Xll.</strong></span> <span class='ocrx_word' id='word_1_391' title='bbox 2464 2401 2645 2457; x_wconf 90' lang='lat' dir='ltr'><strong>Prima</strong></span> <span class='ocrx_word' id='word_1_392' title='bbox 2669 2417 2799 2474; x_wconf 90' lang='lat' dir='ltr'><strong>ergo</strong></span> <span class='ocrx_word' id='word_1_393' title='bbox 2816 2401 2906 2456; x_wconf 87' lang='lat' dir='ltr'><strong>illa</strong></span> <span class='ocrx_word' id='word_1_394' title='bbox 2933 2399 3262 2471; x_wconf 84' lang='lat' dir='ltr'><strong>propositio,</strong></span> <span class='ocrx_word' id='word_1_395' title='bbox 3284 2414 3393 2471; x_wconf 75' lang='lat' dir='ltr'><strong>qua:</strong></span> <span class='ocrx_word' id='word_1_396' title='bbox 3412 2396 3536 2459; x_wconf 87' lang='lat' dir='ltr'><strong>dicit,</strong></span> <span class='ocrx_word' id='word_1_397' title='bbox 3561 2393 3652 2466; x_wconf 82' lang='lat' dir='ltr'><strong>quia</strong></span> <span class='ocrx_word' id='word_1_398' title='bbox 3672 2393 3715 2448; x_wconf 82' lang='lat' dir='ltr'><strong>ab</strong></span> 
     </span>
    </p>
   </div>
   <div class='ocr_carea' id='block_1_54' title="bbox 2256 2488 3716 2561">
    <p class='ocr_par' dir='ltr' id='par_1_54' title="bbox 2256 2488 3716 2561">
     <span class='ocr_line' id='line_1_54' title="bbox 2256 2488 3716 2561; baseline -0.006 -11"><span class='ocrx_word' id='word_1_399' title='bbox 2256 2495 2411 2552; x_wconf 92' lang='lat' dir='ltr'><strong>initio</strong></span> <span class='ocrx_word' id='word_1_400' title='bbox 2450 2494 2595 2550; x_wconf 90' lang='lat' dir='ltr'><strong>Deus</strong></span> <span class='ocrx_word' id='word_1_401' title='bbox 2626 2494 2816 2551; x_wconf 84' lang='lat' dir='ltr'><strong>fecerit</strong></span> <span class='ocrx_word' id='word_1_402' title='bbox 2869 2491 3082 2559; x_wconf 90' lang='lat' dir='ltr'><strong>omnia,</strong></span> <span class='ocrx_word' id='word_1_403' title='bbox 3116 2499 3172 2547; x_wconf 91' lang='lat' dir='ltr'><strong>et</strong></span> <span class='ocrx_word' id='word_1_404' title='bbox 3204 2508 3364 2547; x_wconf 90' lang='lat' dir='ltr'><strong>cursu</strong></span> <span class='ocrx_word' id='word_1_405' title='bbox 3418 2498 3550 2561; x_wconf 86' lang='lat' dir='ltr'><strong>atque</strong></span> <span class='ocrx_word' id='word_1_406' title='bbox 3587 2488 3716 2544; x_wconf 81' lang='lat' dir='ltr'><strong>ordine</strong></span> 
     </span>
    </p>
   </div>
   <div class='ocr_carea' id='block_1_55' title="bbox 2256 2582 3717 2657">
    <p class='ocr_par' dir='ltr' id='par_1_55' title="bbox 2256 2582 3717 2657">
     <span class='ocr_line' id='line_1_55' title="bbox 2256 2582 3717 2657; baseline -0.005 -16"><span class='ocrx_word' id='word_1_407' title='bbox 2256 2585 2421 2641; x_wconf 83' lang='lat' dir='ltr'><strong>rebus</strong></span> <span class='ocrx_word' id='word_1_408' title='bbox 2451 2585 2706 2657; x_wconf 91' lang='lat' dir='ltr'><strong>imposito</strong></span> <span class='ocrx_word' id='word_1_409' title='bbox 2741 2583 2808 2640; x_wconf 90' lang='lat' dir='ltr'><strong>de</strong></span> <span class='ocrx_word' id='word_1_410' title='bbox 2834 2584 3046 2656; x_wconf 87' lang='lat' dir='ltr'><strong>reliquo</strong></span> <span class='ocrx_word' id='word_1_411' title='bbox 3074 2584 3213 2638; x_wconf 88' lang='lat' dir='ltr'><strong>nihil</strong></span> <span class='ocrx_word' id='word_1_412' title='bbox 3241 2582 3306 2638; x_wconf 87' lang='lat' dir='ltr'><strong>ad</strong></span> <span class='ocrx_word' id='word_1_413' title='bbox 3350 2597 3403 2638; x_wconf 91' lang='lat' dir='ltr'><strong>se</strong></span> <span class='ocrx_word' id='word_1_414' title='bbox 3444 2588 3624 2643; x_wconf 77' lang='lat' dir='ltr'><strong>revocet,</strong></span> <span class='ocrx_word' id='word_1_415' title='bbox 3658 2595 3717 2633; x_wconf 49' lang='lat' dir='ltr'><strong>se.</strong></span> 
     </span>
    </p>
   </div>
   <div class='ocr_carea' id='block_1_56' title="bbox 2256 2669 3714 2748">
    <p class='ocr_par' dir='ltr' id='par_1_56' title="bbox 2256 2669 3714 2748">
     <span class='ocr_line' id='line_1_56' title="bbox 2256 2669 3714 2748; baseline -0.006 -16"><span class='ocrx_word' id='word_1_416' title='bbox 2256 2677 2495 2732; x_wconf 91' lang='lat' dir='ltr'><strong>cundum</strong></span> <span class='ocrx_word' id='word_1_417' title='bbox 2536 2676 2779 2748; x_wconf 87' lang='lat' dir='ltr'><strong>genesim</strong></span> <span class='ocrx_word' id='word_1_418' title='bbox 2834 2677 2948 2747; x_wconf 90' lang='lat' dir='ltr'><strong>geri</strong></span> <span class='ocrx_word' id='word_1_419' title='bbox 2999 2682 3203 2730; x_wconf 87' lang='lat' dir='ltr'><strong>cuncta</strong></span> <span class='ocrx_word' id='word_1_420' title='bbox 3238 2672 3511 2731; x_wconf 81' lang='lat' dir='ltr'><strong>confirmat.</strong></span> <span class='ocrx_word' id='word_1_421' title='bbox 3548 2670 3606 2725; x_wconf 81' lang='lat' dir='ltr'><strong>Ad</strong></span> <span class='ocrx_word' id='word_1_422' title='bbox 3645 2669 3714 2723; x_wconf 87' lang='lat' dir='ltr'><strong>hoc</strong></span> 
     </span>
    </p>
   </div>
   <div class='ocr_carea' id='block_1_57' title="bbox 2255 2760 3712 2838">
    <p class='ocr_par' dir='ltr' id='par_1_57' title="bbox 2255 2760 3712 2838">
     <span class='ocr_line' id='line_1_57' title="bbox 2255 2760 3712 2838; baseline -0.006 -16"><span class='ocrx_word' id='word_1_423' title='bbox 2255 2781 2387 2838; x_wconf 79' lang='lat' dir='ltr'><strong>ergo</strong></span> <span class='ocrx_word' id='word_1_424' title='bbox 2407 2765 2581 2837; x_wconf 83' lang='lat' dir='ltr'><strong>primo</strong></span> <span class='ocrx_word' id='word_1_425' title='bbox 2607 2765 3090 2837; x_wconf 85' lang='lat' dir='ltr'><strong>respondebimus,</strong></span> <span class='ocrx_word' id='word_1_426' title='bbox 3113 2773 3169 2822; x_wconf 90' lang='lat' dir='ltr'><strong>ct</strong></span> <span class='ocrx_word' id='word_1_427' title='bbox 3194 2765 3280 2821; x_wconf 90' lang='lat' dir='ltr'><strong>his</strong></span> <span class='ocrx_word' id='word_1_428' title='bbox 3301 2765 3532 2836; x_wconf 58' lang='lat' dir='ltr'><strong>praecipue</strong></span> <span class='ocrx_word' id='word_1_429' title='bbox 3548 2760 3712 2834; x_wconf 64' lang='lat' dir='ltr'><strong>quidem</strong></span> 
     </span>
    </p>
   </div>
   <div class='ocr_carea' id='block_1_58' title="bbox 2256 2853 3711 2929">
    <p class='ocr_par' dir='ltr' id='par_1_58' title="bbox 2256 2853 3711 2929">
     <span class='ocr_line' id='line_1_58' title="bbox 2256 2853 3711 2929; baseline -0.006 -17"><span class='ocrx_word' id='word_1_430' title='bbox 2256 2858 2445 2912; x_wconf 87' lang='lat' dir='ltr'><strong>colunt</strong></span> <span class='ocrx_word' id='word_1_431' title='bbox 2473 2864 2527 2911; x_wconf 89' lang='lat' dir='ltr'><strong>et</strong></span> <span class='ocrx_word' id='word_1_432' title='bbox 2556 2858 2797 2929; x_wconf 85' lang='lat' dir='ltr'><strong>genesim</strong></span> <span class='ocrx_word' id='word_1_433' title='bbox 2818 2856 3144 2923; x_wconf 83' lang='lat' dir='ltr'><strong>defendunt,</strong></span> <span class='ocrx_word' id='word_1_434' title='bbox 3171 2858 3265 2929; x_wconf 89' lang='lat' dir='ltr'><strong>qui</strong></span> <span class='ocrx_word' id='word_1_435' title='bbox 3285 2857 3454 2929; x_wconf 89' lang='lat' dir='ltr'><strong>utique</strong></span> <span class='ocrx_word' id='word_1_436' title='bbox 3472 2853 3711 2909; x_wconf 84' lang='lat' dir='ltr'><strong>cumimmo-</strong></span> 
     </span>
    </p>
   </div>
   <div class='ocr_carea' id='block_1_59' title="bbox 2257 2943 3704 3015">
    <p class='ocr_par' dir='ltr' id='par_1_59' title="bbox 2257 2943 3704 3015">
     <span class='ocr_line' id='line_1_59' title="bbox 2257 2943 3704 3015; baseline -0.006 -13"><span class='ocrx_word' id='word_1_437' title='bbox 2257 2948 2372 3003; x_wconf 91' lang='lat' dir='ltr'><strong>lant</strong></span> <span class='ocrx_word' id='word_1_438' title='bbox 2394 2948 2501 3006; x_wconf 91' lang='lat' dir='ltr'><strong>diis</strong></span> <span class='ocrx_word' id='word_1_439' title='bbox 2522 2956 2576 3005; x_wconf 90' lang='lat' dir='ltr'><strong>et</strong></span> <span class='ocrx_word' id='word_1_440' title='bbox 2606 2957 2835 3005; x_wconf 82' lang='lat' dir='ltr'><strong>exorant</strong></span> <span class='ocrx_word' id='word_1_441' title='bbox 2862 2964 2981 3011; x_wconf 86' lang='lat' dir='ltr'><strong>eos,</strong></span> <span class='ocrx_word' id='word_1_442' title='bbox 3015 2950 3140 3005; x_wconf 86' lang='lat' dir='ltr'><strong>sine</strong></span> <span class='ocrx_word' id='word_1_443' title='bbox 3173 2950 3339 3004; x_wconf 89' lang='lat' dir='ltr'><strong>dubio</strong></span> <span class='ocrx_word' id='word_1_444' title='bbox 3363 2956 3513 3004; x_wconf 79' lang='lat' dir='ltr'><strong>contra</strong></span> <span class='ocrx_word' id='word_1_445' title='bbox 3536 2943 3704 3015; x_wconf 80' lang='lat' dir='ltr'><strong>genesim</strong></span> 
     </span>
    </p>
   </div>
   <div class='ocr_carea' id='block_1_60' title="bbox 583 3035 3705 3129">
    <p class='ocr_par' dir='ltr' id='par_1_60' title="bbox 583 3035 3705 3129">
     <span class='ocr_line' id='line_1_60' title="bbox 583 3035 3705 3129; baseline -0.006 -24"><span class='ocrx_word' id='word_1_446' title='bbox 583 3049 769 3105; x_wconf 88' lang='lat' dir='ltr'><strong>decem</strong></span> <span class='ocrx_word' id='word_1_447' title='bbox 800 3046 1118 3103; x_wconf 61' lang='lat' dir='ltr'><strong>differentia</strong></span> <span class='ocrx_word' id='word_1_448' title='bbox 1141 3058 1279 3115; x_wconf 90' lang='lat' dir='ltr'><strong>quas</strong></span> <span class='ocrx_word' id='word_1_449' title='bbox 1316 3058 1482 3114; x_wconf 90' lang='lat' dir='ltr'><strong>supra</strong></span> <span class='ocrx_word' id='word_1_450' title='bbox 1516 3041 2032 3113; x_wconf 85' lang='lat' dir='ltr'><strong>comprehendimus</strong></span> <span class='ocrx_word' id='word_1_451' title='bbox 2063 3054 2155 3094; x_wconf 89' lang='lat' dir='ltr'><strong>ac-</strong></span> <span class='ocrx_word' id='word_1_452' title='bbox 2183 3069 2227 3129; x_wconf 63' lang='grc' dir='ltr'>Ο</span> <span class='ocrx_word' id='word_1_453' title='bbox 2262 3057 2321 3097; x_wconf 88' lang='lat' dir='ltr'><strong>se</strong></span> <span class='ocrx_word' id='word_1_454' title='bbox 2345 3041 2733 3112; x_wconf 84' lang='lat' dir='ltr'><strong>impetraturos</strong></span> <span class='ocrx_word' id='word_1_455' title='bbox 2761 3041 2966 3112; x_wconf 88' lang='lat' dir='ltr'><strong>aliquid</strong></span> <span class='ocrx_word' id='word_1_456' title='bbox 2997 3049 3245 3112; x_wconf 78' lang='lat' dir='ltr'><strong>sperant,</strong></span> <span class='ocrx_word' id='word_1_457' title='bbox 3270 3049 3321 3096; x_wconf 89' lang='lat' dir='ltr'><strong>et</strong></span> <span class='ocrx_word' id='word_1_458' title='bbox 3348 3057 3434 3112; x_wconf 87' lang='lat' dir='ltr'><strong>per</strong></span> <span class='ocrx_word' id='word_1_459' title='bbox 3448 3040 3520 3093; x_wconf 88' lang='lat' dir='ltr'><strong>hoc</strong></span> <span class='ocrx_word' id='word_1_460' title='bbox 3534 3035 3705 3107; x_wconf 68' lang='lat' dir='ltr'><strong>genesim</strong></span> 
     </span>
    </p>
   </div>
   <div class='ocr_carea' id='block_1_61' title="bbox 583 3132 2157 3205">
    <p class='ocr_par' dir='ltr' id='par_1_61' title="bbox 583 3132 2157 3205">
     <span class='ocr_line' id='line_1_61' title="bbox 583 3132 2157 3205; baseline -0.005 -9"><span class='ocrx_word' id='word_1_461' title='bbox 583 3142 794 3205; x_wconf 89' lang='lat' dir='ltr'><strong>cidunt,</strong></span> <span class='ocrx_word' id='word_1_462' title='bbox 824 3138 1004 3193; x_wconf 88' lang='lat' dir='ltr'><strong>abhis</strong></span> <span class='ocrx_word' id='word_1_463' title='bbox 1037 3134 1392 3191; x_wconf 86' lang='lat' dir='ltr'><strong>inferioribus</strong></span> <span class='ocrx_word' id='word_1_464' title='bbox 1416 3134 1741 3205; x_wconf 86' lang='lat' dir='ltr'><strong>incipientes</strong></span> <span class='ocrx_word' id='word_1_465' title='bbox 1771 3133 2053 3204; x_wconf 89' lang='lat' dir='ltr'><strong>gradibus,</strong></span> <span class='ocrx_word' id='word_1_466' title='bbox 2088 3132 2157 3188; x_wconf 88' lang='lat' dir='ltr'><strong>ad</strong></span> 
     </span>
    </p>
   </div>
   <div class='ocr_carea' id='block_1_62' title="bbox 582 3226 2158 3304">
    <p class='ocr_par' dir='ltr' id='par_1_62' title="bbox 582 3226 2158 3304">
     <span class='ocr_line' id='line_1_62' title="bbox 582 3226 2158 3304; baseline -0.006 -15"><span class='ocrx_word' id='word_1_467' title='bbox 582 3234 868 3304; x_wconf 86' lang='lat' dir='ltr'><strong>superiora</strong></span> <span class='ocrx_word' id='word_1_468' title='bbox 902 3226 1323 3286; x_wconf 82' lang='lat' dir='ltr'><strong>veniemus.Via</strong></span> <span class='ocrx_word' id='word_1_469' title='bbox 1350 3227 1494 3282; x_wconf 91' lang='lat' dir='ltr'><strong>enim</strong></span> <span class='ocrx_word' id='word_1_470' title='bbox 1530 3227 1687 3281; x_wconf 87' lang='lat' dir='ltr'><strong>nobis</strong></span> <span class='ocrx_word' id='word_1_471' title='bbox 1719 3226 1786 3279; x_wconf 84' lang='lat' dir='ltr'><strong>ad</strong></span> <span class='ocrx_word' id='word_1_472' title='bbox 1812 3226 2158 3282; x_wconf 85' lang='lat' dir='ltr'><strong>intellectua-</strong></span> 
     </span>
    </p>
   </div>
   <div class='ocr_carea' id='block_1_63' title="bbox 581 3312 2158 3391">
    <p class='ocr_par' dir='ltr' id='par_1_63' title="bbox 581 3312 2158 3391">
     <span class='ocr_line' id='line_1_63' title="bbox 581 3312 2158 3391; baseline -0.007 -10"><span class='ocrx_word' id='word_1_473' title='bbox 581 3327 656 3381; x_wconf 91' lang='lat' dir='ltr'><strong>lia</strong></span> <span class='ocrx_word' id='word_1_474' title='bbox 686 3333 739 3380; x_wconf 91' lang='lat' dir='ltr'><strong>et</strong></span> <span class='ocrx_word' id='word_1_475' title='bbox 769 3312 1066 3378; x_wconf 89' lang='lat' dir='ltr'><strong>invisibilia</strong></span> <span class='ocrx_word' id='word_1_476' title='bbox 1104 3320 1282 3375; x_wconf 88' lang='lat' dir='ltr'><strong>abhis</strong></span> <span class='ocrx_word' id='word_1_477' title='bbox 1311 3334 1432 3391; x_wconf 72' lang='lat' dir='ltr'><strong>quae</strong></span> <span class='ocrx_word' id='word_1_478' title='bbox 1468 3318 1715 3374; x_wconf 89' lang='lat' dir='ltr'><strong>videmus</strong></span> <span class='ocrx_word' id='word_1_479' title='bbox 1754 3326 1808 3373; x_wconf 89' lang='lat' dir='ltr'><strong>et</strong></span> <span class='ocrx_word' id='word_1_480' title='bbox 1848 3325 2158 3373; x_wconf 74' lang='lat' dir='ltr'><strong>contrecta-</strong></span> 
     </span>
    </p>
   </div>
   <div class='ocr_carea' id='block_1_64' title="bbox 582 3410 2155 3478">
    <p class='ocr_par' dir='ltr' id='par_1_64' title="bbox 582 3410 2155 3478">
     <span class='ocr_line' id='line_1_64' title="bbox 582 3410 2155 3478; baseline -0.006 -5"><span class='ocrx_word' id='word_1_481' title='bbox 582 3434 705 3474; x_wconf 83' lang='lat' dir='ltr'><strong>mus</strong></span> <span class='ocrx_word' id='word_1_482' title='bbox 743 3414 923 3478; x_wconf 85' lang='lat' dir='ltr'><strong>datur,</strong></span> <span class='ocrx_word' id='word_1_483' title='bbox 960 3413 1105 3468; x_wconf 87' lang='lat' dir='ltr'><strong>sicut</strong></span> <span class='ocrx_word' id='word_1_484' title='bbox 1134 3412 1450 3466; x_wconf 90' lang='lat' dir='ltr'><strong>continetur</strong></span> <span class='ocrx_word' id='word_1_485' title='bbox 1489 3411 1543 3466; x_wconf 90' lang='lat' dir='ltr'><strong>in</strong></span> <span class='ocrx_word' id='word_1_486' title='bbox 1589 3410 1948 3466; x_wconf 72' lang='lat' dir='ltr'><strong>aritltmrticis</strong></span> <span class='ocrx_word' id='word_1_487' title='bbox 1987 3410 2155 3465; x_wconf 89' lang='lat' dir='ltr'><strong>disci-</strong></span> 
     </span>
    </p>
   </div>
   <div class='ocr_carea' id='block_1_65' title="bbox 580 3501 2155 3579">
    <p class='ocr_par' dir='ltr' id='par_1_65' title="bbox 580 3501 2155 3579">
     <span class='ocr_line' id='line_1_65' title="bbox 580 3501 2155 3579; baseline -0.003 -18"><span class='ocrx_word' id='word_1_488' title='bbox 580 3508 767 3579; x_wconf 85' lang='lat' dir='ltr'><strong>plinis,</strong></span> <span class='ocrx_word' id='word_1_489' title='bbox 790 3506 882 3559; x_wconf 86' lang='lat' dir='ltr'><strong>ubi</strong></span> <span class='ocrx_word' id='word_1_490' title='bbox 910 3519 1034 3559; x_wconf 92' lang='lat' dir='ltr'><strong>cum</strong></span> <span class='ocrx_word' id='word_1_491' title='bbox 1067 3504 1135 3559; x_wconf 86' lang='lat' dir='ltr'><strong>de</strong></span> <span class='ocrx_word' id='word_1_492' title='bbox 1163 3502 1364 3559; x_wconf 88' lang='lat' dir='ltr'><strong>divinis</strong></span> <span class='ocrx_word' id='word_1_493' title='bbox 1386 3502 1669 3573; x_wconf 67' lang='lat' dir='ltr'><strong>quaeritur,</strong></span> <span class='ocrx_word' id='word_1_494' title='bbox 1704 3502 1772 3555; x_wconf 88' lang='lat' dir='ltr'><strong>ab</strong></span> <span class='ocrx_word' id='word_1_495' title='bbox 1805 3501 2155 3557; x_wconf 88' lang='lat' dir='ltr'><strong>inferioribus</strong></span> 
     </span>
    </p>
   </div>
   <div class='ocr_carea' id='block_1_66' title="bbox 582 3594 2159 3668">
    <p class='ocr_par' dir='ltr' id='par_1_66' title="bbox 582 3594 2159 3668">
     <span class='ocr_line' id='line_1_66' title="bbox 582 3594 2159 3668; baseline 0 -16"><span class='ocrx_word' id='word_1_496' title='bbox 582 3599 654 3655; x_wconf 91' lang='lat' dir='ltr'><strong>ad</strong></span> <span class='ocrx_word' id='word_1_497' title='bbox 705 3596 1019 3668; x_wconf 86' lang='lat' dir='ltr'><strong>superiores</strong></span> <span class='ocrx_word' id='word_1_498' title='bbox 1078 3611 1338 3651; x_wconf 86' lang='lat' dir='ltr'><strong>numeros</strong></span> <span class='ocrx_word' id='word_1_499' title='bbox 1386 3594 1721 3658; x_wconf 88' lang='lat' dir='ltr'><strong>ascenditur,</strong></span> <span class='ocrx_word' id='word_1_500' title='bbox 1757 3610 1879 3649; x_wconf 90' lang='lat' dir='ltr'><strong>cum</strong></span> <span class='ocrx_word' id='word_1_501' title='bbox 1924 3609 2052 3649; x_wconf 84' lang='lat' dir='ltr'><strong>vero</strong></span> <span class='ocrx_word' id='word_1_502' title='bbox 2090 3595 2159 3652; x_wconf 88' lang='lat' dir='ltr'><strong>de</strong></span> 
     </span>
    </p>
   </div>
   <div class='ocr_carea' id='block_1_67' title="bbox 581 3685 2156 3764">
    <p class='ocr_par' dir='ltr' id='par_1_67' title="bbox 581 3685 2156 3764">
     <span class='ocr_line' id='line_1_67' title="bbox 581 3685 2156 3764; baseline -0.003 -17"><span class='ocrx_word' id='word_1_503' title='bbox 581 3690 949 3764; x_wconf 73' lang='lat' dir='ltr'><strong>praesentibus</strong></span> <span class='ocrx_word' id='word_1_504' title='bbox 991 3697 1045 3743; x_wconf 89' lang='lat' dir='ltr'><strong>et</strong></span> <span class='ocrx_word' id='word_1_505' title='bbox 1095 3687 1406 3743; x_wconf 90' lang='lat' dir='ltr'><strong>visibilibus</strong></span> <span class='ocrx_word' id='word_1_506' title='bbox 1447 3688 1586 3741; x_wconf 87' lang='lat' dir='ltr'><strong>ratio</strong></span> <span class='ocrx_word' id='word_1_507' title='bbox 1614 3686 1927 3757; x_wconf 85' lang='lat' dir='ltr'><strong>exponitur,</strong></span> <span class='ocrx_word' id='word_1_508' title='bbox 1962 3685 2031 3741; x_wconf 91' lang='lat' dir='ltr'><strong>de</strong></span> <span class='ocrx_word' id='word_1_509' title='bbox 2062 3702 2156 3742; x_wconf 90' lang='lat' dir='ltr'><strong>su-</strong></span> 
     </span>
    </p>
   </div>
   <div class='ocr_carea' id='block_1_68' title="bbox 581 3779 2154 3857">
    <p class='ocr_par' dir='ltr' id='par_1_68' title="bbox 581 3779 2154 3857">
     <span class='ocr_line' id='line_1_68' title="bbox 581 3779 2154 3857; baseline -0.002 -15"><span class='ocrx_word' id='word_1_510' title='bbox 581 3784 892 3857; x_wconf 76' lang='lat' dir='ltr'><strong>perioribus</strong></span> <span class='ocrx_word' id='word_1_511' title='bbox 943 3783 1007 3837; x_wconf 90' lang='lat' dir='ltr'><strong>ad</strong></span> <span class='ocrx_word' id='word_1_512' title='bbox 1064 3782 1352 3837; x_wconf 64' lang='lat' dir='ltr'><strong>inflriorcs</strong></span> <span class='ocrx_word' id='word_1_513' title='bbox 1399 3795 1656 3836; x_wconf 91' lang='lat' dir='ltr'><strong>numeros</strong></span> <span class='ocrx_word' id='word_1_514' title='bbox 1704 3779 1836 3835; x_wconf 90' lang='lat' dir='ltr'><strong>ordo</strong></span> <span class='ocrx_word' id='word_1_515' title='bbox 1884 3781 2154 3854; x_wconf 81' lang='lat' dir='ltr'><strong>dirigitur.</strong></span> 
     </span>
    </p>
   </div>
   <div class='ocr_carea' id='block_1_69' title="bbox 581 3873 1084 3933">
    <p class='ocr_par' dir='ltr' id='par_1_69' title="bbox 581 3873 1084 3933">
     <span class='ocr_line' id='line_1_69' title="bbox 581 3873 1084 3933; baseline -0.014 1"><span class='ocrx_word' id='word_1_516' title='bbox 581 3881 690 3933; x_wconf 82' lang='lat' dir='ltr'><strong>Aut</strong></span> <span class='ocrx_word' id='word_1_517' title='bbox 724 3892 832 3931; x_wconf 92' lang='lat' dir='ltr'><strong>non</strong></span> <span class='ocrx_word' id='word_1_518' title='bbox 862 3876 934 3930; x_wconf 92' lang='lat' dir='ltr'><strong>ita</strong></span> <span class='ocrx_word' id='word_1_519' title='bbox 966 3873 1084 3929; x_wconf 85' lang='lat' dir='ltr'><strong>est?</strong></span> 
     </span>
    </p>
   </div>
   <div class='ocr_carea' id='block_1_70' title="bbox 655 3961 2158 4036">
    <p class='ocr_par' dir='ltr' id='par_1_70' title="bbox 655 3961 2158 4036">
     <span class='ocr_line' id='line_1_70' title="bbox 655 3961 2158 4036; baseline -0.003 -13"><span class='ocrx_word' id='word_1_520' title='bbox 655 3967 724 4025; x_wconf 85' lang='grc' dir='ltr'><strong>Χ.</strong></span> <span class='ocrx_word' id='word_1_521' title='bbox 767 3967 831 4022; x_wconf 85' lang='lat' dir='ltr'><strong>Et</strong></span> <span class='ocrx_word' id='word_1_522' title='bbox 868 3982 1033 4022; x_wconf 87' lang='lat' dir='ltr'><strong>senex</strong></span> <span class='ocrx_word' id='word_1_523' title='bbox 1062 3965 1137 4020; x_wconf 89' lang='lat' dir='ltr'><strong>ait</strong></span> <span class='ocrx_word' id='word_1_524' title='bbox 1169 3982 1182 4017; x_wconf 88' lang='lat'>:</span> <span class='ocrx_word' id='word_1_525' title='bbox 1210 3963 1382 4020; x_wconf 76' lang='lat' dir='ltr'><strong>Valde</strong></span> <span class='ocrx_word' id='word_1_526' title='bbox 1404 3963 1540 4020; x_wconf 80' lang='lat' dir='ltr'><strong>bene</strong></span> <span class='ocrx_word' id='word_1_527' title='bbox 1572 3963 1940 4036; x_wconf 86' lang='lat' dir='ltr'><strong>prosequeris.</strong></span> <span class='ocrx_word' id='word_1_528' title='bbox 1967 3961 2033 4016; x_wconf 83' lang='lat' dir='ltr'><strong>Et</strong></span> <span class='ocrx_word' id='word_1_529' title='bbox 2064 3962 2158 4018; x_wconf 83' lang='lat' dir='ltr'><strong>Ni-</strong></span> 
     </span>
    </p>
   </div>
   <div class='ocr_carea' id='block_1_71' title="bbox 582 4055 2155 4128">
    <p class='ocr_par' dir='ltr' id='par_1_71' title="bbox 582 4055 2155 4128">
     <span class='ocr_line' id='line_1_71' title="bbox 582 4055 2155 4128; baseline -0.004 -11"><span class='ocrx_word' id='word_1_530' title='bbox 582 4068 703 4118; x_wconf 89' lang='lat' dir='ltr'><strong>ceta</strong></span> <span class='ocrx_word' id='word_1_531' title='bbox 735 4081 748 4117; x_wconf 92' lang='lat'><strong>:</strong></span> <span class='ocrx_word' id='word_1_532' title='bbox 788 4060 861 4116; x_wconf 90' lang='lat' dir='ltr'><strong>De</strong></span> <span class='ocrx_word' id='word_1_533' title='bbox 889 4059 1077 4114; x_wconf 89' lang='lat' dir='ltr'><strong>mundi</strong></span> <span class='ocrx_word' id='word_1_534' title='bbox 1109 4073 1256 4113; x_wconf 90' lang='lat' dir='ltr'><strong>nunc</strong></span> <span class='ocrx_word' id='word_1_535' title='bbox 1295 4072 1424 4128; x_wconf 91' lang='lat' dir='ltr'><strong>ergo</strong></span> <span class='ocrx_word' id='word_1_536' title='bbox 1474 4058 1686 4113; x_wconf 89' lang='lat' dir='ltr'><strong>ratione</strong></span> <span class='ocrx_word' id='word_1_537' title='bbox 1714 4055 2155 4128; x_wconf 89' lang='lat' dir='ltr'><strong>prosequendum</strong></span> 
     </span>
    </p>
   </div>
   <div class='ocr_carea' id='block_1_72' title="bbox 582 4148 2153 4222">
    <p class='ocr_par' dir='ltr' id='par_1_72' title="bbox 582 4148 2153 4222">
     <span class='ocr_line' id='line_1_72' title="bbox 582 4148 2153 4222; baseline -0.004 -12"><span class='ocrx_word' id='word_1_538' title='bbox 582 4162 690 4219; x_wconf 85' lang='lat' dir='ltr'><strong>est,</strong></span> <span class='ocrx_word' id='word_1_539' title='bbox 724 4152 883 4221; x_wconf 88' lang='lat' dir='ltr'><strong>cujus</strong></span> <span class='ocrx_word' id='word_1_540' title='bbox 922 4151 1097 4221; x_wconf 88' lang='lat' dir='ltr'><strong>prima</strong></span> <span class='ocrx_word' id='word_1_541' title='bbox 1134 4151 1364 4222; x_wconf 59' lang='lat' dir='ltr'><strong>quastio</strong></span> <span class='ocrx_word' id='word_1_542' title='bbox 1390 4149 1446 4204; x_wconf 88' lang='lat' dir='ltr'><strong>in</strong></span> <span class='ocrx_word' id='word_1_543' title='bbox 1483 4149 1622 4204; x_wconf 91' lang='lat' dir='ltr'><strong>duas</strong></span> <span class='ocrx_word' id='word_1_544' title='bbox 1649 4159 1834 4214; x_wconf 85' lang='lat' dir='ltr'><strong>partes</strong></span> <span class='ocrx_word' id='word_1_545' title='bbox 1864 4148 2153 4204; x_wconf 90' lang='lat' dir='ltr'><strong>dividitur.</strong></span> 
     </span>
    </p>
   </div>
   <div class='ocr_carea' id='block_1_73' title="bbox 583 4239 2156 4314">
    <p class='ocr_par' dir='ltr' id='par_1_73' title="bbox 583 4239 2156 4314">
     <span class='ocr_line' id='line_1_73' title="bbox 583 4239 2156 4314; baseline -0.004 -15"><span class='ocrx_word' id='word_1_546' title='bbox 583 4245 867 4314; x_wconf 58' lang='lat' dir='ltr'><strong>Quaeritur</strong></span> <span class='ocrx_word' id='word_1_547' title='bbox 887 4244 1030 4299; x_wconf 90' lang='lat' dir='ltr'><strong>enim</strong></span> <span class='ocrx_word' id='word_1_548' title='bbox 1064 4250 1250 4296; x_wconf 89' lang='lat' dir='ltr'><strong>utrum</strong></span> <span class='ocrx_word' id='word_1_549' title='bbox 1281 4241 1460 4296; x_wconf 89' lang='lat' dir='ltr'><strong>factus</strong></span> <span class='ocrx_word' id='word_1_550' title='bbox 1485 4240 1575 4306; x_wconf 92' lang='lat' dir='ltr'><strong>sit,</strong></span> <span class='ocrx_word' id='word_1_551' title='bbox 1603 4255 1670 4294; x_wconf 90' lang='lat' dir='ltr'><strong>an</strong></span> <span class='ocrx_word' id='word_1_552' title='bbox 1699 4256 1807 4295; x_wconf 90' lang='lat' dir='ltr'><strong>non</strong></span> <span class='ocrx_word' id='word_1_553' title='bbox 1830 4259 1844 4308; x_wconf 90' lang='lat'><strong>;</strong></span> <span class='ocrx_word' id='word_1_554' title='bbox 1871 4246 1924 4294; x_wconf 91' lang='lat' dir='ltr'><strong>et</strong></span> <span class='ocrx_word' id='word_1_555' title='bbox 1961 4240 2006 4294; x_wconf 92' lang='lat' dir='ltr'><strong>si</strong></span> <span class='ocrx_word' id='word_1_556' title='bbox 2033 4239 2156 4311; x_wconf 84' lang='lat' dir='ltr'><strong>qui-</strong></span> 
     </span>
    </p>
   </div>
   <div class='ocr_carea' id='block_1_74' title="bbox 583 4333 2148 4405">
    <p class='ocr_par' dir='ltr' id='par_1_74' title="bbox 583 4333 2148 4405">
     <span class='ocr_line' id='line_1_74' title="bbox 583 4333 2148 4405; baseline -0.004 -11"><span class='ocrx_word' id='word_1_557' title='bbox 583 4338 706 4394; x_wconf 83' lang='lat' dir='ltr'><strong>de’m</strong></span> <span class='ocrx_word' id='word_1_558' title='bbox 740 4353 848 4392; x_wconf 88' lang='lat' dir='ltr'><strong>non</strong></span> <span class='ocrx_word' id='word_1_559' title='bbox 888 4344 972 4391; x_wconf 89' lang='lat' dir='ltr'><strong>est</strong></span> <span class='ocrx_word' id='word_1_560' title='bbox 1022 4335 1223 4399; x_wconf 85' lang='lat' dir='ltr'><strong>factus,</strong></span> <span class='ocrx_word' id='word_1_561' title='bbox 1248 4335 1368 4405; x_wconf 89' lang='lat' dir='ltr'><strong>ipse</strong></span> <span class='ocrx_word' id='word_1_562' title='bbox 1397 4335 1503 4390; x_wconf 89' lang='lat' dir='ltr'><strong>erit</strong></span> <span class='ocrx_word' id='word_1_563' title='bbox 1548 4333 1683 4388; x_wconf 91' lang='lat' dir='ltr'><strong>illud</strong></span> <span class='ocrx_word' id='word_1_564' title='bbox 1723 4333 2049 4403; x_wconf 88' lang='lat' dir='ltr'><strong>ingenitum,</strong></span> <span class='ocrx_word' id='word_1_565' title='bbox 2084 4348 2148 4387; x_wconf 90' lang='lat' dir='ltr'><strong>ex</strong></span> 
     </span>
    </p>
   </div>
   <div class='ocr_carea' id='block_1_75' title="bbox 583 4425 2156 4502">
    <p class='ocr_par' dir='ltr' id='par_1_75' title="bbox 583 4425 2156 4502">
     <span class='ocr_line' id='line_1_75' title="bbox 583 4425 2156 4502; baseline -0.004 -17"><span class='ocrx_word' id='word_1_566' title='bbox 583 4448 692 4502; x_wconf 93' lang='lat' dir='ltr'><strong>quo</strong></span> <span class='ocrx_word' id='word_1_567' title='bbox 722 4432 924 4486; x_wconf 88' lang='lat' dir='ltr'><strong>omnia.</strong></span> <span class='ocrx_word' id='word_1_568' title='bbox 960 4430 1018 4484; x_wconf 90' lang='lat' dir='ltr'><strong>Si</strong></span> <span class='ocrx_word' id='word_1_569' title='bbox 1046 4445 1176 4485; x_wconf 89' lang='lat' dir='ltr'><strong>vero</strong></span> <span class='ocrx_word' id='word_1_570' title='bbox 1207 4428 1384 4481; x_wconf 84' lang='lat' dir='ltr'><strong>factus</strong></span> <span class='ocrx_word' id='word_1_571' title='bbox 1414 4434 1521 4491; x_wconf 91' lang='lat' dir='ltr'><strong>est,</strong></span> <span class='ocrx_word' id='word_1_572' title='bbox 1555 4425 1623 4481; x_wconf 90' lang='lat' dir='ltr'><strong>de</strong></span> <span class='ocrx_word' id='word_1_573' title='bbox 1662 4427 1763 4480; x_wconf 91' lang='lat' dir='ltr'><strong>hoc</strong></span> <span class='ocrx_word' id='word_1_574' title='bbox 1796 4442 1992 4482; x_wconf 89' lang='lat' dir='ltr'><strong>rursus</strong></span> <span class='ocrx_word' id='word_1_575' title='bbox 2012 4440 2156 4496; x_wconf 70' lang='lat' dir='ltr'><strong>qua:-</strong></span> 
     </span>
    </p>
   </div>
   <div class='ocr_carea' id='block_1_76' title="bbox 584 4518 2155 4592">
    <p class='ocr_par' dir='ltr' id='par_1_76' title="bbox 584 4518 2155 4592">
     <span class='ocr_line' id='line_1_76' title="bbox 584 4518 2155 4592; baseline -0.003 -15"><span class='ocrx_word' id='word_1_576' title='bbox 584 4524 690 4577; x_wconf 92' lang='lat' dir='ltr'><strong>stio</strong></span> <span class='ocrx_word' id='word_1_577' title='bbox 722 4523 777 4577; x_wconf 93' lang='lat' dir='ltr'><strong>in</strong></span> <span class='ocrx_word' id='word_1_578' title='bbox 802 4522 939 4578; x_wconf 85' lang='lat' dir='ltr'><strong>duas</strong></span> <span class='ocrx_word' id='word_1_579' title='bbox 976 4529 1165 4592; x_wconf 85' lang='lat' dir='ltr'><strong>partes</strong></span> <span class='ocrx_word' id='word_1_580' title='bbox 1192 4518 1481 4584; x_wconf 89' lang='lat' dir='ltr'><strong>scinditur,</strong></span> <span class='ocrx_word' id='word_1_581' title='bbox 1510 4526 1823 4572; x_wconf 91' lang='lat' dir='ltr'><strong>utrumnam</strong></span> <span class='ocrx_word' id='word_1_582' title='bbox 1844 4534 1909 4573; x_wconf 88' lang='lat' dir='ltr'><strong>ex</strong></span> <span class='ocrx_word' id='word_1_583' title='bbox 1944 4532 2005 4573; x_wconf 90' lang='lat' dir='ltr'><strong>se</strong></span> <span class='ocrx_word' id='word_1_584' title='bbox 2035 4518 2155 4588; x_wconf 91' lang='lat' dir='ltr'><strong>ipso</strong></span> 
     </span>
    </p>
   </div>
   <div class='ocr_carea' id='block_1_77' title="bbox 584 4608 2156 4680">
    <p class='ocr_par' dir='ltr' id='par_1_77' title="bbox 584 4608 2156 4680">
     <span class='ocr_line' id='line_1_77' title="bbox 584 4608 2156 4680; baseline -0.004 -11"><span class='ocrx_word' id='word_1_585' title='bbox 584 4616 765 4671; x_wconf 78' lang='lat' dir='ltr'><strong>factus</strong></span> <span class='ocrx_word' id='word_1_586' title='bbox 807 4621 913 4678; x_wconf 89' lang='lat' dir='ltr'><strong>est,</strong></span> <span class='ocrx_word' id='word_1_587' title='bbox 957 4628 1024 4667; x_wconf 86' lang='lat' dir='ltr'><strong>an</strong></span> <span class='ocrx_word' id='word_1_588' title='bbox 1069 4613 1138 4667; x_wconf 88' lang='lat' dir='ltr'><strong>ab</strong></span> <span class='ocrx_word' id='word_1_589' title='bbox 1178 4612 1305 4667; x_wconf 92' lang='lat' dir='ltr'><strong>alio.</strong></span> <span class='ocrx_word' id='word_1_590' title='bbox 1358 4608 1426 4665; x_wconf 88' lang='lat' dir='ltr'><strong>Et</strong></span> <span class='ocrx_word' id='word_1_591' title='bbox 1468 4608 1774 4680; x_wconf 85' lang='lat' dir='ltr'><strong>siquidem</strong></span> <span class='ocrx_word' id='word_1_592' title='bbox 1803 4622 1833 4663; x_wconf 86' lang='lat' dir='ltr'><strong>a</strong></span> <span class='ocrx_word' id='word_1_593' title='bbox 1863 4609 2156 4679; x_wconf 89' lang='lat' dir='ltr'><strong>semetipso</strong></span> 
     </span>
    </p>
   </div>
   <div class='ocr_carea' id='block_1_78' title="bbox 582 4694 2155 4766">
    <p class='ocr_par' dir='ltr' id='par_1_78' title="bbox 582 4694 2155 4766">
     <span class='ocr_line' id='line_1_78' title="bbox 582 4694 2155 4766; baseline -0.004 -6"><span class='ocrx_word' id='word_1_594' title='bbox 582 4713 687 4766; x_wconf 84' lang='lat' dir='ltr'><strong>est,</strong></span> <span class='ocrx_word' id='word_1_595' title='bbox 716 4705 1023 4761; x_wconf 77' lang='lat' dir='ltr'><strong>excluditur</strong></span> <span class='ocrx_word' id='word_1_596' title='bbox 1057 4703 1175 4758; x_wconf 90' lang='lat' dir='ltr'><strong>sine</strong></span> <span class='ocrx_word' id='word_1_597' title='bbox 1204 4700 1370 4757; x_wconf 90' lang='lat' dir='ltr'><strong>dubio</strong></span> <span class='ocrx_word' id='word_1_598' title='bbox 1387 4698 1751 4755; x_wconf 83' lang='lat' dir='ltr'><strong>Providentia.</strong></span> <span class='ocrx_word' id='word_1_599' title='bbox 1771 4694 1829 4752; x_wconf 91' lang='lat' dir='ltr'><strong>Si</strong></span> <span class='ocrx_word' id='word_1_600' title='bbox 1857 4697 2155 4756; x_wconf 88' lang='lat' dir='ltr'><strong>Providen-</strong></span> 
     </span>
    </p>
   </div>
   <div class='ocr_carea' id='block_1_79' title="bbox 586 4790 2161 4867">
    <p class='ocr_par' dir='ltr' id='par_1_79' title="bbox 586 4790 2161 4867">
     <span class='ocr_line' id='line_1_79' title="bbox 586 4790 2161 4867; baseline -0.002 -17"><span class='ocrx_word' id='word_1_601' title='bbox 586 4797 659 4850; x_wconf 89' lang='lat' dir='ltr'><strong>tia</strong></span> <span class='ocrx_word' id='word_1_602' title='bbox 686 4812 795 4852; x_wconf 91' lang='lat' dir='ltr'><strong>non</strong></span> <span class='ocrx_word' id='word_1_603' title='bbox 822 4796 1100 4867; x_wconf 88' lang='lat' dir='ltr'><strong>recipitur,</strong></span> <span class='ocrx_word' id='word_1_604' title='bbox 1130 4794 1332 4850; x_wconf 87' lang='lat' dir='ltr'><strong>frustra</strong></span> <span class='ocrx_word' id='word_1_605' title='bbox 1381 4792 1598 4847; x_wconf 90' lang='lat' dir='ltr'><strong>animus</strong></span> <span class='ocrx_word' id='word_1_606' title='bbox 1640 4790 1707 4845; x_wconf 92' lang='lat' dir='ltr'><strong>ad</strong></span> <span class='ocrx_word' id='word_1_607' title='bbox 1751 4790 2006 4845; x_wconf 90' lang='lat' dir='ltr'><strong>virtutem</strong></span> <span class='ocrx_word' id='word_1_608' title='bbox 2039 4807 2161 4862; x_wconf 87' lang='lat' dir='ltr'><strong>pro-</strong></span> 
     </span>
    </p>
   </div>
   <div class='ocr_carea' id='block_1_80' title="bbox 2259 3130 3711 3204">
    <p class='ocr_par' dir='ltr' id='par_1_80' title="bbox 2259 3130 3711 3204">
     <span class='ocr_line' id='line_1_80' title="bbox 2259 3130 3711 3204; baseline -0.006 -16"><span class='ocrx_word' id='word_1_609' title='bbox 2259 3133 2497 3188; x_wconf 87' lang='lat' dir='ltr'><strong>solvunt.</strong></span> <span class='ocrx_word' id='word_1_610' title='bbox 2520 3130 2656 3187; x_wconf 89' lang='lat' dir='ltr'><strong>Cum</strong></span> <span class='ocrx_word' id='word_1_611' title='bbox 2688 3148 2815 3187; x_wconf 88' lang='lat' dir='ltr'><strong>vero</strong></span> <span class='ocrx_word' id='word_1_612' title='bbox 2841 3132 3020 3188; x_wconf 84' lang='lat' dir='ltr'><strong>rident</strong></span> <span class='ocrx_word' id='word_1_613' title='bbox 3060 3133 3158 3204; x_wconf 90' lang='lat' dir='ltr'><strong>qui</strong></span> <span class='ocrx_word' id='word_1_614' title='bbox 3224 3133 3289 3187; x_wconf 89' lang='lat' dir='ltr'><strong>ad</strong></span> <span class='ocrx_word' id='word_1_615' title='bbox 3322 3134 3534 3187; x_wconf 85' lang='lat' dir='ltr'><strong>virtutem</strong></span> <span class='ocrx_word' id='word_1_616' title='bbox 3572 3142 3711 3199; x_wconf 73' lang='lat' dir='ltr'><strong>provo-</strong></span> 
     </span>
    </p>
   </div>
   <div class='ocr_carea' id='block_1_81' title="bbox 2257 3217 3712 3286">
    <p class='ocr_par' dir='ltr' id='par_1_81' title="bbox 2257 3217 3712 3286">
     <span class='ocr_line' id='line_1_81' title="bbox 2257 3217 3712 3286; baseline -0.008 -8"><span class='ocrx_word' id='word_1_617' title='bbox 2257 3230 2384 3278; x_wconf 83' lang='lat' dir='ltr'><strong>cant</strong></span> <span class='ocrx_word' id='word_1_618' title='bbox 2406 3230 2460 3279; x_wconf 90' lang='lat' dir='ltr'><strong>et</strong></span> <span class='ocrx_word' id='word_1_619' title='bbox 2483 3221 2549 3276; x_wconf 89' lang='lat' dir='ltr'><strong>ad</strong></span> <span class='ocrx_word' id='word_1_620' title='bbox 2574 3220 2966 3277; x_wconf 85' lang='lat' dir='ltr'><strong>continentiam</strong></span> <span class='ocrx_word' id='word_1_621' title='bbox 2996 3223 3373 3285; x_wconf 90' lang='lat' dir='ltr'><strong>cohortantur,</strong></span> <span class='ocrx_word' id='word_1_622' title='bbox 3390 3233 3434 3279; x_wconf 86' lang='lat' dir='ltr'><strong>et</strong></span> <span class='ocrx_word' id='word_1_623' title='bbox 3453 3222 3609 3282; x_wconf 87' lang='lat' dir='ltr'><strong>dicunt,</strong></span> <span class='ocrx_word' id='word_1_624' title='bbox 3627 3217 3712 3286; x_wconf 85' lang='lat' dir='ltr'><strong>quia</strong></span> 
     </span>
    </p>
   </div>
   <div class='ocr_carea' id='block_1_82' title="bbox 2258 3307 3711 3388">
    <p class='ocr_par' dir='ltr' id='par_1_82' title="bbox 2258 3307 3711 3388">
     <span class='ocr_line' id='line_1_82' title="bbox 2258 3307 3711 3388; baseline -0.008 -17"><span class='ocrx_word' id='word_1_625' title='bbox 2258 3332 2419 3372; x_wconf 90' lang='lat' dir='ltr'><strong>nemo</strong></span> <span class='ocrx_word' id='word_1_626' title='bbox 2444 3323 2625 3386; x_wconf 87' lang='lat' dir='ltr'><strong>potest</strong></span> <span class='ocrx_word' id='word_1_627' title='bbox 2655 3313 2839 3371; x_wconf 86' lang='lat' dir='ltr'><strong>facere</strong></span> <span class='ocrx_word' id='word_1_628' title='bbox 2872 3316 3079 3386; x_wconf 88' lang='lat' dir='ltr'><strong>aliquid</strong></span> <span class='ocrx_word' id='word_1_629' title='bbox 3102 3324 3198 3371; x_wconf 93' lang='lat' dir='ltr'><strong>aut</strong></span> <span class='ocrx_word' id='word_1_630' title='bbox 3229 3318 3371 3388; x_wconf 89' lang='lat' dir='ltr'><strong>pati,</strong></span> <span class='ocrx_word' id='word_1_631' title='bbox 3413 3314 3503 3370; x_wconf 88' lang='lat' dir='ltr'><strong>nisi</strong></span> <span class='ocrx_word' id='word_1_632' title='bbox 3548 3310 3645 3381; x_wconf 87' lang='lat' dir='ltr'><strong>quod</strong></span> <span class='ocrx_word' id='word_1_633' title='bbox 3678 3307 3711 3360; x_wconf 91' lang='lat' dir='ltr'><strong>ei</strong></span> 
     </span>
    </p>
   </div>
   <div class='ocr_carea' id='block_1_83' title="bbox 2258 3402 3712 3480">
    <p class='ocr_par' dir='ltr' id='par_1_83' title="bbox 2258 3402 3712 3480">
     <span class='ocr_line' id='line_1_83' title="bbox 2258 3402 3712 3480; baseline -0.006 -18"><span class='ocrx_word' id='word_1_634' title='bbox 2258 3407 2371 3462; x_wconf 84' lang='lat' dir='ltr'><strong>fato</strong></span> <span class='ocrx_word' id='word_1_635' title='bbox 2401 3406 2679 3462; x_wconf 82' lang='lat' dir='ltr'><strong>decretum</strong></span> <span class='ocrx_word' id='word_1_636' title='bbox 2712 3414 2818 3471; x_wconf 88' lang='lat' dir='ltr'><strong>est,</strong></span> <span class='ocrx_word' id='word_1_637' title='bbox 2845 3422 3035 3464; x_wconf 91' lang='lat' dir='ltr'><strong>omnes</strong></span> <span class='ocrx_word' id='word_1_638' title='bbox 3066 3408 3314 3480; x_wconf 82' lang='lat' dir='ltr'><strong>profecto</strong></span> <span class='ocrx_word' id='word_1_639' title='bbox 3336 3408 3512 3462; x_wconf 89' lang='lat' dir='ltr'><strong>cultum</strong></span> <span class='ocrx_word' id='word_1_640' title='bbox 3534 3402 3712 3458; x_wconf 69' lang='lat' dir='ltr'><strong>Dixiuita-</strong></span> 
     </span>
    </p>
   </div>
   <div class='ocr_carea' id='block_1_84' title="bbox 2257 3499 3716 3570">
    <p class='ocr_par' dir='ltr' id='par_1_84' title="bbox 2257 3499 3716 3570">
     <span class='ocr_line' id='line_1_84' title="bbox 2257 3499 3716 3570; baseline -0.003 -16"><span class='ocrx_word' id='word_1_641' title='bbox 2257 3501 2329 3555; x_wconf 91' lang='lat' dir='ltr'><strong>tis</strong></span> <span class='ocrx_word' id='word_1_642' title='bbox 2352 3500 2705 3556; x_wconf 88' lang='lat' dir='ltr'><strong>abscindunt.</strong></span> <span class='ocrx_word' id='word_1_643' title='bbox 2738 3500 2881 3568; x_wconf 88' lang='lat' dir='ltr'><strong>Quid</strong></span> <span class='ocrx_word' id='word_1_644' title='bbox 2910 3501 3055 3557; x_wconf 90' lang='lat' dir='ltr'><strong>enim</strong></span> <span class='ocrx_word' id='word_1_645' title='bbox 3082 3502 3236 3558; x_wconf 89' lang='lat' dir='ltr'><strong>colas</strong></span> <span class='ocrx_word' id='word_1_646' title='bbox 3269 3517 3379 3570; x_wconf 83' lang='lat' dir='ltr'><strong>eos,</strong></span> <span class='ocrx_word' id='word_1_647' title='bbox 3402 3516 3428 3555; x_wconf 87' lang='lat' dir='ltr'><strong>a</strong></span> <span class='ocrx_word' id='word_1_648' title='bbox 3457 3499 3614 3569; x_wconf 87' lang='lat' dir='ltr'><strong>quibus</strong></span> <span class='ocrx_word' id='word_1_649' title='bbox 3634 3510 3716 3567; x_wconf 74' lang='lat' dir='ltr'><strong>pro-</strong></span> 
     </span>
    </p>
   </div>
   <div class='ocr_carea' id='block_1_85' title="bbox 2257 3581 3720 3663">
    <p class='ocr_par' dir='ltr' id='par_1_85' title="bbox 2257 3581 3720 3663">
     <span class='ocr_line' id='line_1_85' title="bbox 2257 3581 3720 3663; baseline -0.008 -18"><span class='ocrx_word' id='word_1_650' title='bbox 2257 3591 2452 3646; x_wconf 82' lang='lat' dir='ltr'><strong>mereri</strong></span> <span class='ocrx_word' id='word_1_651' title='bbox 2478 3591 2616 3645; x_wconf 88' lang='lat' dir='ltr'><strong>nibil</strong></span> <span class='ocrx_word' id='word_1_652' title='bbox 2649 3591 2854 3662; x_wconf 84' lang='lat' dir='ltr'><strong>possis,</strong></span> <span class='ocrx_word' id='word_1_653' title='bbox 2881 3589 3028 3661; x_wconf 89' lang='lat' dir='ltr'><strong>quod</strong></span> <span class='ocrx_word' id='word_1_654' title='bbox 3052 3607 3165 3646; x_wconf 92' lang='lat' dir='ltr'><strong>non</strong></span> <span class='ocrx_word' id='word_1_655' title='bbox 3189 3593 3417 3663; x_wconf 89' lang='lat' dir='ltr'><strong>patiatur</strong></span> <span class='ocrx_word' id='word_1_656' title='bbox 3432 3588 3546 3643; x_wconf 84' lang='lat' dir='ltr'><strong>ratio</strong></span> <span class='ocrx_word' id='word_1_657' title='bbox 3564 3581 3720 3640; x_wconf 76' lang='lat' dir='ltr'><strong>decreti!</strong></span> 
     </span>
    </p>
   </div>
   <div class='ocr_carea' id='block_1_86' title="bbox 2257 3675 3719 3745">
    <p class='ocr_par' dir='ltr' id='par_1_86' title="bbox 2257 3675 3719 3745">
     <span class='ocr_line' id='line_1_86' title="bbox 2257 3675 3719 3745; baseline -0.005 -11"><span class='ocrx_word' id='word_1_658' title='bbox 2257 3679 2383 3735; x_wconf 66' lang='lat' dir='ltr'><strong>Haec</strong></span> <span class='ocrx_word' id='word_1_659' title='bbox 2435 3679 2652 3734; x_wconf 84' lang='lat' dir='ltr'><strong>interim</strong></span> <span class='ocrx_word' id='word_1_660' title='bbox 2706 3680 2968 3736; x_wconf 89' lang='lat' dir='ltr'><strong>adversus</strong></span> <span class='ocrx_word' id='word_1_661' title='bbox 3018 3679 3145 3737; x_wconf 90' lang='lat' dir='ltr'><strong>illos</strong></span> <span class='ocrx_word' id='word_1_662' title='bbox 3193 3681 3334 3735; x_wconf 73' lang='lat' dir='ltr'><strong>diC‘a</strong></span> <span class='ocrx_word' id='word_1_663' title='bbox 3363 3688 3491 3735; x_wconf 84' lang='lat' dir='ltr'><strong>sunt.</strong></span> <span class='ocrx_word' id='word_1_664' title='bbox 3529 3675 3615 3745; x_wconf 78' lang='lat' dir='ltr'><strong>Ego</strong></span> <span class='ocrx_word' id='word_1_665' title='bbox 3635 3685 3719 3725; x_wconf 71' lang='lat' dir='ltr'><strong>vero</strong></span> 
     </span>
    </p>
   </div>
   <div class='ocr_carea' id='block_1_87' title="bbox 2257 3771 3719 3844">
    <p class='ocr_par' dir='ltr' id='par_1_87' title="bbox 2257 3771 3719 3844">
     <span class='ocr_line' id='line_1_87' title="bbox 2257 3771 3719 3844; baseline -0.005 -16"><span class='ocrx_word' id='word_1_666' title='bbox 2257 3773 2521 3828; x_wconf 85' lang='lat' dir='ltr'><strong>mundqu</strong></span> <span class='ocrx_word' id='word_1_667' title='bbox 2543 3772 2668 3828; x_wconf 90' lang='lat' dir='ltr'><strong>dico</strong></span> <span class='ocrx_word' id='word_1_668' title='bbox 2702 3771 2816 3844; x_wconf 84' lang='lat'><strong>(50)</strong></span> <span class='ocrx_word' id='word_1_669' title='bbox 2849 3788 2878 3826; x_wconf 91' lang='lat' dir='ltr'><strong>a</strong></span> <span class='ocrx_word' id='word_1_670' title='bbox 2909 3771 3021 3827; x_wconf 90' lang='lat' dir='ltr'><strong>Deo</strong></span> <span class='ocrx_word' id='word_1_671' title='bbox 3055 3772 3285 3839; x_wconf 88' lang='lat' dir='ltr'><strong>factum,</strong></span> <span class='ocrx_word' id='word_1_672' title='bbox 3316 3771 3451 3829; x_wconf 87' lang='lat' dir='ltr'><strong>etab</strong></span> <span class='ocrx_word' id='word_1_673' title='bbox 3478 3771 3574 3840; x_wconf 90' lang='lat' dir='ltr'><strong>ipso</strong></span> <span class='ocrx_word' id='word_1_674' title='bbox 3602 3779 3719 3835; x_wconf 74' lang='lat' dir='ltr'><strong>quan-</strong></span> 
     </span>
    </p>
   </div>
   <div class='ocr_carea' id='block_1_88' title="bbox 2256 3861 3720 3938">
    <p class='ocr_par' dir='ltr' id='par_1_88' title="bbox 2256 3861 3720 3938">
     <span class='ocr_line' id='line_1_88' title="bbox 2256 3861 3720 3938; baseline -0.01 -16"><span class='ocrx_word' id='word_1_675' title='bbox 2256 3866 2437 3937; x_wconf 87' lang='lat' dir='ltr'><strong>doque</strong></span> <span class='ocrx_word' id='word_1_676' title='bbox 2468 3881 2593 3921; x_wconf 90' lang='lat' dir='ltr'><strong>esse</strong></span> <span class='ocrx_word' id='word_1_677' title='bbox 2623 3867 2973 3930; x_wconf 86' lang='lat' dir='ltr'><strong>solvendum,</strong></span> <span class='ocrx_word' id='word_1_678' title='bbox 3013 3878 3069 3920; x_wconf 93' lang='lat' dir='ltr'><strong>ut</strong></span> <span class='ocrx_word' id='word_1_679' title='bbox 3109 3867 3200 3922; x_wconf 91' lang='lat' dir='ltr'><strong>ille</strong></span> <span class='ocrx_word' id='word_1_680' title='bbox 3253 3872 3486 3938; x_wconf 81' lang='lat' dir='ltr'><strong>appareat</strong></span> <span class='ocrx_word' id='word_1_681' title='bbox 3519 3861 3590 3933; x_wconf 90' lang='lat' dir='ltr'><strong>qui</strong></span> <span class='ocrx_word' id='word_1_682' title='bbox 3614 3867 3720 3912; x_wconf 73' lang='lat' dir='ltr'><strong>mter-</strong></span> 
     </span>
    </p>
   </div>
   <div class='ocr_carea' id='block_1_89' title="bbox 2256 3950 3722 4028">
    <p class='ocr_par' dir='ltr' id='par_1_89' title="bbox 2256 3950 3722 4028">
     <span class='ocr_line' id='line_1_89' title="bbox 2256 3950 3722 4028; baseline -0.011 -15"><span class='ocrx_word' id='word_1_683' title='bbox 2256 3975 2362 4014; x_wconf 89' lang='lat' dir='ltr'><strong>nus</strong></span> <span class='ocrx_word' id='word_1_684' title='bbox 2403 3964 2490 4014; x_wconf 87' lang='lat' dir='ltr'><strong>est</strong></span> <span class='ocrx_word' id='word_1_685' title='bbox 2520 3966 2573 4013; x_wconf 91' lang='lat' dir='ltr'><strong>et</strong></span> <span class='ocrx_word' id='word_1_686' title='bbox 2602 3956 2670 4011; x_wconf 90' lang='lat' dir='ltr'><strong>ad</strong></span> <span class='ocrx_word' id='word_1_687' title='bbox 2713 3958 2817 4011; x_wconf 91' lang='lat' dir='ltr'><strong>hoc</strong></span> <span class='ocrx_word' id='word_1_688' title='bbox 2849 3956 3049 4022; x_wconf 90' lang='lat' dir='ltr'><strong>factus,</strong></span> <span class='ocrx_word' id='word_1_689' title='bbox 3101 3970 3162 4012; x_wconf 90' lang='lat' dir='ltr'><strong>ut</strong></span> <span class='ocrx_word' id='word_1_690' title='bbox 3187 3972 3393 4028; x_wconf 89' lang='lat' dir='ltr'><strong>semper</strong></span> <span class='ocrx_word' id='word_1_691' title='bbox 3432 3955 3489 4011; x_wconf 86' lang='lat' dir='ltr'><strong>sit</strong></span> <span class='ocrx_word' id='word_1_692' title='bbox 3527 3962 3568 4007; x_wconf 88' lang='lat' dir='ltr'><strong>et</strong></span> <span class='ocrx_word' id='word_1_693' title='bbox 3589 3950 3722 4018; x_wconf 77' lang='lat' dir='ltr'><strong>dignos</strong></span> 
     </span>
    </p>
   </div>
   <div class='ocr_carea' id='block_1_90' title="bbox 2257 4036 3721 4120">
    <p class='ocr_par' dir='ltr' id='par_1_90' title="bbox 2257 4036 3721 4120">
     <span class='ocr_line' id='line_1_90' title="bbox 2257 4036 3721 4120; baseline -0.012 -14"><span class='ocrx_word' id='word_1_694' title='bbox 2257 4066 2316 4105; x_wconf 89' lang='lat' dir='ltr'><strong>se</strong></span> <span class='ocrx_word' id='word_1_695' title='bbox 2345 4049 2573 4120; x_wconf 88' lang='lat' dir='ltr'><strong>recipiat</strong></span> <span class='ocrx_word' id='word_1_696' title='bbox 2598 4047 2806 4118; x_wconf 90' lang='lat' dir='ltr'><strong>judicio</strong></span> <span class='ocrx_word' id='word_1_697' title='bbox 2852 4047 2967 4104; x_wconf 89' lang='lat' dir='ltr'><strong>Dei.</strong></span> <span class='ocrx_word' id='word_1_698' title='bbox 2994 4048 3154 4115; x_wconf 87' lang='lat' dir='ltr'><strong>Quod</strong></span> <span class='ocrx_word' id='word_1_699' title='bbox 3208 4056 3380 4103; x_wconf 86' lang='lat' dir='ltr'><strong>autem</strong></span> <span class='ocrx_word' id='word_1_700' title='bbox 3403 4048 3467 4101; x_wconf 67' lang='lat' dir='ltr'><strong>sit</strong></span> <span class='ocrx_word' id='word_1_701' title='bbox 3494 4044 3603 4097; x_wconf 89' lang='lat' dir='ltr'><strong>alius</strong></span> <span class='ocrx_word' id='word_1_702' title='bbox 3627 4036 3721 4093; x_wconf 75' lang='lat' dir='ltr'><strong>inri-</strong></span> 
     </span>
    </p>
   </div>
   <div class='ocr_carea' id='block_1_91' title="bbox 2259 4135 3725 4212">
    <p class='ocr_par' dir='ltr' id='par_1_91' title="bbox 2259 4135 3725 4212">
     <span class='ocr_line' id='line_1_91' title="bbox 2259 4135 3725 4212; baseline -0.012 -15"><span class='ocrx_word' id='word_1_703' title='bbox 2259 4142 2435 4197; x_wconf 89' lang='lat' dir='ltr'><strong>sibilis</strong></span> <span class='ocrx_word' id='word_1_704' title='bbox 2472 4140 2731 4205; x_wconf 90' lang='lat' dir='ltr'><strong>mundus,</strong></span> <span class='ocrx_word' id='word_1_705' title='bbox 2782 4140 2876 4212; x_wconf 88' lang='lat' dir='ltr'><strong>qui</strong></span> <span class='ocrx_word' id='word_1_706' title='bbox 2919 4140 3067 4195; x_wconf 92' lang='lat' dir='ltr'><strong>hunc</strong></span> <span class='ocrx_word' id='word_1_707' title='bbox 3123 4139 3384 4197; x_wconf 84' lang='lat' dir='ltr'><strong>visibilem</strong></span> <span class='ocrx_word' id='word_1_708' title='bbox 3433 4137 3551 4191; x_wconf 74' lang='lat' dir='ltr'><strong>intra</strong></span> <span class='ocrx_word' id='word_1_709' title='bbox 3589 4135 3725 4187; x_wconf 75' lang='lat' dir='ltr'><strong>semet-</strong></span> 
     </span>
    </p>
   </div>
   <div class='ocr_carea' id='block_1_92' title="bbox 2258 4218 3723 4304">
    <p class='ocr_par' dir='ltr' id='par_1_92' title="bbox 2258 4218 3723 4304">
     <span class='ocr_line' id='line_1_92' title="bbox 2258 4218 3723 4304; baseline -0.012 -17"><span class='ocrx_word' id='word_1_710' title='bbox 2258 4232 2438 4303; x_wconf 91' lang='lat' dir='ltr'><strong>ipsum</strong></span> <span class='ocrx_word' id='word_1_711' title='bbox 2489 4233 2792 4298; x_wconf 88' lang='lat' dir='ltr'><strong>contineat,</strong></span> <span class='ocrx_word' id='word_1_712' title='bbox 2840 4242 3199 4304; x_wconf 84' lang='lat' dir='ltr'><strong>posteaquam</strong></span> <span class='ocrx_word' id='word_1_713' title='bbox 3248 4232 3313 4288; x_wconf 92' lang='lat' dir='ltr'><strong>de</strong></span> <span class='ocrx_word' id='word_1_714' title='bbox 3365 4226 3537 4286; x_wconf 87' lang='lat' dir='ltr'><strong>visibili</strong></span> <span class='ocrx_word' id='word_1_715' title='bbox 3582 4218 3723 4276; x_wconf 85' lang='lat' dir='ltr'><strong>mundo</strong></span> 
     </span>
    </p>
   </div>
   <div class='ocr_carea' id='block_1_93' title="bbox 2257 4325 3521 4390">
    <p class='ocr_par' dir='ltr' id='par_1_93' title="bbox 2257 4325 3521 4390">
     <span class='ocr_line' id='line_1_93' title="bbox 2257 4325 3521 4390; baseline -0.004 -11"><span class='ocrx_word' id='word_1_716' title='bbox 2257 4326 2705 4390; x_wconf 88' lang='lat' dir='ltr'><strong>discusserimus,</strong></span> <span class='ocrx_word' id='word_1_717' title='bbox 2738 4335 2869 4381; x_wconf 92' lang='lat' dir='ltr'><strong>tunc</strong></span> <span class='ocrx_word' id='word_1_718' title='bbox 2899 4334 2953 4381; x_wconf 90' lang='lat' dir='ltr'><strong>et</strong></span> <span class='ocrx_word' id='word_1_719' title='bbox 2978 4326 3046 4380; x_wconf 89' lang='lat' dir='ltr'><strong>ad</strong></span> <span class='ocrx_word' id='word_1_720' title='bbox 3074 4327 3226 4381; x_wconf 85' lang='lat' dir='ltr'><strong>illum</strong></span> <span class='ocrx_word' id='word_1_721' title='bbox 3251 4325 3521 4382; x_wconf 87' lang='lat' dir='ltr'><strong>veniemus.</strong></span> 
     </span>
    </p>
   </div>
   <div class='ocr_carea' id='block_1_94' title="bbox 2190 4404 3722 4488">
    <p class='ocr_par' dir='ltr' id='par_1_94' title="bbox 2190 4404 3722 4488">
     <span class='ocr_line' id='line_1_94' title="bbox 2190 4404 3722 4488; baseline -0.005 -21"><span class='ocrx_word' id='word_1_722' title='bbox 2190 4411 2231 4467; x_wconf 88' lang='grc' dir='ltr'><strong>ι)</strong></span> <span class='ocrx_word' id='word_1_723' title='bbox 2324 4415 2466 4473; x_wconf 80' lang='grc' dir='ltr'><strong>ΧΙΙΙ.</strong></span> <span class='ocrx_word' id='word_1_724' title='bbox 2497 4416 2656 4473; x_wconf 88' lang='lat' dir='ltr'><strong>Nunc</strong></span> <span class='ocrx_word' id='word_1_725' title='bbox 2687 4419 2928 4480; x_wconf 88' lang='lat' dir='ltr'><strong>interim,</strong></span> <span class='ocrx_word' id='word_1_726' title='bbox 2958 4418 3085 4488; x_wconf 90' lang='lat' dir='ltr'><strong>quia</strong></span> <span class='ocrx_word' id='word_1_727' title='bbox 3120 4418 3298 4473; x_wconf 84' lang='lat' dir='ltr'><strong>factus</strong></span> <span class='ocrx_word' id='word_1_728' title='bbox 3350 4418 3415 4472; x_wconf 88' lang='lat' dir='ltr'><strong>sit</strong></span> <span class='ocrx_word' id='word_1_729' title='bbox 3443 4409 3632 4468; x_wconf 91' lang='lat' dir='ltr'><strong>mundus</strong></span> <span class='ocrx_word' id='word_1_730' title='bbox 3655 4404 3722 4455; x_wconf 70' lang='lat' dir='ltr'><strong>i516</strong></span> 
     </span>
    </p>
   </div>
   <div class='ocr_carea' id='block_1_95' title="bbox 2254 4490 3721 4582">
    <p class='ocr_par' dir='ltr' id='par_1_95' title="bbox 2254 4490 3721 4582">
     <span class='ocr_line' id='line_1_95' title="bbox 2254 4490 3721 4582; baseline -0.007 -17"><span class='ocrx_word' id='word_1_731' title='bbox 2254 4509 2508 4575; x_wconf 89' lang='lat' dir='ltr'><strong>visibilis,</strong></span> <span class='ocrx_word' id='word_1_732' title='bbox 2564 4518 2839 4566; x_wconf 87' lang='lat' dir='ltr'><strong>testantur</strong></span> <span class='ocrx_word' id='word_1_733' title='bbox 2888 4511 3052 4566; x_wconf 88' lang='lat' dir='ltr'><strong>etiam</strong></span> <span class='ocrx_word' id='word_1_734' title='bbox 3111 4511 3527 4582; x_wconf 86' lang='lat' dir='ltr'><strong>philosophorum</strong></span> <span class='ocrx_word' id='word_1_735' title='bbox 3568 4490 3721 4571; x_wconf 78' lang='lat' dir='ltr'><strong>plutillti</strong></span> 
     </span>
    </p>
   </div>
   <div class='ocr_carea' id='block_1_96' title="bbox 2254 4601 3722 4676">
    <p class='ocr_par' dir='ltr' id='par_1_96' title="bbox 2254 4601 3722 4676">
     <span class='ocr_line' id='line_1_96' title="bbox 2254 4601 3722 4676; baseline -0.011 -16"><span class='ocrx_word' id='word_1_736' title='bbox 2254 4603 2532 4676; x_wconf 75' lang='lat' dir='ltr'><strong>sapientes</strong></span> <span class='ocrx_word' id='word_1_737' title='bbox 2563 4602 2687 4659; x_wconf 89' lang='lat' dir='ltr'><strong>viri.</strong></span> <span class='ocrx_word' id='word_1_738' title='bbox 2721 4602 2827 4659; x_wconf 87' lang='lat' dir='ltr'><strong>Sed</strong></span> <span class='ocrx_word' id='word_1_739' title='bbox 2857 4619 2926 4658; x_wconf 89' lang='lat' dir='ltr'><strong>ne</strong></span> <span class='ocrx_word' id='word_1_740' title='bbox 2956 4603 3240 4659; x_wconf 86' lang='lat' dir='ltr'><strong>videamur</strong></span> <span class='ocrx_word' id='word_1_741' title='bbox 3286 4601 3430 4673; x_wconf 86' lang='lat' dir='ltr'><strong>quasi</strong></span> <span class='ocrx_word' id='word_1_742' title='bbox 3456 4603 3632 4667; x_wconf 82' lang='lat' dir='ltr'><strong>egentes</strong></span> <span class='ocrx_word' id='word_1_743' title='bbox 3664 4603 3722 4640; x_wconf 49' lang='lat' dir='ltr'><strong>as‘</strong></span> 
     </span>
    </p>
   </div>
   <div class='ocr_carea' id='block_1_97' title="bbox 2254 4682 3719 4766">
    <p class='ocr_par' dir='ltr' id='par_1_97' title="bbox 2254 4682 3719 4766">
     <span class='ocr_line' id='line_1_97' title="bbox 2254 4682 3719 4766; baseline -0.001 -12"><span class='ocrx_word' id='word_1_744' title='bbox 2254 4696 2591 4753; x_wconf 88' lang='lat' dir='ltr'><strong>sertionibus</strong></span> <span class='ocrx_word' id='word_1_745' title='bbox 2620 4694 2698 4749; x_wconf 94' lang='lat' dir='ltr'><strong>uti</strong></span> <span class='ocrx_word' id='word_1_746' title='bbox 2727 4696 2971 4751; x_wconf 89' lang='lat' dir='ltr'><strong>voluisse</strong></span> <span class='ocrx_word' id='word_1_747' title='bbox 2998 4697 3252 4761; x_wconf 88' lang='lat' dir='ltr'><strong>testibus,</strong></span> <span class='ocrx_word' id='word_1_748' title='bbox 3279 4696 3343 4751; x_wconf 90' lang='lat' dir='ltr'><strong>de</strong></span> <span class='ocrx_word' id='word_1_749' title='bbox 3370 4682 3719 4766; x_wconf 51' lang='lat' dir='ltr'><strong>principiisejlﬁv</strong></span> 
     </span>
    </p>
   </div>
   <div class='ocr_carea' id='block_1_98' title="bbox 2257 4776 3721 4863">
    <p class='ocr_par' dir='ltr' id='par_1_98' title="bbox 2257 4776 3721 4863">
     <span class='ocr_line' id='line_1_98' title="bbox 2257 4776 3721 4863; baseline -0.008 -17"><span class='ocrx_word' id='word_1_750' title='bbox 2257 4791 2305 4846; x_wconf 86' lang='lat' dir='ltr'><strong>si</strong></span> <span class='ocrx_word' id='word_1_751' title='bbox 2330 4789 2571 4858; x_wconf 89' lang='lat' dir='ltr'><strong>videtur,</strong></span> <span class='ocrx_word' id='word_1_752' title='bbox 2632 4804 2962 4861; x_wconf 83' lang='lat' dir='ltr'><strong>quaeramus.</strong></span> <span class='ocrx_word' id='word_1_753' title='bbox 3018 4789 3351 4863; x_wconf 88' lang='lat' dir='ltr'><strong>Corporeum</strong></span> <span class='ocrx_word' id='word_1_754' title='bbox 3386 4799 3495 4843; x_wconf 87' lang='lat' dir='ltr'><strong>esse</strong></span> <span class='ocrx_word' id='word_1_755' title='bbox 3533 4776 3721 4836; x_wconf 72' lang='lat' dir='ltr'><strong>mundum</strong></span> 
     </span>
    </p>
   </div>
   <div class='ocr_carea' id='block_1_99' title="bbox 1892 4982 2525 5042">
    <p class='ocr_par' dir='ltr' id='par_1_99' title="bbox 1892 4982 2525 5042">
     <span class='ocr_line' id='line_1_99' title="bbox 1892 4982 2525 5042; baseline 0.002 -1"><span class='ocrx_word' id='word_1_756' title='bbox 1892 4982 2255 5041; x_wconf 80' lang='lat' dir='ltr'><strong>COTELERII</strong></span> <span class='ocrx_word' id='word_1_757' title='bbox 2292 4983 2525 5042; x_wconf 67' lang='grc' dir='ltr'><strong>ΝΟΤᾸΞ.</strong></span> 
     </span>
    </p>
   </div>
   <div class='ocr_carea' id='block_1_100' title="bbox 658 5163 2160 5241">
    <p class='ocr_par' dir='ltr' id='par_1_100' title="bbox 658 5163 2160 5241">
     <span class='ocr_line' id='line_1_100' title="bbox 658 5163 2160 5241; baseline 0 -19"><span class='ocrx_word' id='word_1_758' title='bbox 658 5169 770 5241; x_wconf 70' lang='grc'><strong>(49)</strong></span> <span class='ocrx_word' id='word_1_759' title='bbox 812 5166 967 5241; x_wconf 4' lang='lat' dir='ltr'><strong>Quid,</strong></span> <span class='ocrx_word' id='word_1_760' title='bbox 991 5166 1213 5236; x_wconf 74' lang='lat' dir='ltr'><strong>simplex</strong></span> <span class='ocrx_word' id='word_1_761' title='bbox 1260 5171 1507 5241; x_wconf 21' lang='grc' dir='ltr'><strong>εει-ἵζοιο.</strong></span> <span class='ocrx_word' id='word_1_762' title='bbox 1537 5163 1617 5241; x_wconf 80' lang='lat' dir='ltr'><strong>Ad</strong></span> <span class='ocrx_word' id='word_1_763' title='bbox 1649 5163 1763 5241; x_wconf 66' lang='lat' dir='ltr'><strong>haec</strong></span> <span class='ocrx_word' id='word_1_764' title='bbox 1792 5171 1846 5220; x_wconf 90' lang='lat' dir='ltr'><strong>ct</strong></span> <span class='ocrx_word' id='word_1_765' title='bbox 1875 5167 2160 5241; x_wconf 82' lang='lat' dir='ltr'><strong>sequentia</strong></span> 
     </span>
    </p>
   </div>
   <div class='ocr_carea' id='block_1_101' title="bbox 589 5235 2154 5307">
    <p class='ocr_par' dir='ltr' id='par_1_101' title="bbox 589 5235 2154 5307">
     <span class='ocr_line' id='line_1_101' title="bbox 589 5235 2154 5307; baseline -0.003 -12"><span class='ocrx_word' id='word_1_766' title='bbox 589 5235 729 5295; x_wconf 79' lang='lat' dir='ltr'><strong>forte</strong></span> <span class='ocrx_word' id='word_1_767' title='bbox 756 5235 1075 5307; x_wconf 75' lang='lat' dir='ltr'><strong>respiciens</strong></span> <span class='ocrx_word' id='word_1_768' title='bbox 1096 5235 1297 5307; x_wconf 82' lang='lat' dir='ltr'><strong>auctor</strong></span> <span class='ocrx_word' id='word_1_769' title='bbox 1322 5235 1707 5307; x_wconf 77' lang='lat' dir='ltr'><strong>Disputationis</strong></span> <span class='ocrx_word' id='word_1_770' title='bbox 1733 5245 1918 5289; x_wconf 85' lang='lat' dir='ltr'><strong>contra</strong></span> <span class='ocrx_word' id='word_1_771' title='bbox 1944 5235 2154 5301; x_wconf 72' lang='lat' dir='ltr'><strong>Arium,</strong></span> 
     </span>
    </p>
   </div>
   <div class='ocr_carea' id='block_1_102' title="bbox 584 5306 2159 5379">
    <p class='ocr_par' dir='ltr' id='par_1_102' title="bbox 584 5306 2159 5379">
     <span class='ocr_line' id='line_1_102' title="bbox 584 5306 2159 5379; baseline -0.003 -14"><span class='ocrx_word' id='word_1_772' title='bbox 584 5319 718 5365; x_wconf 87' lang='lat' dir='ltr'><strong>tom.</strong></span> <span class='ocrx_word' id='word_1_773' title='bbox 762 5306 1041 5379; x_wconf 71' lang='lat' dir='ltr'><strong>luperqu</strong></span> <span class='ocrx_word' id='word_1_774' title='bbox 1083 5306 1149 5379; x_wconf 61' lang='lat' dir='ltr'><strong>S.</strong></span> <span class='ocrx_word' id='word_1_775' title='bbox 1177 5307 1483 5379; x_wconf 83' lang='lat' dir='ltr'><strong>Athanasii,</strong></span> <span class='ocrx_word' id='word_1_776' title='bbox 1520 5306 1717 5379; x_wconf 61' lang='lat' dir='ltr'><strong>p.155,</strong></span> <span class='ocrx_word' id='word_1_777' title='bbox 1741 5307 1965 5379; x_wconf 81' lang='lat' dir='ltr'><strong>scribit:</strong></span> <span class='ocrx_word' id='word_1_778' title='bbox 1996 5309 2066 5361; x_wconf 70' lang='grc' dir='ltr'>Σὺ</span> <span class='ocrx_word' id='word_1_779' title='bbox 2102 5307 2159 5379; x_wconf 80' lang='grc' dir='ltr'><strong>δὲ</strong></span> 
     </span>
    </p>
   </div>
   <div class='ocr_carea' id='block_1_103' title="bbox 582 5376 2159 5451">
    <p class='ocr_par' dir='ltr' id='par_1_103' title="bbox 582 5376 2159 5451">
     <span class='ocr_line' id='line_1_103' title="bbox 582 5376 2159 5451; baseline -0.002 -17"><span class='ocrx_word' id='word_1_780' title='bbox 582 5381 635 5434; x_wconf 84' lang='grc' dir='ltr'><strong>τί</strong></span> <span class='ocrx_word' id='word_1_781' title='bbox 670 5382 772 5451; x_wconf 77' lang='grc' dir='ltr'><strong>φής</strong></span> <span class='ocrx_word' id='word_1_782' title='bbox 810 5376 875 5451; x_wconf 76' lang='grc' dir='ltr'>μὲ</span> <span class='ocrx_word' id='word_1_783' title='bbox 908 5378 923 5451; x_wconf 84' lang='grc'><strong>[</strong></span> <span class='ocrx_word' id='word_1_784' title='bbox 952 5380 987 5434; x_wconf 79' lang='grc' dir='ltr'><strong>ι’.</strong></span> <span class='ocrx_word' id='word_1_785' title='bbox 1022 5396 1111 5451; x_wconf 68' lang='grc' dir='ltr'><strong>μω,</strong></span> <span class='ocrx_word' id='word_1_786' title='bbox 1173 5377 1353 5451; x_wconf 65' lang='grc' dir='ltr'><strong>Δὀιϊδιςδν</strong></span> <span class='ocrx_word' id='word_1_787' title='bbox 1396 5376 1733 5451; x_wconf 59' lang='grc' dir='ltr'><strong>συντίθεσθαι</strong></span> <span class='ocrx_word' id='word_1_788' title='bbox 1763 5376 1824 5451; x_wconf 62' lang='lat' dir='ltr'><strong>to</strong></span> <span class='ocrx_word' id='word_1_789' title='bbox 1856 5377 2024 5451; x_wconf 66' lang='lat' dir='ltr'><strong>Osiov;</strong></span> <span class='ocrx_word' id='word_1_790' title='bbox 2060 5378 2159 5432; x_wconf 82' lang='grc' dir='ltr'><strong>οὐκ</strong></span> 
     </span>
    </p>
   </div>
   <div class='ocr_carea' id='block_1_104' title="bbox 584 5445 2160 5523">
    <p class='ocr_par' dir='ltr' id='par_1_104' title="bbox 584 5445 2160 5523">
     <span class='ocr_line' id='line_1_104' title="bbox 584 5445 2160 5523; baseline -0.003 -19"><span class='ocrx_word' id='word_1_791' title='bbox 584 5445 938 5523; x_wconf 37' lang='grc' dir='ltr'><strong>ἐπήδίροᾶσῳί</strong></span> <span class='ocrx_word' id='word_1_792' title='bbox 958 5445 1086 5503; x_wconf 61' lang='lat' dir='ltr'><strong>me</strong></span> <span class='ocrx_word' id='word_1_793' title='bbox 1109 5445 1235 5523; x_wconf 57' lang='lat' dir='ltr'><strong>__K).+,</strong></span> <span class='ocrx_word' id='word_1_794' title='bbox 1244 5464 1431 5523; x_wconf 66' lang='grc' dir='ltr'><strong>μεντος</strong></span> <span class='ocrx_word' id='word_1_795' title='bbox 1462 5446 1572 5523; x_wconf 35' lang='grc' dir='ltr'>τοῦμ</span> <span class='ocrx_word' id='word_1_796' title='bbox 1588 5464 1663 5523; x_wconf 67' lang='grc' dir='ltr'><strong>πᾳ</strong></span> <span class='ocrx_word' id='word_1_797' title='bbox 1671 5445 2160 5523; x_wconf 56' lang='grc' dir='ltr'><strong>ραχολρυθήᾳᾳγτος</strong></span> 
     </span>
    </p>
   </div>
   <div class='ocr_carea' id='block_1_105' title="bbox 584 5516 2153 5593">
    <p class='ocr_par' dir='ltr' id='par_1_105' title="bbox 584 5516 2153 5593">
     <span class='ocr_line' id='line_1_105' title="bbox 584 5516 2153 5593; baseline -0.003 -20"><span class='ocrx_word' id='word_1_798' title='bbox 584 5516 775 5593; x_wconf 48' lang='lat' dir='ltr'><strong>neego.</strong></span> <span class='ocrx_word' id='word_1_799' title='bbox 808 5521 884 5592; x_wconf 80' lang='grc' dir='ltr'><strong>τῷ</strong></span> <span class='ocrx_word' id='word_1_800' title='bbox 917 5516 1298 5593; x_wconf 32' lang='grc' dir='ltr'><strong>ἁποπόλῳί-ὃς</strong></span> <span class='ocrx_word' id='word_1_801' title='bbox 1325 5516 1683 5593; x_wconf 23' lang='grc' dir='ltr'><strong>καθαιρεῖᾼῖῂν</strong></span> <span class='ocrx_word' id='word_1_802' title='bbox 1701 5516 2153 5593; x_wconf 54' lang='grc' dir='ltr'><strong>τᾳιαύτηνδὸξανς</strong></span> 
     </span>
    </p>
   </div>
   <div class='ocr_carea' id='block_1_106' title="bbox 589 5587 2151 5662">
    <p class='ocr_par' dir='ltr' id='par_1_106' title="bbox 589 5587 2151 5662">
     <span class='ocr_line' id='line_1_106' title="bbox 589 5587 2151 5662; baseline -0.004 -17"><span class='ocrx_word' id='word_1_803' title='bbox 589 5589 669 5662; x_wconf 65' lang='lat' dir='ltr'><strong>Tn</strong></span> <span class='ocrx_word' id='word_1_804' title='bbox 700 5587 816 5645; x_wconf 60' lang='lat' dir='ltr'><strong>eam</strong></span> <span class='ocrx_word' id='word_1_805' title='bbox 844 5587 968 5662; x_wconf 68' lang='lat' dir='ltr'><strong>quid</strong></span> <span class='ocrx_word' id='word_1_806' title='bbox 1003 5592 1082 5644; x_wconf 83' lang='lat' dir='ltr'><strong>ais</strong></span> <span class='ocrx_word' id='word_1_807' title='bbox 1114 5587 1261 5650; x_wconf 79' lang='lat' dir='ltr'><strong>mihi,</strong></span> <span class='ocrx_word' id='word_1_808' title='bbox 1291 5587 1539 5662; x_wconf 73' lang='lat' dir='ltr'><strong>wternnin</strong></span> <span class='ocrx_word' id='word_1_809' title='bbox 1566 5588 1716 5662; x_wconf 39' lang='lat' dir='ltr'><strong>itlu‘in</strong></span> <span class='ocrx_word' id='word_1_810' title='bbox 1743 5587 1918 5642; x_wconf 63' lang='lat' dir='ltr'><strong>beant</strong></span> <span class='ocrx_word' id='word_1_811' title='bbox 1936 5605 2000 5643; x_wconf 60' lang='lat' dir='ltr'><strong>ex</strong></span> <span class='ocrx_word' id='word_1_812' title='bbox 2013 5603 2151 5662; x_wconf 42' lang='lat' dir='ltr'><strong>Par-2</strong></span> 
     </span>
    </p>
   </div>
   <div class='ocr_carea' id='block_1_107' title="bbox 589 5655 2152 5717">
    <p class='ocr_par' dir='ltr' id='par_1_107' title="bbox 589 5655 2152 5717">
     <span class='ocr_line' id='line_1_107' title="bbox 589 5655 2152 5717; baseline -0.002 -5"><span class='ocrx_word' id='word_1_813' title='bbox 589 5659 729 5713; x_wconf 82' lang='lat' dir='ltr'><strong>tibus</strong></span> <span class='ocrx_word' id='word_1_814' title='bbox 785 5655 1077 5717; x_wconf 78' lang='lat' dir='ltr'><strong>constitui?</strong></span> <span class='ocrx_word' id='word_1_815' title='bbox 1116 5662 1303 5714; x_wconf 78' lang='lat' dir='ltr'><strong>Annon</strong></span> <span class='ocrx_word' id='word_1_816' title='bbox 1351 5659 1600 5712; x_wconf 80' lang='lat' dir='ltr'><strong>audivisti</strong></span> <span class='ocrx_word' id='word_1_817' title='bbox 1643 5655 1959 5711; x_wconf 83' lang='lat' dir='ltr'><strong>Clementem</strong></span> <span class='ocrx_word' id='word_1_818' title='bbox 2006 5655 2152 5711; x_wconf 79' lang='lat' dir='ltr'><strong>Petri</strong></span> 
     </span>
    </p>
   </div>
   <div class='ocr_carea' id='block_1_108' title="bbox 588 5728 2153 5801">
    <p class='ocr_par' dir='ltr' id='par_1_108' title="bbox 588 5728 2153 5801">
     <span class='ocr_line' id='line_1_108' title="bbox 588 5728 2153 5801; baseline -0.001 -18"><span class='ocrx_word' id='word_1_819' title='bbox 588 5732 809 5785; x_wconf 73' lang='lat' dir='ltr'><strong>apostoli</strong></span> <span class='ocrx_word' id='word_1_820' title='bbox 839 5732 1267 5801; x_wconf 75' lang='lat' dir='ltr'><strong>sectatoreni,qni</strong></span> <span class='ocrx_word' id='word_1_821' title='bbox 1285 5728 1584 5792; x_wconf 80' lang='lat' dir='ltr'><strong>huiusmodi</strong></span> <span class='ocrx_word' id='word_1_822' title='bbox 1603 5729 1893 5799; x_wconf 74' lang='lat' dir='ltr'><strong>opinionem</strong></span> <span class='ocrx_word' id='word_1_823' title='bbox 1920 5728 2153 5784; x_wconf 79' lang='lat' dir='ltr'><strong>subruit?</strong></span> 
     </span>
    </p>
   </div>
   <div class='ocr_carea' id='block_1_109' title="bbox 2261 5161 3568 5239">
    <p class='ocr_par' dir='ltr' id='par_1_109' title="bbox 2261 5161 3568 5239">
     <span class='ocr_line' id='line_1_109' title="bbox 2261 5161 3568 5239; baseline -0.009 -15"><span class='ocrx_word' id='word_1_824' title='bbox 2261 5166 2401 5239; x_wconf 84' lang='lat' dir='ltr'><strong>Lege</strong></span> <span class='ocrx_word' id='word_1_825' title='bbox 2424 5167 2651 5227; x_wconf 81' lang='lat' dir='ltr'><strong>Constit.</strong></span> <span class='ocrx_word' id='word_1_826' title='bbox 2685 5171 2891 5239; x_wconf 67' lang='lat' dir='ltr'><strong>aperto!</strong></span> <span class='ocrx_word' id='word_1_827' title='bbox 2918 5211 2933 5237; x_wconf 96' lang='lat'><strong>,</strong></span> <span class='ocrx_word' id='word_1_828' title='bbox 2960 5188 3034 5236; x_wconf 74' lang='lat' dir='ltr'><strong>Vl,</strong></span> <span class='ocrx_word' id='word_1_829' title='bbox 3067 5172 3152 5235; x_wconf 82' lang='lat' dir='ltr'><strong>ll,</strong></span> <span class='ocrx_word' id='word_1_830' title='bbox 3178 5188 3239 5227; x_wconf 82' lang='lat' dir='ltr'><strong>ac</strong></span> <span class='ocrx_word' id='word_1_831' title='bbox 3268 5170 3475 5239; x_wconf 68' lang='lat' dir='ltr'><strong>Epiiont.</strong></span> <span class='ocrx_word' id='word_1_832' title='bbox 3501 5161 3568 5215; x_wconf 80' lang='grc' dir='ltr'><strong>Π.</strong></span> 
     </span>
    </p>
   </div>
   <div class='ocr_carea' id='block_1_110' title="bbox 2333 5225 3719 5310">
    <p class='ocr_par' dir='ltr' id='par_1_110' title="bbox 2333 5225 3719 5310">
     <span class='ocr_line' id='line_1_110' title="bbox 2333 5225 3719 5310; baseline -0.013 -16"><span class='ocrx_word' id='word_1_833' title='bbox 2333 5225 2445 5309; x_wconf 65' lang='grc'><strong>(50)</strong></span> <span class='ocrx_word' id='word_1_834' title='bbox 2485 5239 2596 5309; x_wconf 79' lang='lat' dir='ltr'><strong>Ego</strong></span> <span class='ocrx_word' id='word_1_835' title='bbox 2619 5225 2735 5295; x_wconf 70' lang='lat' dir='ltr'><strong>uero</strong></span> <span class='ocrx_word' id='word_1_836' title='bbox 2760 5225 3033 5301; x_wconf 57' lang='lat' dir='ltr'><strong>mundum:</strong></span> <span class='ocrx_word' id='word_1_837' title='bbox 3054 5225 3158 5298; x_wconf 51' lang='lat' dir='ltr'><strong>etc:</strong></span> <span class='ocrx_word' id='word_1_838' title='bbox 3187 5225 3256 5298; x_wconf 78' lang='lat' dir='ltr'><strong>De</strong></span> <span class='ocrx_word' id='word_1_839' title='bbox 3285 5225 3463 5310; x_wconf 73' lang='lat' dir='ltr'><strong>duplici</strong></span> <span class='ocrx_word' id='word_1_840' title='bbox 3488 5225 3719 5310; x_wconf 46' lang='lat' dir='ltr'><strong>ttittttdortf</strong></span> 
     </span>
    </p>
   </div>
   <div class='ocr_carea' id='block_1_111' title="bbox 2259 5306 3718 5369">
    <p class='ocr_par' dir='ltr' id='par_1_111' title="bbox 2259 5306 3718 5369">
     <span class='ocr_line' id='line_1_111' title="bbox 2259 5306 3718 5369; baseline 0.005 -3"><span class='ocrx_word' id='word_1_841' title='bbox 2259 5306 2413 5366; x_wconf 83' lang='lat' dir='ltr'><strong>mitto</strong></span> <span class='ocrx_word' id='word_1_842' title='bbox 2429 5306 2495 5366; x_wconf 55' lang='lat' dir='ltr'><strong>&#39;te</strong></span> <span class='ocrx_word' id='word_1_843' title='bbox 2518 5306 2585 5364; x_wconf 77' lang='lat' dir='ltr'><strong>ad</strong></span> <span class='ocrx_word' id='word_1_844' title='bbox 2608 5310 2918 5368; x_wconf 86' lang='lat' dir='ltr'><strong>Platonicos</strong></span> <span class='ocrx_word' id='word_1_845' title='bbox 2943 5322 2997 5369; x_wconf 90' lang='lat' dir='ltr'><strong>et</strong></span> <span class='ocrx_word' id='word_1_846' title='bbox 3024 5312 3300 5368; x_wconf 86' lang='lat' dir='ltr'><strong>Philonem</strong></span> <span class='ocrx_word' id='word_1_847' title='bbox 3331 5306 3429 5366; x_wconf 54' lang='lat' dir='ltr'><strong>z&#39;ex</strong></span> <span class='ocrx_word' id='word_1_848' title='bbox 3454 5306 3619 5359; x_wconf 83' lang='lat' dir='ltr'><strong>nostris</strong></span> <span class='ocrx_word' id='word_1_849' title='bbox 3633 5306 3718 5369; x_wconf 64' lang='lat' dir='ltr'><strong>Y‘I&#39;.&quot;</strong></span> 
     </span>
    </p>
   </div>
   <div class='ocr_carea' id='block_1_112' title="bbox 2258 5360 3715 5449">
    <p class='ocr_par' dir='ltr' id='par_1_112' title="bbox 2258 5360 3715 5449">
     <span class='ocr_line' id='line_1_112' title="bbox 2258 5360 3715 5449; baseline -0.008 -15"><span class='ocrx_word' id='word_1_850' title='bbox 2258 5360 3343 5446; x_wconf 44' lang='lat' dir='ltr'><strong>siclasses;magna.&quot;suasi&quot;;</strong></span> <span class='ocrx_word' id='word_1_851' title='bbox 3376 5360 3482 5449; x_wconf 53' lang='lat' dir='ltr'><strong>ag.</strong></span> <span class='ocrx_word' id='word_1_852' title='bbox 3511 5360 3715 5449; x_wconf 54' lang='lat' dir='ltr'><strong>sese;</strong></span> 
     </span>
    </p>
   </div>
   <div class='ocr_carea' id='block_1_113' title="bbox 2256 5442 3713 5523">
    <p class='ocr_par' dir='ltr' id='par_1_113' title="bbox 2256 5442 3713 5523">
     <span class='ocr_line' id='line_1_113' title="bbox 2256 5442 3713 5523; baseline -0.003 -17"><span class='ocrx_word' id='word_1_853' title='bbox 2256 5449 2562 5523; x_wconf 79' lang='lat' dir='ltr'><strong>Origenetu.</strong></span> <span class='ocrx_word' id='word_1_854' title='bbox 2580 5452 2768 5507; x_wconf 80' lang='lat' dir='ltr'><strong>liomil.</strong></span> <span class='ocrx_word' id='word_1_855' title='bbox 2802 5454 2836 5508; x_wconf 78' lang='lat'><strong>5</strong></span> <span class='ocrx_word' id='word_1_856' title='bbox 2865 5455 2918 5507; x_wconf 81' lang='lat' dir='ltr'><strong>in</strong></span> <span class='ocrx_word' id='word_1_857' title='bbox 2940 5452 3213 5509; x_wconf 83' lang='lat' dir='ltr'><strong>Canticum</strong></span> <span class='ocrx_word' id='word_1_858' title='bbox 3242 5442 3713 5523; x_wconf 57' lang='lat' dir='ltr'><strong>canticorum.“</strong></span> 
     </span>
    </p>
   </div>
   <div class='ocr_carea' id='block_1_114' title="bbox 2252 5497 3713 5588">
    <p class='ocr_par' dir='ltr' id='par_1_114' title="bbox 2252 5497 3713 5588">
     <span class='ocr_line' id='line_1_114' title="bbox 2252 5497 3713 5588; baseline -0.01 -12"><span class='ocrx_word' id='word_1_859' title='bbox 2252 5497 2383 5567; x_wconf 65' lang='lat' dir='ltr'><strong>3le</strong></span> <span class='ocrx_word' id='word_1_860' title='bbox 2432 5523 2483 5574; x_wconf 84' lang='lat' dir='ltr'><strong>in</strong></span> <span class='ocrx_word' id='word_1_861' title='bbox 2503 5520 2805 5585; x_wconf 83' lang='lat' dir='ltr'><strong>Joannem;</strong></span> <span class='ocrx_word' id='word_1_862' title='bbox 2880 5497 3192 5582; x_wconf 69' lang='lat' dir='ltr'><strong>Eusebium.</strong></span> <span class='ocrx_word' id='word_1_863' title='bbox 3243 5497 3713 5588; x_wconf 46' lang='lat' dir='ltr'><strong>Prwparat._eran91e‘«</strong></span> 
     </span>
    </p>
   </div>
   <div class='ocr_carea' id='block_1_115' title="bbox 2252 5568 3714 5664">
    <p class='ocr_par' dir='ltr' id='par_1_115' title="bbox 2252 5568 3714 5664">
     <span class='ocr_line' id='line_1_115' title="bbox 2252 5568 3714 5664; baseline -0.01 -17"><span class='ocrx_word' id='word_1_864' title='bbox 2252 5593 2358 5664; x_wconf 55' lang='lat' dir='ltr'><strong>lib.</strong></span> <span class='ocrx_word' id='word_1_865' title='bbox 2376 5608 2453 5654; x_wconf 80' lang='lat' dir='ltr'><strong>xi,</strong></span> <span class='ocrx_word' id='word_1_866' title='bbox 2471 5608 2590 5664; x_wconf 83' lang='lat' dir='ltr'><strong>cap.</strong></span> <span class='ocrx_word' id='word_1_867' title='bbox 2610 5568 2816 5661; x_wconf 58' lang='grc' dir='ltr'><strong>ἑδζξιξ</strong></span> <span class='ocrx_word' id='word_1_868' title='bbox 3237 5568 3664 5664; x_wconf 38' lang='lat' dir='ltr'><strong>{damnationum}</strong></span> <span class='ocrx_word' id='word_1_869' title='bbox 3678 5568 3714 5632; x_wconf 69' lang='grc' dir='ltr'>δι</span> 
     </span>
    </p>
   </div>
   <div class='ocr_carea' id='block_1_116' title="bbox 2255 5659 3467 5727">
    <p class='ocr_par' dir='ltr' id='par_1_116' title="bbox 2255 5659 3467 5727">
     <span class='ocr_line' id='line_1_116' title="bbox 2255 5659 3467 5727; baseline -0.002 -10"><span class='ocrx_word' id='word_1_870' title='bbox 2255 5671 2306 5717; x_wconf 80' lang='lat' dir='ltr'><strong>ct</strong></span> <span class='ocrx_word' id='word_1_871' title='bbox 2337 5659 2901 5723; x_wconf 53' lang='lat' dir='ltr'><strong>falsum&#39;Atnbrusium</strong></span> <span class='ocrx_word' id='word_1_872' title='bbox 2929 5659 2979 5720; x_wconf 84' lang='lat' dir='ltr'><strong>in</strong></span> <span class='ocrx_word' id='word_1_873' title='bbox 3015 5665 3037 5719; x_wconf 89' lang='grc' dir='ltr'><strong><em>Ι</em></strong></span> <span class='ocrx_word' id='word_1_874' title='bbox 3071 5663 3300 5723; x_wconf 78' lang='lat' dir='ltr'><strong>Corinth.</strong></span> <span class='ocrx_word' id='word_1_875' title='bbox 3333 5678 3399 5727; x_wconf 83' lang='lat' dir='ltr'><strong>vi,</strong></span> <span class='ocrx_word' id='word_1_876' title='bbox 3420 5659 3467 5712; x_wconf 62' lang='grc' dir='ltr'>ἓ.</span> 
     </span>
    </p>
   </div>
  </div>
