4030 6342
530 260 533 261 ’
603 258 744 351 Isis

1473 254 1532 311 Β.
1573 251 1962 311 CLEMENle
1995 251 2016 307 ι
2053 245 2219 306 ROM.
2261 245 2462 305 PONT.
2502 243 2729 302 OPERA
2767 242 2971 299 DUBIA

3606 253 3701 309 1380

599 382 767 439 etiam
796 380 953 453 plura
970 378 1102 441 sint,
1131 376 1219 432 vel
1258 374 1549 431 innumera
1584 387 1652 428 ex
1684 370 1889 442 quibus
1938 367 2178 423 mundus
2205 375 2253 434 Α
2280 378 2495 434 semper
2520 361 2763 423 veniunt,
2798 369 2854 415 et
2876 360 3036 419 rebus
3064 372 3285 428 quarum
3307 357 3403 428 jam
3425 375 3625 416 mensura
3648 365 3703 418 in-

601 480 841 537 constat,
873 470 1021 526 omni
1052 484 1117 524 ex
1151 475 1327 537 parte,
1359 464 1455 537 qui
1486 465 1643 535 plura
1677 463 1734 517 in
1757 476 1924 518 unum
1948 461 2181 530 college-

602 572 680 623 rit
707 573 761 621 et
792 576 985 618 rursus
1028 560 1257 615 collecta
1283 558 1337 614 in
1371 558 1623 614 diversas
1668 555 1881 627 species
1936 556 2175 618 duxerit,

603 655 917 713 ostenditur
939 653 1103 715 Deus,
1128 660 1183 706 et
1214 651 1478 722 probatur
1508 665 1603 721 per
1628 649 1743 704 haec
1772 664 1881 704 non
1929 650 2180 719 potuisse

602 747 916 803 machinam
942 743 1127 798 mundi
1144 743 1263 798 sine
1292 740 1486 811 opiﬁce
1513 748 1567 795 et
1592 740 1875 809 provisore
1898 746 2176 795 constare.

676 834 817 892 XVI.
852 834 958 890 Sed
997 842 1053 890 et
1078 835 1182 889 IIOC
1209 832 1329 904 ipso
1371 832 1517 902 quod
1547 832 1603 885 in
1635 831 2025 901 conjunctione
2063 830 2178 885 ele-

604 934 935 988 mentorum,
963 924 1247 979 deﬁciente
1271 923 1441 977 altero
1462 930 1557 976 aut
1610 920 1943 983 abundante,
1980 928 2176 975 caetera

602 1017 958 1073 resolvuntur
1000 1022 1055 1069 et
1088 1013 1412 1077 concidunt,
1443 1011 1753 1067 ostenditur
1784 1026 1851 1065 ex
1895 1009 2069 1064 nihilo
2115 1024 2178 1063 ea

603 1107 885 1176 accepisse
914 1104 1268 1175 principium.
1305 1100 1442 1156 Nam
1470 1099 1619 1156 verbi
1648 1100 1824 1171 gratia
1868 1099 1917 1155 si
1962 1097 2179 1154 deﬁciat

605 1201 661 1253 in
687 1199 869 1267 aliquo
892 1196 1111 1259 humor,
1145 1209 1247 1249 nec
1278 1192 1493 1247 aridum
1534 1193 1733 1259 stabit;
1770 1192 1999 1247 humore
2031 1190 2176 1246 enim

603 1290 852 1361 pascitur
880 1287 1093 1342 aridum
1126 1287 1269 1341 sicut
1322 1293 1376 1340 et
1412 1283 1586 1355 frigus
1618 1284 1817 1349 calido,
1846 1282 1902 1337 in
1950 1282 2172 1352 quibus,

604 1390 666 1438 ut
696 1379 960 1441 diximus,
993 1379 1038 1433 si
1071 1378 1301 1432 alterum
1324 1376 1562 1439 deﬁciat,
1596 1376 1814 1446 penitus
1834 1364 2041 1427 cuncta
2064 1373 2174 1428 sol-

602 1480 828 1536 vuntur,
854 1480 909 1526 et
939 1471 994 1524 in
1027 1469 1131 1524 hoc
1163 1468 1393 1539 originis
1418 1483 1531 1523 suae
1559 1483 1666 1537 qua
1699 1483 1765 1521 ex
1798 1466 1972 1520 nihilo
2030 1464 2174 1520 facta

602 1572 754 1631 sunt,
786 1563 1094 1635 produntur
1121 1561 1342 1616 indicia.
1367 1559 1523 1626 Quod
1565 1558 1611 1613 si
1637 1559 1861 1613 materia
1890 1559 2005 1627 ipsa
2049 1573 2173 1628 pro-

604 1658 766 1712 batur
791 1671 916 1712 esse
946 1654 1109 1717 facta,
1133 1650 1405 1724 quomodo
1435 1658 1615 1721 partes
1637 1650 1757 1718 ejus
1789 1657 1842 1704 et
1874 1648 2083 1719 species
2106 1664 2171 1702 ex

2281 463 2432 526 tegra
2458 462 2695 516 constat,
2722 452 3016 515 adduntur,
3046 446 3299 520 quomodo
3326 460 3448 506 stare
3468 452 3705 512 universitas

2282 554 2483 619 potest,
2509 561 2631 601 cum
2655 552 2765 598 tam
2793 543 3068 599 immensis
3099 542 3400 613 ponderibus
3424 559 3535 598 nova
3560 561 3707 616 semper

2283 639 2522 711 pondera
2546 628 2928 692 cumulentur?
2956 634 3056 689 Sed
3089 642 3143 688 et
3172 632 3295 688 illud
3336 636 3537 703 requiro,
3564 636 3599 691 si
3622 654 3708 707 piu-

2280 731 2429 785 latim
2451 727 2775 784 coeuntibus
2796 723 3134 795 corpusculis
3154 724 3491 778 exstruebatur
3510 724 3577 778 hic
3604 742 3707 795 quem

2282 820 2530 876 videmus
2554 817 2791 873 ambitus
2838 816 2989 879 cmli,
3014 815 3277 886 quomodo
3315 831 3409 869 non
3448 815 3494 869 in
3533 831 3585 869 eo
3617 816 3711 870 illico

2279 930 2403 970 cum
2436 920 2792 983 consurgeret
2819 908 3063 965 corruit?
3082 907 3126 963 si
3149 908 3351 978 quidem
3376 908 3510 962 hians
3529 908 3711 963 inachiae

2279 1004 2453 1075 ipsius
2488 1002 2797 1065 summitas,
2836 1001 3003 1056 nullis
3055 1000 3268 1055 suﬁulta
3296 1000 3528 1070 repagulis
3551 1000 3711 1070 stringe,

2279 1101 2451 1149 retur.
2479 1090 2634 1147 Sicut
2662 1092 2807 1148 enim
2837 1090 2931 1161 qui
2960 1089 3301 1145 aediﬁciorum
3339 1089 3492 1144 tholos
3533 1089 3575 1142 in
3597 1091 3712 1143 circo-

2279 1184 2390 1239 lum
2438 1184 2749 1249 instruunt,
2798 1181 2903 1235 nisi
2941 1178 3340 1234 conclusionem
3382 1177 3519 1232 medii
3563 1180 3713 1237 verticis

2281 1275 2608 1335 strinxerint
2639 1316 2653 1338 ,
2703 1274 3025 1328 universum
3076 1264 3272 1342 pariter
3321 1270 3549 1337 solvitur;
3597 1269 3645 1322 ita
3676 1279 3712 1324 ct

2278 1366 2465 1422 mundi
2495 1365 2757 1429 circulus,
2792 1379 2957 1435 quem
2988 1372 3097 1417 tam
3122 1362 3308 1417 decora
3336 1360 3493 1431 specie
3516 1360 3710 1415 collectum

2278 1458 2547 1525 videmus,
2573 1458 2617 1512 si
2652 1472 2759 1511 non
2791 1456 2974 1513 subito
3007 1462 3062 1509 et
3091 1454 3193 1510 sub
3240 1468 3341 1507 uno
3370 1452 3537 1505 divina:
3571 1453 3713 1507 virtutis

2278 1555 2459 1603 rotatu
2487 1547 2728 1616 potentia
2757 1546 3061 1601 conditoris
3089 1543 3305 1601 effectus
3329 1551 3423 1607 est,
3446 1543 3523 1599 sed
3541 1544 3713 1612 paulatim

2278 1639 2736 1693 clonctlrrentibus
2762 1638 2960 1693 atomis
2983 1644 3037 1693 et
3055 1637 3448 1694 instruentibus.
3471 1651 3557 1688 non
3575 1635 3715 1686 iuratio

601 1749 804 1819 quibus
833 1746 1067 1801 mundus
1097 1723 1353 1809 constat,
1404 1742 1734 1797 videbuntur
1787 1740 2036 1797 infectae?
2068 1738 2173 1795 Sed
2206 1723 2250 1782 Β
2278 1730 2516 1801 petebat.
2549 1729 2644 1785 sed
2678 1739 2736 1785 ut
2772 1729 3037 1785 fortuitus
3080 1729 3351 1784 incidisset
3391 1734 3593 1785 eventus.
3627 1741 3713 1793 mm-

600 1840 672 1895 de
694 1838 917 1895 materia
930 1846 983 1892 et
997 1836 1350 1908 qualitatibus
1372 1852 1480 1890 non
1501 1843 1585 1891 est
1608 1849 1751 1890 nunc
1772 1831 1986 1887 dicendi
2006 1831 2177 1897 locus;

602 1930 709 1984 hoc
732 1929 909 1985 solum
942 1928 1198 1984 docuisse
1226 1925 1479 1991 sufﬁciat,
1538 1926 1705 1981 Deum
1756 1940 1880 1980 esse
1935 1922 2176 1977 omnium

598 2022 966 2085 conditorem,
995 2020 1122 2089 quia
1152 2034 1329 2089 neque
1379 2019 1427 2074 si
1481 2018 1716 2073 solidum
1770 2026 1825 2071 et
1872 2028 2179 2070 connexum

604 2116 706 2171 fuit
727 2130 925 2186 corpus
939 2129 1003 2169 ex
1030 2128 1139 2184 quo
1154 2111 1390 2167 mundus
1413 2108 1845 2176 constat,dirimi
1868 2116 1920 2161 et
1940 2106 2180 2162 discerni

602 2210 722 2265 sine
749 2206 1052 2269 conditore,
1070 2221 1247 2277 neque
1260 2204 1305 2260 si
1323 2220 1389 2260 ex
1415 2204 1646 2259 diversis
1669 2202 1990 2258 etdiscretis
2010 2202 2179 2272 parti-

604 2302 707 2357 bus
732 2302 789 2354 in
823 2317 990 2355 unum
1005 2299 1291 2353 collectum
1306 2304 1411 2360 est,
1427 2295 1745 2368 congregari
1767 2305 1818 2350 et
1832 2295 2045 2350 misceri
2061 2292 2179 2348 sine

604 2393 815 2447 artiﬁce
856 2392 1051 2462 potuit.
1084 2390 1255 2462 Igitur
1283 2389 1329 2445 si
1379 2388 1567 2443 mundi
1597 2388 1851 2443 conditor
1881 2385 2024 2442 Deus
2056 2398 2179 2440 esse

604 2491 717 2538 tam
748 2484 1028 2539 evidenter
1057 2481 1383 2546 ostenditur,
1434 2480 1526 2551 qui
1576 2480 1682 2536 erit
1737 2478 1972 2549 Epicuro
2024 2477 2177 2532 locus

606 2574 986 2630 introducendi
1021 2584 1254 2638 atomos,
1285 2581 1338 2629 et
1362 2571 1643 2628 asserendi
1668 2570 1813 2640 quod
1861 2585 1926 2625 ex
1979 2583 2179 2638 corpu-

605 2667 775 2723 sculis
806 2665 1222 2723 insensibilibus
1252 2680 1364 2719 non
1389 2664 1563 2719 solum
1591 2661 1871 2717 sensibilia
1922 2672 2173 2729 corpora,

605 2756 701 2813 sed
731 2764 783 2810 et
806 2762 1015 2812 mentes
1045 2754 1442 2809 intellectuales
1467 2768 1532 2807 ac
1563 2751 1860 2806 rationales
1892 2748 2058 2803 ﬁant?

674 2846 837 2902 XVII.
880 2845 985 2901 Sed
1014 2845 1185 2909 dices,
1204 2853 1261 2899 ut
1292 2844 1524 2914 Epicuro
1541 2844 1717 2898 visum
1741 2850 1853 2897 est:
1877 2840 2179 2895 Continua-

2281 1821 2441 1877 modo
2482 1837 2590 1876 non
2636 1818 2801 1893 prius
2828 1838 2991 1893 quam
3024 1820 3204 1891 colligi
3234 1829 3403 1890 posset
3448 1827 3493 1873 et
3524 1818 3709 1876 concludi,

2280 1904 2521 1987 dilapsus
2552 1924 2637 1972 est
2667 1924 2721 1972 et
2747 1916 3087 1973 dissolutus?
3115 1915 3190 1968 Ad
3227 1915 3333 1968 hate
3376 1913 3513 1968 etiam
3545 1911 3640 1966 illud
3663 1927 3715 1964 rc-

2279 2007 2461 2079 quiro,
2494 2007 2635 2078 quod
2662 2007 2733 2062 sit
2761 2008 3072 2069 munimen,
3099 2021 3260 2077 super
3276 2006 3407 2075 quod
3426 2005 3717 2056 tamitnniensa

2280 2101 2438 2156 molis
2464 2100 2610 2170 jacta
2648 2100 2758 2156 sint
2782 2099 3174 2154 fundamenta?
3199 2097 3262 2151 Et
3282 2113 3454 2152 rursus
3480 2094 3579 2149 illud
3602 2093 3714 2162 ipsum

2278 2192 2425 2263 quod
2458 2192 2664 2249 dixeris
2694 2196 2993 2257 munimen,
3027 2207 3197 2262 super
3223 2189 3345 2261 quid
3370 2186 3548 2257 jaceat?
3568 2184 3613 2236 Et
3634 2185 3715 2236 item

2280 2286 2413 2341 illud
2441 2286 2608 2350 aliud,
2625 2301 2791 2357 super
2808 2285 2976 2357 quid?
2994 2294 3050 2340 et
3072 2277 3716 2354 eousqueinterrogandomo-

2279 2378 2513 2448 gredinr.
2538 2378 2711 2432 donec
2732 2377 3013 2447 responsio
3031 2374 3101 2429 ad
3128 2374 3258 2430 nihil
3277 2382 3326 2429 et
3348 2374 3485 2427 inane
3511 2367 3713 2440 perveniat.

2353 2467 2496 2522 XIX.
2540 2468 2695 2535 Quod
2726 2468 2772 2523 si
2826 2468 2974 2522 dicat
3032 2466 3232 2535 aliquis
3256 2503 3270 2527 ,
3300 2464 3417 2533 quia
3441 2460 3568 2515 atomi
3604 2460 3714 2527 ignea

2279 2562 2561 2633 qualitatis
2592 2562 2901 2631 conjunctae
2923 2560 3027 2615 sibi
3059 2572 3259 2628 corpus
3285 2571 3436 2609 unum
3472 2552 3661 2609 fecerunt,
3681 2556 3716 2599 et

2278 2652 2405 2722 quia
2435 2652 2576 2723 ignis
2598 2652 2836 2723 qualitas
2857 2666 2963 2705 non
2997 2648 3253 2705 deorsum
3284 2645 3371 2702 sed
3393 2657 3566 2698 sursum
3587 2635 3714 2697 tendit,

2278 2740 2587 2813 impositam
2610 2744 2796 2799 mundi
2821 2743 3016 2798 molem
3035 2741 3106 2796 ad
3128 2740 3399 2812 superiora
3418 2742 3583 2805 semper
3597 2730 3715 2783 nitens

2279 2838 2418 2909 ignis
2429 2845 2619 2892 natura
2639 2838 2951 2904 subvectat;
2976 2837 3042 2891 ad
3062 2836 3179 2891 haec
3194 2830 3599 2903 respondebimus:
3617 2822 3714 2887 Quo-

606 2938 786 2994 tiones
814 2947 1120 2993 atomorum
1144 2936 1470 2993 indesinenti
1502 2951 1670 2990 cursu
1691 2934 2046 2997 venientium,
2079 2948 2178 3002 per
2260 2930 2439 2995 ,Jnodo
2462 2929 2937 2999 potueruntatomi
2966 2928 3143 2999 igneae
3166 2924 3449 2997 qualitatis,
3468 2934 3550 2989 qua:
3566 2926 3710 2980 semper

608 3028 874 3084 immensa
903 3036 958 3083 et
986 3028 1107 3084 sine
1130 3028 1234 3083 ﬁne
1265 3037 1509 3099 tempora
1540 3026 1887 3085 miscentium
1919 3040 1979 3080 se
2014 3032 2177 3095 atque
2204 3064 2247 3123 ϐ
2280 3020 2346 3075 ad
2366 3020 2649 3089 superiora
2689 3018 3065 3083 contendunt,
3104 3018 3160 3072 in
3201 3014 3442 3070 inferiora
3471 3002 3711 3064 descendere.

608 3120 620 3123 -
1033 3121 1040 3123 Α
1086 3121 1097 3123 -
1221 3120 1230 3123 -
1713 3120 1742 3123 __
1767 3119 1780 3123 -
1886 3117 1926 3123 μ
1968 3118 1979 3123 -
2319 3104 2329 3123 ς
2356 3115 2369 3123 .
2551 3113 2568 3123 ρ
2662 3113 2675 3123 .
2906 3112 2919 3123 ι
3106 3111 3118 3123 ι
3194 3109 3208 3123 ι
3433 3108 3443 3119 ο
3512 3102 3596 3123 μνεᾼ
3612 3097 3711 3123 1..-,‘1

607 3120 663 3175 in
688 3136 857 3174 unum
889 3120 1351 3191 conglobantium,
1384 3132 1615 3190 corpora
1644 3119 1817 3176 solida
1846 3117 2173 3172 efﬁciuntur.

608 3210 728 3266 Non
748 3210 907 3268 venio
928 3213 994 3267 ad
1019 3212 1155 3275 hac,
1187 3219 1245 3266 ut
1269 3229 1381 3268 rem
1406 3211 1706 3267 fabulosam
1730 3218 1785 3266 et
1818 3212 1999 3280 inepte
2026 3222 2180 3263 com-

608 3306 840 3375 positam
872 3305 1085 3372 dicam;
1138 3305 1421 3360 videamus
1467 3305 1642 3376 magis
1694 3305 1741 3359 si
1797 3301 2178 3373 qualecunque

609 3394 755 3449 istud
791 3402 904 3460 est,
939 3403 1117 3466 potest
1140 3403 1287 3451 stare
1324 3394 1472 3467 quod
1532 3394 1752 3450 dicitur.
1814 3394 1980 3448 Aiunt
2031 3391 2176 3446 enim

607 3488 934 3557 corpuscula
961 3489 1079 3558 ipsa
1108 3504 1228 3559 qua:
1251 3496 1464 3544 atomos
1487 3488 1759 3559 appellant
1784 3486 1919 3558 (62),
1945 3485 2178 3541 diversis

606 3592 732 3633 esse
758 3579 1138 3648 qualitatibus,
1170 3591 1224 3635 et
1252 3582 1358 3635 alia
1391 3579 1612 3651 quidem
1645 3578 1866 3633 humida
1895 3584 1949 3632 et
1977 3577 2049 3632 ob
2074 3577 2177 3631 hoc

610 3670 796 3739 gravia
818 3686 882 3725 ac
909 3671 1165 3727 deorsum
1194 3673 1491 3737 tendentia,
1514 3672 1621 3727 alia
1646 3686 1775 3727 vero
1800 3668 1952 3725 arida
1982 3678 2036 3725 et
2064 3676 2181 3723 ter-

611 3778 743 3817 rena
768 3772 932 3833 atque
959 3764 1029 3819 ob
1052 3765 1156 3820 hoc
1180 3765 1535 3821 nihilominus
1578 3764 1763 3837 gravia
1786 3806 1801 3830 ,
1855 3763 1962 3818 alia
1995 3769 2177 3817 autem

612 3855 770 3924 ignea
800 3865 854 3911 et
885 3856 957 3910 ob
986 3857 1088 3911 hoc
1113 3873 1331 3913 sursum
1361 3873 1577 3929 semper
1601 3857 1851 3919 nitentia,
1886 3856 1990 3910 alia
2046 3870 2177 3911 vero

610 3943 809 4015 frigida
840 3954 894 4001 et
922 3947 993 4002 ob
1019 3947 1119 4003 hoc
1146 3948 1297 4019 pigra
1328 3956 1381 4004 et
1411 3965 1625 4020 semper
1648 3948 1847 4003 media.
1891 3945 2177 4013 Quomodo

607 4052 741 4108 ergo
770 4053 893 4091 cum
920 4039 1023 4093 alia
1055 4055 1269 4109 semper
1289 4057 1508 4096 sursum
1535 4040 1757 4096 tendant
1785 4048 1971 4109 utpote
1997 4038 2173 4109 ignea,

608 4137 664 4184 et
689 4130 793 4184 alia
826 4146 1041 4201 semper
1095 4131 1353 4188 deorsum
1409 4141 1593 4202 utpote
1623 4130 1846 4185 humida
1896 4140 1952 4185 et
2000 4130 2175 4198 arida,

610 4220 718 4274 alia
742 4237 870 4277 vero
902 4221 1081 4277 media
1108 4229 1162 4276 et
1196 4237 1302 4276 non
1332 4222 1525 4293 aequali
1547 4235 1712 4275 cursu
1735 4219 2007 4283 incedant,
2028 4219 2178 4275 coire

611 4310 776 4366 simul
805 4318 1100 4382 potuerunt
1118 4320 1173 4368 et
1203 4328 1367 4367 unum
1403 4327 1602 4382 corpus
1638 4309 1887 4367 eﬁicere?
1944 4308 2002 4364 Si
2053 4309 2177 4380 quis

2280 3104 2334 3170 et
2356 3115 2412 3169 in
2443 3113 2715 3185 profundo
2739 3128 2803 3167 ac
2837 3112 2941 3168 sub
2969 3111 3157 3166 omnia
3179 3109 3414 3165 demerso
3433 3102 3599 3161 inveniri
3612 3097 3715 3152 loco!

2280 3204 2417 3261 Cum
2448 3204 2637 3274 utique
2677 3201 2958 3274 graviores
2999 3215 3230 3271 quaeque
3253 3239 3268 3263 ,
3310 3199 3359 3253 id
3383 3203 3454 3252 est
3485 3202 3645 3247 terrena
3660 3185 3716 3237 vel

2280 3295 2515 3352 humidae
2544 3295 2837 3366 qualitates
2859 3294 3216 3364 praeveniant,
3236 3300 3293 3346 ut
3313 3290 3535 3347 diximus,
3550 3281 3715 3337 leviores.

2280 3390 2425 3446 unde
2451 3396 2505 3446 et
2526 3391 2724 3445 cmlum
2759 3391 2905 3443 velut
2957 3387 3300 3456 superiorum
3351 3381 3569 3437 fabricam
3604 3370 3715 3442 igneis

2281 3485 2504 3550 atomis,
2537 3498 2660 3554 qua:
2683 3490 2737 3536 et
2767 3481 3000 3537 leviores
3029 3491 3163 3535 sunt
3182 3489 3235 3534 et
3264 3491 3461 3532 sursum
3484 3483 3637 3538 semper
3658 3466 3714 3515 lu-

2279 3578 2455 3650 giunt,
2481 3586 2738 3631 asserunt
2767 3580 3054 3630 structam.
3090 3569 3278 3641 Neque
3318 3581 3436 3636 ergo
3473 3558 3722 3616 fundamenta

2279 3669 2422 3742 ignis
2451 3678 2546 3722 aut
2582 3668 2686 3722 alia
2737 3667 2845 3720 ulla
2875 3665 3081 3719 habere
3134 3660 3363 3717 mundus
3417 3661 3577 3726 potest.
3612 3658 3725 3713 ηθηικ

2279 3761 2476 3815 atomis
2507 3757 2854 3831 gravioribus
2883 3770 3009 3811 cum
3043 3754 3358 3815 levioribus,
3388 3748 3434 3803 id
3464 3754 3532 3801 est
3553 3743 3617 3796 his
3647 3748 3723 3807 qui:

2278 3852 2536 3908 deorsum
2578 3865 2794 3921 semper
2832 3848 3248 3919 praecipitantur
3286 3851 3335 3898 et
3366 3843 3441 3895 his
3461 3851 3559 3909 qua:
3579 3839 3723 3897 senili“

2278 3958 2499 3999 sursum
2523 3941 2759 4013 fugiunt,
2782 3940 3016 3998 societas
3047 3947 3145 3993 aut
3167 3931 3527 4006 compaginatio
3546 3926 3626 3980 ulta
3639 3935 3725 3974 con-

2277 4033 2478 4088 veniat.
2536 4032 2707 4104 Igitur
2756 4031 2901 4102 quod
2938 4028 3276 4100 impossibile
3320 4028 3467 4082 sitcx
3505 4026 3722 4073 atomorum

2277 4122 2665 4192 conjunctione
2708 4134 2936 4191 corpora
2988 4119 3182 4174 mundi
3214 4116 3442 4180 solidari,
3491 4108 3724 4167 suﬁicieuld

2277 4213 2506 4276 dictum,
2538 4219 2593 4268 et
2616 4211 2762 4283 quod
2780 4225 2890 4265 non
2919 4212 3201 4281 potuerint
3221 4203 3525 4264 insensibilia
3549 4206 3723 4265 corpora.

2275 4302 2490 4359 etiamsi
2518 4303 2629 4358 ulla
2676 4302 2891 4357 ratione
2931 4301 3082 4357 coire
3126 4310 3181 4357 et
3224 4296 3455 4355 connecti
3491 4289 3724 4363 potuissent.

608 4401 756 4457 enim
815 4401 884 4457 de
932 4404 1329 4474 superioribus,
1363 4403 1513 4459 verbi
1556 4403 1726 4473 gratia
1776 4401 2174 4457 minutissimas
2206 4402 2251 4456 D
2281 4395 2482 4450 formas
2513 4397 2643 4449 dare
2672 4394 3015 4465 corporibus,
3045 4401 3101 4449 et
3131 4406 3421 4455 mensuras,
3452 4379 3641 4440 membri
3663 4376 3728 4474 ﬁt-

610 4492 819 4563 paleas,
848 4500 903 4549 et
929 4494 996 4549 ad
1033 4495 1277 4551 eamdem
1336 4493 1764 4565 magnitudinem
1815 4491 2178 4547 minutissimi

613 4583 819 4653 plumbi
843 4584 1141 4653 particulas
1161 4584 1415 4639 deorsum
1442 4583 1632 4653 jaciat,
1654 4581 1903 4651 nunquid
1922 4588 2179 4651 poterunt

609 4675 863 4743 quamvis
914 4677 1150 4747 requales
1200 4677 1312 4731 sint
1364 4674 1759 4745 magnitudine,
1817 4675 1964 4728 leves
2012 4672 2181 4743 paleae

612 4776 796 4838 partes
833 4769 1038 4839 plumbi
1068 4769 1367 4839 particulas
1394 4766 1699 4837 consequi?
1730 4766 1890 4836 longe
1912 4766 2059 4820 enim
2084 4779 2180 4820 ve-

610 4858 787 4914 locius
813 4858 881 4914 ad
925 4858 1095 4913 imum
1147 4859 1398 4930 graviora
1436 4858 1780 4927 perveniunt.
1843 4858 1919 4911 Ita
1965 4871 2096 4926 ergo
2126 4863 2182 4911 et

609 4949 801 5015 atomi,
844 4950 1059 5007 etiamsi
1099 4950 1468 5022 magnitudine
1497 4950 1734 5020 aequales
1758 4948 1888 5015 sint,
1944 4947 2182 5019 pondere

610 5050 797 5099 tamen
819 5044 1135 5114 intequales.
1160 5057 1440 5114 nunquam
1461 5050 1717 5113 poterunt
1735 5057 1857 5112 quae
1888 5042 2032 5095 leves
2055 5049 2183 5095 sunt

610 5135 874 5203 consequi
901 5134 1211 5205 graviores;
1236 5131 1384 5203 quod
1416 5133 1464 5186 si
1494 5131 1757 5201 consequi
1780 5148 1889 5187 non
1923 5140 2179 5202 possunt,

609 5223 734 5281 sine
762 5225 930 5283 dubio
950 5242 1051 5283 nec
1081 5225 1301 5281 misceri
1325 5240 1426 5279 nec
1456 5238 1657 5294 corpus
1677 5224 1914 5279 efﬁcere.

684 5313 872 5373 XVIII.
904 5314 1041 5373 Tum
1086 5315 1287 5373 deinde
1315 5316 1385 5371 si‘
1417 5314 1790 5373 indesinenter
1833 5315 2088 5371 feruntur
2125 5323 2179 5371 et

2278 4502 2429 4559 gere,
2460 4487 2545 4541 vel
2572 4486 2863 4556 qualitates
2896 4484 3138 4550 efﬁcere,
3172 4485 3254 4540 vel
3289 4481 3553 4552 exprimere
3576 4465 3727 4542 quanti-

2280 4588 2419 4636 tates
2443 4597 2457 4647 ;
2487 4593 2607 4649 quae
2633 4578 2823 4648 utique
2850 4580 3034 4632 omnia
3063 4576 3420 4631 modulatione
3456 4570 3549 4630 sui,
3575 4573 3726 4618 manum

2281 4678 2549 4727 testantur
2575 4668 2801 4724 artiﬁcis
2829 4676 2883 4722 et
2912 4683 3050 4738 opus
3081 4668 3305 4722 rationis
3331 4661 3596 4719 ostendunt,
3616 4662 3727 4722 quam

2282 4762 2545 4817 rationem
2579 4773 2679 4830 ego
2701 4756 2940 4812 Verbum
2967 4766 3033 4811 et;
3053 4757 3217 4811 Deum
3251 4756 3463 4827 appello.

2354 4849 2471 4904 XX.
2505 4826 2787 4904 Sed'dicet
2812 4848 3013 4918 aliquis
3036 4847 3150 4903 haec
3172 4862 3201 4901 a
3227 4826 3406 4900 natura
3428 4838 3545 4895 ﬁeri.
3584 4831 3670 4885 ³³η]
3692 4826 3727 4878 il

2281 4942 2387 4998 hoc
2410 4941 2478 4997 de
2498 4939 2718 4995 nomine
2747 4940 3122 4995 controversia
3150 4946 3251 4994 est.
3282 4934 3405 4991 Cum
3426 4932 3547 4988 enim
3581 4926 3727 4979 consld

2283 5034 2480 5091 mentis
2508 5048 2631 5090 esse
2653 5040 2707 5088 et
2728 5033 2959 5088 rationis
2985 5046 3145 5101 opus,
3197 5030 3294 5083 hoc
3320 5025 3449 5097 quod
3476 5032 3522 5075 tu
3548 5022 3726 5072 naturam

2281 5143 2466 5192 vocas,
2497 5143 2596 5197 ego
2619 5125 2791 5182 Deum
2822 5126 3161 5181 conditorem
3182 5139 3340 5189 voco;
3364 5121 3547 5174 constat
3572 5121 3647 5164 nec
3665 5116 3728 5171 P°‘

2283 5220 2453 5275 tuisse
2482 5234 2583 5275 nec
2616 5234 2779 5290 posse
2809 5218 2892 5273 vel
2918 5232 3208 5287 corporum
3243 5214 3435 5287 speCics
3469 5218 3559 5261 tam
3591 5207 3724 5255 neces‘

2286 5313 2446 5368 sariis
2472 5309 2918 5366 distinctionibus
2948 5309 3245 5374 institutas,
3273 5305 3351 5361 vel
3376 5301 3626 5357 animorum
3643 5297 3725 5341 κη’

1908 5451 2274 5510 COTELERII
2310 5449 2539 5507 NOTAE.

684 5591 809 5679 φὶ)Δ
834 5591 1176 5679 Aiuutnenim
1215 5597 1666 5679 corpuscu‘lanrpsa
1694 5609 1810 5664 qua:
1838 5600 2045 5679 atomos
2082 5609 2178 5675 αρ-

585 5662 835 5734 .Ραι1ωυ,
856 5672 964 5724 etc.
988 5662 1109 5723 Non
1136 5666 1243 5725 hoc
1269 5662 1485 5724 dicebat
1512 5662 1812 5737 Epicurus;
1844 5665 1954 5723 imo
1981 5662 2176 5722 atomis

2278 5589 2555 5731 gzgﬁgat
2604 5587 2947 5649 solummodo
2984 5590 3207 5663 ﬁguram
3235 5626 3250 5655 ,
3299 5571 3649 5652 magnitudinem
3685 5561 3723 5617 6
