  <div class='ocr_page' id='page_1' title='image "/cluster/home/n/w/nwhite01/storage/ocr_20150623/1/hvd.32044073501405/700.png"; bbox 0 0 4030 6342; ppageno 0'>
   <div class='ocr_carea' id='block_1_1' title="bbox 269 290 413 348">
    <p class='ocr_par' dir='ltr' id='par_1_1' title="bbox 269 290 413 348">
     <span class='ocr_line' id='line_1_1' title="bbox 269 290 413 348; baseline 0.007 -2"><span class='ocrx_word' id='word_1_1' title='bbox 269 290 413 348; x_wconf 74' lang='grc'><strong>1581</strong></span> 
     </span>
    </p>
   </div>
   <div class='ocr_carea' id='block_1_2' title="bbox 1484 289 2388 349">
    <p class='ocr_par' dir='ltr' id='par_1_2' title="bbox 1484 289 2388 349">
     <span class='ocr_line' id='line_1_2' title="bbox 1484 289 2388 349; baseline 0.002 -3"><span class='ocrx_word' id='word_1_2' title='bbox 1484 289 2053 349; x_wconf 76' lang='lat' dir='ltr'><strong>RECOGNITIONUM</strong></span> <span class='ocrx_word' id='word_1_3' title='bbox 2093 292 2222 347; x_wconf 82' lang='lat' dir='ltr'><strong>LIB.</strong></span> <span class='ocrx_word' id='word_1_4' title='bbox 2253 291 2388 348; x_wconf 82' lang='lat' dir='ltr'><strong>VIII.</strong></span> 
     </span>
    </p>
   </div>
   <div class='ocr_carea' id='block_1_3' title="bbox 3396 299 3538 358">
    <p class='ocr_par' dir='ltr' id='par_1_3' title="bbox 3396 299 3538 358">
     <span class='ocr_line' id='line_1_3' title="bbox 3396 299 3538 358; baseline 0.028 -4"><span class='ocrx_word' id='word_1_5' title='bbox 3396 299 3538 358; x_wconf 70' lang='grc'><strong>1582</strong></span> 
     </span>
    </p>
   </div>
   <div class='ocr_carea' id='block_1_4' title="bbox 267 409 3532 486">
    <p class='ocr_par' dir='ltr' id='par_1_4' title="bbox 267 409 3532 486">
     <span class='ocr_line' id='line_1_4' title="bbox 267 409 3532 486; baseline 0.003 -24"><span class='ocrx_word' id='word_1_6' title='bbox 267 424 396 476; x_wconf 88' lang='lat' dir='ltr'><strong>sus,</strong></span> <span class='ocrx_word' id='word_1_7' title='bbox 437 409 808 465; x_wconf 81' lang='lat' dir='ltr'><strong>irrationabili</strong></span> <span class='ocrx_word' id='word_1_8' title='bbox 833 425 997 481; x_wconf 88' lang='lat' dir='ltr'><strong>opere</strong></span> <span class='ocrx_word' id='word_1_9' title='bbox 1017 418 1070 466; x_wconf 92' lang='lat' dir='ltr'><strong>et</strong></span> <span class='ocrx_word' id='word_1_10' title='bbox 1093 410 1240 482; x_wconf 89' lang='lat' dir='ltr'><strong>quod</strong></span> <span class='ocrx_word' id='word_1_11' title='bbox 1274 427 1437 468; x_wconf 86' lang='lat' dir='ltr'><strong>sensu</strong></span> <span class='ocrx_word' id='word_1_12' title='bbox 1467 419 1654 466; x_wconf 86' lang='lat' dir='ltr'><strong>careat</strong></span> <span class='ocrx_word' id='word_1_13' title='bbox 1692 411 1853 467; x_wconf 80' lang='lat' dir='ltr'><strong>efﬁci.</strong></span> <span class='ocrx_word' id='word_1_14' title='bbox 1885 419 1933 476; x_wconf 74' lang='grc' dir='ltr'>Α</span> <span class='ocrx_word' id='word_1_15' title='bbox 2031 409 2196 466; x_wconf 79' lang='lat' dir='ltr'><strong>XXII.</strong></span> <span class='ocrx_word' id='word_1_16' title='bbox 2256 410 2362 466; x_wconf 91' lang='lat' dir='ltr'><strong>Sed</strong></span> <span class='ocrx_word' id='word_1_17' title='bbox 2409 426 2477 466; x_wconf 89' lang='lat' dir='ltr'><strong>ne</strong></span> <span class='ocrx_word' id='word_1_18' title='bbox 2524 410 2591 466; x_wconf 91' lang='lat' dir='ltr'><strong>de</strong></span> <span class='ocrx_word' id='word_1_19' title='bbox 2631 410 2716 467; x_wconf 88' lang='lat' dir='ltr'><strong>his</strong></span> <span class='ocrx_word' id='word_1_20' title='bbox 2759 425 2880 482; x_wconf 62' lang='lat' dir='ltr'><strong>qua</strong></span> <span class='ocrx_word' id='word_1_21' title='bbox 2916 427 3024 468; x_wconf 88' lang='lat' dir='ltr'><strong>non</strong></span> <span class='ocrx_word' id='word_1_22' title='bbox 3051 414 3306 472; x_wconf 87' lang='lat' dir='ltr'><strong>omnibus</strong></span> <span class='ocrx_word' id='word_1_23' title='bbox 3355 417 3532 486; x_wconf 86' lang='lat' dir='ltr'><strong>palam</strong></span> 
     </span>
    </p>
   </div>
   <div class='ocr_carea' id='block_1_5' title="bbox 264 498 1857 574">
    <p class='ocr_par' dir='ltr' id='par_1_5' title="bbox 264 498 1857 574">
     <span class='ocr_line' id='line_1_5' title="bbox 264 498 1857 574; baseline 0.002 -20"><span class='ocrx_word' id='word_1_24' title='bbox 264 498 435 566; x_wconf 87' lang='lat' dir='ltr'><strong>Quod</strong></span> <span class='ocrx_word' id='word_1_25' title='bbox 465 504 511 558; x_wconf 86' lang='lat' dir='ltr'><strong>si</strong></span> <span class='ocrx_word' id='word_1_26' title='bbox 539 503 717 559; x_wconf 86' lang='lat' dir='ltr'><strong>idonei</strong></span> <span class='ocrx_word' id='word_1_27' title='bbox 746 502 843 558; x_wconf 92' lang='lat' dir='ltr'><strong>tibi</strong></span> <span class='ocrx_word' id='word_1_28' title='bbox 877 511 1045 558; x_wconf 91' lang='lat' dir='ltr'><strong>testes</strong></span> <span class='ocrx_word' id='word_1_29' title='bbox 1073 504 1325 559; x_wconf 90' lang='lat' dir='ltr'><strong>videntur</strong></span> <span class='ocrx_word' id='word_1_30' title='bbox 1347 503 1676 574; x_wconf 83' lang='lat' dir='ltr'><strong>philosophi,</strong></span> <span class='ocrx_word' id='word_1_31' title='bbox 1702 501 1857 557; x_wconf 91' lang='lat' dir='ltr'><strong>Plato</strong></span> 
     </span>
    </p>
   </div>
   <div class='ocr_carea' id='block_1_6' title="bbox 261 595 1857 673">
    <p class='ocr_par' dir='ltr' id='par_1_6' title="bbox 261 595 1857 673">
     <span class='ocr_line' id='line_1_6' title="bbox 261 595 1857 673; baseline 0.003 -22"><span class='ocrx_word' id='word_1_32' title='bbox 261 595 335 652; x_wconf 91' lang='lat' dir='ltr'><strong>de</strong></span> <span class='ocrx_word' id='word_1_33' title='bbox 368 598 459 654; x_wconf 84' lang='lat' dir='ltr'><strong>his</strong></span> <span class='ocrx_word' id='word_1_34' title='bbox 489 608 725 656; x_wconf 75' lang='lat' dir='ltr'><strong>testatur</strong></span> <span class='ocrx_word' id='word_1_35' title='bbox 749 600 802 654; x_wconf 88' lang='lat' dir='ltr'><strong>in</strong></span> <span class='ocrx_word' id='word_1_36' title='bbox 828 596 1025 655; x_wconf 77' lang='lat' dir='ltr'><strong>Timwo</strong></span> <span class='ocrx_word' id='word_1_37' title='bbox 1057 600 1193 673; x_wconf 79' lang='lat'>(63),</span> <span class='ocrx_word' id='word_1_38' title='bbox 1226 601 1315 656; x_wconf 89' lang='lat' dir='ltr'><strong>ubi</strong></span> <span class='ocrx_word' id='word_1_39' title='bbox 1348 601 1414 656; x_wconf 92' lang='lat' dir='ltr'><strong>de</strong></span> <span class='ocrx_word' id='word_1_40' title='bbox 1441 601 1857 656; x_wconf 89' lang='lat' dir='ltr'><strong>mundil&#39;actura</strong></span> 
     </span>
    </p>
   </div>
   <div class='ocr_carea' id='block_1_7' title="bbox 261 686 1855 762">
    <p class='ocr_par' dir='ltr' id='par_1_7' title="bbox 261 686 1855 762">
     <span class='ocr_line' id='line_1_7' title="bbox 261 686 1855 762; baseline 0.004 -22"><span class='ocrx_word' id='word_1_41' title='bbox 261 686 586 751; x_wconf 85' lang='lat' dir='ltr'><strong>discutiens</strong></span> <span class='ocrx_word' id='word_1_42' title='bbox 639 691 893 762; x_wconf 84' lang='lat' dir='ltr'><strong>requirit,</strong></span> <span class='ocrx_word' id='word_1_43' title='bbox 933 699 1243 746; x_wconf 83' lang='lat' dir='ltr'><strong>utrumnam</strong></span> <span class='ocrx_word' id='word_1_44' title='bbox 1287 708 1502 762; x_wconf 88' lang='lat' dir='ltr'><strong>semper</strong></span> <span class='ocrx_word' id='word_1_45' title='bbox 1556 692 1751 756; x_wconf 77' lang='lat' dir='ltr'><strong>fuerit,</strong></span> <span class='ocrx_word' id='word_1_46' title='bbox 1786 708 1855 747; x_wconf 90' lang='lat' dir='ltr'><strong>an</strong></span> 
     </span>
    </p>
   </div>
   <div class='ocr_carea' id='block_1_8' title="bbox 260 779 1848 855">
    <p class='ocr_par' dir='ltr' id='par_1_8' title="bbox 260 779 1848 855">
     <span class='ocr_line' id='line_1_8' title="bbox 260 779 1848 855; baseline 0.001 -21"><span class='ocrx_word' id='word_1_47' title='bbox 260 779 491 836; x_wconf 89' lang='lat' dir='ltr'><strong>initium</strong></span> <span class='ocrx_word' id='word_1_48' title='bbox 523 784 843 852; x_wconf 88' lang='lat' dir='ltr'><strong>sumpserit,</strong></span> <span class='ocrx_word' id='word_1_49' title='bbox 874 791 928 839; x_wconf 91' lang='lat' dir='ltr'><strong>et</strong></span> <span class='ocrx_word' id='word_1_50' title='bbox 966 785 1284 855; x_wconf 87' lang='lat' dir='ltr'><strong>pronuntiat</strong></span> <span class='ocrx_word' id='word_1_51' title='bbox 1333 785 1462 855; x_wconf 84' lang='lat' dir='ltr'><strong>quia</strong></span> <span class='ocrx_word' id='word_1_52' title='bbox 1515 784 1692 840; x_wconf 81' lang='lat' dir='ltr'><strong>lactus</strong></span> <span class='ocrx_word' id='word_1_53' title='bbox 1725 785 1798 840; x_wconf 88' lang='lat' dir='ltr'><strong>sit</strong></span> <span class='ocrx_word' id='word_1_54' title='bbox 1834 801 1848 836; x_wconf 91' lang='lat'><strong>:</strong></span> 
     </span>
    </p>
   </div>
   <div class='ocr_carea' id='block_1_9' title="bbox 262 868 1852 948">
    <p class='ocr_par' dir='ltr' id='par_1_9' title="bbox 262 868 1852 948">
     <span class='ocr_line' id='line_1_9' title="bbox 262 868 1852 948; baseline 0.003 -25"><span class='ocrx_word' id='word_1_55' title='bbox 262 868 525 928; x_wconf 85' lang='lat' dir='ltr'><strong>Visibilis</strong></span> <span class='ocrx_word' id='word_1_56' title='bbox 561 875 727 939; x_wconf 86' lang='lat' dir='ltr'><strong>enim,</strong></span> <span class='ocrx_word' id='word_1_57' title='bbox 761 874 958 945; x_wconf 88' lang='lat' dir='ltr'><strong>inquit,</strong></span> <span class='ocrx_word' id='word_1_58' title='bbox 993 882 1158 932; x_wconf 90' lang='lat' dir='ltr'><strong>estet</strong></span> <span class='ocrx_word' id='word_1_59' title='bbox 1207 877 1496 948; x_wconf 87' lang='lat' dir='ltr'><strong>palpabilis</strong></span> <span class='ocrx_word' id='word_1_60' title='bbox 1529 885 1694 944; x_wconf 81' lang='lat' dir='ltr'><strong>atque</strong></span> <span class='ocrx_word' id='word_1_61' title='bbox 1724 891 1852 931; x_wconf 87' lang='lat' dir='ltr'><strong>cor-</strong></span> 
     </span>
    </p>
   </div>
   <div class='ocr_carea' id='block_1_10' title="bbox 254 965 1850 1038">
    <p class='ocr_par' dir='ltr' id='par_1_10' title="bbox 254 965 1850 1038">
     <span class='ocr_line' id='line_1_10' title="bbox 254 965 1850 1038; baseline 0.003 -22"><span class='ocrx_word' id='word_1_62' title='bbox 254 975 495 1032; x_wconf 87' lang='lat' dir='ltr'><strong>poreus,</strong></span> <span class='ocrx_word' id='word_1_63' title='bbox 532 965 717 1020; x_wconf 86' lang='lat' dir='ltr'><strong>omnia</strong></span> <span class='ocrx_word' id='word_1_64' title='bbox 749 973 928 1022; x_wconf 86' lang='lat' dir='ltr'><strong>autem</strong></span> <span class='ocrx_word' id='word_1_65' title='bbox 958 983 1081 1037; x_wconf 68' lang='lat' dir='ltr'><strong>qua:</strong></span> <span class='ocrx_word' id='word_1_66' title='bbox 1138 967 1450 1038; x_wconf 85' lang='lat' dir='ltr'><strong>hujusmodi</strong></span> <span class='ocrx_word' id='word_1_67' title='bbox 1507 976 1656 1032; x_wconf 89' lang='lat' dir='ltr'><strong>sunt,</strong></span> <span class='ocrx_word' id='word_1_68' title='bbox 1707 967 1850 1022; x_wconf 78' lang='lat' dir='ltr'><strong>facta</strong></span> 
     </span>
    </p>
   </div>
   <div class='ocr_carea' id='block_1_11' title="bbox 250 1059 1849 1133">
    <p class='ocr_par' dir='ltr' id='par_1_11' title="bbox 250 1059 1849 1133">
     <span class='ocr_line' id='line_1_11' title="bbox 250 1059 1849 1133; baseline 0.003 -25"><span class='ocrx_word' id='word_1_69' title='bbox 250 1070 383 1110; x_wconf 86' lang='lat' dir='ltr'><strong>esse</strong></span> <span class='ocrx_word' id='word_1_70' title='bbox 421 1066 682 1124; x_wconf 87' lang='lat' dir='ltr'><strong>constat;</strong></span> <span class='ocrx_word' id='word_1_71' title='bbox 715 1059 862 1129; x_wconf 91' lang='lat' dir='ltr'><strong>quod</strong></span> <span class='ocrx_word' id='word_1_72' title='bbox 893 1067 1076 1115; x_wconf 91' lang='lat' dir='ltr'><strong>autem</strong></span> <span class='ocrx_word' id='word_1_73' title='bbox 1111 1059 1312 1114; x_wconf 78' lang='lat' dir='ltr'><strong>factum</strong></span> <span class='ocrx_word' id='word_1_74' title='bbox 1342 1069 1448 1124; x_wconf 89' lang='lat' dir='ltr'><strong>est,</strong></span> <span class='ocrx_word' id='word_1_75' title='bbox 1480 1063 1717 1133; x_wconf 87' lang='lat' dir='ltr'><strong>aliquem</strong></span> <span class='ocrx_word' id='word_1_76' title='bbox 1746 1059 1849 1114; x_wconf 85' lang='lat' dir='ltr'><strong>ha-</strong></span> 
     </span>
    </p>
   </div>
   <div class='ocr_carea' id='block_1_12' title="bbox 247 1145 1849 1223">
    <p class='ocr_par' dir='ltr' id='par_1_12' title="bbox 247 1145 1849 1223">
     <span class='ocr_line' id='line_1_12' title="bbox 247 1145 1849 1223; baseline 0.007 -23"><span class='ocrx_word' id='word_1_77' title='bbox 247 1145 343 1202; x_wconf 87' lang='lat' dir='ltr'><strong>bet</strong></span> <span class='ocrx_word' id='word_1_78' title='bbox 389 1150 517 1203; x_wconf 88' lang='lat' dir='ltr'><strong>sine</strong></span> <span class='ocrx_word' id='word_1_79' title='bbox 553 1149 719 1205; x_wconf 89' lang='lat' dir='ltr'><strong>dubio</strong></span> <span class='ocrx_word' id='word_1_80' title='bbox 749 1159 1028 1207; x_wconf 88' lang='lat' dir='ltr'><strong>auctorem</strong></span> <span class='ocrx_word' id='word_1_81' title='bbox 1051 1192 1066 1216; x_wconf 90' lang='lat'><strong>,</strong></span> <span class='ocrx_word' id='word_1_82' title='bbox 1099 1168 1128 1206; x_wconf 91' lang='lat' dir='ltr'><strong>a</strong></span> <span class='ocrx_word' id='word_1_83' title='bbox 1161 1168 1271 1223; x_wconf 88' lang='lat' dir='ltr'><strong>quo</strong></span> <span class='ocrx_word' id='word_1_84' title='bbox 1306 1152 1506 1208; x_wconf 79' lang='lat' dir='ltr'><strong>factum</strong></span> <span class='ocrx_word' id='word_1_85' title='bbox 1538 1164 1641 1211; x_wconf 84' lang='lat' dir='ltr'><strong>est.</strong></span> <span class='ocrx_word' id='word_1_86' title='bbox 1693 1153 1849 1211; x_wconf 84' lang='lat' dir='ltr'><strong>Hunc</strong></span> 
     </span>
    </p>
   </div>
   <div class='ocr_carea' id='block_1_13' title="bbox 245 1242 1847 1316">
    <p class='ocr_par' dir='ltr' id='par_1_13' title="bbox 245 1242 1847 1316">
     <span class='ocr_line' id='line_1_13' title="bbox 245 1242 1847 1316; baseline 0.006 -23"><span class='ocrx_word' id='word_1_87' title='bbox 245 1255 406 1310; x_wconf 81' lang='lat' dir='ltr'><strong>ergo,</strong></span> <span class='ocrx_word' id='word_1_88' title='bbox 437 1242 647 1312; x_wconf 80' lang='lat' dir='ltr'><strong>inquit,</strong></span> <span class='ocrx_word' id='word_1_89' title='bbox 689 1243 948 1300; x_wconf 83' lang='lat' dir='ltr'><strong>faetorem</strong></span> <span class='ocrx_word' id='word_1_90' title='bbox 973 1255 1357 1316; x_wconf 89' lang='lat' dir='ltr'><strong>parentemque</strong></span> <span class='ocrx_word' id='word_1_91' title='bbox 1385 1247 1649 1310; x_wconf 91' lang='lat' dir='ltr'><strong>omnium,</strong></span> <span class='ocrx_word' id='word_1_92' title='bbox 1677 1254 1732 1302; x_wconf 89' lang='lat' dir='ltr'><strong>et</strong></span> <span class='ocrx_word' id='word_1_93' title='bbox 1760 1247 1847 1302; x_wconf 87' lang='lat' dir='ltr'><strong>in-</strong></span> 
     </span>
    </p>
   </div>
   <div class='ocr_carea' id='block_1_14' title="bbox 248 1334 1848 1413">
    <p class='ocr_par' dir='ltr' id='par_1_14' title="bbox 248 1334 1848 1413">
     <span class='ocr_line' id='line_1_14' title="bbox 248 1334 1848 1413; baseline 0.007 -28"><span class='ocrx_word' id='word_1_94' title='bbox 248 1334 446 1388; x_wconf 89' lang='lat' dir='ltr'><strong>venire</strong></span> <span class='ocrx_word' id='word_1_95' title='bbox 472 1335 695 1392; x_wconf 84' lang='lat' dir='ltr'><strong>diﬂicile</strong></span> <span class='ocrx_word' id='word_1_96' title='bbox 733 1344 816 1392; x_wconf 85' lang='lat' dir='ltr'><strong>est</strong></span> <span class='ocrx_word' id='word_1_97' title='bbox 838 1346 890 1390; x_wconf 87' lang='lat' dir='ltr'><strong>et</strong></span> <span class='ocrx_word' id='word_1_98' title='bbox 938 1338 1219 1392; x_wconf 90' lang='lat' dir='ltr'><strong>inventum</strong></span> <span class='ocrx_word' id='word_1_99' title='bbox 1255 1341 1415 1413; x_wconf 93' lang='lat' dir='ltr'><strong>vulgo</strong></span> <span class='ocrx_word' id='word_1_100' title='bbox 1445 1356 1706 1396; x_wconf 87' lang='lat' dir='ltr'><strong>enarrare</strong></span> <span class='ocrx_word' id='word_1_101' title='bbox 1744 1341 1848 1396; x_wconf 91' lang='lat' dir='ltr'><strong>im-</strong></span> 
     </span>
    </p>
   </div>
   <div class='ocr_carea' id='block_1_15' title="bbox 245 1426 1847 1504">
    <p class='ocr_par' dir='ltr' id='par_1_15' title="bbox 245 1426 1847 1504">
     <span class='ocr_line' id='line_1_15' title="bbox 245 1426 1847 1504; baseline 0.007 -27"><span class='ocrx_word' id='word_1_102' title='bbox 245 1426 550 1493; x_wconf 78' lang='lat' dir='ltr'><strong>possibile.</strong></span> <span class='ocrx_word' id='word_1_103' title='bbox 585 1427 711 1482; x_wconf 64' lang='lat' dir='ltr'><strong>llaic</strong></span> <span class='ocrx_word' id='word_1_104' title='bbox 759 1429 980 1498; x_wconf 87' lang='lat' dir='ltr'><strong>quidem</strong></span> <span class='ocrx_word' id='word_1_105' title='bbox 1021 1429 1178 1485; x_wconf 89' lang='lat' dir='ltr'><strong>Plato</strong></span> <span class='ocrx_word' id='word_1_106' title='bbox 1207 1432 1380 1499; x_wconf 84' lang='lat' dir='ltr'><strong>dicit;</strong></span> <span class='ocrx_word' id='word_1_107' title='bbox 1415 1433 1510 1488; x_wconf 88' lang='lat' dir='ltr'><strong>scd</strong></span> <span class='ocrx_word' id='word_1_108' title='bbox 1556 1441 1610 1488; x_wconf 91' lang='lat' dir='ltr'><strong>et</strong></span> <span class='ocrx_word' id='word_1_109' title='bbox 1653 1434 1700 1489; x_wconf 91' lang='lat' dir='ltr'><strong>si</strong></span> <span class='ocrx_word' id='word_1_110' title='bbox 1732 1434 1847 1504; x_wconf 91' lang='lat' dir='ltr'><strong>ipse</strong></span> 
     </span>
    </p>
   </div>
   <div class='ocr_carea' id='block_1_16' title="bbox 244 1517 1845 1593">
    <p class='ocr_par' dir='ltr' id='par_1_16' title="bbox 244 1517 1845 1593">
     <span class='ocr_line' id='line_1_16' title="bbox 244 1517 1845 1593; baseline 0.007 -24"><span class='ocrx_word' id='word_1_111' title='bbox 244 1517 466 1588; x_wconf 86' lang='lat' dir='ltr'><strong>aliique</strong></span> <span class='ocrx_word' id='word_1_112' title='bbox 501 1520 817 1575; x_wconf 73' lang='lat' dir='ltr'><strong>Graecorum</strong></span> <span class='ocrx_word' id='word_1_113' title='bbox 852 1523 1162 1593; x_wconf 84' lang='lat' dir='ltr'><strong>philosophi</strong></span> <span class='ocrx_word' id='word_1_114' title='bbox 1194 1523 1262 1579; x_wconf 92' lang='lat' dir='ltr'><strong>de</strong></span> <span class='ocrx_word' id='word_1_115' title='bbox 1293 1524 1503 1580; x_wconf 82' lang='lat' dir='ltr'><strong>factura</strong></span> <span class='ocrx_word' id='word_1_116' title='bbox 1546 1526 1734 1580; x_wconf 91' lang='lat' dir='ltr'><strong>mundi</strong></span> <span class='ocrx_word' id='word_1_117' title='bbox 1771 1527 1845 1580; x_wconf 89' lang='lat' dir='ltr'><strong>si-</strong></span> 
     </span>
    </p>
   </div>
   <div class='ocr_carea' id='block_1_17' title="bbox 243 1609 1843 1676">
    <p class='ocr_par' dir='ltr' id='par_1_17' title="bbox 243 1609 1843 1676">
     <span class='ocr_line' id='line_1_17' title="bbox 243 1609 1843 1676; baseline 0.007 -14"><span class='ocrx_word' id='word_1_118' title='bbox 243 1609 364 1665; x_wconf 91' lang='lat' dir='ltr'><strong>lere</strong></span> <span class='ocrx_word' id='word_1_119' title='bbox 397 1613 733 1676; x_wconf 89' lang='lat' dir='ltr'><strong>voluissent,</strong></span> <span class='ocrx_word' id='word_1_120' title='bbox 770 1630 952 1670; x_wconf 89' lang='lat' dir='ltr'><strong>nonne</strong></span> <span class='ocrx_word' id='word_1_121' title='bbox 984 1617 1242 1672; x_wconf 92' lang='lat' dir='ltr'><strong>omnibus</strong></span> <span class='ocrx_word' id='word_1_122' title='bbox 1276 1617 1612 1673; x_wconf 90' lang='lat' dir='ltr'><strong>intellectum</strong></span> <span class='ocrx_word' id='word_1_123' title='bbox 1638 1618 1843 1673; x_wconf 89' lang='lat' dir='ltr'><strong>haben-</strong></span> 
     </span>
    </p>
   </div>
   <div class='ocr_carea' id='block_1_18' title="bbox 244 1701 1841 1776">
    <p class='ocr_par' dir='ltr' id='par_1_18' title="bbox 244 1701 1841 1776">
     <span class='ocr_line' id='line_1_18' title="bbox 244 1701 1841 1776; baseline 0.006 -21"><span class='ocrx_word' id='word_1_124' title='bbox 244 1701 404 1757; x_wconf 86' lang='lat' dir='ltr'><strong>tibus</strong></span> <span class='ocrx_word' id='word_1_125' title='bbox 461 1704 641 1773; x_wconf 87' lang='lat' dir='ltr'><strong>palam</strong></span> <span class='ocrx_word' id='word_1_126' title='bbox 703 1705 1050 1772; x_wconf 82' lang='lat' dir='ltr'><strong>esset?Quis</strong></span> <span class='ocrx_word' id='word_1_127' title='bbox 1081 1708 1228 1762; x_wconf 92' lang='lat' dir='ltr'><strong>enim</strong></span> <span class='ocrx_word' id='word_1_128' title='bbox 1284 1716 1370 1764; x_wconf 89' lang='lat' dir='ltr'><strong>est</strong></span> <span class='ocrx_word' id='word_1_129' title='bbox 1427 1709 1609 1776; x_wconf 77' lang='lat' dir='ltr'><strong>exigui</strong></span> <span class='ocrx_word' id='word_1_130' title='bbox 1647 1710 1841 1764; x_wconf 88' lang='lat' dir='ltr'><strong>saltem</strong></span> 
     </span>
    </p>
   </div>
   <div class='ocr_carea' id='block_1_19' title="bbox 1961 503 3534 581">
    <p class='ocr_par' dir='ltr' id='par_1_19' title="bbox 1961 503 3534 581">
     <span class='ocr_line' id='line_1_19' title="bbox 1961 503 3534 581; baseline 0.005 -22"><span class='ocrx_word' id='word_1_131' title='bbox 1961 511 2112 567; x_wconf 91' lang='lat' dir='ltr'><strong>sunt,</strong></span> <span class='ocrx_word' id='word_1_132' title='bbox 2139 503 2346 558; x_wconf 89' lang='lat' dir='ltr'><strong>incerta</strong></span> <span class='ocrx_word' id='word_1_133' title='bbox 2373 503 2622 557; x_wconf 90' lang='lat' dir='ltr'><strong>videatur</strong></span> <span class='ocrx_word' id='word_1_134' title='bbox 2645 506 2898 567; x_wconf 73' lang='lat' dir='ltr'><strong>assertio,</strong></span> <span class='ocrx_word' id='word_1_135' title='bbox 2926 503 2994 557; x_wconf 91' lang='lat' dir='ltr'><strong>ad</strong></span> <span class='ocrx_word' id='word_1_136' title='bbox 3023 519 3085 559; x_wconf 91' lang='lat' dir='ltr'><strong>ea</strong></span> <span class='ocrx_word' id='word_1_137' title='bbox 3107 507 3391 564; x_wconf 84' lang='lat' dir='ltr'><strong>veniamus</strong></span> <span class='ocrx_word' id='word_1_138' title='bbox 3411 526 3534 581; x_wconf 70' lang='lat' dir='ltr'><strong>qua:</strong></span> 
     </span>
    </p>
   </div>
   <div class='ocr_carea' id='block_1_20' title="bbox 1959 594 3535 661">
    <p class='ocr_par' dir='ltr' id='par_1_20' title="bbox 1959 594 3535 661">
     <span class='ocr_line' id='line_1_20' title="bbox 1959 594 3535 661; baseline 0.006 -12"><span class='ocrx_word' id='word_1_139' title='bbox 1959 596 2230 650; x_wconf 87' lang='lat' dir='ltr'><strong>neminem</strong></span> <span class='ocrx_word' id='word_1_140' title='bbox 2264 596 2456 650; x_wconf 88' lang='lat' dir='ltr'><strong>latent.</strong></span> <span class='ocrx_word' id='word_1_141' title='bbox 2483 594 2618 661; x_wconf 85' lang='lat' dir='ltr'><strong>Quis</strong></span> <span class='ocrx_word' id='word_1_142' title='bbox 2636 605 2904 650; x_wconf 83' lang='lat' dir='ltr'><strong>astrorum</strong></span> <span class='ocrx_word' id='word_1_143' title='bbox 2923 611 3122 651; x_wconf 88' lang='lat' dir='ltr'><strong>cursus</strong></span> <span class='ocrx_word' id='word_1_144' title='bbox 3145 605 3293 653; x_wconf 88' lang='lat' dir='ltr'><strong>tanta</strong></span> <span class='ocrx_word' id='word_1_145' title='bbox 3319 602 3535 659; x_wconf 87' lang='lat' dir='ltr'><strong>ratione</strong></span> 
     </span>
    </p>
   </div>
   <div class='ocr_carea' id='block_1_21' title="bbox 1958 687 3533 758">
    <p class='ocr_par' dir='ltr' id='par_1_21' title="bbox 1958 687 3533 758">
     <span class='ocr_line' id='line_1_21' title="bbox 1958 687 3533 758; baseline 0.005 -18"><span class='ocrx_word' id='word_1_146' title='bbox 1958 687 2251 758; x_wconf 88' lang='lat' dir='ltr'><strong>disposuit,</strong></span> <span class='ocrx_word' id='word_1_147' title='bbox 2287 694 2552 758; x_wconf 92' lang='lat' dir='ltr'><strong>ortusque</strong></span> <span class='ocrx_word' id='word_1_148' title='bbox 2574 703 2765 743; x_wconf 92' lang='lat' dir='ltr'><strong>eorum</strong></span> <span class='ocrx_word' id='word_1_149' title='bbox 2796 695 2850 743; x_wconf 91' lang='lat' dir='ltr'><strong>et</strong></span> <span class='ocrx_word' id='word_1_150' title='bbox 2868 704 3103 743; x_wconf 76' lang='lat' dir='ltr'><strong>occasus</strong></span> <span class='ocrx_word' id='word_1_151' title='bbox 3122 689 3379 755; x_wconf 89' lang='lat' dir='ltr'><strong>instituit,</strong></span> <span class='ocrx_word' id='word_1_152' title='bbox 3410 709 3533 748; x_wconf 86' lang='lat' dir='ltr'><strong>eer-</strong></span> 
     </span>
    </p>
   </div>
   <div class='ocr_carea' id='block_1_22' title="bbox 1957 779 3533 852">
    <p class='ocr_par' dir='ltr' id='par_1_22' title="bbox 1957 779 3533 852">
     <span class='ocr_line' id='line_1_22' title="bbox 1957 779 3533 852; baseline 0.005 -20"><span class='ocrx_word' id='word_1_153' title='bbox 1957 779 2136 850; x_wconf 88' lang='lat' dir='ltr'><strong>tisque</strong></span> <span class='ocrx_word' id='word_1_154' title='bbox 2182 786 2237 835; x_wconf 87' lang='lat' dir='ltr'><strong>et</strong></span> <span class='ocrx_word' id='word_1_155' title='bbox 2293 779 2570 836; x_wconf 90' lang='lat' dir='ltr'><strong>demensis</strong></span> <span class='ocrx_word' id='word_1_156' title='bbox 2614 779 2953 849; x_wconf 89' lang='lat' dir='ltr'><strong>temporibus</strong></span> <span class='ocrx_word' id='word_1_157' title='bbox 2999 780 3297 852; x_wconf 90' lang='lat' dir='ltr'><strong>unicuique</strong></span> <span class='ocrx_word' id='word_1_158' title='bbox 3347 792 3533 840; x_wconf 86' lang='lat' dir='ltr'><strong>tenere</strong></span> 
     </span>
    </p>
   </div>
   <div class='ocr_carea' id='block_1_23' title="bbox 1956 871 3534 946">
    <p class='ocr_par' dir='ltr' id='par_1_23' title="bbox 1956 871 3534 946">
     <span class='ocr_line' id='line_1_23' title="bbox 1956 871 3534 946; baseline 0.003 -19"><span class='ocrx_word' id='word_1_159' title='bbox 1956 874 2081 927; x_wconf 64' lang='lat' dir='ltr'><strong>caeli</strong></span> <span class='ocrx_word' id='word_1_160' title='bbox 2113 873 2378 928; x_wconf 82' lang='lat' dir='ltr'><strong>ambitum</strong></span> <span class='ocrx_word' id='word_1_161' title='bbox 2411 871 2600 928; x_wconf 85' lang='lat' dir='ltr'><strong>dedit?</strong></span> <span class='ocrx_word' id='word_1_162' title='bbox 2629 873 2765 939; x_wconf 83' lang='lat' dir='ltr'><strong>Quis</strong></span> <span class='ocrx_word' id='word_1_163' title='bbox 2787 872 2853 927; x_wconf 91' lang='lat' dir='ltr'><strong>ad</strong></span> <span class='ocrx_word' id='word_1_164' title='bbox 2880 889 3136 929; x_wconf 88' lang='lat' dir='ltr'><strong>occasum</strong></span> <span class='ocrx_word' id='word_1_165' title='bbox 3167 875 3289 930; x_wconf 90' lang='lat' dir='ltr'><strong>aliis</strong></span> <span class='ocrx_word' id='word_1_166' title='bbox 3318 891 3534 946; x_wconf 86' lang='lat' dir='ltr'><strong>semper</strong></span> 
     </span>
    </p>
   </div>
   <div class='ocr_carea' id='block_1_24' title="bbox 1955 965 3531 1036">
    <p class='ocr_par' dir='ltr' id='par_1_24' title="bbox 1955 965 3531 1036">
     <span class='ocr_line' id='line_1_24' title="bbox 1955 965 3531 1036; baseline 0.003 -18"><span class='ocrx_word' id='word_1_167' title='bbox 1955 966 2198 1028; x_wconf 89' lang='lat' dir='ltr'><strong>tendere,</strong></span> <span class='ocrx_word' id='word_1_168' title='bbox 2231 965 2356 1019; x_wconf 91' lang='lat' dir='ltr'><strong>aliis</strong></span> <span class='ocrx_word' id='word_1_169' title='bbox 2388 966 2553 1019; x_wconf 90' lang='lat' dir='ltr'><strong>etiam</strong></span> <span class='ocrx_word' id='word_1_170' title='bbox 2582 965 2760 1020; x_wconf 83' lang='lat' dir='ltr'><strong>redire</strong></span> <span class='ocrx_word' id='word_1_171' title='bbox 2788 965 2841 1019; x_wconf 91' lang='lat' dir='ltr'><strong>in</strong></span> <span class='ocrx_word' id='word_1_172' title='bbox 2874 974 3055 1020; x_wconf 91' lang='lat' dir='ltr'><strong>ortum</strong></span> <span class='ocrx_word' id='word_1_173' title='bbox 3081 967 3365 1036; x_wconf 80' lang='lat' dir='ltr'><strong>permisit?</strong></span> <span class='ocrx_word' id='word_1_174' title='bbox 3395 966 3531 1033; x_wconf 86' lang='lat' dir='ltr'><strong>Quis</strong></span> 
     </span>
    </p>
   </div>
   <div class='ocr_carea' id='block_1_25' title="bbox 1953 1054 3532 1125">
    <p class='ocr_par' dir='ltr' id='par_1_25' title="bbox 1953 1054 3532 1125">
     <span class='ocr_line' id='line_1_25' title="bbox 1953 1054 3532 1125; baseline 0.002 -18"><span class='ocrx_word' id='word_1_175' title='bbox 1953 1054 2216 1125; x_wconf 88' lang='lat' dir='ltr'><strong>imposuit</strong></span> <span class='ocrx_word' id='word_1_176' title='bbox 2243 1054 2463 1108; x_wconf 90' lang='lat' dir='ltr'><strong>modum</strong></span> <span class='ocrx_word' id='word_1_177' title='bbox 2497 1055 2755 1109; x_wconf 85' lang='lat' dir='ltr'><strong>cursibus</strong></span> <span class='ocrx_word' id='word_1_178' title='bbox 2784 1055 2939 1118; x_wconf 89' lang='lat' dir='ltr'><strong>solis,</strong></span> <span class='ocrx_word' id='word_1_179' title='bbox 2966 1063 3026 1109; x_wconf 94' lang='lat' dir='ltr'><strong>ut</strong></span> <span class='ocrx_word' id='word_1_180' title='bbox 3055 1056 3220 1110; x_wconf 88' lang='lat' dir='ltr'><strong>horas</strong></span> <span class='ocrx_word' id='word_1_181' title='bbox 3243 1063 3300 1112; x_wconf 89' lang='lat' dir='ltr'><strong>et</strong></span> <span class='ocrx_word' id='word_1_182' title='bbox 3327 1056 3447 1112; x_wconf 91' lang='lat' dir='ltr'><strong>dies</strong></span> <span class='ocrx_word' id='word_1_183' title='bbox 3475 1064 3532 1112; x_wconf 92' lang='lat' dir='ltr'><strong>et</strong></span> 
     </span>
    </p>
   </div>
   <div class='ocr_carea' id='block_1_26' title="bbox 1951 1147 3530 1215">
    <p class='ocr_par' dir='ltr' id='par_1_26' title="bbox 1951 1147 3530 1215">
     <span class='ocr_line' id='line_1_26' title="bbox 1951 1147 3530 1215; baseline 0.001 -14"><span class='ocrx_word' id='word_1_184' title='bbox 1951 1162 2170 1202; x_wconf 92' lang='lat' dir='ltr'><strong>menses</strong></span> <span class='ocrx_word' id='word_1_185' title='bbox 2197 1154 2253 1201; x_wconf 91' lang='lat' dir='ltr'><strong>et</strong></span> <span class='ocrx_word' id='word_1_186' title='bbox 2288 1154 2596 1215; x_wconf 88' lang='lat' dir='ltr'><strong>temporum</strong></span> <span class='ocrx_word' id='word_1_187' title='bbox 2624 1147 3034 1203; x_wconf 79' lang='lat' dir='ltr'><strong>vicissitudines</strong></span> <span class='ocrx_word' id='word_1_188' title='bbox 3080 1148 3318 1204; x_wconf 81' lang='lat' dir='ltr'><strong>diversis</strong></span> <span class='ocrx_word' id='word_1_189' title='bbox 3363 1150 3530 1204; x_wconf 85' lang='lat' dir='ltr'><strong>moti—</strong></span> 
     </span>
    </p>
   </div>
   <div class='ocr_carea' id='block_1_27' title="bbox 1951 1237 3527 1309">
    <p class='ocr_par' dir='ltr' id='par_1_27' title="bbox 1951 1237 3527 1309">
     <span class='ocr_line' id='line_1_27' title="bbox 1951 1237 3527 1309; baseline 0.002 -17"><span class='ocrx_word' id='word_1_190' title='bbox 1951 1237 2054 1293; x_wconf 91' lang='lat' dir='ltr'><strong>bus</strong></span> <span class='ocrx_word' id='word_1_191' title='bbox 2084 1238 2296 1309; x_wconf 83' lang='lat' dir='ltr'><strong>signet,</strong></span> <span class='ocrx_word' id='word_1_192' title='bbox 2328 1245 2381 1292; x_wconf 92' lang='lat' dir='ltr'><strong>et</strong></span> <span class='ocrx_word' id='word_1_193' title='bbox 2412 1252 2580 1290; x_wconf 90' lang='lat' dir='ltr'><strong>nunc.</strong></span> <span class='ocrx_word' id='word_1_194' title='bbox 2602 1237 2835 1291; x_wconf 88' lang='lat' dir='ltr'><strong>hiemem</strong></span> <span class='ocrx_word' id='word_1_195' title='bbox 2861 1275 2875 1301; x_wconf 90' lang='lat'><strong>,</strong></span> <span class='ocrx_word' id='word_1_196' title='bbox 2926 1237 3054 1293; x_wconf 89' lang='lat' dir='ltr'><strong>inde</strong></span> <span class='ocrx_word' id='word_1_197' title='bbox 3095 1256 3212 1305; x_wconf 88' lang='lat' dir='ltr'><strong>ver,</strong></span> <span class='ocrx_word' id='word_1_198' title='bbox 3248 1248 3488 1295; x_wconf 61' lang='lat' dir='ltr'><strong>aestatem</strong></span> <span class='ocrx_word' id='word_1_199' title='bbox 3510 1281 3527 1306; x_wconf 95' lang='lat'><strong>,</strong></span> 
     </span>
    </p>
   </div>
   <div class='ocr_carea' id='block_1_28' title="bbox 1951 1327 3533 1398">
    <p class='ocr_par' dir='ltr' id='par_1_28' title="bbox 1951 1327 3533 1398">
     <span class='ocr_line' id='line_1_28' title="bbox 1951 1327 3533 1398; baseline 0.002 -16"><span class='ocrx_word' id='word_1_200' title='bbox 1951 1335 2072 1398; x_wconf 88' lang='lat' dir='ltr'><strong>post</strong></span> <span class='ocrx_word' id='word_1_201' title='bbox 2098 1337 2151 1382; x_wconf 90' lang='lat' dir='ltr'><strong>et</strong></span> <span class='ocrx_word' id='word_1_202' title='bbox 2175 1335 2496 1382; x_wconf 88' lang='lat' dir='ltr'><strong>autumnum</strong></span> <span class='ocrx_word' id='word_1_203' title='bbox 2519 1333 2668 1381; x_wconf 91' lang='lat' dir='ltr'><strong>certa</strong></span> <span class='ocrx_word' id='word_1_204' title='bbox 2692 1341 2893 1382; x_wconf 86' lang='lat' dir='ltr'><strong>cursus</strong></span> <span class='ocrx_word' id='word_1_205' title='bbox 2923 1327 3009 1382; x_wconf 92' lang='lat' dir='ltr'><strong>sui</strong></span> <span class='ocrx_word' id='word_1_206' title='bbox 3040 1328 3384 1385; x_wconf 89' lang='lat' dir='ltr'><strong>dimensione</strong></span> <span class='ocrx_word' id='word_1_207' title='bbox 3414 1329 3533 1385; x_wconf 87' lang='lat' dir='ltr'><strong>dis-</strong></span> 
     </span>
    </p>
   </div>
   <div class='ocr_carea' id='block_1_29' title="bbox 1949 1419 3529 1490">
    <p class='ocr_par' dir='ltr' id='par_1_29' title="bbox 1949 1419 3529 1490">
     <span class='ocr_line' id='line_1_29' title="bbox 1949 1419 3529 1490; baseline 0.003 -16"><span class='ocrx_word' id='word_1_208' title='bbox 1949 1427 2175 1483; x_wconf 89' lang='lat' dir='ltr'><strong>cernat,</strong></span> <span class='ocrx_word' id='word_1_209' title='bbox 2259 1427 2313 1474; x_wconf 91' lang='lat' dir='ltr'><strong>et</strong></span> <span class='ocrx_word' id='word_1_210' title='bbox 2362 1434 2580 1490; x_wconf 87' lang='lat' dir='ltr'><strong>semper</strong></span> <span class='ocrx_word' id='word_1_211' title='bbox 2632 1419 2838 1475; x_wconf 91' lang='lat' dir='ltr'><strong>eisdem</strong></span> <span class='ocrx_word' id='word_1_212' title='bbox 2908 1421 3120 1476; x_wconf 75' lang='lat' dir='ltr'><strong>vicibus</strong></span> <span class='ocrx_word' id='word_1_213' title='bbox 3167 1423 3297 1476; x_wconf 91' lang='lat' dir='ltr'><strong>anni</strong></span> <span class='ocrx_word' id='word_1_214' title='bbox 3340 1424 3529 1478; x_wconf 83' lang='lat' dir='ltr'><strong>orbem</strong></span> 
     </span>
    </p>
   </div>
   <div class='ocr_carea' id='block_1_30' title="bbox 1949 1512 3526 1586">
    <p class='ocr_par' dir='ltr' id='par_1_30' title="bbox 1949 1512 3526 1586">
     <span class='ocr_line' id='line_1_30' title="bbox 1949 1512 3526 1586; baseline 0.001 -20"><span class='ocrx_word' id='word_1_215' title='bbox 1949 1512 2238 1567; x_wconf 82' lang='lat' dir='ltr'><strong>inconfusa</strong></span> <span class='ocrx_word' id='word_1_216' title='bbox 2285 1513 2552 1567; x_wconf 83' lang='lat' dir='ltr'><strong>varietate</strong></span> <span class='ocrx_word' id='word_1_217' title='bbox 2599 1512 2992 1585; x_wconf 78' lang='lat' dir='ltr'><strong>constringat?</strong></span> <span class='ocrx_word' id='word_1_218' title='bbox 3047 1513 3215 1580; x_wconf 91' lang='lat' dir='ltr'><strong>Quis,</strong></span> <span class='ocrx_word' id='word_1_219' title='bbox 3273 1516 3526 1586; x_wconf 89' lang='lat' dir='ltr'><strong>inquam,</strong></span> 
     </span>
    </p>
   </div>
   <div class='ocr_carea' id='block_1_31' title="bbox 1948 1603 3530 1676">
    <p class='ocr_par' dir='ltr' id='par_1_31' title="bbox 1948 1603 3530 1676">
     <span class='ocr_line' id='line_1_31' title="bbox 1948 1603 3530 1676; baseline 0.001 -18"><span class='ocrx_word' id='word_1_220' title='bbox 1948 1606 2084 1658; x_wconf 89' lang='lat' dir='ltr'><strong>tanti</strong></span> <span class='ocrx_word' id='word_1_221' title='bbox 2112 1603 2323 1659; x_wconf 88' lang='lat' dir='ltr'><strong>ordinis</strong></span> <span class='ocrx_word' id='word_1_222' title='bbox 2369 1604 2828 1668; x_wconf 86' lang='lat' dir='ltr'><strong>moderatricem,</strong></span> <span class='ocrx_word' id='word_1_223' title='bbox 2881 1621 2991 1659; x_wconf 91' lang='lat' dir='ltr'><strong>non</strong></span> <span class='ocrx_word' id='word_1_224' title='bbox 3038 1605 3216 1675; x_wconf 83' lang='lat' dir='ltr'><strong>ipsam</strong></span> <span class='ocrx_word' id='word_1_225' title='bbox 3261 1605 3354 1660; x_wconf 88' lang='lat' dir='ltr'><strong>Dei</strong></span> <span class='ocrx_word' id='word_1_226' title='bbox 3401 1621 3530 1676; x_wconf 89' lang='lat' dir='ltr'><strong>pro—</strong></span> 
     </span>
    </p>
   </div>
   <div class='ocr_carea' id='block_1_32' title="bbox 1919 1696 3529 1768">
    <p class='ocr_par' dir='ltr' id='par_1_32' title="bbox 1919 1696 3529 1768">
     <span class='ocr_line' id='line_1_32' title="bbox 1919 1696 3529 1768; baseline 0.002 -18"><span class='ocrx_word' id='word_1_227' title='bbox 1919 1741 1922 1743; x_wconf 31' lang='lat'><strong>.</strong></span> <span class='ocrx_word' id='word_1_228' title='bbox 1948 1698 2160 1753; x_wconf 87' lang='lat' dir='ltr'><strong>nuntiet</strong></span> <span class='ocrx_word' id='word_1_229' title='bbox 2190 1698 2562 1768; x_wconf 89' lang='lat' dir='ltr'><strong>sapientiam?</strong></span> <span class='ocrx_word' id='word_1_230' title='bbox 2592 1696 2657 1750; x_wconf 85' lang='lat' dir='ltr'><strong>Et</strong></span> <span class='ocrx_word' id='word_1_231' title='bbox 2686 1698 2800 1752; x_wconf 60' lang='lat' dir='ltr'><strong>haec</strong></span> <span class='ocrx_word' id='word_1_232' title='bbox 2845 1698 3065 1767; x_wconf 88' lang='lat' dir='ltr'><strong>quidem</strong></span> <span class='ocrx_word' id='word_1_233' title='bbox 3101 1699 3402 1753; x_wconf 87' lang='lat' dir='ltr'><strong>secundum</strong></span> <span class='ocrx_word' id='word_1_234' title='bbox 3439 1701 3529 1755; x_wconf 90' lang='lat' dir='ltr'><strong>illa</strong></span> 
     </span>
    </p>
   </div>
   <div class='ocr_carea' id='block_1_33' title="bbox 240 1789 1842 1871">
    <p class='ocr_par' dir='ltr' id='par_1_33' title="bbox 240 1795 1837 1871">
     <span class='ocr_line' id='line_1_33' title="bbox 240 1795 1837 1871; baseline 0.005 -23"><span class='ocrx_word' id='word_1_235' title='bbox 240 1809 457 1850; x_wconf 81' lang='lat' dir='ltr'><strong>sensus</strong></span> <span class='ocrx_word' id='word_1_236' title='bbox 487 1795 679 1860; x_wconf 86' lang='lat' dir='ltr'><strong>homo,</strong></span> <span class='ocrx_word' id='word_1_237' title='bbox 710 1798 802 1867; x_wconf 90' lang='lat' dir='ltr'><strong>qui</strong></span> <span class='ocrx_word' id='word_1_238' title='bbox 851 1813 974 1850; x_wconf 90' lang='lat' dir='ltr'><strong>cum</strong></span> <span class='ocrx_word' id='word_1_239' title='bbox 1005 1806 1195 1853; x_wconf 86' lang='lat' dir='ltr'><strong>cernat</strong></span> <span class='ocrx_word' id='word_1_240' title='bbox 1224 1799 1446 1854; x_wconf 91' lang='lat' dir='ltr'><strong>domum</strong></span> <span class='ocrx_word' id='word_1_241' title='bbox 1490 1801 1673 1855; x_wconf 89' lang='lat' dir='ltr'><strong>omnia</strong></span> <span class='ocrx_word' id='word_1_242' title='bbox 1717 1817 1837 1871; x_wconf 73' lang='lat' dir='ltr'><strong>qua:</strong></span> 
     </span>
    </p>
   </div>
   <div class='ocr_carea' id='block_1_34' title="bbox 1945 1789 3532 1871">
    <p class='ocr_par' dir='ltr' id='par_1_34' title="bbox 1945 1789 3532 1861">
     <span class='ocr_line' id='line_1_34' title="bbox 1945 1789 3532 1861; baseline 0.001 -16"><span class='ocrx_word' id='word_1_243' title='bbox 1945 1791 2099 1845; x_wconf 88' lang='lat' dir='ltr'><strong>nobis</strong></span> <span class='ocrx_word' id='word_1_244' title='bbox 2129 1790 2276 1844; x_wconf 86' lang='lat' dir='ltr'><strong>dicta</strong></span> <span class='ocrx_word' id='word_1_245' title='bbox 2304 1790 2440 1852; x_wconf 89' lang='lat' dir='ltr'><strong>sint,</strong></span> <span class='ocrx_word' id='word_1_246' title='bbox 2463 1805 2584 1860; x_wconf 72' lang='lat' dir='ltr'><strong>qua:</strong></span> <span class='ocrx_word' id='word_1_247' title='bbox 2613 1789 2680 1845; x_wconf 91' lang='lat' dir='ltr'><strong>de</strong></span> <span class='ocrx_word' id='word_1_248' title='bbox 2706 1790 3048 1845; x_wconf 84' lang='lat' dir='ltr'><strong>excelsorum</strong></span> <span class='ocrx_word' id='word_1_249' title='bbox 3078 1790 3386 1861; x_wconf 89' lang='lat' dir='ltr'><strong>disciplinis</strong></span> <span class='ocrx_word' id='word_1_250' title='bbox 3415 1800 3532 1847; x_wconf 89' lang='lat' dir='ltr'><strong>tra-</strong></span> 
     </span>
    </p>
   </div>
   <div class='ocr_carea' id='block_1_35' title="bbox 240 1884 1842 1959">
    <p class='ocr_par' dir='ltr' id='par_1_35' title="bbox 240 1884 1842 1959">
     <span class='ocr_line' id='line_1_35' title="bbox 240 1884 1842 1959; baseline 0.003 -21"><span class='ocrx_word' id='word_1_251' title='bbox 240 1884 313 1939; x_wconf 85' lang='lat' dir='ltr'><strong>ad</strong></span> <span class='ocrx_word' id='word_1_252' title='bbox 349 1901 497 1942; x_wconf 88' lang='lat' dir='ltr'><strong>usus</strong></span> <span class='ocrx_word' id='word_1_253' title='bbox 521 1888 836 1942; x_wconf 83' lang='lat' dir='ltr'><strong>necessaria</strong></span> <span class='ocrx_word' id='word_1_254' title='bbox 862 1896 992 1944; x_wconf 91' lang='lat' dir='ltr'><strong>sunt</strong></span> <span class='ocrx_word' id='word_1_255' title='bbox 1022 1889 1335 1956; x_wconf 89' lang='lat' dir='ltr'><strong>habentem,</strong></span> <span class='ocrx_word' id='word_1_256' title='bbox 1369 1891 1528 1959; x_wconf 91' lang='lat' dir='ltr'><strong>cujus</strong></span> <span class='ocrx_word' id='word_1_257' title='bbox 1569 1905 1842 1946; x_wconf 88' lang='lat' dir='ltr'><strong>cameram</strong></span> 
     </span>
    </p>
   </div>
   <div class='ocr_carea' id='block_1_36' title="bbox 239 1972 1844 2051">
    <p class='ocr_par' dir='ltr' id='par_1_36' title="bbox 239 1972 1844 2051">
     <span class='ocr_line' id='line_1_36' title="bbox 239 1972 1844 2051; baseline 0.006 -25"><span class='ocrx_word' id='word_1_258' title='bbox 239 1972 300 2026; x_wconf 88' lang='lat' dir='ltr'><strong>in</strong></span> <span class='ocrx_word' id='word_1_259' title='bbox 332 1975 574 2044; x_wconf 68' lang='lat' dir='ltr'><strong>sphaerae</strong></span> <span class='ocrx_word' id='word_1_260' title='bbox 593 1992 780 2047; x_wconf 78' lang='lat' dir='ltr'><strong>gyrum</strong></span> <span class='ocrx_word' id='word_1_261' title='bbox 805 1980 990 2035; x_wconf 86' lang='lat' dir='ltr'><strong>videat</strong></span> <span class='ocrx_word' id='word_1_262' title='bbox 1045 1981 1355 2048; x_wconf 87' lang='lat' dir='ltr'><strong>collectam,</strong></span> <span class='ocrx_word' id='word_1_263' title='bbox 1413 1997 1644 2051; x_wconf 89' lang='lat' dir='ltr'><strong>eamque</strong></span> <span class='ocrx_word' id='word_1_264' title='bbox 1691 1982 1844 2036; x_wconf 89' lang='lat' dir='ltr'><strong>vario</strong></span> 
     </span>
    </p>
   </div>
   <div class='ocr_carea' id='block_1_37' title="bbox 237 2063 1843 2143">
    <p class='ocr_par' dir='ltr' id='par_1_37' title="bbox 237 2063 1843 2143">
     <span class='ocr_line' id='line_1_37' title="bbox 237 2063 1843 2143; baseline 0.006 -27"><span class='ocrx_word' id='word_1_265' title='bbox 237 2063 554 2133; x_wconf 88' lang='lat' dir='ltr'><strong>splendore</strong></span> <span class='ocrx_word' id='word_1_266' title='bbox 585 2075 640 2122; x_wconf 92' lang='lat' dir='ltr'><strong>et</strong></span> <span class='ocrx_word' id='word_1_267' title='bbox 668 2068 901 2127; x_wconf 88' lang='lat' dir='ltr'><strong>diversis</strong></span> <span class='ocrx_word' id='word_1_268' title='bbox 928 2071 1258 2143; x_wconf 88' lang='lat' dir='ltr'><strong>imaginibus</strong></span> <span class='ocrx_word' id='word_1_269' title='bbox 1275 2071 1571 2142; x_wconf 90' lang='lat' dir='ltr'><strong>depictam,</strong></span> <span class='ocrx_word' id='word_1_270' title='bbox 1605 2073 1843 2126; x_wconf 89' lang='lat' dir='ltr'><strong>lumina-</strong></span> 
     </span>
    </p>
   </div>
   <div class='ocr_carea' id='block_1_38' title="bbox 240 2154 1845 2234">
    <p class='ocr_par' dir='ltr' id='par_1_38' title="bbox 240 2154 1845 2234">
     <span class='ocr_line' id='line_1_38' title="bbox 240 2154 1845 2234; baseline 0.01 -27"><span class='ocrx_word' id='word_1_271' title='bbox 240 2154 407 2211; x_wconf 90' lang='lat' dir='ltr'><strong>ribus</strong></span> <span class='ocrx_word' id='word_1_272' title='bbox 442 2158 740 2229; x_wconf 65' lang='lat' dir='ltr'><strong>praecipuis</strong></span> <span class='ocrx_word' id='word_1_273' title='bbox 785 2170 839 2217; x_wconf 90' lang='lat' dir='ltr'><strong>et</strong></span> <span class='ocrx_word' id='word_1_274' title='bbox 871 2164 1125 2218; x_wconf 80' lang='lat' dir='ltr'><strong>maximis</strong></span> <span class='ocrx_word' id='word_1_275' title='bbox 1158 2164 1520 2231; x_wconf 89' lang='lat' dir='ltr'><strong>adornatam;</strong></span> <span class='ocrx_word' id='word_1_276' title='bbox 1561 2163 1709 2234; x_wconf 89' lang='lat' dir='ltr'><strong>quis,</strong></span> <span class='ocrx_word' id='word_1_277' title='bbox 1758 2165 1845 2219; x_wconf 87' lang='lat' dir='ltr'><strong>iu-</strong></span> 
     </span>
    </p>
   </div>
   <div class='ocr_carea' id='block_1_39' title="bbox 237 2256 1840 2327">
    <p class='ocr_par' dir='ltr' id='par_1_39' title="bbox 237 2256 1840 2327">
     <span class='ocr_line' id='line_1_39' title="bbox 237 2256 1840 2327; baseline 0.007 -26"><span class='ocrx_word' id='word_1_278' title='bbox 237 2265 440 2319; x_wconf 89' lang='lat' dir='ltr'><strong>quam,</strong></span> <span class='ocrx_word' id='word_1_279' title='bbox 500 2260 607 2315; x_wconf 93' lang='lat' dir='ltr'><strong>est,</strong></span> <span class='ocrx_word' id='word_1_280' title='bbox 665 2256 761 2326; x_wconf 91' lang='lat' dir='ltr'><strong>qui</strong></span> <span class='ocrx_word' id='word_1_281' title='bbox 813 2257 1130 2327; x_wconf 87' lang='lat' dir='ltr'><strong>hujusmodi</strong></span> <span class='ocrx_word' id='word_1_282' title='bbox 1158 2257 1422 2313; x_wconf 75' lang='lat' dir='ltr'><strong>fabricam</strong></span> <span class='ocrx_word' id='word_1_283' title='bbox 1472 2258 1683 2324; x_wconf 90' lang='lat' dir='ltr'><strong>videns,</strong></span> <span class='ocrx_word' id='word_1_284' title='bbox 1732 2275 1840 2313; x_wconf 93' lang='lat' dir='ltr'><strong>non</strong></span> 
     </span>
    </p>
   </div>
   <div class='ocr_carea' id='block_1_40' title="bbox 238 2342 1843 2440">
    <p class='ocr_par' dir='ltr' id='par_1_40' title="bbox 238 2342 1843 2440">
     <span class='ocr_line' id='line_1_40' title="bbox 238 2342 1843 2440; baseline 0.007 -46"><span class='ocrx_word' id='word_1_285' title='bbox 238 2342 434 2440; x_wconf 60' lang='lat' dir='ltr'><strong>statim</strong></span> <span class='ocrx_word' id='word_1_286' title='bbox 478 2348 795 2440; x_wconf 78' lang='lat' dir='ltr'><strong>pronuntiet</strong></span> <span class='ocrx_word' id='word_1_287' title='bbox 842 2364 872 2402; x_wconf 91' lang='lat' dir='ltr'><strong>a</strong></span> <span class='ocrx_word' id='word_1_288' title='bbox 910 2351 1320 2419; x_wconf 88' lang='lat' dir='ltr'><strong>sapientissimo</strong></span> <span class='ocrx_word' id='word_1_289' title='bbox 1351 2359 1405 2406; x_wconf 93' lang='lat' dir='ltr'><strong>et</strong></span> <span class='ocrx_word' id='word_1_290' title='bbox 1455 2351 1843 2422; x_wconf 85' lang='lat' dir='ltr'><strong>potentissimo</strong></span> 
     </span>
    </p>
   </div>
   <div class='ocr_carea' id='block_1_41' title="bbox 238 2432 1842 2515">
    <p class='ocr_par' dir='ltr' id='par_1_41' title="bbox 238 2432 1842 2515">
     <span class='ocr_line' id='line_1_41' title="bbox 238 2432 1842 2515; baseline 0.011 -32"><span class='ocrx_word' id='word_1_291' title='bbox 238 2432 489 2493; x_wconf 71' lang='lat' dir='ltr'><strong>artiﬁce</strong></span> <span class='ocrx_word' id='word_1_292' title='bbox 513 2441 928 2494; x_wconf 86' lang='lat' dir='ltr'><strong>constructam?</strong></span> <span class='ocrx_word' id='word_1_293' title='bbox 958 2441 1023 2495; x_wconf 86' lang='lat' dir='ltr'><strong>Et</strong></span> <span class='ocrx_word' id='word_1_294' title='bbox 1073 2442 1148 2497; x_wconf 92' lang='lat' dir='ltr'><strong>ita</strong></span> <span class='ocrx_word' id='word_1_295' title='bbox 1176 2444 1302 2515; x_wconf 91' lang='lat' dir='ltr'><strong>quis</strong></span> <span class='ocrx_word' id='word_1_296' title='bbox 1358 2445 1668 2500; x_wconf 89' lang='lat' dir='ltr'><strong>invenietur</strong></span> <span class='ocrx_word' id='word_1_297' title='bbox 1705 2447 1842 2502; x_wconf 91' lang='lat' dir='ltr'><strong>insi-</strong></span> 
     </span>
    </p>
   </div>
   <div class='ocr_carea' id='block_1_42' title="bbox 240 2528 1841 2606">
    <p class='ocr_par' dir='ltr' id='par_1_42' title="bbox 240 2528 1841 2606">
     <span class='ocr_line' id='line_1_42' title="bbox 240 2528 1841 2606; baseline 0.009 -25"><span class='ocrx_word' id='word_1_298' title='bbox 240 2528 449 2606; x_wconf 48' lang='lat' dir='ltr'><strong>piens,‘</strong></span> <span class='ocrx_word' id='word_1_299' title='bbox 473 2539 534 2585; x_wconf 91' lang='lat' dir='ltr'><strong>ut</strong></span> <span class='ocrx_word' id='word_1_300' title='bbox 565 2547 689 2586; x_wconf 91' lang='lat' dir='ltr'><strong>cum</strong></span> <span class='ocrx_word' id='word_1_301' title='bbox 715 2533 841 2587; x_wconf 61' lang='lat' dir='ltr'><strong>caeli</strong></span> <span class='ocrx_word' id='word_1_302' title='bbox 861 2549 1001 2603; x_wconf 82' lang='lat' dir='ltr'><strong>opus</strong></span> <span class='ocrx_word' id='word_1_303' title='bbox 1034 2534 1315 2605; x_wconf 88' lang='lat' dir='ltr'><strong>inspiciat,</strong></span> <span class='ocrx_word' id='word_1_304' title='bbox 1337 2537 1684 2606; x_wconf 89' lang='lat' dir='ltr'><strong>splendorem</strong></span> <span class='ocrx_word' id='word_1_305' title='bbox 1709 2541 1841 2596; x_wconf 88' lang='lat' dir='ltr'><strong>solis</strong></span> 
     </span>
    </p>
   </div>
   <div class='ocr_carea' id='block_1_43' title="bbox 239 2595 1842 2693">
    <p class='ocr_par' dir='ltr' id='par_1_43' title="bbox 239 2595 1842 2693">
     <span class='ocr_line' id='line_1_43' title="bbox 239 2595 1842 2693; baseline 0.006 -21"><span class='ocrx_word' id='word_1_306' title='bbox 239 2595 450 2674; x_wconf 64' lang='grc' dir='ltr'><strong>εει-ιω(</strong></span> <span class='ocrx_word' id='word_1_307' title='bbox 473 2636 536 2675; x_wconf 92' lang='lat' dir='ltr'><strong>ac</strong></span> <span class='ocrx_word' id='word_1_308' title='bbox 567 2622 730 2686; x_wconf 66' lang='lat' dir='ltr'><strong>lunae,</strong></span> <span class='ocrx_word' id='word_1_309' title='bbox 767 2631 1046 2678; x_wconf 88' lang='lat' dir='ltr'><strong>astrorum</strong></span> <span class='ocrx_word' id='word_1_310' title='bbox 1078 2640 1277 2679; x_wconf 88' lang='lat' dir='ltr'><strong>cursus</strong></span> <span class='ocrx_word' id='word_1_311' title='bbox 1309 2632 1362 2679; x_wconf 90' lang='lat' dir='ltr'><strong>et</strong></span> <span class='ocrx_word' id='word_1_312' title='bbox 1383 2625 1594 2693; x_wconf 86' lang='lat' dir='ltr'><strong>species</strong></span> <span class='ocrx_word' id='word_1_313' title='bbox 1625 2634 1680 2680; x_wconf 90' lang='lat' dir='ltr'><strong>et</strong></span> <span class='ocrx_word' id='word_1_314' title='bbox 1725 2627 1842 2681; x_wconf 90' lang='lat' dir='ltr'><strong>vias</strong></span> 
     </span>
    </p>
   </div>
   <div class='ocr_carea' id='block_1_44' title="bbox 239 2714 1840 2786">
    <p class='ocr_par' dir='ltr' id='par_1_44' title="bbox 239 2714 1840 2786">
     <span class='ocr_line' id='line_1_44' title="bbox 239 2714 1840 2786; baseline 0.002 -18"><span class='ocrx_word' id='word_1_315' title='bbox 239 2714 419 2768; x_wconf 82' lang='lat' dir='ltr'><strong>certis</strong></span> <span class='ocrx_word' id='word_1_316' title='bbox 453 2714 764 2770; x_wconf 89' lang='lat' dir='ltr'><strong>rationibus</strong></span> <span class='ocrx_word' id='word_1_317' title='bbox 782 2723 835 2770; x_wconf 90' lang='lat' dir='ltr'><strong>et</strong></span> <span class='ocrx_word' id='word_1_318' title='bbox 854 2717 1196 2786; x_wconf 91' lang='lat' dir='ltr'><strong>temporibus</strong></span> <span class='ocrx_word' id='word_1_319' title='bbox 1218 2717 1401 2772; x_wconf 88' lang='lat' dir='ltr'><strong>videat</strong></span> <span class='ocrx_word' id='word_1_320' title='bbox 1419 2716 1698 2783; x_wconf 76' lang='lat' dir='ltr'><strong>deﬁnitus,</strong></span> <span class='ocrx_word' id='word_1_321' title='bbox 1732 2734 1840 2773; x_wconf 92' lang='lat' dir='ltr'><strong>non</strong></span> 
     </span>
    </p>
   </div>
   <div class='ocr_carea' id='block_1_45' title="bbox 241 2808 1841 2883">
    <p class='ocr_par' dir='ltr' id='par_1_45' title="bbox 241 2808 1841 2883">
     <span class='ocr_line' id='line_1_45' title="bbox 241 2808 1841 2883; baseline 0.004 -25"><span class='ocrx_word' id='word_1_322' title='bbox 241 2813 359 2861; x_wconf 89' lang='lat' dir='ltr'><strong>tam</strong></span> <span class='ocrx_word' id='word_1_323' title='bbox 397 2821 428 2860; x_wconf 84' lang='lat' dir='ltr'><strong>a</strong></span> <span class='ocrx_word' id='word_1_324' title='bbox 460 2809 706 2877; x_wconf 89' lang='lat' dir='ltr'><strong>sapiente</strong></span> <span class='ocrx_word' id='word_1_325' title='bbox 735 2808 850 2863; x_wconf 75' lang='lat' dir='ltr'><strong>hzec</strong></span> <span class='ocrx_word' id='word_1_326' title='bbox 876 2810 1087 2865; x_wconf 81' lang='lat' dir='ltr'><strong>artiﬁce</strong></span> <span class='ocrx_word' id='word_1_327' title='bbox 1118 2821 1171 2866; x_wconf 89' lang='lat' dir='ltr'><strong>et</strong></span> <span class='ocrx_word' id='word_1_328' title='bbox 1197 2811 1547 2877; x_wconf 90' lang='lat' dir='ltr'><strong>rationabili,</strong></span> <span class='ocrx_word' id='word_1_329' title='bbox 1582 2827 1745 2883; x_wconf 90' lang='lat' dir='ltr'><strong>quam</strong></span> <span class='ocrx_word' id='word_1_330' title='bbox 1773 2811 1841 2865; x_wconf 91' lang='lat' dir='ltr'><strong>ab</strong></span> 
     </span>
    </p>
   </div>
   <div class='ocr_carea' id='block_1_46' title="bbox 242 2897 1490 2970">
    <p class='ocr_par' dir='ltr' id='par_1_46' title="bbox 242 2897 1490 2970">
     <span class='ocr_line' id='line_1_46' title="bbox 242 2897 1490 2970; baseline 0.003 -18"><span class='ocrx_word' id='word_1_331' title='bbox 242 2898 368 2968; x_wconf 88' lang='lat' dir='ltr'><strong>ipsa</strong></span> <span class='ocrx_word' id='word_1_332' title='bbox 393 2900 669 2970; x_wconf 83' lang='lat' dir='ltr'><strong>sapientia</strong></span> <span class='ocrx_word' id='word_1_333' title='bbox 696 2909 750 2956; x_wconf 87' lang='lat' dir='ltr'><strong>et</strong></span> <span class='ocrx_word' id='word_1_334' title='bbox 780 2897 995 2957; x_wconf 80' lang='lat' dir='ltr'><strong>ratiOne</strong></span> <span class='ocrx_word' id='word_1_335' title='bbox 1031 2904 1228 2958; x_wconf 87' lang='lat' dir='ltr'><strong>clamet</strong></span> <span class='ocrx_word' id='word_1_336' title='bbox 1260 2902 1490 2958; x_wconf 66' lang='lat' dir='ltr'><strong>ellecta?</strong></span> 
     </span>
    </p>
   </div>
   <div class='ocr_carea' id='block_1_47' title="bbox 316 2989 1841 3068">
    <p class='ocr_par' dir='ltr' id='par_1_47' title="bbox 316 2989 1841 3068">
     <span class='ocr_line' id='line_1_47' title="bbox 316 2989 1841 3068; baseline 0.005 -25"><span class='ocrx_word' id='word_1_337' title='bbox 316 2989 465 3044; x_wconf 78' lang='lat' dir='ltr'><strong>XXI.</strong></span> <span class='ocrx_word' id='word_1_338' title='bbox 494 2991 650 3059; x_wconf 91' lang='lat' dir='ltr'><strong>Quod</strong></span> <span class='ocrx_word' id='word_1_339' title='bbox 681 3001 734 3048; x_wconf 87' lang='lat' dir='ltr'><strong>et</strong></span> <span class='ocrx_word' id='word_1_340' title='bbox 756 2995 803 3049; x_wconf 90' lang='lat' dir='ltr'><strong>si</strong></span> <span class='ocrx_word' id='word_1_341' title='bbox 833 2996 1134 3050; x_wconf 91' lang='lat' dir='ltr'><strong>secundum</strong></span> <span class='ocrx_word' id='word_1_342' title='bbox 1161 2997 1298 3052; x_wconf 90' lang='lat' dir='ltr'><strong>alios</strong></span> <span class='ocrx_word' id='word_1_343' title='bbox 1320 2995 1634 3052; x_wconf 64' lang='lat' dir='ltr'><strong>Graecorum</strong></span> <span class='ocrx_word' id='word_1_344' title='bbox 1662 2997 1841 3068; x_wconf 74' lang='lat' dir='ltr'><strong>philo~</strong></span> 
     </span>
    </p>
   </div>
   <div class='ocr_carea' id='block_1_48' title="bbox 242 3081 1838 3151">
    <p class='ocr_par' dir='ltr' id='par_1_48' title="bbox 242 3081 1838 3151">
     <span class='ocr_line' id='line_1_48' title="bbox 242 3081 1838 3151; baseline 0.006 -18"><span class='ocrx_word' id='word_1_345' title='bbox 242 3081 456 3151; x_wconf 88' lang='lat' dir='ltr'><strong>sophos</strong></span> <span class='ocrx_word' id='word_1_346' title='bbox 493 3084 686 3137; x_wconf 91' lang='lat' dir='ltr'><strong>audire</strong></span> <span class='ocrx_word' id='word_1_347' title='bbox 714 3084 819 3148; x_wconf 87' lang='lat' dir='ltr'><strong>vis,</strong></span> <span class='ocrx_word' id='word_1_348' title='bbox 851 3092 906 3139; x_wconf 92' lang='lat' dir='ltr'><strong>et</strong></span> <span class='ocrx_word' id='word_1_349' title='bbox 938 3086 1274 3142; x_wconf 85' lang='lat' dir='ltr'><strong>mechanicis</strong></span> <span class='ocrx_word' id='word_1_350' title='bbox 1305 3086 1552 3142; x_wconf 89' lang='lat' dir='ltr'><strong>imbutus</strong></span> <span class='ocrx_word' id='word_1_351' title='bbox 1583 3103 1642 3142; x_wconf 92' lang='lat' dir='ltr'><strong>es</strong></span> <span class='ocrx_word' id='word_1_352' title='bbox 1670 3088 1838 3143; x_wconf 89' lang='lat' dir='ltr'><strong>disci-</strong></span> 
     </span>
    </p>
   </div>
   <div class='ocr_carea' id='block_1_49' title="bbox 243 3174 1838 3246">
    <p class='ocr_par' dir='ltr' id='par_1_49' title="bbox 243 3174 1838 3246">
     <span class='ocr_line' id='line_1_49' title="bbox 243 3174 1838 3246; baseline 0.006 -21"><span class='ocrx_word' id='word_1_353' title='bbox 243 3174 440 3243; x_wconf 85' lang='lat' dir='ltr'><strong>plinis,</strong></span> <span class='ocrx_word' id='word_1_354' title='bbox 473 3174 540 3229; x_wconf 93' lang='lat' dir='ltr'><strong>de</strong></span> <span class='ocrx_word' id='word_1_355' title='bbox 564 3177 796 3230; x_wconf 76' lang='lat' dir='ltr'><strong>excelsis</strong></span> <span class='ocrx_word' id='word_1_356' title='bbox 818 3193 939 3246; x_wconf 74' lang='lat' dir='ltr'><strong>quae</strong></span> <span class='ocrx_word' id='word_1_357' title='bbox 962 3178 1278 3242; x_wconf 87' lang='lat' dir='ltr'><strong>traduntur,</strong></span> <span class='ocrx_word' id='word_1_358' title='bbox 1305 3195 1412 3232; x_wconf 90' lang='lat' dir='ltr'><strong>non</strong></span> <span class='ocrx_word' id='word_1_359' title='bbox 1443 3188 1495 3234; x_wconf 92' lang='lat' dir='ltr'><strong>te</strong></span> <span class='ocrx_word' id='word_1_360' title='bbox 1524 3181 1643 3235; x_wconf 89' lang='lat' dir='ltr'><strong>sine</strong></span> <span class='ocrx_word' id='word_1_361' title='bbox 1671 3181 1838 3236; x_wconf 88' lang='lat' dir='ltr'><strong>dubio</strong></span> 
     </span>
    </p>
   </div>
   <div class='ocr_carea' id='block_1_50' title="bbox 242 3265 1835 3339">
    <p class='ocr_par' dir='ltr' id='par_1_50' title="bbox 242 3265 1835 3339">
     <span class='ocr_line' id='line_1_50' title="bbox 242 3265 1835 3339; baseline 0.006 -22"><span class='ocrx_word' id='word_1_362' title='bbox 242 3265 444 3321; x_wconf 88' lang='lat' dir='ltr'><strong>latent.</strong></span> <span class='ocrx_word' id='word_1_363' title='bbox 483 3265 701 3321; x_wconf 86' lang='lat' dir='ltr'><strong>Ponunt</strong></span> <span class='ocrx_word' id='word_1_364' title='bbox 737 3269 881 3322; x_wconf 87' lang='lat' dir='ltr'><strong>enim</strong></span> <span class='ocrx_word' id='word_1_365' title='bbox 936 3269 1207 3338; x_wconf 66' lang='lat' dir='ltr'><strong>sphaeram</strong></span> <span class='ocrx_word' id='word_1_366' title='bbox 1236 3272 1523 3339; x_wconf 66' lang='lat' dir='ltr'><strong>aequaliter</strong></span> <span class='ocrx_word' id='word_1_367' title='bbox 1569 3287 1635 3326; x_wconf 82' lang='lat' dir='ltr'><strong>ex</strong></span> <span class='ocrx_word' id='word_1_368' title='bbox 1689 3274 1835 3327; x_wconf 90' lang='lat' dir='ltr'><strong>omni</strong></span> 
     </span>
    </p>
   </div>
   <div class='ocr_carea' id='block_1_51' title="bbox 237 3359 1834 3436">
    <p class='ocr_par' dir='ltr' id='par_1_51' title="bbox 237 3359 1834 3436">
     <span class='ocr_line' id='line_1_51' title="bbox 237 3359 1834 3436; baseline 0.007 -26"><span class='ocrx_word' id='word_1_369' title='bbox 237 3366 399 3428; x_wconf 89' lang='lat' dir='ltr'><strong>parte</strong></span> <span class='ocrx_word' id='word_1_370' title='bbox 431 3359 749 3422; x_wconf 72' lang='lat' dir='ltr'><strong>collectam,</strong></span> <span class='ocrx_word' id='word_1_371' title='bbox 769 3367 824 3415; x_wconf 89' lang='lat' dir='ltr'><strong>et</strong></span> <span class='ocrx_word' id='word_1_372' title='bbox 853 3359 918 3414; x_wconf 90' lang='lat' dir='ltr'><strong>ad</strong></span> <span class='ocrx_word' id='word_1_373' title='bbox 943 3360 1126 3414; x_wconf 88' lang='lat' dir='ltr'><strong>omnia</strong></span> <span class='ocrx_word' id='word_1_374' title='bbox 1145 3362 1400 3417; x_wconf 91' lang='lat' dir='ltr'><strong>similiter</strong></span> <span class='ocrx_word' id='word_1_375' title='bbox 1427 3364 1834 3436; x_wconf 89' lang='lat' dir='ltr'><strong>respicientem,</strong></span> 
     </span>
    </p>
   </div>
   <div class='ocr_carea' id='block_1_52' title="bbox 233 3452 1840 3527">
    <p class='ocr_par' dir='ltr' id='par_1_52' title="bbox 233 3452 1840 3527">
     <span class='ocr_line' id='line_1_52' title="bbox 233 3452 1840 3527; baseline 0.006 -27"><span class='ocrx_word' id='word_1_376' title='bbox 233 3454 402 3518; x_wconf 89' lang='lat' dir='ltr'><strong>atque</strong></span> <span class='ocrx_word' id='word_1_377' title='bbox 445 3463 474 3501; x_wconf 91' lang='lat' dir='ltr'><strong>a</strong></span> <span class='ocrx_word' id='word_1_378' title='bbox 498 3458 688 3504; x_wconf 87' lang='lat' dir='ltr'><strong>centro</strong></span> <span class='ocrx_word' id='word_1_379' title='bbox 709 3456 869 3504; x_wconf 70' lang='lat' dir='ltr'><strong>terrae</strong></span> <span class='ocrx_word' id='word_1_380' title='bbox 895 3452 1070 3521; x_wconf 59' lang='lat' dir='ltr'><strong>aquis</strong></span> <span class='ocrx_word' id='word_1_381' title='bbox 1097 3453 1293 3522; x_wconf 89' lang='lat' dir='ltr'><strong>spatiis</strong></span> <span class='ocrx_word' id='word_1_382' title='bbox 1321 3452 1660 3519; x_wconf 90' lang='lat' dir='ltr'><strong>distinctam,</strong></span> <span class='ocrx_word' id='word_1_383' title='bbox 1691 3457 1840 3527; x_wconf 89' lang='lat' dir='ltr'><strong>ipsa-</strong></span> 
     </span>
    </p>
   </div>
   <div class='ocr_carea' id='block_1_53' title="bbox 234 3541 1836 3610">
    <p class='ocr_par' dir='ltr' id='par_1_53' title="bbox 234 3541 1836 3610">
     <span class='ocr_line' id='line_1_53' title="bbox 234 3541 1836 3610; baseline 0.005 -16"><span class='ocrx_word' id='word_1_384' title='bbox 234 3556 344 3610; x_wconf 92' lang='lat' dir='ltr'><strong>que</strong></span> <span class='ocrx_word' id='word_1_385' title='bbox 370 3541 474 3596; x_wconf 83' lang='lat' dir='ltr'><strong>sui</strong></span> <span class='ocrx_word' id='word_1_386' title='bbox 503 3541 814 3610; x_wconf 76' lang='lat' dir='ltr'><strong>zequalitate</strong></span> <span class='ocrx_word' id='word_1_387' title='bbox 856 3542 929 3596; x_wconf 91' lang='lat' dir='ltr'><strong>ita</strong></span> <span class='ocrx_word' id='word_1_388' title='bbox 961 3543 1234 3610; x_wconf 88' lang='lat' dir='ltr'><strong>stabilem,</strong></span> <span class='ocrx_word' id='word_1_389' title='bbox 1271 3555 1329 3599; x_wconf 90' lang='lat' dir='ltr'><strong>ut</strong></span> <span class='ocrx_word' id='word_1_390' title='bbox 1357 3561 1477 3603; x_wconf 90' lang='lat' dir='ltr'><strong>eam</strong></span> <span class='ocrx_word' id='word_1_391' title='bbox 1529 3547 1585 3601; x_wconf 90' lang='lat' dir='ltr'><strong>in</strong></span> <span class='ocrx_word' id='word_1_392' title='bbox 1629 3550 1836 3602; x_wconf 90' lang='lat' dir='ltr'><strong>nullam</strong></span> 
     </span>
    </p>
   </div>
   <div class='ocr_carea' id='block_1_54' title="bbox 234 3634 1837 3712">
    <p class='ocr_par' dir='ltr' id='par_1_54' title="bbox 234 3634 1837 3712">
     <span class='ocr_line' id='line_1_54' title="bbox 234 3634 1837 3712; baseline 0.007 -27"><span class='ocrx_word' id='word_1_393' title='bbox 234 3643 465 3706; x_wconf 84' lang='lat' dir='ltr'><strong>partem</strong></span> <span class='ocrx_word' id='word_1_394' title='bbox 520 3634 796 3689; x_wconf 81' lang='lat' dir='ltr'><strong>declinare</strong></span> <span class='ocrx_word' id='word_1_395' title='bbox 837 3635 1084 3709; x_wconf 89' lang='lat' dir='ltr'><strong>undique</strong></span> <span class='ocrx_word' id='word_1_396' title='bbox 1119 3639 1403 3709; x_wconf 73' lang='lat' dir='ltr'><strong>aequalitas</strong></span> <span class='ocrx_word' id='word_1_397' title='bbox 1450 3640 1682 3695; x_wconf 89' lang='lat' dir='ltr'><strong>collecta</strong></span> <span class='ocrx_word' id='word_1_398' title='bbox 1712 3657 1837 3712; x_wconf 89' lang='lat' dir='ltr'><strong>per-</strong></span> 
     </span>
    </p>
   </div>
   <div class='ocr_carea' id='block_1_55' title="bbox 236 3724 1838 3791">
    <p class='ocr_par' dir='ltr' id='par_1_55' title="bbox 236 3724 1838 3791">
     <span class='ocr_line' id='line_1_55' title="bbox 236 3724 1838 3791; baseline 0.007 -13"><span class='ocrx_word' id='word_1_399' title='bbox 236 3724 470 3791; x_wconf 78' lang='lat' dir='ltr'><strong>mittat;</strong></span> <span class='ocrx_word' id='word_1_400' title='bbox 504 3732 558 3779; x_wconf 90' lang='lat' dir='ltr'><strong>et</strong></span> <span class='ocrx_word' id='word_1_401' title='bbox 588 3726 665 3781; x_wconf 87' lang='lat' dir='ltr'><strong>ita</strong></span> <span class='ocrx_word' id='word_1_402' title='bbox 692 3741 723 3782; x_wconf 88' lang='lat' dir='ltr'><strong>a</strong></span> <span class='ocrx_word' id='word_1_403' title='bbox 753 3727 908 3783; x_wconf 80' lang='lat' dir='ltr'><strong>nullo</strong></span> <span class='ocrx_word' id='word_1_404' title='bbox 948 3729 1266 3785; x_wconf 83' lang='lat' dir='ltr'><strong>fulcimento</strong></span> <span class='ocrx_word' id='word_1_405' title='bbox 1304 3730 1564 3786; x_wconf 88' lang='lat' dir='ltr'><strong>subvecta</strong></span> <span class='ocrx_word' id='word_1_406' title='bbox 1615 3739 1838 3788; x_wconf 89' lang='lat' dir='ltr'><strong>susten-</strong></span> 
     </span>
    </p>
   </div>
   <div class='ocr_carea' id='block_1_56' title="bbox 237 3820 1841 3890">
    <p class='ocr_par' dir='ltr' id='par_1_56' title="bbox 237 3820 1841 3890">
     <span class='ocr_line' id='line_1_56' title="bbox 237 3820 1841 3890; baseline 0.004 -17"><span class='ocrx_word' id='word_1_407' title='bbox 237 3824 392 3875; x_wconf 63' lang='lat' dir='ltr'><strong>tatur</strong></span> <span class='ocrx_word' id='word_1_408' title='bbox 438 3820 670 3890; x_wconf 64' lang='lat' dir='ltr'><strong>sphaera.</strong></span> <span class='ocrx_word' id='word_1_409' title='bbox 699 3821 854 3886; x_wconf 90' lang='lat' dir='ltr'><strong>Quod</strong></span> <span class='ocrx_word' id='word_1_410' title='bbox 885 3821 931 3878; x_wconf 88' lang='lat' dir='ltr'><strong>si</strong></span> <span class='ocrx_word' id='word_1_411' title='bbox 956 3838 1082 3877; x_wconf 85' lang='lat' dir='ltr'><strong>vere</strong></span> <span class='ocrx_word' id='word_1_412' title='bbox 1114 3823 1256 3878; x_wconf 90' lang='lat' dir='ltr'><strong>hanc</strong></span> <span class='ocrx_word' id='word_1_413' title='bbox 1289 3823 1491 3879; x_wconf 89' lang='lat' dir='ltr'><strong>habeat</strong></span> <span class='ocrx_word' id='word_1_414' title='bbox 1524 3824 1841 3880; x_wconf 90' lang='lat' dir='ltr'><strong>similitudi-</strong></span> 
     </span>
    </p>
   </div>
   <div class='ocr_carea' id='block_1_57' title="bbox 243 3913 1842 3986">
    <p class='ocr_par' dir='ltr' id='par_1_57' title="bbox 243 3913 1842 3986">
     <span class='ocr_line' id='line_1_57' title="bbox 243 3913 1842 3986; baseline 0.003 -19"><span class='ocrx_word' id='word_1_415' title='bbox 243 3928 369 3967; x_wconf 87' lang='lat' dir='ltr'><strong>nem</strong></span> <span class='ocrx_word' id='word_1_416' title='bbox 395 3913 598 3967; x_wconf 76' lang='lat' dir='ltr'><strong>mund&#39;i</strong></span> <span class='ocrx_word' id='word_1_417' title='bbox 639 3913 914 3980; x_wconf 87' lang='lat' dir='ltr'><strong>machina,</strong></span> <span class='ocrx_word' id='word_1_418' title='bbox 947 3913 1171 3970; x_wconf 90' lang='lat' dir='ltr'><strong>evidens</strong></span> <span class='ocrx_word' id='word_1_419' title='bbox 1201 3922 1286 3970; x_wconf 90' lang='lat' dir='ltr'><strong>est</strong></span> <span class='ocrx_word' id='word_1_420' title='bbox 1337 3931 1477 3986; x_wconf 89' lang='lat' dir='ltr'><strong>opus</strong></span> <span class='ocrx_word' id='word_1_421' title='bbox 1505 3916 1559 3970; x_wconf 94' lang='lat' dir='ltr'><strong>in</strong></span> <span class='ocrx_word' id='word_1_422' title='bbox 1594 3932 1656 3972; x_wconf 90' lang='lat' dir='ltr'><strong>ea</strong></span> <span class='ocrx_word' id='word_1_423' title='bbox 1699 3916 1842 3972; x_wconf 84' lang='lat' dir='ltr'><strong>divi-</strong></span> 
     </span>
    </p>
   </div>
   <div class='ocr_carea' id='block_1_58' title="bbox 247 4003 1838 4078">
    <p class='ocr_par' dir='ltr' id='par_1_58' title="bbox 247 4003 1838 4078">
     <span class='ocr_line' id='line_1_58' title="bbox 247 4003 1838 4078; baseline 0.003 -20"><span class='ocrx_word' id='word_1_424' title='bbox 247 4020 379 4059; x_wconf 87' lang='lat' dir='ltr'><strong>num</strong></span> <span class='ocrx_word' id='word_1_425' title='bbox 438 4003 493 4058; x_wconf 91' lang='lat' dir='ltr'><strong>Si</strong></span> <span class='ocrx_word' id='word_1_426' title='bbox 529 4021 678 4070; x_wconf 92' lang='lat' dir='ltr'><strong>vero,</strong></span> <span class='ocrx_word' id='word_1_427' title='bbox 699 4013 757 4059; x_wconf 92' lang='lat' dir='ltr'><strong>ut</strong></span> <span class='ocrx_word' id='word_1_428' title='bbox 787 4005 910 4060; x_wconf 91' lang='lat' dir='ltr'><strong>aliis</strong></span> <span class='ocrx_word' id='word_1_429' title='bbox 927 4006 1104 4061; x_wconf 91' lang='lat' dir='ltr'><strong>visum</strong></span> <span class='ocrx_word' id='word_1_430' title='bbox 1129 4013 1234 4066; x_wconf 87' lang='lat' dir='ltr'><strong>est,</strong></span> <span class='ocrx_word' id='word_1_431' title='bbox 1267 4022 1433 4077; x_wconf 90' lang='lat' dir='ltr'><strong>super</strong></span> <span class='ocrx_word' id='word_1_432' title='bbox 1459 4021 1632 4078; x_wconf 90' lang='lat' dir='ltr'><strong>aquas</strong></span> <span class='ocrx_word' id='word_1_433' title='bbox 1660 4010 1838 4078; x_wconf 89' lang='lat' dir='ltr'><strong>posita</strong></span> 
     </span>
    </p>
   </div>
   <div class='ocr_carea' id='block_1_59' title="bbox 247 4094 1836 4169">
    <p class='ocr_par' dir='ltr' id='par_1_59' title="bbox 247 4094 1836 4169">
     <span class='ocr_line' id='line_1_59' title="bbox 247 4094 1836 4169; baseline 0.001 -19"><span class='ocrx_word' id='word_1_434' title='bbox 247 4097 474 4166; x_wconf 63' lang='lat' dir='ltr'><strong>sphaera</strong></span> <span class='ocrx_word' id='word_1_435' title='bbox 513 4094 624 4166; x_wconf 70' lang='grc'>(64)</span> <span class='ocrx_word' id='word_1_436' title='bbox 656 4097 737 4151; x_wconf 88' lang='lat' dir='ltr'><strong>vel</strong></span> <span class='ocrx_word' id='word_1_437' title='bbox 765 4112 930 4167; x_wconf 91' lang='lat' dir='ltr'><strong>super</strong></span> <span class='ocrx_word' id='word_1_438' title='bbox 957 4097 1106 4168; x_wconf 89' lang='lat' dir='ltr'><strong>ipsas</strong></span> <span class='ocrx_word' id='word_1_439' title='bbox 1136 4097 1329 4163; x_wconf 81' lang='lat' dir='ltr'><strong>fertur,</strong></span> <span class='ocrx_word' id='word_1_440' title='bbox 1357 4099 1441 4152; x_wconf 93' lang='lat' dir='ltr'><strong>vel</strong></span> <span class='ocrx_word' id='word_1_441' title='bbox 1472 4100 1526 4152; x_wconf 92' lang='lat' dir='ltr'><strong>in</strong></span> <span class='ocrx_word' id='word_1_442' title='bbox 1551 4098 1688 4169; x_wconf 83' lang='lat' dir='ltr'><strong>ipsis</strong></span> <span class='ocrx_word' id='word_1_443' title='bbox 1715 4100 1836 4153; x_wconf 87' lang='lat' dir='ltr'><strong>vol-</strong></span> 
     </span>
    </p>
   </div>
   <div class='ocr_carea' id='block_1_60' title="bbox 247 4187 1838 4263">
    <p class='ocr_par' dir='ltr' id='par_1_60' title="bbox 247 4187 1838 4263">
     <span class='ocr_line' id='line_1_60' title="bbox 247 4187 1838 4263; baseline 0.005 -24"><span class='ocrx_word' id='word_1_444' title='bbox 247 4187 422 4255; x_wconf 89' lang='lat' dir='ltr'><strong>vitur,</strong></span> <span class='ocrx_word' id='word_1_445' title='bbox 463 4191 629 4244; x_wconf 88' lang='lat' dir='ltr'><strong>etiam</strong></span> <span class='ocrx_word' id='word_1_446' title='bbox 661 4189 742 4244; x_wconf 88' lang='lat' dir='ltr'><strong>sic</strong></span> <span class='ocrx_word' id='word_1_447' title='bbox 793 4190 972 4261; x_wconf 81' lang='lat' dir='ltr'><strong>magni</strong></span> <span class='ocrx_word' id='word_1_448' title='bbox 1007 4191 1064 4245; x_wconf 92' lang='lat' dir='ltr'><strong>in</strong></span> <span class='ocrx_word' id='word_1_449' title='bbox 1094 4204 1159 4245; x_wconf 86' lang='lat' dir='ltr'><strong>ea</strong></span> <span class='ocrx_word' id='word_1_450' title='bbox 1189 4189 1420 4248; x_wconf 82' lang='lat' dir='ltr'><strong>artiﬁcis</strong></span> <span class='ocrx_word' id='word_1_451' title='bbox 1469 4206 1609 4263; x_wconf 90' lang='lat' dir='ltr'><strong>opus</strong></span> <span class='ocrx_word' id='word_1_452' title='bbox 1654 4192 1838 4248; x_wconf 91' lang='lat' dir='ltr'><strong>decla-</strong></span> 
     </span>
    </p>
   </div>
   <div class='ocr_carea' id='block_1_61' title="bbox 249 4289 431 4336">
    <p class='ocr_par' dir='ltr' id='par_1_61' title="bbox 249 4289 431 4336">
     <span class='ocr_line' id='line_1_61' title="bbox 249 4289 431 4336; baseline 0.022 -4"><span class='ocrx_word' id='word_1_453' title='bbox 249 4289 431 4336; x_wconf 88' lang='lat' dir='ltr'><strong>ratur.</strong></span> 
     </span>
    </p>
   </div>
   <div class='ocr_carea' id='block_1_62' title="bbox 1949 1880 2472 1938">
    <p class='ocr_par' dir='ltr' id='par_1_62' title="bbox 1949 1880 2472 1938">
     <span class='ocr_line' id='line_1_62' title="bbox 1949 1880 2472 1938; baseline -0.002 -1"><span class='ocrx_word' id='word_1_454' title='bbox 1949 1883 2156 1937; x_wconf 92' lang='lat' dir='ltr'><strong>duntur</strong></span> <span class='ocrx_word' id='word_1_455' title='bbox 2183 1897 2212 1935; x_wconf 90' lang='lat' dir='ltr'><strong>a</strong></span> <span class='ocrx_word' id='word_1_456' title='bbox 2244 1880 2472 1938; x_wconf 73' lang='lat' dir='ltr'><strong>Gnecis.</strong></span> 
     </span>
    </p>
   </div>
   <div class='ocr_carea' id='block_1_63' title="bbox 2018 1969 3528 2043">
    <p class='ocr_par' dir='ltr' id='par_1_63' title="bbox 2018 1969 3528 2043">
     <span class='ocr_line' id='line_1_63' title="bbox 2018 1969 3528 2043; baseline 0.003 -17"><span class='ocrx_word' id='word_1_457' title='bbox 2018 1969 2210 2027; x_wconf 78' lang='lat' dir='ltr'><strong>XXIII.</strong></span> <span class='ocrx_word' id='word_1_458' title='bbox 2256 1971 2398 2038; x_wconf 88' lang='lat' dir='ltr'><strong>Quid</strong></span> <span class='ocrx_word' id='word_1_459' title='bbox 2428 1978 2610 2027; x_wconf 89' lang='lat' dir='ltr'><strong>autem</strong></span> <span class='ocrx_word' id='word_1_460' title='bbox 2640 1979 2694 2027; x_wconf 85' lang='lat' dir='ltr'><strong>et</strong></span> <span class='ocrx_word' id='word_1_461' title='bbox 2720 1972 2787 2027; x_wconf 90' lang='lat' dir='ltr'><strong>de</strong></span> <span class='ocrx_word' id='word_1_462' title='bbox 2814 1973 2932 2035; x_wconf 87' lang='lat' dir='ltr'><strong>his,</strong></span> <span class='ocrx_word' id='word_1_463' title='bbox 2979 1988 3101 2043; x_wconf 68' lang='lat' dir='ltr'><strong>qua:</strong></span> <span class='ocrx_word' id='word_1_464' title='bbox 3139 1973 3222 2028; x_wconf 84' lang='lat' dir='ltr'><strong>vel</strong></span> <span class='ocrx_word' id='word_1_465' title='bbox 3265 1973 3320 2028; x_wconf 90' lang='lat' dir='ltr'><strong>in</strong></span> <span class='ocrx_word' id='word_1_466' title='bbox 3361 1976 3528 2032; x_wconf 91' lang='lat' dir='ltr'><strong>terris</strong></span> 
     </span>
    </p>
   </div>
   <div class='ocr_carea' id='block_1_64' title="bbox 1946 2067 3524 2132">
    <p class='ocr_par' dir='ltr' id='par_1_64' title="bbox 1946 2067 3524 2132">
     <span class='ocr_line' id='line_1_64' title="bbox 1946 2067 3524 2132; baseline 0.001 -10"><span class='ocrx_word' id='word_1_467' title='bbox 1946 2067 2030 2123; x_wconf 91' lang='lat' dir='ltr'><strong>vel</strong></span> <span class='ocrx_word' id='word_1_468' title='bbox 2066 2069 2120 2121; x_wconf 92' lang='lat' dir='ltr'><strong>in</strong></span> <span class='ocrx_word' id='word_1_469' title='bbox 2150 2069 2287 2121; x_wconf 89' lang='lat' dir='ltr'><strong>mari</strong></span> <span class='ocrx_word' id='word_1_470' title='bbox 2322 2067 2620 2122; x_wconf 88' lang='lat' dir='ltr'><strong>videmus?</strong></span> <span class='ocrx_word' id='word_1_471' title='bbox 2658 2084 2842 2123; x_wconf 92' lang='lat' dir='ltr'><strong>nonne</strong></span> <span class='ocrx_word' id='word_1_472' title='bbox 2881 2067 3168 2122; x_wconf 84' lang='lat' dir='ltr'><strong>evidenter</strong></span> <span class='ocrx_word' id='word_1_473' title='bbox 3209 2068 3524 2132; x_wconf 89' lang='lat' dir='ltr'><strong>edocemur,</strong></span> 
     </span>
    </p>
   </div>
   <div class='ocr_carea' id='block_1_65' title="bbox 1945 2158 3528 2231">
    <p class='ocr_par' dir='ltr' id='par_1_65' title="bbox 1945 2158 3528 2231">
     <span class='ocr_line' id='line_1_65' title="bbox 1945 2158 3528 2231; baseline 0.001 -17"><span class='ocrx_word' id='word_1_474' title='bbox 1945 2161 2042 2216; x_wconf 91' lang='lat' dir='ltr'><strong>Dei</strong></span> <span class='ocrx_word' id='word_1_475' title='bbox 2081 2162 2133 2214; x_wconf 90' lang='lat' dir='ltr'><strong>in</strong></span> <span class='ocrx_word' id='word_1_476' title='bbox 2162 2160 2248 2216; x_wconf 91' lang='lat' dir='ltr'><strong>bis</strong></span> <span class='ocrx_word' id='word_1_477' title='bbox 2278 2175 2388 2214; x_wconf 91' lang='lat' dir='ltr'><strong>non</strong></span> <span class='ocrx_word' id='word_1_478' title='bbox 2430 2161 2607 2215; x_wconf 87' lang='lat' dir='ltr'><strong>solum</strong></span> <span class='ocrx_word' id='word_1_479' title='bbox 2649 2175 2787 2229; x_wconf 87' lang='lat' dir='ltr'><strong>opus</strong></span> <span class='ocrx_word' id='word_1_480' title='bbox 2825 2175 2980 2223; x_wconf 91' lang='lat' dir='ltr'><strong>esse,</strong></span> <span class='ocrx_word' id='word_1_481' title='bbox 3012 2158 3108 2214; x_wconf 87' lang='lat' dir='ltr'><strong>sed</strong></span> <span class='ocrx_word' id='word_1_482' title='bbox 3142 2168 3196 2214; x_wconf 89' lang='lat' dir='ltr'><strong>et</strong></span> <span class='ocrx_word' id='word_1_483' title='bbox 3235 2160 3528 2231; x_wconf 88' lang='lat' dir='ltr'><strong>providen—</strong></span> 
     </span>
    </p>
   </div>
   <div class='ocr_carea' id='block_1_66' title="bbox 1946 2251 3528 2323">
    <p class='ocr_par' dir='ltr' id='par_1_66' title="bbox 1946 2251 3528 2323">
     <span class='ocr_line' id='line_1_66' title="bbox 1946 2251 3528 2323; baseline 0.003 -17"><span class='ocrx_word' id='word_1_484' title='bbox 1946 2253 2122 2306; x_wconf 85' lang='lat' dir='ltr'><strong>tiam?</strong></span> <span class='ocrx_word' id='word_1_485' title='bbox 2149 2251 2284 2305; x_wconf 87' lang='lat' dir='ltr'><strong>Nam</strong></span> <span class='ocrx_word' id='word_1_486' title='bbox 2311 2251 2457 2322; x_wconf 91' lang='lat' dir='ltr'><strong>quod</strong></span> <span class='ocrx_word' id='word_1_487' title='bbox 2489 2253 2543 2306; x_wconf 93' lang='lat' dir='ltr'><strong>in</strong></span> <span class='ocrx_word' id='word_1_488' title='bbox 2577 2262 2721 2307; x_wconf 78' lang='lat' dir='ltr'><strong>terra</strong></span> <span class='ocrx_word' id='word_1_489' title='bbox 2751 2259 2962 2308; x_wconf 88' lang='lat' dir='ltr'><strong>montes</strong></span> <span class='ocrx_word' id='word_1_490' title='bbox 2986 2253 3188 2308; x_wconf 80' lang='lat' dir='ltr'><strong>excelsi</strong></span> <span class='ocrx_word' id='word_1_491' title='bbox 3216 2253 3327 2323; x_wconf 81' lang='lat'><strong>(65)</strong></span> <span class='ocrx_word' id='word_1_492' title='bbox 3359 2255 3528 2310; x_wconf 82' lang='lat' dir='ltr'><strong>certis</strong></span> 
     </span>
    </p>
   </div>
   <div class='ocr_carea' id='block_1_67' title="bbox 1946 2345 3526 2416">
    <p class='ocr_par' dir='ltr' id='par_1_67' title="bbox 1946 2345 3526 2416">
     <span class='ocr_line' id='line_1_67' title="bbox 1946 2345 3526 2416; baseline 0.001 -18"><span class='ocrx_word' id='word_1_493' title='bbox 1946 2345 2257 2416; x_wconf 90' lang='lat' dir='ltr'><strong>quibusque</strong></span> <span class='ocrx_word' id='word_1_494' title='bbox 2287 2345 2562 2399; x_wconf 90' lang='lat' dir='ltr'><strong>habentur</strong></span> <span class='ocrx_word' id='word_1_495' title='bbox 2592 2345 2646 2399; x_wconf 91' lang='lat' dir='ltr'><strong>in</strong></span> <span class='ocrx_word' id='word_1_496' title='bbox 2679 2345 2817 2400; x_wconf 91' lang='lat' dir='ltr'><strong>locis</strong></span> <span class='ocrx_word' id='word_1_497' title='bbox 2839 2386 2853 2410; x_wconf 97' lang='lat'><strong>,</strong></span> <span class='ocrx_word' id='word_1_498' title='bbox 2887 2353 2947 2399; x_wconf 91' lang='lat' dir='ltr'><strong>ut</strong></span> <span class='ocrx_word' id='word_1_499' title='bbox 2973 2363 3039 2401; x_wconf 79' lang='lat' dir='ltr'><strong>ex</strong></span> <span class='ocrx_word' id='word_1_500' title='bbox 3068 2346 3154 2402; x_wconf 89' lang='lat' dir='ltr'><strong>his</strong></span> <span class='ocrx_word' id='word_1_501' title='bbox 3183 2348 3331 2402; x_wconf 92' lang='lat' dir='ltr'><strong>velut</strong></span> <span class='ocrx_word' id='word_1_502' title='bbox 3375 2362 3526 2401; x_wconf 93' lang='lat' dir='ltr'><strong>com-</strong></span> 
     </span>
    </p>
   </div>
   <div class='ocr_carea' id='block_1_68' title="bbox 1946 2437 3527 2508">
    <p class='ocr_par' dir='ltr' id='par_1_68' title="bbox 1946 2437 3527 2508">
     <span class='ocr_line' id='line_1_68' title="bbox 1946 2437 3527 2508; baseline 0.001 -18"><span class='ocrx_word' id='word_1_503' title='bbox 1946 2453 2170 2508; x_wconf 88' lang='lat' dir='ltr'><strong>pressus</strong></span> <span class='ocrx_word' id='word_1_504' title='bbox 2195 2445 2250 2492; x_wconf 94' lang='lat' dir='ltr'><strong>et</strong></span> <span class='ocrx_word' id='word_1_505' title='bbox 2282 2445 2678 2507; x_wconf 81' lang='lat' dir='ltr'><strong>coangustatus</strong></span> <span class='ocrx_word' id='word_1_506' title='bbox 2708 2453 2801 2492; x_wconf 89' lang='lat' dir='ltr'><strong>aer</strong></span> <span class='ocrx_word' id='word_1_507' title='bbox 2830 2438 3182 2493; x_wconf 90' lang='lat' dir='ltr'><strong>ordinatione</strong></span> <span class='ocrx_word' id='word_1_508' title='bbox 3219 2437 3313 2504; x_wconf 73' lang='lat' dir='ltr'><strong>Dei</strong></span> <span class='ocrx_word' id='word_1_509' title='bbox 3359 2452 3527 2508; x_wconf 81' lang='lat' dir='ltr'><strong>coga-</strong></span> 
     </span>
    </p>
   </div>
   <div class='ocr_carea' id='block_1_69' title="bbox 1945 2529 3523 2601">
    <p class='ocr_par' dir='ltr' id='par_1_69' title="bbox 1945 2529 3523 2601">
     <span class='ocr_line' id='line_1_69' title="bbox 1945 2529 3523 2601; baseline 0.002 -19"><span class='ocrx_word' id='word_1_510' title='bbox 1945 2539 2034 2583; x_wconf 88' lang='lat' dir='ltr'><strong>tur</strong></span> <span class='ocrx_word' id='word_1_511' title='bbox 2063 2539 2117 2584; x_wconf 93' lang='lat' dir='ltr'><strong>et</strong></span> <span class='ocrx_word' id='word_1_512' title='bbox 2145 2529 2488 2601; x_wconf 79' lang='lat' dir='ltr'><strong>exprimatur</strong></span> <span class='ocrx_word' id='word_1_513' title='bbox 2517 2530 2572 2584; x_wconf 89' lang='lat' dir='ltr'><strong>in</strong></span> <span class='ocrx_word' id='word_1_514' title='bbox 2602 2537 2831 2594; x_wconf 89' lang='lat' dir='ltr'><strong>ventos,</strong></span> <span class='ocrx_word' id='word_1_515' title='bbox 2864 2546 2929 2585; x_wconf 79' lang='lat' dir='ltr'><strong>ex</strong></span> <span class='ocrx_word' id='word_1_516' title='bbox 2959 2531 3160 2600; x_wconf 89' lang='lat' dir='ltr'><strong>quibus</strong></span> <span class='ocrx_word' id='word_1_517' title='bbox 3207 2537 3260 2584; x_wconf 94' lang='lat' dir='ltr'><strong>et</strong></span> <span class='ocrx_word' id='word_1_518' title='bbox 3305 2529 3523 2586; x_wconf 81' lang='lat' dir='ltr'><strong>fructus</strong></span> 
     </span>
    </p>
   </div>
   <div class='ocr_carea' id='block_1_70' title="bbox 1944 2621 3526 2694">
    <p class='ocr_par' dir='ltr' id='par_1_70' title="bbox 1944 2621 3526 2694">
     <span class='ocr_line' id='line_1_70' title="bbox 1944 2621 3526 2694; baseline 0.001 -18"><span class='ocrx_word' id='word_1_519' title='bbox 1944 2637 2165 2693; x_wconf 90' lang='lat' dir='ltr'><strong>germen</strong></span> <span class='ocrx_word' id='word_1_520' title='bbox 2213 2622 2568 2692; x_wconf 87' lang='lat' dir='ltr'><strong>concipiant,</strong></span> <span class='ocrx_word' id='word_1_521' title='bbox 2619 2629 2673 2676; x_wconf 87' lang='lat' dir='ltr'><strong>et</strong></span> <span class='ocrx_word' id='word_1_522' title='bbox 2721 2623 2944 2677; x_wconf 77' lang='lat' dir='ltr'><strong>aestivus</strong></span> <span class='ocrx_word' id='word_1_523' title='bbox 2993 2621 3159 2677; x_wconf 92' lang='lat' dir='ltr'><strong>ardor</strong></span> <span class='ocrx_word' id='word_1_524' title='bbox 3209 2623 3526 2694; x_wconf 87' lang='lat' dir='ltr'><strong>temperiem</strong></span> 
     </span>
    </p>
   </div>
   <div class='ocr_carea' id='block_1_71' title="bbox 1943 2713 3526 2786">
    <p class='ocr_par' dir='ltr' id='par_1_71' title="bbox 1943 2713 3526 2786">
     <span class='ocr_line' id='line_1_71' title="bbox 1943 2713 3526 2786; baseline 0 -15"><span class='ocrx_word' id='word_1_525' title='bbox 1943 2724 2157 2781; x_wconf 89' lang='lat' dir='ltr'><strong>sumat,</strong></span> <span class='ocrx_word' id='word_1_526' title='bbox 2203 2729 2329 2768; x_wconf 91' lang='lat' dir='ltr'><strong>cum</strong></span> <span class='ocrx_word' id='word_1_527' title='bbox 2368 2713 2616 2769; x_wconf 88' lang='lat' dir='ltr'><strong>Pleiades</strong></span> <span class='ocrx_word' id='word_1_528' title='bbox 2664 2713 2777 2786; x_wconf 87' lang='lat'><strong>(66)</strong></span> <span class='ocrx_word' id='word_1_529' title='bbox 2823 2715 3007 2785; x_wconf 70' lang='lat' dir='ltr'><strong>ignitae</strong></span> <span class='ocrx_word' id='word_1_530' title='bbox 3050 2715 3184 2771; x_wconf 88' lang='lat' dir='ltr'><strong>solis</strong></span> <span class='ocrx_word' id='word_1_531' title='bbox 3229 2715 3526 2771; x_wconf 88' lang='lat' dir='ltr'><strong>ardoribus</strong></span> 
     </span>
    </p>
   </div>
   <div class='ocr_carea' id='block_1_72' title="bbox 1945 2807 3527 2874">
    <p class='ocr_par' dir='ltr' id='par_1_72' title="bbox 1945 2807 3527 2874">
     <span class='ocr_line' id='line_1_72' title="bbox 1945 2807 3527 2874; baseline 0.001 -13"><span class='ocrx_word' id='word_1_532' title='bbox 1945 2807 2350 2864; x_wconf 91' lang='lat' dir='ltr'><strong>incanduerint.</strong></span> <span class='ocrx_word' id='word_1_533' title='bbox 2401 2807 2507 2863; x_wconf 86' lang='lat' dir='ltr'><strong>Sed</strong></span> <span class='ocrx_word' id='word_1_534' title='bbox 2555 2807 2746 2864; x_wconf 90' lang='lat' dir='ltr'><strong>dices:</strong></span> <span class='ocrx_word' id='word_1_535' title='bbox 2793 2807 2908 2862; x_wconf 86' lang='lat' dir='ltr'><strong>Cur</strong></span> <span class='ocrx_word' id='word_1_536' title='bbox 2953 2817 3008 2864; x_wconf 92' lang='lat' dir='ltr'><strong>et</strong></span> <span class='ocrx_word' id='word_1_537' title='bbox 3046 2808 3211 2863; x_wconf 83' lang='lat' dir='ltr'><strong>ardor</strong></span> <span class='ocrx_word' id='word_1_538' title='bbox 3251 2810 3418 2874; x_wconf 91' lang='lat' dir='ltr'><strong>solis,</strong></span> <span class='ocrx_word' id='word_1_539' title='bbox 3467 2818 3527 2863; x_wconf 91' lang='lat' dir='ltr'><strong>ut</strong></span> 
     </span>
    </p>
   </div>
   <div class='ocr_carea' id='block_1_73' title="bbox 1944 2899 3526 2973">
    <p class='ocr_par' dir='ltr' id='par_1_73' title="bbox 1944 2899 3526 2973">
     <span class='ocr_line' id='line_1_73' title="bbox 1944 2899 3526 2973; baseline 0 -17"><span class='ocrx_word' id='word_1_540' title='bbox 1944 2901 2236 2973; x_wconf 88' lang='lat' dir='ltr'><strong>temperies</strong></span> <span class='ocrx_word' id='word_1_541' title='bbox 2268 2901 2624 2972; x_wconf 87' lang='lat' dir='ltr'><strong>requiratur?</strong></span> <span class='ocrx_word' id='word_1_542' title='bbox 2657 2900 2722 2954; x_wconf 86' lang='lat' dir='ltr'><strong>Et</strong></span> <span class='ocrx_word' id='word_1_543' title='bbox 2752 2899 3026 2971; x_wconf 91' lang='lat' dir='ltr'><strong>quomodo</strong></span> <span class='ocrx_word' id='word_1_544' title='bbox 3059 2900 3241 2971; x_wconf 81' lang='lat' dir='ltr'><strong>fruges</strong></span> <span class='ocrx_word' id='word_1_545' title='bbox 3270 2901 3526 2956; x_wconf 89' lang='lat' dir='ltr'><strong>humanis</strong></span> 
     </span>
    </p>
   </div>
   <div class='ocr_carea' id='block_1_74' title="bbox 1943 2991 3525 3050">
    <p class='ocr_par' dir='ltr' id='par_1_74' title="bbox 1943 2991 3525 3050">
     <span class='ocr_line' id='line_1_74' title="bbox 1943 2991 3525 3050; baseline -0.001 -2"><span class='ocrx_word' id='word_1_546' title='bbox 1943 2995 2136 3050; x_wconf 91' lang='lat' dir='ltr'><strong>usibus</strong></span> <span class='ocrx_word' id='word_1_547' title='bbox 2166 2993 2490 3050; x_wconf 81' lang='lat' dir='ltr'><strong>necessariae</strong></span> <span class='ocrx_word' id='word_1_548' title='bbox 2524 2994 3005 3049; x_wconf 88' lang='lat' dir='ltr'><strong>maturescerent?</strong></span> <span class='ocrx_word' id='word_1_549' title='bbox 3036 2992 3143 3048; x_wconf 87' lang='lat' dir='ltr'><strong>Sed</strong></span> <span class='ocrx_word' id='word_1_550' title='bbox 3176 2999 3229 3046; x_wconf 92' lang='lat' dir='ltr'><strong>et</strong></span> <span class='ocrx_word' id='word_1_551' title='bbox 3261 2991 3394 3047; x_wconf 87' lang='lat' dir='ltr'><strong>illud</strong></span> <span class='ocrx_word' id='word_1_552' title='bbox 3428 2993 3525 3047; x_wconf 89' lang='lat' dir='ltr'><strong>ad-</strong></span> 
     </span>
    </p>
   </div>
   <div class='ocr_carea' id='block_1_75' title="bbox 1943 3084 3526 3156">
    <p class='ocr_par' dir='ltr' id='par_1_75' title="bbox 1943 3084 3526 3156">
     <span class='ocr_line' id='line_1_75' title="bbox 1943 3084 3526 3156; baseline 0 -18"><span class='ocrx_word' id='word_1_553' title='bbox 1943 3095 2127 3151; x_wconf 91' lang='lat' dir='ltr'><strong>verte,</strong></span> <span class='ocrx_word' id='word_1_554' title='bbox 2185 3086 2329 3156; x_wconf 89' lang='lat' dir='ltr'><strong>quod</strong></span> <span class='ocrx_word' id='word_1_555' title='bbox 2381 3084 2448 3139; x_wconf 84' lang='lat' dir='ltr'><strong>ad</strong></span> <span class='ocrx_word' id='word_1_556' title='bbox 2480 3100 2636 3139; x_wconf 82' lang='lat' dir='ltr'><strong>axem</strong></span> <span class='ocrx_word' id='word_1_557' title='bbox 2695 3085 3098 3150; x_wconf 89' lang='lat' dir='ltr'><strong>meridianum,</strong></span> <span class='ocrx_word' id='word_1_558' title='bbox 3148 3085 3238 3140; x_wconf 92' lang='lat' dir='ltr'><strong>ubi</strong></span> <span class='ocrx_word' id='word_1_559' title='bbox 3284 3085 3408 3154; x_wconf 87' lang='lat' dir='ltr'><strong>plus</strong></span> <span class='ocrx_word' id='word_1_560' title='bbox 3442 3093 3526 3140; x_wconf 92' lang='lat' dir='ltr'><strong>cst</strong></span> 
     </span>
    </p>
   </div>
   <div class='ocr_carea' id='block_1_76' title="bbox 1945 3177 3525 3246">
    <p class='ocr_par' dir='ltr' id='par_1_76' title="bbox 1945 3177 3525 3246">
     <span class='ocr_line' id='line_1_76' title="bbox 1945 3177 3525 3246; baseline -0.002 -12"><span class='ocrx_word' id='word_1_561' title='bbox 1945 3179 2180 3235; x_wconf 90' lang='lat' dir='ltr'><strong>caloris.</strong></span> <span class='ocrx_word' id='word_1_562' title='bbox 2213 3194 2326 3233; x_wconf 91' lang='lat' dir='ltr'><strong>non</strong></span> <span class='ocrx_word' id='word_1_563' title='bbox 2359 3179 2530 3232; x_wconf 84' lang='lat' dir='ltr'><strong>multa</strong></span> <span class='ocrx_word' id='word_1_564' title='bbox 2560 3177 2724 3230; x_wconf 91' lang='lat' dir='ltr'><strong>datur</strong></span> <span class='ocrx_word' id='word_1_565' title='bbox 2751 3177 2979 3230; x_wconf 84' lang='lat' dir='ltr'><strong>nubium</strong></span> <span class='ocrx_word' id='word_1_566' title='bbox 3012 3178 3378 3246; x_wconf 91' lang='lat' dir='ltr'><strong>constipatio,</strong></span> <span class='ocrx_word' id='word_1_567' title='bbox 3421 3193 3525 3231; x_wconf 90' lang='lat' dir='ltr'><strong>nec</strong></span> 
     </span>
    </p>
   </div>
   <div class='ocr_carea' id='block_1_77' title="bbox 1947 3266 3525 3339">
    <p class='ocr_par' dir='ltr' id='par_1_77' title="bbox 1947 3266 3525 3339">
     <span class='ocr_line' id='line_1_77' title="bbox 1947 3266 3525 3339; baseline -0.002 -15"><span class='ocrx_word' id='word_1_568' title='bbox 1947 3269 2236 3325; x_wconf 90' lang='lat' dir='ltr'><strong>abundans</strong></span> <span class='ocrx_word' id='word_1_569' title='bbox 2301 3269 2460 3339; x_wconf 89' lang='lat' dir='ltr'><strong>copia</strong></span> <span class='ocrx_word' id='word_1_570' title='bbox 2519 3266 2773 3321; x_wconf 86' lang='lat' dir='ltr'><strong>imbrium</strong></span> <span class='ocrx_word' id='word_1_571' title='bbox 2839 3267 3111 3330; x_wconf 78' lang='lat' dir='ltr'><strong>luuditur,</strong></span> <span class='ocrx_word' id='word_1_572' title='bbox 3168 3283 3236 3321; x_wconf 92' lang='lat' dir='ltr'><strong>ne</strong></span> <span class='ocrx_word' id='word_1_573' title='bbox 3296 3268 3525 3322; x_wconf 85' lang='lat' dir='ltr'><strong>morbus</strong></span> 
     </span>
    </p>
   </div>
   <div class='ocr_carea' id='block_1_78' title="bbox 1941 3359 3524 3431">
    <p class='ocr_par' dir='ltr' id='par_1_78' title="bbox 1941 3359 3524 3431">
     <span class='ocr_line' id='line_1_78' title="bbox 1941 3359 3524 3431; baseline -0.001 -15"><span class='ocrx_word' id='word_1_574' title='bbox 1941 3362 2318 3417; x_wconf 87' lang='lat' dir='ltr'><strong>habitantibus</strong></span> <span class='ocrx_word' id='word_1_575' title='bbox 2358 3368 2696 3431; x_wconf 84' lang='lat' dir='ltr'><strong>generetur;</strong></span> <span class='ocrx_word' id='word_1_576' title='bbox 2744 3359 2981 3413; x_wconf 63' lang='lat' dir='ltr'><strong>humidae</strong></span> <span class='ocrx_word' id='word_1_577' title='bbox 3027 3360 3171 3414; x_wconf 92' lang='lat' dir='ltr'><strong>enim</strong></span> <span class='ocrx_word' id='word_1_578' title='bbox 3223 3359 3430 3423; x_wconf 89' lang='lat' dir='ltr'><strong>nubes,</strong></span> <span class='ocrx_word' id='word_1_579' title='bbox 3477 3361 3524 3415; x_wconf 88' lang='lat' dir='ltr'><strong>si</strong></span> 
     </span>
    </p>
   </div>
   <div class='ocr_carea' id='block_1_79' title="bbox 1939 3453 3526 3526">
    <p class='ocr_par' dir='ltr' id='par_1_79' title="bbox 1939 3453 3526 3526">
     <span class='ocr_line' id='line_1_79' title="bbox 1939 3453 3526 3526; baseline -0.003 -15"><span class='ocrx_word' id='word_1_580' title='bbox 1939 3458 2122 3511; x_wconf 90' lang='lat' dir='ltr'><strong>calore</strong></span> <span class='ocrx_word' id='word_1_581' title='bbox 2165 3453 2358 3526; x_wconf 89' lang='lat' dir='ltr'><strong>rapido</strong></span> <span class='ocrx_word' id='word_1_582' title='bbox 2387 3461 2718 3524; x_wconf 90' lang='lat' dir='ltr'><strong>coquantur,</strong></span> <span class='ocrx_word' id='word_1_583' title='bbox 2748 3469 2928 3508; x_wconf 91' lang='lat' dir='ltr'><strong>aerem</strong></span> <span class='ocrx_word' id='word_1_584' title='bbox 2974 3463 3293 3523; x_wconf 82' lang='lat' dir='ltr'><strong>corruptum</strong></span> <span class='ocrx_word' id='word_1_585' title='bbox 3335 3463 3389 3507; x_wconf 92' lang='lat' dir='ltr'><strong>et</strong></span> <span class='ocrx_word' id='word_1_586' title='bbox 3429 3469 3526 3523; x_wconf 88' lang='lat' dir='ltr'><strong>pe-</strong></span> 
     </span>
    </p>
   </div>
   <div class='ocr_carea' id='block_1_80' title="bbox 1941 3546 3522 3606">
    <p class='ocr_par' dir='ltr' id='par_1_80' title="bbox 1941 3546 3522 3606">
     <span class='ocr_line' id='line_1_80' title="bbox 1941 3546 3522 3606; baseline -0.002 -1"><span class='ocrx_word' id='word_1_587' title='bbox 1941 3550 2192 3606; x_wconf 82' lang='lat' dir='ltr'><strong>stiferum</strong></span> <span class='ocrx_word' id='word_1_588' title='bbox 2239 3548 2495 3604; x_wconf 89' lang='lat' dir='ltr'><strong>reddunt.</strong></span> <span class='ocrx_word' id='word_1_589' title='bbox 2551 3546 2658 3602; x_wconf 89' lang='lat' dir='ltr'><strong>Sed</strong></span> <span class='ocrx_word' id='word_1_590' title='bbox 2706 3557 2761 3602; x_wconf 91' lang='lat' dir='ltr'><strong>et</strong></span> <span class='ocrx_word' id='word_1_591' title='bbox 2811 3555 2956 3601; x_wconf 90' lang='lat' dir='ltr'><strong>terra</strong></span> <span class='ocrx_word' id='word_1_592' title='bbox 3005 3546 3241 3600; x_wconf 89' lang='lat' dir='ltr'><strong>calidum</strong></span> <span class='ocrx_word' id='word_1_593' title='bbox 3293 3546 3522 3602; x_wconf 87' lang='lat' dir='ltr'><strong>imbrem</strong></span> 
     </span>
    </p>
   </div>
   <div class='ocr_carea' id='block_1_81' title="bbox 1940 3637 3524 3714">
    <p class='ocr_par' dir='ltr' id='par_1_81' title="bbox 1940 3637 3524 3714">
     <span class='ocr_line' id='line_1_81' title="bbox 1940 3637 3524 3714; baseline -0.004 -16"><span class='ocrx_word' id='word_1_594' title='bbox 1940 3643 2250 3714; x_wconf 88' lang='lat' dir='ltr'><strong>suscipiens</strong></span> <span class='ocrx_word' id='word_1_595' title='bbox 2273 3682 2287 3704; x_wconf 98' lang='lat'><strong>,</strong></span> <span class='ocrx_word' id='word_1_596' title='bbox 2318 3656 2426 3695; x_wconf 92' lang='lat' dir='ltr'><strong>non</strong></span> <span class='ocrx_word' id='word_1_597' title='bbox 2457 3640 2794 3694; x_wconf 90' lang='lat' dir='ltr'><strong>nutrimenta</strong></span> <span class='ocrx_word' id='word_1_598' title='bbox 2839 3639 3147 3710; x_wconf 82' lang='lat' dir='ltr'><strong>segetibus,</strong></span> <span class='ocrx_word' id='word_1_599' title='bbox 3200 3637 3296 3693; x_wconf 91' lang='lat' dir='ltr'><strong>sed</strong></span> <span class='ocrx_word' id='word_1_600' title='bbox 3338 3640 3524 3708; x_wconf 82' lang='lat' dir='ltr'><strong>perni-</strong></span> 
     </span>
    </p>
   </div>
   <div class='ocr_carea' id='block_1_82' title="bbox 1939 3728 3524 3803">
    <p class='ocr_par' dir='ltr' id='par_1_82' title="bbox 1939 3728 3524 3803">
     <span class='ocr_line' id='line_1_82' title="bbox 1939 3728 3524 3803; baseline -0.002 -16"><span class='ocrx_word' id='word_1_601' title='bbox 1939 3734 2079 3788; x_wconf 90' lang='lat' dir='ltr'><strong>ciem</strong></span> <span class='ocrx_word' id='word_1_602' title='bbox 2110 3733 2316 3803; x_wconf 64' lang='lat' dir='ltr'><strong>praebet</strong></span> <span class='ocrx_word' id='word_1_603' title='bbox 2341 3749 2355 3798; x_wconf 89' lang='lat'><strong>;</strong></span> <span class='ocrx_word' id='word_1_604' title='bbox 2387 3731 2441 3785; x_wconf 91' lang='lat' dir='ltr'><strong>in</strong></span> <span class='ocrx_word' id='word_1_605' title='bbox 2471 3746 2582 3802; x_wconf 89' lang='lat' dir='ltr'><strong>quo</strong></span> <span class='ocrx_word' id='word_1_606' title='bbox 2610 3731 2736 3802; x_wconf 87' lang='lat' dir='ltr'><strong>quis</strong></span> <span class='ocrx_word' id='word_1_607' title='bbox 2766 3731 2980 3784; x_wconf 91' lang='lat' dir='ltr'><strong>dubitat</strong></span> <span class='ocrx_word' id='word_1_608' title='bbox 3011 3745 3147 3801; x_wconf 90' lang='lat' dir='ltr'><strong>opus</strong></span> <span class='ocrx_word' id='word_1_609' title='bbox 3177 3745 3299 3784; x_wconf 92' lang='lat' dir='ltr'><strong>esse</strong></span> <span class='ocrx_word' id='word_1_610' title='bbox 3325 3728 3524 3784; x_wconf 65' lang='lat' dir='ltr'><strong>divina</strong></span> 
     </span>
    </p>
   </div>
   <div class='ocr_carea' id='block_1_83' title="bbox 1940 3821 3523 3894">
    <p class='ocr_par' dir='ltr' id='par_1_83' title="bbox 1940 3821 3523 3894">
     <span class='ocr_line' id='line_1_83' title="bbox 1940 3821 3523 3894; baseline -0.001 -15"><span class='ocrx_word' id='word_1_611' title='bbox 1940 3825 2303 3880; x_wconf 72' lang='lat' dir='ltr'><strong>Providentia:</strong></span> <span class='ocrx_word' id='word_1_612' title='bbox 2331 3825 2354 3878; x_wconf 88' lang='lat'><strong>?</strong></span> <span class='ocrx_word' id='word_1_613' title='bbox 2385 3823 2628 3894; x_wconf 88' lang='lat' dir='ltr'><strong>Denique</strong></span> <span class='ocrx_word' id='word_1_614' title='bbox 2666 3822 3101 3893; x_wconf 61' lang='lat' dir='ltr'><strong>Egyptus.quia</strong></span> <span class='ocrx_word' id='word_1_615' title='bbox 3133 3821 3461 3892; x_wconf 65' lang='lat' dir='ltr'><strong>Ethiopicis</strong></span> <span class='ocrx_word' id='word_1_616' title='bbox 3491 3837 3523 3877; x_wconf 91' lang='lat' dir='ltr'><strong>e</strong></span> 
     </span>
    </p>
   </div>
   <div class='ocr_carea' id='block_1_84' title="bbox 1943 3914 3520 3988">
    <p class='ocr_par' dir='ltr' id='par_1_84' title="bbox 1943 3914 3520 3988">
     <span class='ocr_line' id='line_1_84' title="bbox 1943 3914 3520 3988; baseline -0.003 -16"><span class='ocrx_word' id='word_1_617' title='bbox 1943 3918 2124 3972; x_wconf 89' lang='lat' dir='ltr'><strong>vicino</strong></span> <span class='ocrx_word' id='word_1_618' title='bbox 2155 3916 2350 3988; x_wconf 82' lang='lat' dir='ltr'><strong>ﬂagrat</strong></span> <span class='ocrx_word' id='word_1_619' title='bbox 2378 3915 2699 3979; x_wconf 89' lang='lat' dir='ltr'><strong>ardoribus,</strong></span> <span class='ocrx_word' id='word_1_620' title='bbox 2745 3930 2814 3968; x_wconf 89' lang='lat' dir='ltr'><strong>ne</strong></span> <span class='ocrx_word' id='word_1_621' title='bbox 2859 3914 3194 3970; x_wconf 85' lang='lat' dir='ltr'><strong>insanabiles</strong></span> <span class='ocrx_word' id='word_1_622' title='bbox 3231 3921 3520 3982; x_wconf 86' lang='lat' dir='ltr'><strong>corrupte-</strong></span> 
     </span>
    </p>
   </div>
   <div class='ocr_carea' id='block_1_85' title="bbox 1943 4005 3520 4075">
    <p class='ocr_par' dir='ltr' id='par_1_85' title="bbox 1943 4005 3520 4075">
     <span class='ocr_line' id='line_1_85' title="bbox 1943 4005 3520 4075; baseline -0.004 -11"><span class='ocrx_word' id='word_1_623' title='bbox 1943 4011 2024 4065; x_wconf 90' lang='lat' dir='ltr'><strong>las</strong></span> <span class='ocrx_word' id='word_1_624' title='bbox 2049 4009 2194 4066; x_wconf 86' lang='lat' dir='ltr'><strong>aeris</strong></span> <span class='ocrx_word' id='word_1_625' title='bbox 2243 4009 2500 4064; x_wconf 91' lang='lat' dir='ltr'><strong>imbrium</strong></span> <span class='ocrx_word' id='word_1_626' title='bbox 2549 4007 2883 4062; x_wconf 88' lang='lat' dir='ltr'><strong>necessitate</strong></span> <span class='ocrx_word' id='word_1_627' title='bbox 2936 4006 3286 4075; x_wconf 82' lang='lat' dir='ltr'><strong>susciperet,</strong></span> <span class='ocrx_word' id='word_1_628' title='bbox 3342 4005 3520 4073; x_wconf 89' lang='lat' dir='ltr'><strong>campi</strong></span> 
     </span>
    </p>
   </div>
   <div class='ocr_carea' id='block_1_86' title="bbox 1943 4100 3522 4174">
    <p class='ocr_par' dir='ltr' id='par_1_86' title="bbox 1943 4100 3522 4174">
     <span class='ocr_line' id='line_1_86' title="bbox 1943 4100 3522 4174; baseline -0.004 -15"><span class='ocrx_word' id='word_1_629' title='bbox 1943 4104 2064 4174; x_wconf 88' lang='lat' dir='ltr'><strong>ejus</strong></span> <span class='ocrx_word' id='word_1_630' title='bbox 2109 4120 2216 4157; x_wconf 91' lang='lat' dir='ltr'><strong>non</strong></span> <span class='ocrx_word' id='word_1_631' title='bbox 2259 4101 2497 4172; x_wconf 89' lang='lat' dir='ltr'><strong>pluviam</strong></span> <span class='ocrx_word' id='word_1_632' title='bbox 2539 4101 2778 4156; x_wconf 84' lang='lat' dir='ltr'><strong>nubibus</strong></span> <span class='ocrx_word' id='word_1_633' title='bbox 2818 4101 3219 4162; x_wconf 80' lang='lat' dir='ltr'><strong>ministratam,</strong></span> <span class='ocrx_word' id='word_1_634' title='bbox 3266 4100 3362 4155; x_wconf 88' lang='lat' dir='ltr'><strong>sed</strong></span> <span class='ocrx_word' id='word_1_635' title='bbox 3408 4107 3522 4153; x_wconf 84' lang='lat' dir='ltr'><strong>ter-</strong></span> 
     </span>
    </p>
   </div>
   <div class='ocr_carea' id='block_1_87' title="bbox 1943 4192 3521 4266">
    <p class='ocr_par' dir='ltr' id='par_1_87' title="bbox 1943 4192 3521 4266">
     <span class='ocr_line' id='line_1_87' title="bbox 1943 4192 3521 4266; baseline -0.002 -15"><span class='ocrx_word' id='word_1_636' title='bbox 1943 4212 2136 4251; x_wconf 90' lang='lat' dir='ltr'><strong>renum</strong></span> <span class='ocrx_word' id='word_1_637' title='bbox 2167 4193 2572 4266; x_wconf 90' lang='lat' dir='ltr'><strong>quodanunodo</strong></span> <span class='ocrx_word' id='word_1_638' title='bbox 2602 4194 2830 4249; x_wconf 90' lang='lat' dir='ltr'><strong>imbrem</strong></span> <span class='ocrx_word' id='word_1_639' title='bbox 2861 4192 2982 4249; x_wconf 84' lang='lat' dir='ltr'><strong>Nilo</strong></span> <span class='ocrx_word' id='word_1_640' title='bbox 3015 4192 3314 4248; x_wconf 84' lang='lat' dir='ltr'><strong>inundaute</strong></span> <span class='ocrx_word' id='word_1_641' title='bbox 3342 4192 3521 4250; x_wconf 90' lang='lat' dir='ltr'><strong>susci-</strong></span> 
     </span>
    </p>
   </div>
   <div class='ocr_carea' id='block_1_88' title="bbox 1944 4288 2273 4361">
    <p class='ocr_par' dir='ltr' id='par_1_88' title="bbox 1944 4288 2273 4361">
     <span class='ocr_line' id='line_1_88' title="bbox 1944 4288 2273 4361; baseline -0.003 -17"><span class='ocrx_word' id='word_1_642' title='bbox 1944 4290 2102 4361; x_wconf 89' lang='lat' dir='ltr'><strong>piunt</strong></span> <span class='ocrx_word' id='word_1_643' title='bbox 2135 4288 2273 4361; x_wconf 86' lang='lat'>(67).</span> 
     </span>
    </p>
   </div>
   <div class='ocr_carea' id='block_1_89' title="bbox 1563 4486 2206 4545">
    <p class='ocr_par' dir='ltr' id='par_1_89' title="bbox 1563 4486 2206 4545">
     <span class='ocr_line' id='line_1_89' title="bbox 1563 4486 2206 4545; baseline -0.002 0"><span class='ocrx_word' id='word_1_644' title='bbox 1563 4486 1938 4545; x_wconf 81' lang='lat' dir='ltr'><strong>COTELERII</strong></span> <span class='ocrx_word' id='word_1_645' title='bbox 1975 4487 2206 4544; x_wconf 70' lang='grc' dir='ltr'><strong>ΝΟΤᾹΞ.</strong></span> 
     </span>
    </p>
   </div>
   <div class='ocr_carea' id='block_1_90' title="bbox 327 4678 2600 4810">
    <p class='ocr_par' dir='ltr' id='par_1_90' title="bbox 327 4678 2600 4810">
     <span class='ocr_line' id='line_1_90' title="bbox 327 4678 2600 4810; baseline 0.005 -74"><span class='ocrx_word' id='word_1_646' title='bbox 327 4681 447 4752; x_wconf 77' lang='grc'>(65)</span> <span class='ocrx_word' id='word_1_647' title='bbox 485 4678 551 4734; x_wconf 83' lang='grc' dir='ltr'><strong>1η</strong></span> <span class='ocrx_word' id='word_1_648' title='bbox 587 4679 803 4735; x_wconf 65' lang='lat' dir='ltr'><strong>Timeo.</strong></span> <span class='ocrx_word' id='word_1_649' title='bbox 838 4680 1038 4752; x_wconf 77' lang='lat' dir='ltr'><strong>Accipe</strong></span> <span class='ocrx_word' id='word_1_650' title='bbox 1059 4683 1331 4810; x_wconf 55' lang='lat' dir='ltr'><strong>integrum</strong></span> <span class='ocrx_word' id='word_1_651' title='bbox 1365 4683 1610 4743; x_wconf 89' lang='lat' dir='ltr'><strong>Platonis</strong></span> <span class='ocrx_word' id='word_1_652' title='bbox 1638 4687 1838 4754; x_wconf 88' lang='lat' dir='ltr'><strong>locum,</strong></span> <span class='ocrx_word' id='word_1_653' title='bbox 1875 4701 1919 4757; x_wconf 77' lang='grc' dir='ltr'>υ</span> <span class='ocrx_word' id='word_1_654' title='bbox 1943 4695 1997 4745; x_wconf 94' lang='lat' dir='ltr'><strong>et</strong></span> <span class='ocrx_word' id='word_1_655' title='bbox 2023 4689 2223 4744; x_wconf 70' lang='lat' dir='ltr'><strong>cmlum</strong></span> <span class='ocrx_word' id='word_1_656' title='bbox 2249 4705 2600 4763; x_wconf 65' lang='lat' dir='ltr'><strong>empyrzeum.</strong></span> 
     </span>
     <span class='ocr_line' id='line_1_91' title="bbox 332 4752 2600 4810; baseline 0.001 -3"><span class='ocrx_word' id='word_1_657' title='bbox 332 4769 365 4807; x_wconf 93' lang='lat' dir='ltr'><strong>n</strong></span> <span class='ocrx_word' id='word_1_658' title='bbox 389 4752 611 4810; x_wconf 77' lang='lat' dir='ltr'><strong>quidem</strong></span> <span class='ocrx_word' id='word_1_659' title='bbox 643 4762 701 4805; x_wconf 94' lang='lat' dir='ltr'><strong>ut</strong></span> <span class='ocrx_word' id='word_1_660' title='bbox 724 4755 922 4807; x_wconf 91' lang='lat' dir='ltr'><strong>eitatur</strong></span> <span class='ocrx_word' id='word_1_661' title='bbox 945 4757 1012 4808; x_wconf 82' lang='lat' dir='ltr'><strong>ab</strong></span> <span class='ocrx_word' id='word_1_662' title='bbox 1033 4754 1173 4810; x_wconf 86' lang='lat' dir='ltr'><strong>Euse</strong></span> <span class='ocrx_word' id='word_1_663' title='bbox 1215 4759 1293 4810; x_wconf 78' lang='lat' dir='ltr'><strong>io.</strong></span> <span class='ocrx_word' id='word_1_664' title='bbox 1311 4756 1666 4810; x_wconf 88' lang='lat' dir='ltr'><strong>Theodorito.</strong></span> <span class='ocrx_word' id='word_1_665' title='bbox 1691 4760 1842 4810; x_wconf 89' lang='lat' dir='ltr'><strong>aliis-</strong></span> <span class='ocrx_word' id='word_1_666' title='bbox 2023 4761 2136 4810; x_wconf 70' lang='lat'><strong>(65)</strong></span> <span class='ocrx_word' id='word_1_667' title='bbox 2178 4760 2321 4810; x_wconf 86' lang='lat' dir='ltr'><strong>Nam</strong></span> <span class='ocrx_word' id='word_1_668' title='bbox 2344 4763 2482 4810; x_wconf 84' lang='lat' dir='ltr'><strong>auod</strong></span> <span class='ocrx_word' id='word_1_669' title='bbox 2505 4763 2558 4810; x_wconf 85' lang='lat' dir='ltr'><strong>in</strong></span> <span class='ocrx_word' id='word_1_670' title='bbox 2593 4774 2600 4810; x_wconf 78' lang='grc' dir='ltr'><strong><em>ι</em></strong></span> 
     </span>
    </p>
   </div>
   <div class='ocr_carea' id='block_1_91' title="bbox 254 4752 1842 4823">
    <p class='ocr_par' dir='ltr' id='par_1_91' title="bbox 254 4752 1842 4823">
     <span class='ocr_line' id='line_1_92' title="bbox 254 4752 1842 4823; baseline 0.006 -19"><span class='ocrx_word' id='word_1_671' title='bbox 254 4768 365 4807; x_wconf 86' lang='lat' dir='ltr'><strong>non</strong></span> <span class='ocrx_word' id='word_1_672' title='bbox 389 4752 611 4822; x_wconf 90' lang='lat' dir='ltr'><strong>quidem</strong></span> <span class='ocrx_word' id='word_1_673' title='bbox 643 4762 701 4805; x_wconf 95' lang='lat' dir='ltr'><strong>ut</strong></span> <span class='ocrx_word' id='word_1_674' title='bbox 724 4755 922 4807; x_wconf 90' lang='lat' dir='ltr'><strong>eitatur</strong></span> <span class='ocrx_word' id='word_1_675' title='bbox 945 4757 1012 4808; x_wconf 90' lang='lat' dir='ltr'><strong>ab</strong></span> <span class='ocrx_word' id='word_1_676' title='bbox 1033 4752 1293 4820; x_wconf 83' lang='lat' dir='ltr'><strong>Eusebio,</strong></span> <span class='ocrx_word' id='word_1_677' title='bbox 1311 4756 1666 4823; x_wconf 89' lang='lat' dir='ltr'><strong>Theodorito,</strong></span> <span class='ocrx_word' id='word_1_678' title='bbox 1691 4752 1842 4814; x_wconf 56' lang='lat' dir='ltr'><strong>aliis-1</strong></span> 
     </span>
    </p>
   </div>
   <div class='ocr_carea' id='block_1_92' title="bbox 256 4823 1837 4900">
    <p class='ocr_par' dir='ltr' id='par_1_92' title="bbox 256 4823 1837 4900">
     <span class='ocr_line' id='line_1_93' title="bbox 256 4823 1837 4900; baseline 0.004 -21"><span class='ocrx_word' id='word_1_679' title='bbox 256 4839 384 4900; x_wconf 64' lang='lat' dir='ltr'><strong>que,</strong></span> <span class='ocrx_word' id='word_1_680' title='bbox 435 4823 530 4900; x_wconf 75' lang='lat' dir='ltr'><strong>sed</strong></span> <span class='ocrx_word' id='word_1_681' title='bbox 558 4838 668 4900; x_wconf 70' lang='lat' dir='ltr'><strong>qyo</strong></span> <span class='ocrx_word' id='word_1_682' title='bbox 692 4825 1095 4900; x_wconf 28' lang='lat' dir='ltr'><strong>AruodoAlcgitur</strong></span> <span class='ocrx_word' id='word_1_683' title='bbox 1124 4828 1267 4900; x_wconf 87' lang='lat' dir='ltr'><strong>apud</strong></span> <span class='ocrx_word' id='word_1_684' title='bbox 1297 4827 1472 4897; x_wconf 90' lang='lat' dir='ltr'><strong>ipsum</strong></span> <span class='ocrx_word' id='word_1_685' title='bbox 1509 4827 1786 4884; x_wconf 87' lang='lat' dir='ltr'><strong>Platonem</strong></span> <span class='ocrx_word' id='word_1_686' title='bbox 1823 4848 1837 4885; x_wconf 90' lang='lat'><strong>:</strong></span> 
     </span>
    </p>
   </div>
   <div class='ocr_carea' id='block_1_93' title="bbox 256 4890 1842 4984">
    <p class='ocr_par' dir='ltr' id='par_1_93' title="bbox 256 4890 1842 4984">
     <span class='ocr_line' id='line_1_94' title="bbox 256 4890 1842 4984; baseline 0.004 -37"><span class='ocrx_word' id='word_1_687' title='bbox 256 4890 528 4984; x_wconf 51' lang='grc' dir='ltr'><strong>ξμκξπτέον</strong></span> <span class='ocrx_word' id='word_1_688' title='bbox 562 4890 654 4947; x_wconf 78' lang='grc' dir='ltr'>ὀῦν</span> <span class='ocrx_word' id='word_1_689' title='bbox 676 4894 750 4984; x_wconf 30' lang='grc' dir='ltr'><strong>,δὴ</strong></span> <span class='ocrx_word' id='word_1_690' title='bbox 780 4895 908 4984; x_wconf 56' lang='grc' dir='ltr'><strong>περὶ</strong></span> <span class='ocrx_word' id='word_1_691' title='bbox 936 4890 1098 4984; x_wconf 38' lang='lat' dir='ltr'><strong>ideo?)</strong></span> <span class='ocrx_word' id='word_1_692' title='bbox 1132 4890 1400 4984; x_wconf 48' lang='grc' dir='ltr'>(Ξερσμόυ)</span> <span class='ocrx_word' id='word_1_693' title='bbox 1435 4900 1681 4984; x_wconf 39' lang='grc' dir='ltr'><strong>πρῶτονζ</strong></span> <span class='ocrx_word' id='word_1_694' title='bbox 1704 4901 1842 4972; x_wconf 82' lang='grc' dir='ltr'>ὅπερ</span> 
     </span>
    </p>
   </div>
   <div class='ocr_carea' id='block_1_94' title="bbox 259 4963 1840 5042">
    <p class='ocr_par' dir='ltr' id='par_1_94' title="bbox 259 4963 1840 5042">
     <span class='ocr_line' id='line_1_95' title="bbox 259 4963 1840 5042; baseline 0.004 -25"><span class='ocrx_word' id='word_1_695' title='bbox 259 4963 539 5042; x_wconf 30' lang='grc' dir='ltr'><strong>ῥτόκελιται</strong></span> <span class='ocrx_word' id='word_1_696' title='bbox 573 4966 698 5042; x_wconf 57' lang='grc' dir='ltr'>περὶ</span> <span class='ocrx_word' id='word_1_697' title='bbox 732 4963 933 5042; x_wconf 48' lang='lat' dir='ltr'><strong>havri);</strong></span> <span class='ocrx_word' id='word_1_698' title='bbox 961 4968 1017 5019; x_wconf 78' lang='grc' dir='ltr'><strong>ἐν</strong></span> <span class='ocrx_word' id='word_1_699' title='bbox 1211 4963 1320 5042; x_wconf 61' lang='grc' dir='ltr'><strong>δςξν</strong></span> <span class='ocrx_word' id='word_1_700' title='bbox 1352 4963 1590 5042; x_wconf 54' lang='lat' dir='ltr'><strong>quoniam,</strong></span> <span class='ocrx_word' id='word_1_701' title='bbox 1613 4963 1840 5042; x_wconf 60' lang='grc' dir='ltr'><strong>πὸτεροζρ</strong></span> 
     </span>
    </p>
   </div>
   <div class='ocr_carea' id='block_1_95' title="bbox 256 5029 1837 5112">
    <p class='ocr_par' dir='ltr' id='par_1_95' title="bbox 256 5029 1837 5112">
     <span class='ocr_line' id='line_1_96' title="bbox 256 5029 1837 5112; baseline 0.005 -26"><span class='ocrx_word' id='word_1_702' title='bbox 256 5029 466 5112; x_wconf 50' lang='lat' dir='ltr'><strong>illidet,</strong></span> <span class='ocrx_word' id='word_1_703' title='bbox 489 5029 762 5112; x_wconf 55' lang='grc' dir='ltr'><strong>χενέᾰεως</strong></span> <span class='ocrx_word' id='word_1_704' title='bbox 793 5038 982 5112; x_wconf 31' lang='grc' dir='ltr'><strong>’ἀρχὴν</strong></span> <span class='ocrx_word' id='word_1_705' title='bbox 1203 5039 1489 5112; x_wconf 23' lang='grc' dir='ltr'>Αούδεμίαν,</span> <span class='ocrx_word' id='word_1_706' title='bbox 1525 5029 1837 5112; x_wconf 38' lang='grc' dir='ltr'><strong>ἢθέγοῦεν,</strong></span> 
     </span>
    </p>
   </div>
   <div class='ocr_carea' id='block_1_96' title="bbox 258 5105 1837 5194">
    <p class='ocr_par' dir='ltr' id='par_1_96' title="bbox 258 5105 1837 5194">
     <span class='ocr_line' id='line_1_97' title="bbox 258 5105 1837 5194; baseline 0.006 -38"><span class='ocrx_word' id='word_1_707' title='bbox 258 5105 353 5194; x_wconf 47' lang='grc' dir='ltr'>(ἔπ’</span> <span class='ocrx_word' id='word_1_708' title='bbox 379 5107 568 5194; x_wconf 38' lang='grc' dir='ltr'><strong>ᾳρχῇςῖ</strong></span> <span class='ocrx_word' id='word_1_709' title='bbox 591 5123 736 5170; x_wconf 83' lang='grc' dir='ltr'><strong>τινος</strong></span> <span class='ocrx_word' id='word_1_710' title='bbox 775 5105 1102 5194; x_wconf 56' lang='grc' dir='ltr'><strong>ρρξάμενρξ.</strong></span> <span class='ocrx_word' id='word_1_711' title='bbox 1147 5105 1402 5194; x_wconf 51' lang='grc' dir='ltr'><strong>Γέγτξνεῆο</strong></span> <span class='ocrx_word' id='word_1_712' title='bbox 1431 5105 1683 5194; x_wconf 49' lang='grc' dir='ltr'><strong>ξρρᾲτδςί</strong></span> <span class='ocrx_word' id='word_1_713' title='bbox 1707 5105 1837 5194; x_wconf 44' lang='grc' dir='ltr'><strong>χάρζ</strong></span> 
     </span>
    </p>
   </div>
   <div class='ocr_carea' id='block_1_97' title="bbox 260 5125 1838 5266">
    <p class='ocr_par' dir='ltr' id='par_1_97' title="bbox 260 5125 1838 5266">
     <span class='ocr_line' id='line_1_98' title="bbox 260 5125 1837 5228; baseline 0.005 -69"><span class='ocrx_word' id='word_1_714' title='bbox 260 5125 338 5159; x_wconf 80' lang='grc' dir='ltr'><strong>απ</strong></span> <span class='ocrx_word' id='word_1_715' title='bbox 379 5125 553 5228; x_wconf 57' lang='grc' dir='ltr'><strong>αρχὲς</strong></span> <span class='ocrx_word' id='word_1_716' title='bbox 591 5125 736 5170; x_wconf 82' lang='grc' dir='ltr'><strong>τινος</strong></span> <span class='ocrx_word' id='word_1_717' title='bbox 782 5125 1102 5189; x_wconf 57' lang='grc' dir='ltr'><strong>αρεαμενος.</strong></span> <span class='ocrx_word' id='word_1_718' title='bbox 1147 5125 1402 5178; x_wconf 47' lang='grc' dir='ltr'><strong>ιίεγονενο</strong></span> <span class='ocrx_word' id='word_1_719' title='bbox 1441 5125 1661 5182; x_wconf 82' lang='grc' dir='ltr'>ὐρατος</span> <span class='ocrx_word' id='word_1_720' title='bbox 1707 5125 1837 5194; x_wconf 64' lang='grc' dir='ltr'>χαρ,</span> 
     </span>
     <span class='ocr_line' id='line_1_99' title="bbox 260 5176 1838 5266; baseline 0.007 -40"><span class='ocrx_word' id='word_1_721' title='bbox 550 5178 797 5266; x_wconf 34' lang='grc' dir='ltr'><strong>ξςτξὶκαῖὶ</strong></span> <span class='ocrx_word' id='word_1_722' title='bbox 823 5195 983 5266; x_wconf 46' lang='lat' dir='ltr'><strong>Eccita</strong></span> <span class='ocrx_word' id='word_1_723' title='bbox 1007 5179 1152 5266; x_wconf 51' lang='grc' dir='ltr'><strong>ἔχρη</strong></span> <span class='ocrx_word' id='word_1_724' title='bbox 1172 5197 1184 5211; x_wconf 82' lang='lat'><strong><em>°</em></strong></span> <span class='ocrx_word' id='word_1_725' title='bbox 1215 5180 1394 5266; x_wconf 54' lang='grc' dir='ltr'><strong>πάγτα</strong></span> <span class='ocrx_word' id='word_1_726' title='bbox 1426 5182 1482 5266; x_wconf 56' lang='grc' dir='ltr'><strong>ξὲ</strong></span> <span class='ocrx_word' id='word_1_727' title='bbox 1506 5187 1575 5236; x_wconf 82' lang='grc' dir='ltr'><strong>τὰ</strong></span> <span class='ocrx_word' id='word_1_728' title='bbox 1594 5199 1838 5266; x_wconf 50' lang='lat' dir='ltr'><strong>retunsa,</strong></span> 
     </span>
    </p>
   </div>
   <div class='ocr_carea' id='block_1_98' title="bbox 255 5246 1843 5328">
    <p class='ocr_par' dir='ltr' id='par_1_98' title="bbox 255 5246 1843 5328">
     <span class='ocr_line' id='line_1_100' title="bbox 255 5246 1843 5328; baseline 0.006 -30"><span class='ocrx_word' id='word_1_729' title='bbox 255 5247 494 5319; x_wconf 73' lang='grc' dir='ltr'><strong>αἰσθητά</strong></span> <span class='ocrx_word' id='word_1_730' title='bbox 511 5264 523 5275; x_wconf 93' lang='grc'><strong>·</strong></span> <span class='ocrx_word' id='word_1_731' title='bbox 544 5246 615 5328; x_wconf 67' lang='grc' dir='ltr'><strong>τᾲ</strong></span> <span class='ocrx_word' id='word_1_732' title='bbox 641 5248 698 5300; x_wconf 85' lang='grc' dir='ltr'><strong>δὲ</strong></span> <span class='ocrx_word' id='word_1_733' title='bbox 725 5246 980 5328; x_wconf 71' lang='grc' dir='ltr'><strong>αεσθῃίέὰ,</strong></span> <span class='ocrx_word' id='word_1_734' title='bbox 1003 5246 1126 5328; x_wconf 74' lang='grc' dir='ltr'><strong>δόξῃ</strong></span> <span class='ocrx_word' id='word_1_735' title='bbox 1149 5251 1470 5328; x_wconf 53' lang='grc' dir='ltr'><strong>Δπεριληλῑὶτᾲ</strong></span> <span class='ocrx_word' id='word_1_736' title='bbox 1505 5246 1843 5328; x_wconf 55' lang='grc' dir='ltr'><strong>μετ’-αισοήέ</strong></span> 
     </span>
    </p>
   </div>
   <div class='ocr_carea' id='block_1_99' title="bbox 261 5270 1844 5395">
    <p class='ocr_par' dir='ltr' id='par_1_99' title="bbox 261 5270 1844 5395">
     <span class='ocr_line' id='line_1_101' title="bbox 261 5270 1843 5328; baseline 0.006 -30"><span class='ocrx_word' id='word_1_737' title='bbox 261 5270 523 5319; x_wconf 74' lang='grc' dir='ltr'><strong>αισυητα·</strong></span> <span class='ocrx_word' id='word_1_738' title='bbox 544 5270 615 5299; x_wconf 80' lang='grc' dir='ltr'><strong>τα</strong></span> <span class='ocrx_word' id='word_1_739' title='bbox 641 5270 698 5300; x_wconf 84' lang='grc' dir='ltr'><strong>οε</strong></span> <span class='ocrx_word' id='word_1_740' title='bbox 725 5270 980 5319; x_wconf 77' lang='grc' dir='ltr'><strong>αισῠητα,</strong></span> <span class='ocrx_word' id='word_1_741' title='bbox 1003 5270 1126 5323; x_wconf 80' lang='grc' dir='ltr'>οοςῃ</span> <span class='ocrx_word' id='word_1_742' title='bbox 1159 5270 1224 5304; x_wconf 89' lang='grc' dir='ltr'>πε</span> <span class='ocrx_word' id='word_1_743' title='bbox 1269 5270 1470 5324; x_wconf 80' lang='grc' dir='ltr'><strong>ιΑηπτα</strong></span> <span class='ocrx_word' id='word_1_744' title='bbox 1574 5270 1618 5305; x_wconf 83' lang='grc' dir='ltr'><strong>τ’</strong></span> <span class='ocrx_word' id='word_1_745' title='bbox 1649 5270 1843 5328; x_wconf 65' lang='lat' dir='ltr'><strong>arcuq-</strong></span> 
     </span>
     <span class='ocr_line' id='line_1_102' title="bbox 261 5270 1844 5395; baseline 0.008 -27"><span class='ocrx_word' id='word_1_746' title='bbox 261 5331 420 5395; x_wconf 62' lang='grc' dir='ltr'><strong>σεῳς,</strong></span> <span class='ocrx_word' id='word_1_747' title='bbox 454 5319 750 5395; x_wconf 63' lang='grc' dir='ltr'><strong>γιγγόμςνᾳ</strong></span> <span class='ocrx_word' id='word_1_748' title='bbox 785 5320 878 5395; x_wconf 59' lang='lat' dir='ltr'><strong>ita).</strong></span> <span class='ocrx_word' id='word_1_749' title='bbox 909 5323 1112 5395; x_wconf 51' lang='grc' dir='ltr'><strong>γενητὰ</strong></span> <span class='ocrx_word' id='word_1_750' title='bbox 1146 5270 1337 5395; x_wconf 45' lang='lat' dir='ltr'><strong>ipim.</strong></span> <span class='ocrx_word' id='word_1_751' title='bbox 1382 5322 1471 5395; x_wconf 73' lang='grc' dir='ltr'><strong>Τῷ</strong></span> <span class='ocrx_word' id='word_1_752' title='bbox 1502 5270 1644 5378; x_wconf 49' lang='grc' dir='ltr'><strong>ἕζεαῦ</strong></span> <span class='ocrx_word' id='word_1_753' title='bbox 1689 5343 1844 5395; x_wconf 85' lang='grc' dir='ltr'>γενο-</span> 
     </span>
    </p>
   </div>
   <div class='ocr_carea' id='block_1_100' title="bbox 307 5377 1838 5464">
    <p class='ocr_par' dir='ltr' id='par_1_100' title="bbox 307 5377 1838 5464">
     <span class='ocr_line' id='line_1_103' title="bbox 307 5377 1838 5464; baseline 0.008 -25"><span class='ocrx_word' id='word_1_754' title='bbox 307 5377 630 5464; x_wconf 45' lang='lat' dir='ltr'><strong>epatris»);</strong></span> <span class='ocrx_word' id='word_1_755' title='bbox 655 5390 743 5442; x_wconf 89' lang='grc' dir='ltr'><strong>ὑπ’</strong></span> <span class='ocrx_word' id='word_1_756' title='bbox 763 5377 934 5464; x_wconf 52' lang='grc' dir='ltr'><strong>αἰτίοῦ</strong></span> <span class='ocrx_word' id='word_1_757' title='bbox 963 5377 1106 5464; x_wconf 64' lang='lat' dir='ltr'><strong>ttqu</strong></span> <span class='ocrx_word' id='word_1_758' title='bbox 1135 5377 1385 5464; x_wconf 56' lang='lat' dir='ltr'><strong>dvdyx&#39;qv</strong></span> <span class='ocrx_word' id='word_1_759' title='bbox 1407 5377 1546 5447; x_wconf 65' lang='lat' dir='ltr'><strong>slva:</strong></span> <span class='ocrx_word' id='word_1_760' title='bbox 1567 5377 1838 5463; x_wconf 56' lang='grc' dir='ltr'><strong>γένέᾶθᾷὶ.</strong></span> 
     </span>
    </p>
   </div>
   <div class='ocr_carea' id='block_1_101' title="bbox 307 5457 1837 5534">
    <p class='ocr_par' dir='ltr' id='par_1_101' title="bbox 307 5457 1837 5534">
     <span class='ocr_line' id='line_1_104' title="bbox 307 5457 1837 5534; baseline 0.008 -25"><span class='ocrx_word' id='word_1_761' title='bbox 307 5457 364 5534; x_wconf 59' lang='lat' dir='ltr'><strong>ev</strong></span> <span class='ocrx_word' id='word_1_762' title='bbox 395 5459 498 5534; x_wconf 60' lang='grc' dir='ltr'><strong>μὲν</strong></span> <span class='ocrx_word' id='word_1_763' title='bbox 516 5457 624 5534; x_wconf 27' lang='grc' dir='ltr'><strong>ίοῦκί</strong></span> <span class='ocrx_word' id='word_1_764' title='bbox 653 5460 883 5532; x_wconf 83' lang='grc' dir='ltr'><strong>ποιητὴν</strong></span> <span class='ocrx_word' id='word_1_765' title='bbox 901 5463 1018 5534; x_wconf 27' lang='grc' dir='ltr'><strong>,καὶ</strong></span> <span class='ocrx_word' id='word_1_766' title='bbox 1068 5457 1278 5534; x_wconf 79' lang='grc' dir='ltr'><strong>πατέρὰ</strong></span> <span class='ocrx_word' id='word_1_767' title='bbox 1308 5457 1461 5518; x_wconf 79' lang='grc' dir='ltr'><strong>τόὖδε</strong></span> <span class='ocrx_word' id='word_1_768' title='bbox 1492 5457 1591 5518; x_wconf 70' lang='grc' dir='ltr'>τοῦ</span> <span class='ocrx_word' id='word_1_769' title='bbox 1617 5467 1837 5534; x_wconf 77' lang='grc' dir='ltr'><strong>παντὸς,</strong></span> 
     </span>
    </p>
   </div>
   <div class='ocr_carea' id='block_1_102' title="bbox 262 5527 1843 5649">
    <p class='ocr_par' dir='ltr' id='par_1_102' title="bbox 262 5527 1843 5649">
     <span class='ocr_line' id='line_1_105' title="bbox 262 5527 1843 5649; baseline 0.008 -69"><span class='ocrx_word' id='word_1_770' title='bbox 262 5527 444 5649; x_wconf 54' lang='grc' dir='ltr'>ἱξρεῖν</span> <span class='ocrx_word' id='word_1_771' title='bbox 489 5547 550 5583; x_wconf 85' lang='grc' dir='ltr'><strong>τε</strong></span> <span class='ocrx_word' id='word_1_772' title='bbox 583 5527 792 5603; x_wconf 50' lang='grc' dir='ltr'>ἔργον)</span> <span class='ocrx_word' id='word_1_773' title='bbox 835 5527 928 5584; x_wconf 69' lang='lat' dir='ltr'><strong>ita).</strong></span> <span class='ocrx_word' id='word_1_774' title='bbox 954 5527 1316 5603; x_wconf 73' lang='grc' dir='ltr'><strong>εὑρόντα,ἐίς</strong></span> <span class='ocrx_word' id='word_1_775' title='bbox 1343 5535 1551 5600; x_wconf 79' lang='grc' dir='ltr'><strong>πάντας</strong></span> <span class='ocrx_word' id='word_1_776' title='bbox 1581 5527 1843 5593; x_wconf 51' lang='lat' dir='ltr'><strong>arma»</strong></span> 
     </span>
     <span class='ocr_line' id='line_1_106' title="bbox 324 5615 458 5649; baseline 0 0"><span class='ocrx_word' id='word_1_777' title='bbox 324 5615 458 5649; x_wconf 80' lang='grc' dir='ltr'><strong>γειν.</strong></span> 
     </span>
    </p>
   </div>
   <div class='ocr_carea' id='block_1_103' title="bbox 324 5615 458 5665">
    <p class='ocr_par' dir='ltr' id='par_1_103' title="bbox 324 5615 458 5665">
     <span class='ocr_line' id='line_1_107' title="bbox 324 5615 458 5665; baseline 0.007 -14"><span class='ocrx_word' id='word_1_778' title='bbox 324 5615 458 5665; x_wconf 62' lang='lat' dir='ltr'><strong>raw.</strong></span> 
     </span>
    </p>
   </div>
   <div class='ocr_carea' id='block_1_104' title="bbox 336 5669 1838 5750">
    <p class='ocr_par' dir='ltr' id='par_1_104' title="bbox 336 5669 1838 5750">
     <span class='ocr_line' id='line_1_108' title="bbox 336 5669 1838 5750; baseline 0.009 -29"><span class='ocrx_word' id='word_1_779' title='bbox 336 5669 448 5750; x_wconf 62' lang='lat'><strong>(64)</strong></span> <span class='ocrx_word' id='word_1_780' title='bbox 489 5670 549 5726; x_wconf 90' lang='lat' dir='ltr'><strong>Si</strong></span> <span class='ocrx_word' id='word_1_781' title='bbox 575 5688 717 5737; x_wconf 83' lang='lat' dir='ltr'><strong>vero,</strong></span> <span class='ocrx_word' id='word_1_782' title='bbox 747 5681 809 5750; x_wconf 75' lang='lat' dir='ltr'><strong>ut</strong></span> <span class='ocrx_word' id='word_1_783' title='bbox 842 5674 1168 5750; x_wconf 74' lang='lat' dir='ltr'><strong>aliis_visum</strong></span> <span class='ocrx_word' id='word_1_784' title='bbox 1194 5684 1294 5750; x_wconf 75' lang='lat' dir='ltr'><strong>est,</strong></span> <span class='ocrx_word' id='word_1_785' title='bbox 1321 5692 1477 5746; x_wconf 76' lang='lat' dir='ltr'><strong>super</strong></span> <span class='ocrx_word' id='word_1_786' title='bbox 1505 5695 1670 5750; x_wconf 70' lang='lat' dir='ltr'><strong>aqua:</strong></span> <span class='ocrx_word' id='word_1_787' title='bbox 1693 5681 1838 5749; x_wconf 77' lang='lat' dir='ltr'><strong>posi-</strong></span> 
     </span>
    </p>
   </div>
   <div class='ocr_carea' id='block_1_105' title="bbox 265 5742 1834 5821">
    <p class='ocr_par' dir='ltr' id='par_1_105' title="bbox 265 5742 1834 5821">
     <span class='ocr_line' id='line_1_109' title="bbox 265 5742 1834 5821; baseline 0.011 -29"><span class='ocrx_word' id='word_1_788' title='bbox 265 5744 321 5792; x_wconf 84' lang='lat' dir='ltr'><strong>ta</strong></span> <span class='ocrx_word' id='word_1_789' title='bbox 350 5742 576 5810; x_wconf 75' lang='lat' dir='ltr'><strong>spltwra,</strong></span> <span class='ocrx_word' id='word_1_790' title='bbox 607 5750 714 5801; x_wconf 89' lang='lat' dir='ltr'><strong>etc.</strong></span> <span class='ocrx_word' id='word_1_791' title='bbox 749 5743 934 5817; x_wconf 80' lang='lat' dir='ltr'><strong>Aquas</strong></span> <span class='ocrx_word' id='word_1_792' title='bbox 955 5745 1218 5821; x_wconf 88' lang='lat' dir='ltr'><strong>_intellige</strong></span> <span class='ocrx_word' id='word_1_793' title='bbox 1260 5742 1404 5807; x_wconf 79' lang='lat' dir='ltr'><strong>inter</strong></span> <span class='ocrx_word' id='word_1_794' title='bbox 1431 5742 1834 5810; x_wconf 75' lang='lat' dir='ltr'><strong>ﬁrmamentum</strong></span> 
     </span>
    </p>
   </div>
   <div class='ocr_carea' id='block_1_106' title="bbox 2023 4760 3518 4841">
    <p class='ocr_par' dir='ltr' id='par_1_106' title="bbox 2023 4760 3518 4841">
     <span class='ocr_line' id='line_1_110' title="bbox 2023 4760 3518 4841; baseline 0.003 -26"><span class='ocrx_word' id='word_1_795' title='bbox 2023 4760 2482 4841; x_wconf 44' lang='lat' dir='ltr'><strong>(65)_‘N_am_q_uod</strong></span> <span class='ocrx_word' id='word_1_796' title='bbox 2505 4763 2558 4841; x_wconf 57' lang='lat' dir='ltr'><strong>in</strong></span> <span class='ocrx_word' id='word_1_797' title='bbox 2593 4772 2732 4816; x_wconf 83' lang='lat' dir='ltr'><strong>terra</strong></span> <span class='ocrx_word' id='word_1_798' title='bbox 2764 4770 2961 4818; x_wconf 78' lang='lat' dir='ltr'><strong>montes</strong></span> <span class='ocrx_word' id='word_1_799' title='bbox 2984 4764 3218 4841; x_wconf 62' lang='grc' dir='ltr'><strong>επῖιηειβί,Δ</strong></span> <span class='ocrx_word' id='word_1_800' title='bbox 3229 4773 3334 4841; x_wconf 77' lang='lat' dir='ltr'><strong>etc.</strong></span> <span class='ocrx_word' id='word_1_801' title='bbox 3355 4766 3518 4841; x_wconf 54' lang='lat' dir='ltr'><strong>gita-</strong></span> 
     </span>
    </p>
   </div>
   <div class='ocr_carea' id='block_1_107' title="bbox 1947 4831 3519 4906">
    <p class='ocr_par' dir='ltr' id='par_1_107' title="bbox 1947 4831 3519 4906">
     <span class='ocr_line' id='line_1_111' title="bbox 1947 4831 3519 4906; baseline 0.005 -23"><span class='ocrx_word' id='word_1_802' title='bbox 1947 4837 2038 4906; x_wconf 86' lang='lat' dir='ltr'><strong>t_ur</strong></span> <span class='ocrx_word' id='word_1_803' title='bbox 2069 4846 2099 4906; x_wconf 81' lang='lat' dir='ltr'><strong>a</strong></span> <span class='ocrx_word' id='word_1_804' title='bbox 2133 4831 2298 4906; x_wconf 66' lang='lat' dir='ltr'><strong>Beda,</strong></span> <span class='ocrx_word' id='word_1_805' title='bbox 2333 4831 2471 4906; x_wconf 88' lang='lat' dir='ltr'><strong>libro</strong></span> <span class='ocrx_word' id='word_1_806' title='bbox 2505 4833 2796 4906; x_wconf 13' lang='lat' dir='ltr'><strong>Deinatura</strong></span> <span class='ocrx_word' id='word_1_807' title='bbox 2822 4852 3018 4900; x_wconf 83' lang='lat' dir='ltr'><strong>rerum,</strong></span> <span class='ocrx_word' id='word_1_808' title='bbox 3042 4851 3162 4906; x_wconf 92' lang='lat' dir='ltr'><strong>cap.</strong></span> <span class='ocrx_word' id='word_1_809' title='bbox 3191 4835 3283 4901; x_wconf 72' lang='grc'><strong>26,</strong></span> <span class='ocrx_word' id='word_1_810' title='bbox 3317 4838 3407 4892; x_wconf 90' lang='lat' dir='ltr'><strong>ubi</strong></span> <span class='ocrx_word' id='word_1_811' title='bbox 3439 4840 3519 4891; x_wconf 88' lang='lat' dir='ltr'><strong>vi-</strong></span> 
     </span>
    </p>
   </div>
   <div class='ocr_carea' id='block_1_108' title="bbox 1949 4901 2890 4961">
    <p class='ocr_par' dir='ltr' id='par_1_108' title="bbox 1949 4901 2890 4961">
     <span class='ocr_line' id='line_1_112' title="bbox 1949 4901 2890 4961; baseline 0.005 -7"><span class='ocrx_word' id='word_1_812' title='bbox 1949 4901 2140 4957; x_wconf 65' lang='lat' dir='ltr'><strong>denda:</strong></span> <span class='ocrx_word' id='word_1_813' title='bbox 2165 4901 2373 4958; x_wconf 66' lang='lat' dir='ltr'><strong>Glossaa</strong></span> <span class='ocrx_word' id='word_1_814' title='bbox 2403 4905 2593 4958; x_wconf 91' lang='lat' dir='ltr'><strong>incerti</strong></span> <span class='ocrx_word' id='word_1_815' title='bbox 2629 4906 2890 4961; x_wconf 89' lang='lat' dir='ltr'><strong>auctoris.</strong></span> 
     </span>
    </p>
   </div>
   <div class='ocr_carea' id='block_1_109' title="bbox 2021 4973 3514 5043">
    <p class='ocr_par' dir='ltr' id='par_1_109' title="bbox 2021 4973 3514 5043">
     <span class='ocr_line' id='line_1_113' title="bbox 2021 4973 3514 5043; baseline 0.008 -19"><span class='ocrx_word' id='word_1_816' title='bbox 2021 4973 2133 5043; x_wconf 88' lang='lat'><strong>(66)</strong></span> <span class='ocrx_word' id='word_1_817' title='bbox 2165 4974 2432 5031; x_wconf 79' lang='lat' dir='ltr'><strong>Pleiades.</strong></span> <span class='ocrx_word' id='word_1_818' title='bbox 2462 4975 2639 5029; x_wconf 76' lang='lat' dir='ltr'><strong>Elitio</strong></span> <span class='ocrx_word' id='word_1_819' title='bbox 2670 4976 3015 5042; x_wconf 82' lang='lat' dir='ltr'><strong>Basileensis,</strong></span> <span class='ocrx_word' id='word_1_820' title='bbox 3049 4986 3102 5033; x_wconf 90' lang='lat' dir='ltr'><strong>et</strong></span> <span class='ocrx_word' id='word_1_821' title='bbox 3130 4978 3251 5034; x_wconf 89' lang='lat' dir='ltr'><strong>libri</strong></span> <span class='ocrx_word' id='word_1_822' title='bbox 3278 4977 3340 5031; x_wconf 84' lang='lat' dir='ltr'><strong>R.</strong></span> <span class='ocrx_word' id='word_1_823' title='bbox 3374 4988 3428 5035; x_wconf 90' lang='lat' dir='ltr'><strong>et</strong></span> <span class='ocrx_word' id='word_1_824' title='bbox 3453 4980 3514 5036; x_wconf 88' lang='lat' dir='ltr'><strong>P.</strong></span> 
     </span>
    </p>
   </div>
   <div class='ocr_carea' id='block_1_110' title="bbox 1949 5041 3520 5122">
    <p class='ocr_par' dir='ltr' id='par_1_110' title="bbox 1949 5041 3520 5122">
     <span class='ocr_line' id='line_1_114' title="bbox 1949 5041 3520 5122; baseline 0.007 -27"><span class='ocrx_word' id='word_1_825' title='bbox 1949 5041 2193 5122; x_wconf 49' lang='lat' dir='ltr'><strong>Pliades.</strong></span> <span class='ocrx_word' id='word_1_826' title='bbox 2207 5046 2324 5122; x_wconf 77' lang='lat' dir='ltr'><strong>Qua</strong></span> <span class='ocrx_word' id='word_1_827' title='bbox 2353 5046 2420 5101; x_wconf 90' lang='lat' dir='ltr'><strong>de</strong></span> <span class='ocrx_word' id='word_1_828' title='bbox 2451 5046 2681 5122; x_wconf 78' lang='lat' dir='ltr'><strong>lectione</strong></span> <span class='ocrx_word' id='word_1_829' title='bbox 2705 5041 3158 5122; x_wconf 77' lang='lat' dir='ltr'><strong>in_EtymOIOgico</strong></span> <span class='ocrx_word' id='word_1_830' title='bbox 3189 5066 3290 5106; x_wconf 87' lang='lat' dir='ltr'><strong>suo</strong></span> <span class='ocrx_word' id='word_1_831' title='bbox 3314 5050 3520 5106; x_wconf 86' lang='lat' dir='ltr'><strong>doctis-</strong></span> 
     </span>
    </p>
   </div>
   <div class='ocr_carea' id='block_1_111' title="bbox 1947 5113 2850 5186">
    <p class='ocr_par' dir='ltr' id='par_1_111' title="bbox 1947 5113 2850 5186">
     <span class='ocr_line' id='line_1_115' title="bbox 1947 5113 2850 5186; baseline 0.002 -16"><span class='ocrx_word' id='word_1_832' title='bbox 1947 5114 2120 5186; x_wconf 87' lang='lat' dir='ltr'><strong>simus</strong></span> <span class='ocrx_word' id='word_1_833' title='bbox 2155 5113 2401 5186; x_wconf 77' lang='lat' dir='ltr'><strong>Vossius,</strong></span> <span class='ocrx_word' id='word_1_834' title='bbox 2430 5132 2562 5171; x_wconf 91' lang='lat' dir='ltr'><strong>voce</strong></span> <span class='ocrx_word' id='word_1_835' title='bbox 2595 5116 2850 5186; x_wconf 75' lang='lat' dir='ltr'><strong>Virgiliw.</strong></span> 
     </span>
    </p>
   </div>
   <div class='ocr_carea' id='block_1_112' title="bbox 2012 5185 3520 5259">
    <p class='ocr_par' dir='ltr' id='par_1_112' title="bbox 2012 5185 3520 5259">
     <span class='ocr_line' id='line_1_116' title="bbox 2012 5185 3520 5259; baseline 0.004 -21"><span class='ocrx_word' id='word_1_836' title='bbox 2012 5185 2125 5257; x_wconf 84' lang='lat'>(6‘7)</span> <span class='ocrx_word' id='word_1_837' title='bbox 2167 5185 2451 5240; x_wconf 85' lang='lat' dir='ltr'><strong>Terrenum</strong></span> <span class='ocrx_word' id='word_1_838' title='bbox 2493 5185 2880 5259; x_wconf 85' lang='lat' dir='ltr'><strong>quodammodo</strong></span> <span class='ocrx_word' id='word_1_839' title='bbox 2930 5187 3148 5245; x_wconf 81' lang='lat' dir='ltr'><strong>imbrem</strong></span> <span class='ocrx_word' id='word_1_840' title='bbox 3195 5190 3320 5246; x_wconf 86' lang='lat' dir='ltr'><strong>Nilo</strong></span> <span class='ocrx_word' id='word_1_841' title='bbox 3360 5192 3520 5245; x_wconf 58' lang='lat' dir='ltr'><strong>inunc</strong></span> 
     </span>
    </p>
   </div>
   <div class='ocr_carea' id='block_1_113' title="bbox 1941 5253 2434 5326">
    <p class='ocr_par' dir='ltr' id='par_1_113' title="bbox 1941 5253 2434 5326">
     <span class='ocr_line' id='line_1_117' title="bbox 1941 5253 2434 5326; baseline 0.008 -18"><span class='ocrx_word' id='word_1_842' title='bbox 1941 5253 2434 5326; x_wconf 49' lang='lat' dir='ltr'><strong>danle&#39;suscipiunt.</strong></span> 
     </span>
    </p>
   </div>
   <div class='ocr_carea' id='block_1_114' title="bbox 2057 5326 3132 5400">
    <p class='ocr_par' dir='ltr' id='par_1_114' title="bbox 2057 5326 3132 5400">
     <span class='ocr_line' id='line_1_118' title="bbox 2057 5326 3132 5400; baseline 0.004 -18"><span class='ocrx_word' id='word_1_843' title='bbox 2057 5367 2131 5400; x_wconf 91' lang='lat'><strong>._.</strong></span> <span class='ocrx_word' id='word_1_844' title='bbox 2176 5369 2190 5382; x_wconf 95' lang='lat'><strong>.</strong></span> <span class='ocrx_word' id='word_1_845' title='bbox 2237 5371 2250 5384; x_wconf 94' lang='lat'><strong>.</strong></span> <span class='ocrx_word' id='word_1_846' title='bbox 2295 5368 2309 5383; x_wconf 92' lang='lat'><strong>.</strong></span> <span class='ocrx_word' id='word_1_847' title='bbox 2353 5368 2370 5383; x_wconf 93' lang='lat'><strong>.</strong></span> <span class='ocrx_word' id='word_1_848' title='bbox 2412 5370 2424 5383; x_wconf 92' lang='lat'><strong>.</strong></span> <span class='ocrx_word' id='word_1_849' title='bbox 2452 5368 2483 5400; x_wconf 14' lang='grc' dir='ltr'><strong>γ.</strong></span> <span class='ocrx_word' id='word_1_850' title='bbox 2529 5369 2544 5385; x_wconf 95' lang='grc'><strong>.</strong></span> <span class='ocrx_word' id='word_1_851' title='bbox 2591 5369 2604 5383; x_wconf 94' lang='grc'><strong>.</strong></span> <span class='ocrx_word' id='word_1_852' title='bbox 2647 5326 2888 5400; x_wconf 75' lang='lat' dir='ltr'><strong>Cretaque</strong></span> <span class='ocrx_word' id='word_1_853' title='bbox 2919 5339 3132 5386; x_wconf 79' lang='lat' dir='ltr'><strong>vacante</strong></span> 
     </span>
    </p>
   </div>
   <div class='ocr_carea' id='block_1_115' title="bbox 2055 5397 3372 5472">
    <p class='ocr_par' dir='ltr' id='par_1_115' title="bbox 2055 5397 3372 5472">
     <span class='ocr_line' id='line_1_119' title="bbox 2055 5397 3372 5472; baseline 0.005 -22"><span class='ocrx_word' id='word_1_854' title='bbox 2055 5397 2376 5472; x_wconf 53' lang='lat' dir='ltr'><strong>fenestram</strong></span> <span class='ocrx_word' id='word_1_855' title='bbox 2405 5399 2638 5472; x_wconf 81' lang='lat' dir='ltr'><strong>pluviam</strong></span> <span class='ocrx_word' id='word_1_856' title='bbox 2667 5397 2897 5472; x_wconf 63' lang='lat' dir='ltr'><strong>(li/fusus</strong></span> <span class='ocrx_word' id='word_1_857' title='bbox 2925 5402 3147 5472; x_wconf 78' lang='lat' dir='ltr'><strong>porrigit</strong></span> <span class='ocrx_word' id='word_1_858' title='bbox 3178 5405 3372 5468; x_wconf 74' lang='lat' dir='ltr'><strong>omnis,</strong></span> 
     </span>
    </p>
   </div>
   <div class='ocr_carea' id='block_1_116' title="bbox 1944 5467 3520 5545">
    <p class='ocr_par' dir='ltr' id='par_1_116' title="bbox 1944 5467 3520 5545">
     <span class='ocr_line' id='line_1_120' title="bbox 1944 5467 3520 5545; baseline 0.003 -21"><span class='ocrx_word' id='word_1_859' title='bbox 1944 5468 2012 5524; x_wconf 91' lang='lat' dir='ltr'><strong>de</strong></span> <span class='ocrx_word' id='word_1_860' title='bbox 2042 5467 2164 5522; x_wconf 84' lang='lat' dir='ltr'><strong>Nilo</strong></span> <span class='ocrx_word' id='word_1_861' title='bbox 2189 5469 2433 5545; x_wconf 56' lang='lat' dir='ltr'><strong>Alcimus</strong></span> <span class='ocrx_word' id='word_1_862' title='bbox 2456 5470 2650 5545; x_wconf 87' lang='lat' dir='ltr'><strong>A_vitus</strong></span> <span class='ocrx_word' id='word_1_863' title='bbox 2668 5467 2981 5545; x_wconf 58' lang='lat' dir='ltr'><strong>Postumum</strong></span> <span class='ocrx_word' id='word_1_864' title='bbox 3012 5467 3102 5545; x_wconf 76' lang='lat' dir='ltr'><strong>lib.</strong></span> <span class='ocrx_word' id='word_1_865' title='bbox 3123 5491 3170 5541; x_wconf 77' lang='grc' dir='ltr'>ις</span> <span class='ocrx_word' id='word_1_866' title='bbox 3202 5473 3344 5545; x_wconf 80' lang='lat' dir='ltr'><strong>apud</strong></span> <span class='ocrx_word' id='word_1_867' title='bbox 3360 5467 3520 5545; x_wconf 43' lang='lat' dir='ltr'><strong>Crat:-</strong></span> 
     </span>
    </p>
   </div>
   <div class='ocr_carea' id='block_1_117' title="bbox 1943 5539 3519 5614">
    <p class='ocr_par' dir='ltr' id='par_1_117' title="bbox 1943 5539 3519 5614">
     <span class='ocr_line' id='line_1_121' title="bbox 1943 5539 3519 5614; baseline 0.002 -19"><span class='ocrx_word' id='word_1_868' title='bbox 1943 5555 2040 5614; x_wconf 83' lang='lat' dir='ltr'><strong>cos</strong></span> <span class='ocrx_word' id='word_1_869' title='bbox 2067 5555 2198 5614; x_wconf 65' lang='lat' dir='ltr'><strong>vero</strong></span> <span class='ocrx_word' id='word_1_870' title='bbox 2218 5539 2374 5614; x_wconf 81' lang='lat' dir='ltr'><strong>Philo</strong></span> <span class='ocrx_word' id='word_1_871' title='bbox 2398 5541 2620 5614; x_wconf 68' lang='lat' dir='ltr'><strong>Iudaeus</strong></span> <span class='ocrx_word' id='word_1_872' title='bbox 2649 5557 2666 5595; x_wconf 87' lang='grc' dir='ltr'><strong>ι</strong></span> <span class='ocrx_word' id='word_1_873' title='bbox 2689 5540 2774 5614; x_wconf 71' lang='grc' dir='ltr'><strong>ρο</strong></span> <span class='ocrx_word' id='word_1_874' title='bbox 2785 5541 2893 5596; x_wconf 79' lang='lat' dir='ltr'><strong>vita</strong></span> <span class='ocrx_word' id='word_1_875' title='bbox 2914 5542 3103 5614; x_wconf 70' lang='lat' dir='ltr'><strong>Moris,</strong></span> <span class='ocrx_word' id='word_1_876' title='bbox 3126 5539 3178 5614; x_wconf 41' lang='lat' dir='ltr'><strong>p&#39;.</strong></span> <span class='ocrx_word' id='word_1_877' title='bbox 3211 5539 3314 5600; x_wconf 70' lang='grc'><strong>6⁷54</strong></span> <span class='ocrx_word' id='word_1_878' title='bbox 3335 5564 3349 5600; x_wconf 91' lang='lat'><strong>:</strong></span> <span class='ocrx_word' id='word_1_879' title='bbox 3368 5543 3519 5599; x_wconf 69' lang='grc' dir='ltr'><strong>Ἐπεὶ</strong></span> 
     </span>
    </p>
   </div>
   <div class='ocr_carea' id='block_1_118' title="bbox 1941 5610 3519 5688">
    <p class='ocr_par' dir='ltr' id='par_1_118' title="bbox 1941 5610 3519 5688">
     <span class='ocr_line' id='line_1_122' title="bbox 1941 5610 3519 5688; baseline 0.004 -24"><span class='ocrx_word' id='word_1_880' title='bbox 1941 5611 2038 5664; x_wconf 76' lang='grc' dir='ltr'><strong>καὶ</strong></span> <span class='ocrx_word' id='word_1_881' title='bbox 2206 5611 2465 5688; x_wconf 36' lang='lat' dir='ltr'><strong>negaui;</strong></span> <span class='ocrx_word' id='word_1_882' title='bbox 2497 5611 2652 5688; x_wconf 63' lang='lat' dir='ltr'><strong>usrov</strong></span> <span class='ocrx_word' id='word_1_883' title='bbox 2681 5610 3144 5688; x_wconf 47' lang='lat' dir='ltr'><strong>ﬁvsyxevJQpo:</strong></span> <span class='ocrx_word' id='word_1_884' title='bbox 3167 5618 3230 5688; x_wconf 60' lang='lat' dir='ltr'><strong>sv</strong></span> <span class='ocrx_word' id='word_1_885' title='bbox 3260 5616 3519 5687; x_wconf 70' lang='grc' dir='ltr'><strong>Αἰγύπτῳ</strong></span> 
     </span>
    </p>
   </div>
   <div class='ocr_carea' id='block_1_119' title="bbox 1940 5680 3516 5760">
    <p class='ocr_par' dir='ltr' id='par_1_119' title="bbox 1940 5680 3516 5760">
     <span class='ocr_line' id='line_1_123' title="bbox 1940 5680 3516 5760; baseline 0.005 -26"><span class='ocrx_word' id='word_1_886' title='bbox 1940 5680 2574 5760; x_wconf 32' lang='grc' dir='ltr'><strong>ποτῆμδςμκαθᾟκξισςεον</strong></span> <span class='ocrx_word' id='word_1_887' title='bbox 2604 5680 2850 5760; x_wconf 57' lang='grc' dir='ltr'><strong>ξνιᾲυτᾲν</strong></span> <span class='ocrx_word' id='word_1_888' title='bbox 2872 5687 2991 5748; x_wconf 78' lang='grc' dir='ltr'><strong>ταῖς</strong></span> <span class='ocrx_word' id='word_1_889' title='bbox 3017 5680 3516 5760; x_wconf 44' lang='lat' dir='ltr'><strong>seditiosorum“;</strong></span> 
     </span>
    </p>
   </div>
   <div class='ocr_carea' id='block_1_120' title="bbox 1942 5751 3516 5832">
    <p class='ocr_par' dir='ltr' id='par_1_120' title="bbox 1942 5751 3516 5832">
     <span class='ocr_line' id='line_1_124' title="bbox 1942 5751 3516 5832; baseline 0.006 -28"><span class='ocrx_word' id='word_1_890' title='bbox 1942 5751 2148 5825; x_wconf 81' lang='grc' dir='ltr'>μυρῶν,</span> <span class='ocrx_word' id='word_1_891' title='bbox 2177 5755 2303 5812; x_wconf 72' lang='grc' dir='ltr'><strong>ὅταν</strong></span> <span class='ocrx_word' id='word_1_892' title='bbox 2333 5753 2534 5827; x_wconf 80' lang='grc' dir='ltr'><strong>ἀρδεύῃ</strong></span> <span class='ocrx_word' id='word_1_893' title='bbox 2560 5751 2658 5818; x_wconf 83' lang='grc' dir='ltr'><strong>τὰς</strong></span> <span class='ocrx_word' id='word_1_894' title='bbox 2689 5753 2956 5828; x_wconf 79' lang='grc' dir='ltr'><strong>ἀρούρας,</strong></span> <span class='ocrx_word' id='word_1_895' title='bbox 2988 5755 3042 5810; x_wconf 80' lang='grc' dir='ltr'><strong>τι</strong></span> <span class='ocrx_word' id='word_1_896' title='bbox 3075 5759 3259 5832; x_wconf 72' lang='grc' dir='ltr'>ἕτερον</span> <span class='ocrx_word' id='word_1_897' title='bbox 3293 5758 3328 5832; x_wconf 73' lang='grc' dir='ltr'>ἡ</span> <span class='ocrx_word' id='word_1_898' title='bbox 3362 5751 3516 5830; x_wconf 64' lang='grc' dir='ltr'><strong>ὐεὲός</strong></span> 
     </span>
    </p>
   </div>
  </div>
