4030 6342
316 321 444 378 5333

1478 315 2047 375 RECOGNITIONUM
2086 318 2213 374 LIB.
2253 318 2389 376 νιιι.

3402 327 3425 382 ἰ
3437 327 3536 383 586

308 441 387 492 vis
417 438 507 491 illa
538 434 793 507 spiritus.
828 448 948 505 qua
980 434 1159 489 inesse
1191 436 1349 504 aquis
1377 434 1505 489 data
1530 441 1615 490 est
1633 476 1647 497 ,
1681 441 1868 505 utpote
1896 434 1944 494 Α
1970 448 2133 506 opere
2157 444 2358 491 cuncta
2382 436 2518 493 efﬁci
2544 444 2600 491 et
2622 438 2874 493 universa
2903 450 3178 496 csnstare.
3212 440 3319 496 Sed
3349 445 3532 497 venia.

306 528 623 596 incorporea
658 533 1079 587 transcurrens,
1115 524 1184 578 ad
1221 525 1615 580 incrementum
1658 525 1867 580 semina

304 619 538 673 suscitat
565 624 618 673 et
644 618 1008 672 crescentium
1041 619 1254 689 species
1288 619 1506 674 format.
1564 618 1867 674 Ministerio

302 711 470 781 igitur
523 709 733 764 humidi
784 711 1075 775 elementi,
1130 713 1217 766 cui
1267 713 1448 767 vitalis
1505 712 1596 769 ille
1640 713 1866 782 spiritus

300 801 498 856 insitus
550 816 766 871 semper
800 812 854 856 et
888 802 1168 873 ingenitus
1212 811 1329 867 est,
1376 803 1615 859 efﬁcitur
1657 811 1718 858 ut
1755 819 1865 859 non

296 894 475 948 solum
527 902 842 964 reparetur.
894 895 990 950 sed
1036 904 1097 967 ut
1139 912 1235 966 per
1277 896 1460 952 omnia
1497 898 1696 954 similis
1736 914 1864 969 spe-

292 986 410 1041 cies
444 994 497 1041 et
536 986 709 1042 forma
747 988 835 1044 his
869 1006 990 1060 quae
1012 990 1161 1060 jacta
1204 991 1404 1047 fuerint
1431 991 1729 1048 seminibus
1749 988 1873 1047 ι’εά-

286 1085 395 1131 eat.
478 1080 613 1145 Quae
653 1084 793 1138 ratio
835 1084 926 1139 cui
966 1086 1050 1140 vel
1091 1085 1309 1141 brevem
1352 1101 1572 1141 sensum
1613 1090 1858 1153 babenti,

289 1184 386 1240 per
428 1170 863 1229 irrationabilem
905 1184 1188 1241 naturam,
1233 1185 1287 1232 et
1331 1193 1439 1231 non
1484 1194 1581 1249 per
1623 1179 1858 1235 divinam

289 1265 615 1335 sapientiam
649 1275 906 1324 constare
942 1269 1247 1326 videbitur?
1282 1269 1523 1340 Denique
1546 1271 1708 1325 etiam
1749 1272 1862 1327 hmo

287 1354 354 1408 ad
378 1355 802 1413 similitudinem
830 1358 1079 1415 humanae
1102 1361 1403 1416 nativitatis
1439 1361 1667 1417 formata
1692 1372 1855 1429 sunt;

286 1444 508 1501 videtur
553 1448 697 1503 enim
745 1456 897 1503 terra
942 1449 1120 1504 vulvae
1158 1449 1336 1505 locum
1375 1458 1596 1516 tenere,
1642 1453 1732 1507 cui
1775 1468 1861 1508 se-

284 1554 410 1593 men
474 1540 741 1610 injectum
800 1556 897 1611 per
949 1557 1105 1612 aqua’
1143 1549 1197 1598 et
1238 1544 1468 1612 spiritus
1517 1544 1663 1610 vim,
1719 1547 1861 1602 sicut

283 1642 453 1697 supra
498 1629 771 1692 diximus,
812 1635 869 1684 et
908 1628 1177 1683 formatur
1212 1638 1267 1685 et
1304 1631 1488 1686 alitur.

351 1718 571 1775 XXVII.
605 1718 709 1775 Sed
731 1729 783 1775 et
808 1720 862 1774 in
892 1720 994 1776 hoc
1017 1724 1333 1778 admiranda
1362 1732 1447 1779 est
1467 1723 1648 1779 divina
1668 1723 1861 1780 Provi-

277 1808 502 1876 dentia,
534 1813 679 1882 quod
728 1810 912 1869 videre
936 1830 1036 1868 nos
1068 1816 1286 1885 quidem
1315 1823 1368 1871 et
1406 1832 1701 1887 agnoscere
1731 1818 1858 1873 facit

274 1918 402 1972 quae
455 1902 628 1969 ﬁunt,
661 1919 770 1974 quo
813 1905 974 1959 modo
1017 1914 1196 1961 autem
1234 1915 1287 1962 et
1327 1910 1561 1977 qualiter
1608 1908 1770 1974 ﬁant,
1804 1912 1857 1963 in

277 2002 501 2049 secreto
537 1996 717 2065 posuit
746 2005 799 2050 et
822 1999 1037 2052 occulto
1057 2040 1071 2062 ,
1101 2008 1158 2052 ut
1184 2016 1289 2054 non
1335 2001 1571 2071 indignis
1604 2003 1669 2056 ad
1700 2004 1848 2073 agni-

278 2085 491 2141 tionem
522 2088 870 2157 subjareant,
902 2091 995 2145 sed
1022 2092 1203 2161 dignis
1225 2103 1278 2147 et
1309 2093 1558 2149 ﬁdelibus
1592 2111 1714 2148 cum
1748 2113 1861 2150 me-

275 2179 532 2246 ruerint,
566 2182 844 2252 pateﬁant.
871 2182 940 2238 Ut
965 2193 1145 2240 autem
1171 2187 1332 2243 rebus
1353 2189 1485 2257 ipsis
1515 2197 1569 2243 et
1597 2191 1858 2259 exemplis

277 2273 604 2342 probemus,
631 2275 764 2328 nihil
788 2276 1012 2330 omnino
1036 2293 1100 2332 ex
1125 2288 1338 2334 terrena
1371 2280 1668 2334 substantia
1691 2282 1858 2336 semi-

275 2366 445 2421 nibus
470 2365 611 2428 dari,
642 2366 736 2423 sed
763 2376 936 2422 totum
967 2385 1030 2423 ex
1068 2370 1338 2425 elemento
1373 2387 1527 2441 aqua
1554 2380 1607 2425 et
1633 2373 1857 2441 spiritus

272 2455 372 2525 qui
408 2456 554 2511 inest
577 2456 625 2511 ei
658 2457 859 2512 virtute
883 2466 1160 2518 constare,
1188 2475 1327 2529 ponc
1352 2460 1482 2512 mihi
1507 2461 1653 2515 verbi
1684 2463 1857 2530 gratia

272 2548 333 2602 in
375 2555 596 2604 cratere
644 2550 829 2620 aliquo
879 2551 1232 2619 amplissimae
1276 2551 1664 2621 magnitudinis
1707 2551 1856 2621 injici

270 2651 439 2695 terrae
471 2643 675 2697 talenta
707 2650 924 2698 centum
946 2683 961 2706 ,
995 2653 1047 2697 et
1074 2643 1415 2699 seminentur
1446 2648 1501 2699 in
1531 2661 1597 2700 eo
1627 2645 1857 2700 diversae

274 2738 501 2807 species
530 2739 799 2793 seminum
824 2737 908 2791 vel
934 2738 1142 2792 olerum
1174 2740 1255 2793 vel
1280 2738 1441 2792 etiam
1473 2740 1852 2809 virgultorum,

270 2828 362 2884 his
406 2830 716 2899 praebeatur
743 2829 808 2884 ad
838 2830 1123 2899 rigandum
1170 2847 1308 2900 aqua
1345 2830 1649 2897 sufficiens,
1681 2840 1734 2887 et
1760 2849 1855 2903 per

267 2936 455 2977 annos
489 2922 671 2992 plures
695 2922 957 2976 habeatur
986 2924 1088 2976 ista
1123 2922 1424 2994 diligentia,
1459 2934 1855 2995 congregentnr

267 3019 464 3067 autem
519 3014 724 3067 semina
771 3029 892 3083 qua:
934 3014 1160 3067 collecta
1208 3014 1440 3077 fuerint,
1486 3016 1635 3069 verbi
1679 3016 1851 3087 gratia

1967 542 2092 583 mus
2140 527 2351 593 adhuc,
2387 531 2433 584 si
2475 531 2725 595 videtur,
2753 532 2917 588 etiam
2954 531 3022 586 ad
3070 541 3342 599 nostram,
3369 535 3420 588 id
3451 542 3535 591 est

1966 621 2031 674 ad
2077 620 2313 678 hominis
2362 623 2761 687 subStantiam,
2808 626 2899 695 qui
2944 634 3028 680 est
3070 641 3277 695 parvus
3323 627 3375 681 in
3421 626 3531 682 alio

1964 710 2202 766 mundus
2247 710 2396 782 (76),
2428 718 2483 767 et
2511 712 2920 769 consideremus
2968 722 3171 786 quanta
3206 718 3278 771 sit
3320 717 3531 772 ratione

1963 809 2334 870 composnus;
2375 810 2429 856 et
2458 818 2523 856 ex
2565 803 2670 859 hoc
2715 805 2987 875 praecipue
3024 807 3348 876 sapientiam
3382 808 3529 862 Con-

1961 890 2158 946 ditoris
2208 891 2511 961 intelliges,
2543 893 2635 963 qui
2668 908 2791 948 cum
2825 908 2888 949 ex
2927 894 3160 951 diversis
3207 897 3530 954 substantiis

1961 990 2200 1043 constet,
2230 983 2284 1037 id
2318 993 2404 1039 est
2434 984 2653 1039 mortali
2687 994 2741 1039 et
2771 986 3096 1050 immortali,
3130 1003 3227 1056 per
3263 988 3526 1044 artiﬁcem

1959 1074 2354 1143 providentiam
2391 1075 2703 1132 Conditoris
2747 1078 3066 1134 societatem
3099 1079 3389 1135 diversitas
3415 1095 3527 1135 non

1958 1166 2242 1237 refugit,et
2264 1167 2481 1237 quidem
2500 1169 2659 1241 longe
2688 1185 2717 1224 a
2743 1186 2803 1225 se
2822 1172 3142 1228 substantiis
3169 1173 3291 1218 ⁸⁶-⁸⁷
3310 1173 3527 1246 [alienis

1958 1268 2015 1313 et
2042 1258 2319 1332 diversis].
2348 1260 2469 1314 Alia
2511 1277 2748 1333 namque
2783 1262 2850 1318 de
2891 1271 3037 1319 terra
3080 1266 3382 1321 assumitur
3414 1275 3469 1321 et
3494 1281 3526 1320 a

1948 1344 2243 1407 Conditore
2269 1351 2557 1417 formatur,
2590 1354 2697 1407 alia
2720 1369 2850 1409 vero
2872 1371 2937 1410 ex
2969 1356 3366 1413 immortalibus
3396 1359 3524 1415 sub-

1959 1444 2181 1500 stantiis
2220 1445 2419 1510 datur,
2451 1460 2551 1500 nec
2574 1453 2756 1502 tamen
2785 1448 2835 1502 ei
2866 1463 2964 1517 per
2988 1448 3365 1519 hujuscemodi
3395 1468 3527 1507 con-

1955 1535 2296 1606 iunctionem
2344 1537 2531 1591 honor
2556 1538 2987 1595 immortalitatis
3035 1541 3384 1614 infringitur,
3424 1560 3525 1599 nec

1961 1633 2019 1679 ut
2046 1624 2373 1696 quihusdam
2398 1627 2614 1684 videtur
2643 1626 2731 1701 [ex
2756 1630 3067 1686 rationabili
3096 1639 3152 1687 et
3179 1634 3518 1704 concupisci-

1961 1718 2055 1773 bili
2080 1727 2134 1774 et
2152 1719 2413 1776 irascibili
2434 1720 2707 1785 subsistit,
2732 1722 2827 1778 sed
2875 1718 3050 1791 magis
3085 1724 3267 1781 inesse
3300 1726 3349 1781 ei
3387 1726 3525 1781 tales

1963 1811 2183 1880 quidam
2202 1812 2475 1886 videntur]
2495 1813 2744 1876 affectus.
2758 1815 2958 1886 quibus
2975 1815 3042 1870 ad
3058 1817 3171 1872 haec
3192 1818 3401 1888 singula
3414 1835 3527 1874 mo.

1961 1902 2073 1955 veri
2109 1901 2301 1971 possit.
2325 1901 2459 1956 Nam
2480 1918 2680 1974 corpus
2703 1905 2845 1975 quod
2866 1921 2931 1960 ex
2954 1906 3171 1961 ossibus
3191 1914 3243 1961 ct
3268 1908 3521 1962 carnibus
3609 1937 3615 1943 *

1960 2003 2206 2055 constat.
2239 1995 2453 2049 initium
2488 1996 2657 2051 sumit
2682 2010 2748 2051 ex
2780 1998 2987 2052 semine
3014 1998 3149 2063 viri,
3180 1998 3321 2068 quod
3350 2013 3381 2053 e
3409 2016 3521 2054 me-

1958 2085 2123 2141 dullis
2153 2087 2304 2140 calor
2345 2088 2570 2143 eiiciens
2600 2089 2772 2144 vulvae
2811 2089 2968 2158 quasi
3012 2098 3170 2145 terra:
3208 2091 3518 2161 eonsignat,

1958 2178 2045 2233 cui
2068 2179 2339 2234 inhaerens
2368 2196 2435 2235 ex
2466 2180 2616 2237 fonte
2645 2183 2926 2252 sanguinis
2963 2183 3220 2252 paulatim
3248 2183 3479 2252 rigatuin
3500 2220 3515 2245 ,

1960 2270 2013 2322 in
2042 2284 2261 2326 carnem
2298 2281 2351 2325 et
2373 2286 2497 2327 ossa
2522 2272 2869 2342 producitur,
2899 2284 3059 2345 atque
3089 2275 3144 2329 in
3169 2275 3404 2344 speciem
3430 2288 3521 2328 auo

1957 2362 2127 2417 ctoris
2151 2362 2283 2427 jacti
2317 2363 2543 2418 seminis
2574 2363 2924 2420 reformatur.

2027 2451 2216 2507 XXIX.
2255 2452 2319 2505 Et
2355 2453 2479 2508 vide
2510 2454 2565 2508 in
2607 2454 2713 2509 hoc
2739 2452 2979 2511 Artiﬁcis
3024 2470 3164 2526 opus
3205 2456 3353 2525 (75).
3381 2473 3521 2526 ψευ-

1955 2546 2117 2600 modo
2160 2562 2288 2601 ossa
2328 2546 2475 2601 velut
2514 2546 2798 2603 columnas
2831 2548 3127 2618 quasdam,
3154 2548 3353 2619 quibus
3390 2563 3517 2603 caro

1954 2648 2296 2696 sustentetur
2316 2655 2380 2696 ac
2402 2648 2670 2712 portetur,
2688 2640 2933 2696 inseruit.
2955 2638 3093 2695 Tum
3117 2639 3313 2695 deinde
3336 2654 3519 2710 aequa-

1955 2733 2021 2788 lis
2051 2749 2117 2787 ex
2149 2741 2382 2803 utraque
2402 2742 2555 2803 parte
2575 2771 2591 2795 ,
2626 2731 2682 2787 id
2709 2740 2795 2787 est
2833 2731 3055 2787 dextera
3084 2738 3138 2786 et
3174 2733 3303 2787 lmva
3324 2772 3338 2796 ,
3366 2748 3517 2788 mea-

1953 2839 2077 2879 sura
2106 2832 2371 2887 servetur,
2406 2834 2463 2878 ut
2491 2834 2759 2894 congruat
2788 2840 2884 2894 pes
2915 2823 3064 2894 pedi,
3090 2833 3144 2879 et
3172 2840 3368 2879 manus
3398 2840 3517 2878 ma-

1953 2916 2083 2979 nui,
2118 2914 2270 2986 digiti
2316 2929 2532 2985 quoque
2571 2915 2758 2985 digitis
2781 2955 2797 2975 .
2826 2924 2887 2969 ut
2926 2914 3123 2985 singuli
3170 2914 3236 2968 ad
3272 2914 3515 2984 singulos

1952 3016 2062 3063 tota
2096 3009 2404 3079 aequalitate
2433 3008 2803 3074 concordent;
2830 3007 2920 3063 sed
2952 3015 3006 3063 et
3035 3007 3228 3062 oculus
3249 3010 3429 3071 oculo,
3461 3016 3510 3062 et

266 3102 542 3160 frumenti
574 3107 656 3160 vel
692 3106 882 3160 hordei
913 3107 1248 3176 aliarumque
1278 3108 1579 3175 specierum
1612 3123 1707 3177 per
1735 3109 1850 3162 sin-
1870 3121 1919 3184 α
1951 3100 2101 3155 auris
2130 3100 2278 3161 auri.
2316 3115 2438 3169 quae
2458 3114 2568 3154 ηοη
2596 3101 2772 3155 501nm
2813 3114 3052 3155 0005003
3083 3100 3186 3155 Sibi
3216 3108 3266 3153 οι
3290 3115 3515 3155 εοηοοτ’

262 3196 433 3269 gulos
480 3212 653 3249 annos
686 3196 945 3259 seorsim,
986 3197 1160 3250 donec
1208 3197 1639 3267 uniuscujusque
1683 3199 1851 3253 semi-

262 3286 357 3340 nis
401 3300 636 3340 acervus
672 3285 738 3339 ad
772 3293 989 3339 centum
1033 3287 1359 3340 talentorum
1403 3288 1614 3357 pondus
1656 3304 1851 3343 ascen-

190 3436 195 3441 _
262 3378 397 3441 dat,
427 3384 546 3431 tum
574 3377 738 3432 etiam
762 3378 985 3432 arbores
1018 3378 1219 3432 avulsae
1247 3379 1509 3434 radicitus
1540 3382 1851 3451 appendan-

261 3476 367 3525 tur
386 3510 401 3533 ,
430 3476 488 3524 et
519 3469 607 3523 his
628 3468 885 3523 omnibus
909 3485 973 3524 ex
1006 3479 1216 3524 cratere
1254 3473 1486 3540 sumptis
1514 3473 1850 3543 appendatur

257 3570 450 3626 terra,
496 3570 714 3616 centum
764 3577 861 3615 sua
906 3561 1260 3616 nihilominus
1310 3563 1509 3617 talenta
1565 3565 1715 3619 salva
1763 3582 1853 3621 re-

253 3654 493 3709 stituet.
529 3653 683 3708 Unde
730 3667 858 3722 ergo
910 3652 1156 3707 dicemus
1201 3667 1361 3708 omne
1413 3654 1547 3709 illud
1600 3658 1845 3726 pondus.

251 3759 608 3813 omnemque
639 3744 1000 3812 quantitatem
1023 3742 1291 3796 seminum
1319 3742 1656 3799 diversorum
1685 3755 1848 3816 atque

253 3838 538 3892 arborum
568 3835 912 3890 surrexisse?
938 3850 1118 3889 nonne
1148 3835 1428 3892 evidenter
1449 3848 1693 3908 apparet,
1718 3841 1847 3910 quia

250 3946 321 3984 ex
363 3928 579 3999 aquis?
615 3925 783 3982 Terra
826 3927 969 3981 enim
1019 3927 1163 3996 quod
1215 3943 1374 3982 suum
1413 3938 1531 3993 est,
1573 3932 1844 4002 integrum

258 4028 420 4076 tenet
446 4060 467 4081 ,
500 4033 639 4089 aqtta
664 4033 793 4072 vero
821 4033 944 4087 quae
970 4033 1065 4087 per
1096 4021 1303 4089 singula
1336 4021 1532 4090 injecta
1564 4033 1684 4090 est,
1709 4043 1847 4084 nus-

256 4127 434 4183 quam
486 4124 713 4181 prorsus
740 4114 858 4169 est,
886 4107 957 4161 ob
985 4116 1259 4176 potentem
1292 4110 1489 4168 divina:
1514 4116 1847 4175 conditionis

255 4206 566 4265 virtutem,
599 4216 722 4271 quae
754 4215 847 4269 per
883 4214 1049 4252 unam
1100 4215 1256 4271 aqua:
1300 4205 1535 4274 speciem
1569 4215 1843 4265 tantorum

254 4295 548 4350 seminum
579 4292 1047 4362 virgultorumque
1073 4300 1125 4347 et
1150 4294 1485 4351 substantias
1517 4310 1768 4369 reparat,
1792 4308 1846 4358 et

256 4387 492 4459 species
544 4384 777 4449 format,
808 4392 861 4438 et
902 4400 1074 4455 genus
1119 4384 1305 4441 fenore
1354 4388 1715 4459 multiplicato
1746 4410 1843 4450 cu-

258 4481 466 4535 stodit.

337 4569 583 4626 XXVIII.
616 4568 691 4622 Ex
726 4567 924 4638 quibus
951 4566 1205 4621 omnibus
1229 4568 1365 4624 satis
1394 4570 1714 4646 abundeque
1743 4596 1841 4650 pa-

260 4670 387 4715 tere
422 4666 588 4728 puto,
614 4655 809 4710 artiﬁci
838 4670 1000 4710 sensu
1024 4661 1076 4708 et
1100 4670 1208 4709 non
1236 4656 1595 4718 irrationabili
1631 4678 1837 4728 naturae

1952 3192 2170 3253 dantia.
2204 3191 2297 3248 sed
2339 3201 2391 3247 et
2426 3191 2620 3247 usibus
2660 3191 2986 3247 necessariis
3024 3200 3150 3261 apta
3189 3191 3511 3247 formantur.

1954 3284 2145 3339 Manus
2177 3285 2396 3355 quidem
2441 3292 2501 3338 ut
2551 3285 2701 3354 operi
2744 3284 3040 3340 commoda:
3085 3286 3229 3349 sint,
3258 3285 3422 3355 pedes
3456 3294 3515 3340 ut

1951 3377 2260 3445 gressibus,
2292 3375 2435 3430 oculi
2466 3382 2525 3429 ut
2552 3376 2762 3431 visibus
2811 3377 3049 3431 serviant
3097 3377 3511 3446 superciliorum

1951 3467 2199 3522 excubiis
2222 3466 2500 3529 custoditi,
2522 3481 2681 3522 aures
2709 3466 2773 3521 ad
2807 3466 3134 3522 audiendum
3168 3468 3239 3522 ita
3270 3470 3513 3524 formata:

1950 3567 2009 3613 ut
2039 3558 2290 3629 cymbalo
2331 3558 2539 3615 similes
2568 3560 2806 3629 suscepti
2838 3560 2985 3615 verbi
3014 3575 3391 3630 repercussum
3418 3578 3512 3617 so-

1950 3651 2121 3704 nitum
2158 3650 2321 3706 altius
2366 3649 2631 3715 reddant,
2669 3660 2724 3707 et
2760 3665 2932 3720 usque
2966 3651 3031 3705 ad
3062 3667 3281 3707 sensum
3330 3654 3512 3709 cordis

1949 3741 2229 3804 emittant,
2262 3741 2446 3812 lingua
2484 3749 2663 3798 autem
2701 3743 2768 3798 ad
2806 3743 3131 3814 loquendum
3165 3744 3302 3800 illisa
3330 3746 3510 3800 denti-

1948 3835 2052 3891 bus
2083 3835 2273 3905 plectri
2304 3834 2494 3891 reddat
2525 3834 2757 3891 oﬁicium
2778 3875 2793 3900 ,
2826 3836 2928 3907 ipsi
2959 3852 3088 3892 vero
3115 3837 3305 3893 dentes
3329 3838 3421 3893 alii
3452 3848 3510 3893 ut

1950 3929 2192 3984 incidant
2226 3937 2280 3985 et
2310 3928 2557 3984 dividant
2594 3929 2748 3984 cibos
2783 3936 2838 3985 et
2868 3930 3221 3986 interioribus
3258 3931 3507 3992 tradant.

1948 4020 2234 4078 interiores
2254 4038 2382 4077 vero
2404 4029 2463 4076 ut
2485 4023 2539 4077 in
2562 4022 2779 4077 modum
2801 4024 2958 4079 mola:
2979 4024 3271 4079 conﬁciant
3288 4032 3340 4080 et
3360 4041 3510 4080 com-

1948 4114 2216 4177 minuant,
2237 4131 2345 4185 quo
2366 4116 2729 4186 opportunius
2752 4116 3037 4171 stomacho
3056 4116 3239 4171 traditi
3267 4116 3509 4187 coquan—

1948 4217 2066 4271 tur,
2103 4209 2245 4263 unde
2268 4216 2318 4263 et
2351 4209 2586 4265 molares
2608 4208 2864 4280 appellati
2887 4216 3036 4263 sunt.

2017 4299 2185 4356 XXX.
2229 4300 2333 4356 Sed
2371 4309 2426 4357 et
2474 4317 2667 4361 nares.
2712 4301 3053 4357 commeandi
3105 4300 3265 4358 ﬁatus
3304 4308 3359 4356 et
3391 4300 3509 4356 red-

1947 4390 2114 4454 dendi
2144 4409 2207 4448 ac
2240 4393 2535 4464 recipiendi
2576 4393 2749 4463 gratia
2796 4393 2953 4448 facta:
2995 4401 3151 4455 sunt,
3185 4401 3244 4447 ut
3288 4393 3509 4448 innova.

1870 4459 1919 4520 θ
1944 4493 2093 4546 tione
2122 4459 2535 4560 spiritus'calor
2570 4459 2838 4540 naturalis
2866 4484 2959 4553 qui
2990 4486 3044 4539 in
3075 4484 3239 4539 corde
3274 4492 3392 4547 est,
3424 4484 3506 4537 vel

1945 4583 2167 4639 accendi
2206 4580 2289 4635 vel
2336 4575 2669 4647 refrigerari,
2698 4590 2822 4631 cum
2853 4591 2939 4631 res
2969 4575 3301 4646 poposcerit.
3339 4581 3503 4644 queat

1943 4673 2214 4746 pulmonis
2259 4667 2464 4733 ofﬁcio,
2522 4665 2614 4736 qui
2656 4665 2862 4734 pectori
2917 4665 3180 4720 inhaerere
3221 4665 3383 4725 datus
3421 4673 3507 4719 est

336 4797 469 4877 ’μιν
497 4794 627 4862 Quae
653 4794 972 4850 auctoritate
1003 4792 1126 4848 cod.
1149 4792 1521 4855 Parisinorum
1547 4807 1851 4865 vetustissin

1952 4828 2039 4867 um
2069 4811 2123 4865 in
2146 4816 2351 4866 textum
2382 4802 2776 4877 recepimus,in
2806 4805 2964 4859 uncis
2980 4803 3380 4860 eaincludenda
3409 4819 3505 4858 cu-

258 4868 543 4924 ravimus.

1568 5007 1931 5071 COTELERII
1970 5013 2203 5071 NOTE.

343 5137 462 5208 (74)
503 5137 702 5192 Parvus
721 5138 773 5190 iu
802 5139 912 5211 alio
938 5137 1364 5211 mundusﬁodcx
1389 5137 1838 5211 Candelerianus,

257 5210 440 5286 alius.
466 5209 944 5286 parv_t_tsnnuudus.
974 5208 1373 5286 Catmelitlcus,
1424 5212 1571 5286 alius
1593 5215 1648 5268 in
1681 5208 1841 5286 parvo

255 5277 526 5334 uitandus.
580 5277 779 5349 Eodem
811 5293 975 5349 sensu
1010 5298 1022 5332 :
1061 5277 1292 5347 Physici,
1328 5281 1499 5349 inquit
1531 5277 1839 5349 Macrobius

254 5350 364 5404 Iil).
406 5362 445 5401 tt
496 5349 565 5424 in_
602 5347 878 5424 Somnium
922 5348 1178 5424 Scipionis
1221 5366 1339 5424 cap.
1392 5347 1459 5406 I2
1502 5371 1513 5406 :
1558 5353 1838 5424 Mundam,

254 5434 522 5488 maguum
543 5417 823 5473 hominem.
847 5429 896 5473 et
921 5417 1198 5482 hominem,
1230 5417 1426 5475 brevem
1454 5424 1703 5480 mundum
1731 5417 1840 5483 esse

252 5490 544 5560 dixerunt.
572 5489 725 5556 Quod
768 5489 850 5543 sic
868 5504 1194 5560 expressum
1239 5500 1322 5545 est
1344 5506 1374 5544 a
1401 5491 1627 5550 Philone
1652 5494 1838 5553 Iudaeo

256 5561 418 5615 libro
479 5558 610 5626 Quis
641 5575 813 5613 rerum
842 5558 1141 5613 divinarum
1172 5559 1362 5621 heres.
1393 5577 1446 5626 ι).
1479 5564 1583 5620 502
1615 5584 1628 5620 :
1656 5567 1839 5621 Ἐναλ..

248 5632 576 5708 ξᾴτξογτες,
613 5626 815 5708 βρέιχὺν
854 5629 1184 5708 μὲνμόσρῖον
1209 5630 1301 5684 τὸν
1333 5626 1635 5708 ᾷκὶθρωξτον,
1671 5637 1842 5708 μέγαν

254 5702 320 5755 δὲ
356 5697 878 5773 ἄνθρωπᾲνέφὰσαξ)
931 5697 1021 5752 τὸν
1047 5697 1271 5773 Δκόσμον
1316 5697 1472 5756 εἶναί.
1506 5703 1581 5759 De
1623 5697 1842 5763 nomine

255 5768 642 5832 microcosmo,
673 5769 865 5823 minori
899 5768 1118 5834 mundo,
1143 5768 1329 5841 κόσμῳ
1365 5775 1610 5845 συντόμῳ
1638 5777 1839 5848 ubique

518 5866 787 5925 Parant.
829 5864 944 5925 Gtt.
1006 5865 1051 5925 I.

1939 5150 2105 5203 lczes.

1991 5165 2124 5287 8($755.)
2166 5215 2232 5272 Et
2260 5215 2373 5271 ride
2411 5217 2467 5287 in
2495 5218 2591 5272 hoc
2619 5218 2855 5287 artiﬁcis
2880 5234 3029 5285 opgts,
3061 5226 3171 5275 etc.
3202 5218 3393 5275 Totum
3425 5222 3507 5275 lo-

1943 5305 2065 5359 cum
2086 5286 2274 5359 Confer
2276 5286 2861 5359 cumﬂesponsionead
2882 5288 3357 5359 interrogationem
3378 5293 3502 5352 HO.

1939 5360 1994 5414 in
2028 5358 2245 5414 Caesarii
2276 5356 2554 5418 Dialogis':
2587 5372 2685 5412 nec
2720 5358 2996 5413 dubitabis
3036 5356 3281 5414 asserere
3322 5377 3351 5415 a
3388 5363 3505 5418 Ca»-

1944 5376 1994 5414 In
2028 5374 2245 5414 caesam
2279 5374 2429 5411 maio
2466 5374 2513 5411 IS
2542 5376 2554 5411 :
2587 5374 2685 5412 nec
2720 5374 2996 5413 aumtams
3036 5374 3281 5414 asserere
3322 5377 3351 5415 a
3388 5374 3503 5418 ua»-

1944 5430 2088 5485 sario
2136 5429 2229 5483 illo
2276 5374 2578 5497 suppiiatas
2638 5427 2806 5483 fuisse
2850 5426 3263 5498 ﬂecognitiones.
3328 5432 3503 5489 Minus

1942 5498 2225 5555 commode
2262 5496 2537 5553 ArnObius
2580 5499 2672 5552 lib.
2705 5512 2766 5552 tu
2802 5517 2815 5553 :
2849 5496 2996 5552 Nam
3036 5498 3161 5562 quid
3200 5502 3255 5554 in
3298 5501 3503 5559 homine

1944 5569 2219 5639 pulchrum
2245 5579 2344 5632 est,
2365 5566 2513 5639 quid,
2546 5585 2745 5638 quaso.
2769 5567 3104 5632 admirabile.
3123 5570 3202 5625 vel
3235 5570 3499 5632 decorum.

1949 5638 2054 5694 nisi
2080 5639 2216 5715 quod
2246 5648 2294 5692 et
2326 5638 2552 5715 veterino
2581 5639 2809 5715 (legunt
2851 5639 3057 5715 cliti-ina
3083 5656 3114 5695 e
3141 5657 3275 5697 mss.
3310 5643 3499 5715 Regio,
3537 5652 3542 5657 '

1947 5724 2069 5763 cum
2102 5710 2265 5765 etiam
2293 5709 2457 5763 scribi
2486 5709 2751 5781 potuisset
2777 5711 3023 5778 rerrino)
3061 5727 3175 5765 cum
3206 5709 3501 5781 pecore'na-

1947 5781 2055 5833 scio
2085 5782 2198 5849 quis
2226 5788 2413 5833 auctor
2437 5778 2599 5833 soluit
2624 5796 2733 5834 esse
2755 5785 3060 5836 tommune'

3036 5875 3110 5934 Ιώ
