4030 6342
629 258 763 317 1587

1475 255 1530 311 S.
1567 252 1961 309 CLEMENTIS
1994 252 2012 306 I
2052 252 2217 310 ROM.
2256 254 2454 312 ΡΟΝΤ.
2497 256 2723 313 OPERA
2758 256 2981 311 DUBIA.

3620 270 3718 327 I388

626 382 683 430 ut
712 373 939 429 mollitie
986 374 1069 429 sui
1100 372 1280 443 palpet
1305 378 1358 427 et
1392 370 1569 426 foveat
1598 372 1780 427 cordis
1824 372 2098 442 vigorem,
2127 374 2183 427 in
2212 380 2260 437 Α
2286 381 2341 430 et
2369 390 2539 445 quare
2570 384 2681 430 tam
2708 376 2906 431 tarde?
2951 372 3062 429 IIoc
3101 377 3269 446 possis
3305 378 3550 438 obtendere
3567 386 3721 445 etiamsi

622 482 733 537 quo
761 466 976 521 videtur
1004 464 1111 518 vita
1139 462 1459 527 consistere,
1493 461 1604 518 vita
1643 462 1767 517 dico
1791 502 1806 527 ,
1835 477 1946 516 non
1979 463 2182 517 anima.

622 557 757 611 Nam
785 557 915 628 quid
937 557 1114 612 dicam
1139 557 1207 613 de
1231 558 1539 614 substantia
1568 557 1849 629 sanguinis
1870 597 1884 622 ,
1918 557 2011 629 qui
2041 558 2187 613 velut

622 650 820 705 ﬂuvius
843 666 910 706 ex
944 648 1092 706 fonte
1137 651 1458 722 procedens,
1493 658 1546 706 et
1578 667 1688 705 uno
1731 650 1882 721 prius
1922 650 2075 705 alveo
2104 650 2187 705 in-

623 748 810 795 vectus
839 750 951 795 tum
979 741 1175 798 deinde
1203 758 1299 813 per
1327 742 1641 797 innumeras
1676 757 1842 796 venas
1861 782 1876 807 ,
1907 742 2063 811 quasi
2090 756 2187 810 per

623 845 780 885 areas
834 829 1143 895 derivatus,
1197 839 1367 886 totam
1417 832 1637 886 humani
1688 831 1936 901 corporis
1984 840 2186 887 terram

621 923 880 978 vitalibus
918 924 1059 993 rigat
1098 923 1350 990 liuentis,
1378 924 1583 994 jecoris
1613 939 1776 995 opere
1807 925 2183 992 ministratus,

622 1014 766 1083 quod
799 1016 867 1069 ad
900 1014 1193 1071 efﬁcaciam
1242 1016 1560 1087 digestionis
1608 1018 1888 1085 ciborum,
1931 1028 2094 1091 atque
2128 1023 2186 1076 in

621 1106 938 1176 sanguinem
986 1107 1367 1162 mutandorum
1400 1107 1457 1161 in
1504 1108 1698 1164 dextro
1737 1110 1905 1165 latere
1925 1110 2093 1179 jacet.
2126 1112 2187 1167 In

624 1199 847 1252 sinistro
885 1213 1012 1252 vero
1056 1199 1261 1269 splenis
1281 1207 1365 1254 est
1398 1200 1570 1265 locus,
1604 1203 1695 1270 qui
1720 1201 1935 1256 trahere
1955 1201 2023 1255 ad
2047 1217 2106 1257 se
2132 1211 2185 1258 et

623 1302 855 1358 purgare
883 1289 1284 1358 quodammodo
1315 1290 1507 1346 sordes
1539 1292 1825 1362 sanguinis
1852 1293 2046 1361 possit.

693 1381 884 1437 XXXI.
929 1382 1315 1437 Intestinorum
1364 1400 1582 1454 quoque
1629 1386 1769 1439 ratio
1817 1393 2021 1455 quanta
2070 1390 2182 1443 est!

624 1490 745 1544 quae
771 1474 977 1530 idcirco
1003 1476 1181 1545 longis
1228 1476 1458 1532 nexibus
1488 1477 1540 1530 in
1573 1476 1902 1533 circulorum
1935 1478 2186 1534 ordinata

624 1576 752 1622 sunt
803 1567 1061 1631 modum,
1111 1574 1169 1620 ut
1212 1576 1493 1637 susceptas
1556 1569 1889 1640 digestiones
1939 1571 2185 1626 ciborum

623 1660 882 1729 paulatim
928 1666 1181 1730 egerant,
1228 1676 1335 1730 quo
1380 1676 1555 1730 neque
1600 1661 1666 1715 ad
1708 1661 1948 1717 subitum
1994 1663 2184 1719 inanes

622 1752 858 1806 ciliciant
903 1753 1084 1817 locos,
1117 1759 1170 1807 et
1198 1752 1283 1806 his
1323 1753 1415 1823 qui
1462 1753 1799 1824 superadditi
1841 1754 2044 1810 fuerint
2075 1772 2187 1811 non

623 1844 988 1914 impediantur
1015 1845 1173 1900 cibis.
1207 1843 1535 1901 Membranze
1557 1855 1735 1902 autem
1768 1850 1821 1901 in
1850 1848 2071 1903 modum
2100 1850 2187 1904 id-

618 1918 773 1992 circo
820 1936 964 1991 facta
1008 1944 1172 2001 sunt,
1204 1944 1262 1989 ut
1292 1952 1356 1991 ex
1401 1937 1536 2007 ipsis
1583 1953 1646 1992 ea
1685 1953 1805 2009 quae
1847 1942 2186 1998 extrinsecus

623 2038 782 2093 sunt,
822 2027 1106 2082 humorem
1152 2027 1353 2082 sensim
1386 2028 1720 2098 suscipiant,
1754 2030 1847 2100 qui
1891 2046 2067 2101 neque
2094 2048 2188 2089 su-

622 2123 739 2178 hito
762 2119 967 2177 elIusus
993 2120 1301 2176 exinaniret
1330 2121 1562 2186 interna,
1591 2139 1768 2193 neque
1790 2124 2044 2180 densiore
2064 2135 2188 2182 cute

625 2214 968 2287 prohibitus,
1020 2214 1171 2269 arida
1220 2230 1340 2284 quae
1378 2216 1718 2271 extrinsecus
1762 2217 2029 2272 habentur
2071 2219 2186 2273 eiii-

624 2315 805 2372 ceret,
833 2315 887 2363 et
916 2314 1081 2362 totam
1104 2306 1344 2362 hominis
1391 2306 1651 2363 fabricam
1697 2309 1818 2366 sitis
1862 2312 2188 2368 necessitate

623 2400 890 2455 turbaret.

692 2491 905 2547 XXXII.
947 2492 1117 2548 Porro
1146 2509 1273 2549 vero
1303 2492 1533 2549 feminea
1565 2496 1782 2565 positio,
1809 2505 1863 2552 et
1894 2498 2064 2554 vulva:
2112 2499 2190 2555 si-

625 2602 731 2643 nus
762 2586 828 2641 ad
856 2585 1226 2656 recipiendum
1257 2602 1478 2657 germen
1506 2594 1559 2642 et
1587 2588 1983 2650 confovendum
2013 2593 2187 2647 vivifi-

625 2680 966 2749 candumque
1016 2677 1514 2742 commodissimus,
1568 2694 1728 2747 quem
1757 2694 1867 2735 non
1892 2682 2102 2737 ratione
2132 2691 2187 2739 et

562 2808 571 2815 κ
623 2770 911 2843 prudentia
933 2768 1119 2825 effecta
1148 2784 1270 2824 esse
1297 2785 1418 2839 quae
1440 2768 1579 2824 facta
1605 2780 1753 2833 sunt,
1780 2772 2025 2836 suadeat,
2042 2775 2188 2845 quod

626 2864 681 2918 in
710 2878 775 2917 ea
805 2856 981 2917 solum
1035 2868 1187 2930 parte
1235 2861 1604 2915 membrorum
1631 2876 1662 2915 a
1693 2862 1836 2917 virili
1894 2867 2073 2935 specie
2110 2866 2189 2923 fe-

626 2956 774 3010 mina
804 2954 1095 3023 diserepat,
1145 2967 1251 3022 qua
1301 2955 1593 3022 posteritas
1640 2964 1757 3010 sata
1809 2957 2105 3027 suscipitur
2136 2969 2189 3014 et

628 3047 862 3109 fovetur,
894 3053 946 3101 et
977 3060 1169 3101 rursus
1221 3046 1393 3100 virilis
1444 3045 1663 3101 habitus
1692 3062 1755 3101 ea
1811 3051 2187 3105 tantummodo

627 3141 997 3195 membrorum
1052 3146 1202 3208 parte
1234 3138 1571 3202 immutatur,
1626 3154 1731 3208 qua
1760 3139 1808 3195 ei
1858 3141 1941 3197 vis
1973 3143 2187 3197 serendi

628 3244 682 3291 et
715 3232 1010 3305 generandi
1064 3232 1300 3286 hominis
1328 3232 1501 3286 inest?
1538 3231 1603 3284 Et
1651 3233 1706 3286 in
1761 3232 1863 3288 hoc
1932 3249 2188 3304 magnum

627 3329 846 3398 quidem
876 3323 1247 3381 testimonium
1298 3322 1655 3381 Providentiae
1697 3324 1879 3388 datur,
1903 3341 1970 3380 ex
1999 3342 2189 3384 neces-

626 3419 775 3474 saria
803 3418 1121 3474 diversitate
1150 3416 1540 3481 membrorum,
1572 3417 1666 3472 sed
1692 3416 1764 3472 ibi
1788 3419 1982 3485 majus,
2018 3420 2109 3475 ubi
2132 3422 2188 3477 in

624 3512 849 3567 habitus
901 3509 1277 3577 similitudine,
1331 3526 1467 3566 usus
1504 3509 1793 3567 diversitas
1823 3519 1877 3567 et
1902 3511 2061 3567 otIicii
2093 3529 2189 3572 va-

626 3604 797 3659 rietas
824 3603 1117 3658 invenitur.
1178 3600 1313 3656 Nam
1346 3602 1598 3656 mamilla:
1636 3603 1769 3658 viris
1789 3618 1941 3674 teque
1964 3613 2092 3660 sunt
2124 3622 2188 3662 ac

629 3695 868 3759 feminis,
899 3694 993 3750 sed
1024 3693 1347 3749 feminarum
1392 3694 1521 3749 sola:
1560 3702 1689 3748 sunt
1724 3710 1843 3764 quae
1882 3696 2039 3753 lactis
2068 3715 2189 3752 mu-

622 3805 758 3845 nere
782 3788 1079 3858 replentur,
1134 3793 1194 3841 ut
1248 3786 1430 3842 statim
1458 3787 1549 3841 ubi
1595 3788 1902 3857 genuerint,
1933 3800 2057 3861 apta
2083 3791 2188 3847 sibi

625 3881 890 3951 parvulus
911 3879 1149 3935 inveniat
1175 3879 1531 3933 nutrimenta.
1555 3876 1707 3944 Quod
1735 3880 1952 3949 si,tanta
1978 3883 2189 3939 ratione

625 3973 878 4029 videmus
909 3972 964 4025 in
993 3970 1213 4025 homine
1247 3969 1490 4024 membra
1536 3969 1817 4041 disposita,
1853 3973 1993 4027 utin
2029 3982 2187 4031 caete-

624 4065 706 4119 ris
735 4062 988 4118 omnibus
1037 4062 1232 4117 similis
1286 4059 1505 4116 habitus
1559 4061 1826 4127 videatur,
1858 4063 1915 4117 in
1943 4063 2028 4118 his
2062 4075 2186 4119 tan-

628 4155 909 4209 tummodo
935 4153 1267 4222 discrepent,
1323 4152 1380 4207 in
1425 4153 1623 4223 quibus
1660 4170 1791 4211 usus
1820 4155 2187 4212 diversitatem

627 4244 878 4316 requirit,
936 4252 990 4299 et
1030 4259 1205 4313 neque
1256 4244 1311 4297 in
1332 4244 1452 4298 viro
1485 4244 1689 4315 aliquid
1732 4245 2062 4315 superfluum
2094 4255 2187 4303 aut

626 4352 813 4407 egens,
846 4351 1020 4406 neque
1047 4336 1103 4390 in
1164 4335 1364 4390 femina
1413 4336 1558 4405 quod
1618 4338 1757 4391 desit
1784 4339 2077 4405 .videamus
2103 4342 2187 4397 vel

2286 476 2413 523 ante
2441 468 2618 524 factus
2645 467 2877 536 fuisset;
2931 468 3137 523 diceres
3165 470 3323 533 enim,
3348 470 3446 526 Cur
3471 490 3556 529 non
3582 488 3621 531 et
3639 495 3723 538 ante

2284 560 2428 616 hoc?
2454 573 2507 617 et
2533 561 2605 615 ita
2637 563 2904 617 immensa
2949 562 3146 617 sazeula
3187 565 3533 623 transcendens
3572 586 3722 643 semper

2287 652 2465 722 possis
2493 654 2795 723 requirere,
2854 667 2953 709 cur
2991 666 3103 708 non‘
3129 661 3181 710 et
3213 662 3329 710 ante
3352 655 3474 712 hoc?
3514 658 3597 715 Sed
3617 666 3724 721 nobis

2287 760 2434 800 nunc
2461 760 2641 802 sermo
2668 760 2776 800 non
2807 746 2874 801 de
2891 760 2956 800 eo
2981 753 3065 801 est
3120 744 3237 817 [cur
3270 763 3367 802 non
3395 749 3455 803 sit
3483 762 3583 808 ante
3605 754 3724 812 factus

2286 851 2447 907 quam
2486 836 2662 894 factus
2691 836 2823 909 est],
2857 836 2953 893 sed
2984 837 3029 893 si
3054 838 3270 893 omnino
3298 840 3549 897 factusest.
3570 843 3613 898 Si
3630 849 3725 901 enim

2285 924 2488 981 factum
2518 935 2754 993 constat,
2787 928 3099 990 necessario
3128 931 3351 1000 potentis
3376 939 3423 986 et
3466 937 3624 988 summi
3645 940 3728 990 arti-

2287 1016 2403 1072 ficis
2425 1033 2561 1089 opus
2591 1026 2712 1088 est;
2745 1019 2891 1090 quod
2924 1021 2971 1075 si
3004 1028 3236 1085 constat,
3272 1023 3468 1093 quando
3486 1040 3587 1079 eum
3612 1027 3728 1085 facere

2287 1108 2540 1175 voluerit,
2603 1111 2866 1182 sapientis
2911 1113 3136 1169 artiﬁcis
3167 1114 3382 1168 arbitrio
3411 1115 3730 1188 judicioquere—

2287 1199 2639 1272 linquendum
2681 1212 2784 1259 est.
2848 1203 2966 1260 Nisi
2993 1205 3239 1260 videatur
3277 1206 3367 1261 tibi
3398 1209 3548 1264 omnis
3577 1209 3659 1265 hac
3677 1229 3730 1267 sa-

2287 1292 2528 1362 pientia,
2605 1311 2726 1364 quae
2796 1304 2907 1350 tam
2963 1297 3252 1352 immanem
3296 1299 3466 1353 mundi
3514 1302 3727 1358 machinam

2288 1385 2507 1450 struxit,
2529 1394 2583 1439 et
2618 1387 2852 1457 singulis
2882 1388 3193 1460 quibusque
3235 1390 3389 1445 rebus
3409 1391 3577 1448 formas
3598 1404 3635 1448 et
3649 1411 3731 1465 spe-

2287 1476 2398 1532 cies
2427 1477 2595 1543 dedit,
2622 1494 2855 1549 quarum
2888 1480 3136 1535 habitum
3168 1498 3274 1536 non
3303 1482 3473 1538 decori
3496 1486 3630 1538 solum
3651 1501 3731 1541 con-

2286 1568 2613 1636 venientem,
2647 1570 2742 1626 sed
2772 1580 2825 1626 et
2871 1569 3072 1627 futuris
3097 1574 3285 1630 usibus
3314 1576 3733 1645 aptissimumetne-

2289 1662 2587 1715 cessarium
2619 1671 2864 1732 poneret,
2896 1664 3001 1720 hoc
3021 1681 3141 1720 eam
3173 1667 3340 1722 solum
3364 1666 3647 1739 fugerit,un
3662 1677 3731 1722 tam

2289 1753 2589 1825 magnifica:
2621 1755 2954 1816 conditionis
2984 1766 3343 1828 Opportunum
3368 1767 3550 1830 tempus
3576 1777 3734 1816 assume-

2288 1855 2389 1903 ret.
2421 1848 2513 1903 Est
2536 1849 2678 1919 apud
2710 1849 2861 1903 illum
2916 1850 3164 1920 profecto
3194 1860 3339 1906 certa
3391 1854 3528 1919 ratio,
3552 1854 3732 1907 sunteri-

2287 1938 2478 1994 dentes
2503 1954 2707 2003 causae,
2723 1954 2822 1993 cur
2839 1946 2893 1993 et
2916 1940 3138 2009 quando
3164 1947 3217 1995 et
3239 1941 3456 2011 qualiter
3481 1940 3734 1995 feceritmuu-

2286 2031 2436 2095 dum,
2470 2047 2606 2101 quas
2632 2031 2967 2099 hominibus,
2998 2033 3198 2103 quibus
3234 2033 3341 2087 haec
3363 2049 3469 2103 quae
3495 2042 3592 2088 ante
3610 2034 3733 2087 oculos

2285 2124 2459 2194 posita
2490 2132 2620 2179 sunt
2652 2135 2705 2180 et
2725 2131 2791 2181 de
2829 2126 2948 2196 ejus
2977 2124 3318 2195 providentia
3344 2132 3663 2189 contestantur,
3683 2125 3735 2178 in-

2286 2216 2503 2287 quirere
2560 2224 2614 2272 et
2659 2217 2961 2290 intelligere
2995 2218 3211 2290 pigrum
3262 2217 3381 2281 fuit,
3411 2218 3574 2288 aperiri
3613 2220 3733 2289 utique

2285 2323 2395 2363 non
2424 2308 2698 2377 oportuit;
2741 2326 2862 2380 qua:
2911 2310 3057 2366 enim
3121 2311 3179 2365 in
3234 2310 3437 2366 occulto
3485 2310 3735 2365 habenturct

2287 2399 2430 2455 intra
2464 2401 2745 2471 sapientiae
2772 2419 2987 2468 sensus,
3016 2403 3168 2457 velut
3198 2402 3336 2456 intra
3367 2402 3522 2472 regios
3538 2402 3734 2456 thesauros

2286 2491 2568 2547 recondita
2598 2501 2745 2559 sunt,
2773 2494 2977 2549 nemini
3034 2500 3246 2564 patent,
3282 2493 3381 2547 nisi
3410 2492 3482 2548 his
3514 2492 3585 2563 qui
3613 2492 3736 2547 abillo

2286 2584 2596 2652 didicerint,
2631 2586 2775 2657 apud
2806 2602 2967 2658 quem
3008 2589 3226 2658 signata
3258 2594 3381 2643 sunt
3424 2586 3519 2640 hac
3560 2594 3599 2639 et
3632 2600 3736 2654 repo-

2288 2677 2413 2733 sita.
2440 2676 2582 2734 Deus
2610 2692 2741 2749 ergo
2769 2690 2849 2734 est
2898 2679 2990 2750 qui
3052 2679 3183 2734 fecit
3212 2680 3409 2744 omnia,
3452 2687 3496 2733 et
3533 2678 3617 2749 ipse
3640 2694 3659 2730 a
3680 2694 3738 2732 ne-

2288 2769 2436 2824 mine
2462 2768 2640 2825 factus
2668 2780 2772 2826 est.
2805 2769 2907 2836 Qui
2933 2778 3115 2825 autem
3144 2779 3392 2825 naturam
3418 2786 3499 2841 pro
3517 2769 3597 2823 Deo
3619 2769 3736 2823 nomi-

2288 2870 2440 2925 nant,
2471 2872 2525 2916 et
2554 2877 2648 2933 per
2702 2869 2953 2917 naturam
2984 2861 3134 2917 facta
3182 2879 3306 2920 esse
3333 2871 3504 2919 cuncta
3533 2870 3733 2918 testantur.

2288 2953 2421 3008 latet
2440 2970 2534 3011 eos
2569 2956 2951 3026 appellationis
2980 2971 3095 3010 sua:
3118 2971 3297 3011 error.
3336 2954 3390 3010 Si
3423 2956 3530 3011 enim
3554 2962 3733 3006 naturam

2290 3044 2716 3101 irrationabilem
2749 3054 2962 3116 putant,
2988 3046 3376 3102 staltissimum
3420 3055 3487 3102 est
3524 3041 3739 3098 rationabi-

2290 3140 2393 3194 lem
2425 3138 2690 3194 facturam
2720 3139 2790 3194 ab
2838 3140 3205 3195 irrationabili
3252 3137 3449 3195 factore
3480 3134 3676 3209 progredi.
3698 3131 3738 3186 Si

2288 3246 2419 3286 vero
2446 3230 2587 3285 ratio
2608 3236 2713 3295 est,
2746 3230 2800 3285 id
2833 3237 2918 3285 est
2958 3230 3138 3302 logos,
3176 3247 3274 3302 per
3297 3247 3447 3302 quam
3471 3228 3579 3283 facta
3594 3231 3741 3280 constat

2288 3322 2563 3385 universa,
2589 3320 2861 3392 superfluo
2890 3337 3090 3377 nomen
3119 3323 3424 3387 immutant,
3447 3322 3523 3376 ubi
3548 3316 3741 3374 deCondi-

2287 3414 2425 3469 toris
2452 3413 2658 3468 ratione
2686 3412 3024 3483 profitentur.
3058 3414 3142 3470 Ad
3172 3416 3289 3473 haec
3313 3416 3357 3473 si
3384 3414 3498 3486 quid
3516 3412 3653 3474 habes,
3670 3406 3744 3461 PI-

2291 3512 2391 3569 ter,
2418 3520 2768 3576 prosequere.

2356 3597 2572 3653 XXXV.
2646 3597 2772 3653 Hzec
2831 3614 2954 3654 cum
3002 3597 3198 3655 Niceta
3252 3599 3498 3660 dixisset,
3545 3608 3667 3650 senex
3699 3590 3746 3642 ita

2288 3687 2597 3759 respondit:
2631 3687 2715 3744 Tu
2773 3689 3015 3760 quidem,
3058 3691 3158 3756 fili,
3218 3692 3492 3761 prudenter
3534 3696 3575 3742 et
3607 3682 3748 3737 forti'et

2288 3788 2611 3851 prosecutus
2640 3796 2719 3845 es,
2784 3782 2839 3835 in
2886 3789 3100 3835 tantum
3136 3791 3196 3836 ut
3239 3782 3427 3838 melius
3452 3766 3543 3835 dici
3565 3790 3682 3849 posse
3707 3772 3750 3827 de

2288 3871 2634 3928 Providentia
2687 3889 2796 3927 non
2854 3883 3059 3944 putem.
3118 3874 3227 3930 Sed
3283 3876 3517 3945 quoniam
3565 3865 3749 3935 horajam

2288 3966 2456 4021 multa
2482 3973 2586 4028 est,
2644 3966 2888 4021 crastino
2947 3966 3015 4021 ad
3071 3967 3191 4022 haec
3231 3983 3348 4038 quae
3398 3972 3659 4037 prosecutus
3696 3973 3749 4019 es.

2287 4059 2619 4128 respondere
2662 4060 2841 4135 aliqua
2878 4060 3020 4124 volo,
3077 4061 3148 4116 de
3176 4062 3375 4129 quibus
3398 4060 3439 4116 si
3460 4056 3571 4112 mihi
3602 4048 3751 4109 satisfe-

2288 4151 2431 4207 ceris
2451 4152 2637 4222 gratiae
2668 4167 2755 4207 me
2800 4150 2971 4207 fateor
2994 4153 3322 4210 debitorem.
3355 4152 3415 4207 Et
3444 4151 3517 4207 his
3540 4165 3564 4204 a
3586 4160 3683 4202 sene
3699 4141 3753 4197 di-

2288 4244 2411 4308 ctis,
2440 4244 2676 4299 surrexit
2722 4242 2936 4299 Petrus.
2997 4245 3236 4310 Quidam
3290 4261 3411 4302 vero
3435 4260 3493 4299 ex
3530 4236 3752 4295 astantibus

2288 4334 2702 4391 Laodicensium
2732 4336 2941 4407 primus
2964 4338 3195 4407 rogabat
3218 4337 3432 4394 Petrum
3452 4344 3498 4392 et
3517 4349 3619 4399 nos,
3636 4338 3681 4384 ut
3698 4340 3752 4381 se-

624 4427 774 4497 quod
806 4427 1063 4494 abundet,
1116 4428 1240 4497 quis
1291 4442 1356 4481 ex
1406 4426 1492 4482 his
1535 4430 1788 4484 omnibus
1832 4446 1941 4484 non
1971 4432 2190 4488 eviden-
2219 4445 2265 4500 ι)
2290 4426 2375 4482 nis
2403 4427 2716 4503 indumenta
2746 4444 2866 4499 qua:
2922 4424 3399 4485 habebatsordida
3429 4437 3477 4484 et
3517 4427 3655 4482 scissa
3675 4432 3752 4473 Inu-

628 4528 712 4573 ter
754 4525 1013 4590 agnoscat
1060 4517 1288 4573 rationis
1346 4533 1485 4590 opus
1524 4527 1577 4574 et
1619 4522 1939 4592 sapientiam
1982 4524 2186 4579 Condi-

626 4611 813 4666 toris!

700 4701 935 4758 XXXIII.
995 4702 1093 4760 His
1146 4705 1469 4777 astipulatur
1522 4706 1683 4761 etiam
1734 4710 2189 4764 cazterorumani-

628 4794 854 4849 malium
881 4796 1224 4853 rationabilis
1248 4798 1556 4861 diversitas,
1593 4805 1645 4853 et
1666 4814 1766 4855 suo
1784 4801 2036 4870 quodque
2064 4802 2187 4857 usui

630 4888 1041 4959 ministerioque
1100 4891 1447 4947 conveniens.
1505 4890 1631 4947 Ilaec
1686 4899 1915 4947 testatur
1940 4900 1993 4947 et
2022 4894 2185 4947 arbo-

629 4994 748 5031 rum
786 4978 1021 5033 varietas
1068 4978 1471 5051 herbarumque
1523 4980 1832 5046 diversitas,
1867 4968 1979 5037 tam
2007 4984 2188 5053 specie

630 5070 835 5124 variata
884 5087 1047 5141 quam
1098 5073 1299 5129 succis.
1356 5072 1479 5128 Haec
1527 5076 1722 5130 asserit
1773 5086 1825 5130 et
1862 5078 2189 5146 permutatio

629 5174 933 5234 temporum
994 5165 1048 5218 in
1093 5174 1324 5234 quatuor
1372 5166 1629 5221 distincta
1678 5168 2102 5233 vicissitudines,
2136 5179 2189 5224 et

628 5256 795 5310 certis
826 5255 997 5318 horis,
1051 5254 1263 5320 diebus,
1322 5257 1625 5322 mensibus,
1688 5273 1889 5312 annum
1949 5260 2187 5313 circulus

627 5347 907 5412 claudens,
929 5356 982 5403 et
1005 5365 1072 5404 ne
1099 5365 1258 5403 unam
1275 5350 1489 5419 quidem
1512 5350 1698 5406 horam
1722 5359 1935 5407 statuta:
1962 5352 2187 5407 rationis

628 5443 929 5508 excedens;
970 5442 1109 5496 hinc
1150 5442 1383 5512 denique
1433 5444 1594 5498 etiam
1620 5444 1805 5497 mundi
1842 5446 2011 5515 ipsius
2033 5452 2185 5507 tetas,

630 5544 777 5590 certa
806 5543 860 5591 et
890 5535 1069 5592 stabili
1100 5536 1330 5600 ratione,
1360 5547 1622 5608 concepto
1662 5552 1924 5592 annorum
1961 5551 2187 5599 numero

629 5636 899 5687 censetur.
1324 5650 1329 5654 ‘

702 5721 935 5775 XXXIV.
993 5722 1093 5776 Sed
1127 5724 1295 5787 dices,
1332 5723 1562 5789 Quando
1596 5725 1829 5780 mundus
1881 5724 2055 5779 factus
2080 5729 2183 5787 est,

2290 4525 2464 4585 taret;
2489 4534 2646 4589 quem
2672 4517 2866 4574 Petrus
2889 4526 2943 4574 et
2970 4533 3073 4574 nos
3122 4520 3378 4591 amplexi,
3399 4527 3449 4575 et
3472 4513 3753 4573 collaudantes

2288 4625 2387 4680 pro
2412 4610 2640 4665 honesta
2685 4618 2740 4666 et
2769 4612 2973 4682 optima
3009 4612 3291 4669 voluntate
3344 4628 3456 4677 sua,
3482 4610 3750 4664 dicebamus:

2288 4702 2426 4768 Quia
2455 4717 2554 4757 nec
2584 4718 2684 4758 nos
2728 4703 2801 4757 ita
2833 4703 3155 4774 insipientes
3179 4721 3369 4761 sumus
3395 4715 3443 4760 et
3471 4700 3615 4772 impii,
3636 4704 3679 4752 ut
3699 4693 3754 4748 cui

2287 4800 2397 4847 tam
2434 4796 2670 4864 pretiosa
2706 4795 2866 4849 verba
2903 4795 3305 4861 concredimus,
3334 4812 3437 4850 non
3473 4794 3616 4847 multo
3638 4783 3754 4854 magis

2287 4889 2449 4943 etiam
2483 4888 2598 4943 hate
2634 4905 2756 4959 quae
2778 4888 2845 4943 ad
2872 4905 3006 4945 usus
3030 4906 3331 4962 corporeos
3381 4896 3497 4946 sunt
3528 4878 3755 4942 necessaria

2287 4980 2649 5051 praebeamus,
2675 4996 2796 5051 qua:
2824 4997 2949 5036 eum
2980 4990 3035 5037 et
3062 4982 3305 5039 libenter
3332 4986 3661 5049 suscepturum
3679 4982 3756 5023 cre-

2287 5073 2490 5137 dimus,
2514 5083 2773 5143 tanquam
2803 5087 2833 5126 a
2856 5074 2981 5130 liliis
3005 5082 3240 5144 patrem,
3262 5074 3432 5146 sedet
3457 5078 3628 5126 tectum
3650 5060 3756 5117 nobis

2286 5174 2340 5222 et
2365 5167 2529 5221 vitam
2569 5181 2908 5221 communem
2966 5166 3083 5221 fore
3110 5167 3405 5221 credimus.
3446 5162 3557 5216 Haec
3578 5173 3674 5212 cum
3693 5166 3755 5205 nos

2288 5258 2619 5323 diceremus,
2651 5266 2705 5315 et
2734 5259 2824 5313 ille
2855 5258 3151 5329 primarius
3182 5259 3419 5313 civitatis
3468 5268 3647 5311 summa
3669 5248 3704 5301 vi
3724 5251 3757 5298 et

2286 5350 2685 5406 blandimentis
2707 5350 2954 5421 plurimis
3010 5351 3244 5406 avellere
3271 5366 3300 5403 a
3327 5349 3476 5404 nobis
3502 5349 3679 5415 cuperet
3701 5349 3753 5389 εδ*

2287 5459 2435 5507 nem,
2467 5460 2569 5498 nos
2606 5459 2732 5497 vero
2761 5457 2827 5498 eo
2854 5442 3229 5503 vehementius
3263 5443 3611 5499 retineremus,
3635 5426 3756 5487 omnis

2285 5538 2520 5608 populus
2543 5536 2861 5591 acclamavit
2892 5544 2950 5589 ut
2998 5534 3126 5590 illud
3183 5536 3357 5604 magis
3388 5534 3491 5599 ﬁat,
3538 5526 3653 5601 quod
3687 5518 3753 5589 ilisi

2288 5631 2463 5698 placet
2491 5631 2639 5694 seni;
2675 5636 2727 5683 et
2757 5644 2878 5682 cum
2912 5628 3185 5683 silentium
3219 5628 3415 5682 factum
3440 5626 3623 5683 fuisset,
3642 5624 3754 5671 seu“

2283 5723 2594 5791 iuramento
2622 5722 2909 5792 prtcvenit,
2942 5720 3167 5778 dicens:
3228 5720 3397 5776 Hodie
3441 5715 3564 5788 apud
3604 5707 3753 5767 nullum
