4030 6342
346 373 365 425 I
377 368 479 425 389

1506 362 2064 419 RECOCNITIONUM
2101 362 2230 419 LIB.
2273 361 2405 417 VIII.

3444 363 3464 414 I
3479 360 3580 414 59η

339 482 569 539 manebo
585 495 761 550 neque
784 480 851 534 ab
870 480 1052 550 aliquo
1074 480 1372 550 quidquam
1398 480 1716 551 suscipiam.
1744 482 1819 535 uti
1846 497 1913 537 ne
1943 488 1987 542 Α
2016 496 2157 535 mam
2188 478 2499 549 possidens,
2532 493 2630 532 cur
2652 479 2705 531 in
2739 479 2954 532 occulto
2985 478 3120 533 lates
3148 485 3202 533 et
3250 477 3579 533 verecundia

337 576 564 630 alterius
619 570 836 625 dilectio
884 572 1109 627 alterius
1160 573 1382 627 tristitia
1442 573 1561 639 ﬁat;
1613 575 1727 629 hmc
1756 576 1899 630 enim

335 664 675 736 postmodum
707 664 752 719 si
773 666 952 719 visum
983 664 1167 728 fuerit,
1200 665 1313 719 fieri
1344 679 1591 735 possunt.

405 754 641 811 XXXVI.
674 754 738 809 Et
772 771 896 810 eum
955 757 1068 811 haec
1097 758 1323 813 dixisset
1376 774 1562 823 senex,
1602 759 1797 817 Petrus
1829 764 1903 817 ait

330 851 399 904 ad
428 849 743 919 primarium
777 848 1013 902 civitatis
1042 869 1054 903 :
1111 848 1379 916 Quoniam
1412 852 1583 905 nostri
1614 854 1901 922 praesentia

330 942 527 996 bonam
553 940 893 995 voluntatem
922 949 1071 993 tuam
1106 942 1414 1005 ostendisti,
1450 943 1661 998 tristem
1710 950 1765 998 te
1791 961 1899 1000 non

326 1040 539 1101 oportet
566 1032 878 1097 abscedere,
919 1033 1014 1087 sed
1060 1035 1393 1103 accipiemus
1448 1036 1544 1091 abs
1588 1044 1641 1091 te
1668 1040 1897 1108 gratiam

324 1137 425 1193 pro
444 1122 641 1192 gratia,
672 1125 890 1178 domum
922 1134 1068 1180 tuam
1101 1128 1258 1183 nobis
1306 1129 1549 1193 ostende,
1582 1140 1633 1185 et
1657 1148 1899 1202 praepara

322 1230 442 1268 eam
478 1222 543 1268 ut
571 1218 814 1270 crastino
846 1216 1144 1287 disputatio
1174 1236 1293 1289 quae
1322 1220 1502 1275 futura
1551 1232 1633 1277 est
1682 1224 1757 1277 ibi
1808 1224 1901 1277 ha-

322 1306 539 1370 beatur,
568 1313 622 1361 et
669 1306 713 1361 si
747 1307 839 1377 qui
862 1310 1052 1363 volunt
1083 1310 1277 1366 adesse
1307 1313 1373 1365 ad
1406 1312 1741 1368 audiendum
1773 1331 1897 1385 per-

320 1397 634 1452 mittantur.
668 1397 798 1464 Qum
820 1415 943 1453 cum
976 1402 1220 1457 audisset
1248 1404 1458 1473 primus
1481 1405 1719 1460 civitatis
1742 1407 1897 1461 valde

322 1488 548 1556 gavisus
568 1499 671 1553 est,
701 1489 794 1545 sed
827 1498 880 1546 et
908 1493 1086 1548 omnis
1142 1495 1373 1564 populus
1408 1495 1639 1551 libenter
1665 1497 1893 1553 audivit.

318 1578 571 1649 Cumque
600 1580 985 1638 discessissent
1016 1585 1206 1650 turbae,
1262 1586 1480 1642 domum
1532 1604 1685 1645 suam
1710 1601 1895 1646 osten-

316 1671 437 1738 dit;
463 1673 743 1728 discedere
762 1681 940 1728 autem
967 1660 1019 1729 et
1050 1692 1215 1731 senex
1238 1680 1422 1748 coepit.
1450 1678 1562 1750 Ego
1591 1689 1770 1736 tamen
1800 1684 1893 1736 uni

314 1780 383 1819 ex
410 1765 755 1835 pedissequis
784 1767 921 1821 meis
953 1769 1214 1839 imperavi
1248 1771 1387 1825 clam
1441 1774 1698 1843 subsequi
1729 1777 1894 1830 vesti-

315 1859 468 1925 gium
524 1858 703 1921 senis,
758 1866 812 1912 et
862 1859 1073 1916 discere
1112 1862 1202 1916 ubi
1252 1873 1515 1919 maneret.
1566 1865 1677 1922 Nos
1711 1875 1891 1921 autem

314 1962 443 2000 cum
486 1948 818 2005 redissemus
846 1952 910 2004 ad
944 1952 1238 2022 hospitium
1264 1995 1277 2018 ,
1311 1958 1685 2011 enarravimus
1712 1959 1892 2012 omnia

317 2038 586 2095 fratribus
612 2056 731 2109 quae
756 2043 914 2097 nobis
943 2060 1065 2097 cum
1096 2062 1227 2101 sene
1255 2046 1439 2101 habita
1468 2057 1617 2114 sunt,
1642 2059 1696 2105 et
1722 2052 1798 2104 ita
1827 2067 1892 2105 ex

313 2145 471 2185 more
495 2132 617 2185 cibo
644 2142 860 2203 sumpto
890 2136 1273 2205 requievimus.

387 2221 654 2279 XXXVII.
686 2223 784 2280 Die
820 2236 999 2282 autem
1030 2239 1244 2298 postera
1290 2229 1484 2287 Petrus
1529 2241 1740 2289 mature
1768 2252 1891 2289 sur—

313 2328 454 2382 gens
478 2316 767 2371 suscitavit
792 2334 911 2383 nos,
941 2328 994 2374 et
1015 2323 1353 2390 perreximus
1379 2324 1583 2394 pariter
1612 2326 1678 2380 ad
1712 2328 1889 2382 locum

313 2418 613 2470 secretum,
666 2408 722 2462 in
772 2425 879 2479 quo
914 2418 969 2465 et
1010 2412 1184 2483 pridie
1211 2416 1476 2472 orationis
1515 2432 1681 2472 causa
1708 2419 1883 2473 fuera-

313 2510 474 2564 mus;
501 2507 665 2568 atque
687 2500 812 2556 inde
835 2510 959 2572 post
988 2505 1290 2560 orationem
1322 2506 1451 2561 dum
1482 2509 1794 2565 veniremus
1822 2511 1889 2565 ad

311 2590 669 2644 constitutam
691 2590 933 2659 domum,
956 2594 1010 2649 in
1036 2597 1228 2652 itinere
1255 2599 1508 2653 monebat
1532 2615 1653 2666 nos,
1676 2601 1885 2658 dicens:

312 2682 524 2739 Audite
573 2700 680 2750 me,
713 2687 963 2742 conservi
1020 2688 1387 2754 dilectissimi,
1439 2690 1641 2746 bonum
1692 2702 1775 2747 est
1830 2705 1889 2747 ut

312 2774 702 2844 unusquisque
720 2784 965 2833 vestrum
995 2781 1295 2835 secundum
1321 2783 1464 2851 quod
1491 2790 1691 2853 potest,
1715 2786 1888 2855 prosit

312 2866 713 2923 accedentibus
763 2869 832 2923 ad
886 2871 1043 2925 Iidem
1086 2872 1364 2943 religionis
1405 2881 1625 2944 nostrae,
1681 2885 1735 2930 ct
1765 2876 1887 2932 ideo

308 2972 422 3011 non
451 2972 553 3013 vos
607 2960 786 3031 pigeat
823 2964 1120 3018 secundum
1171 2965 1523 3035 sapientiam,
1576 2982 1697 3037 quae
1733 2969 1886 3024 vobis

307 3066 409 3121 per
468 3051 563 3107 Dei
622 3054 1021 3123 providentiam
1092 3056 1289 3110 collata
1354 3066 1438 3112 est
1507 3057 1882 3125 disserentes,

2008 570 2359 642 contegeris?
2384 569 2579 625 accede
2604 570 2711 624 huc
2742 572 2936 640 magis,
2969 576 3023 624 et
3051 583 3170 638 qua:
3205 569 3299 623 tibi
3327 568 3583 624 videntur

2003 678 2314 733 exsequere.

2087 754 2329 812 XXXIX.
2356 754 2459 809 Ubi
2481 755 2594 809 hzec
2625 754 2762 809 dixit
2810 753 3025 817 Petrus,
3068 754 3247 807 statim
3294 752 3468 806 turba‘
3497 753 3581 806 lo-

2003 864 2128 903 cum
2168 849 2301 903 dare
2337 857 2623 919 cmperunt
2653 847 2794 903 seni.
2839 847 3083 916 Cumque
3128 846 3473 914 accessisset,
3501 846 3583 900 ita

2003 940 2203 1011 coapit:
2247 939 2447 993 Eorum
2469 955 2589 1009 qua:
2611 940 2698 994 die
2723 939 2983 994 hesterno
3032 946 3358 1007 prosecutus
3380 945 3465 992 est
3486 938 3579 1007 ju-

2004 1033 2183 1097 venis,
2209 1033 2426 1086 etiamsi
2452 1033 2617 1087 verba
2651 1047 2760 1086 non
2789 1030 3033 1094 memini,
3063 1046 3281 1085 sensum
3309 1038 3489 1084 tamen
3523 1041 3576 1085 et

2000 1125 2244 1179 ordinem
2272 1134 2451 1188 teneo,
2513 1131 2567 1179 et
2608 1124 2731 1179 ideo
2764 1123 3135 1177 necessarium
3172 1131 3303 1192 puto
3354 1130 3577 1192 propter

1999 1231 2094 1271 eos
2123 1217 2216 1286 qui
2246 1217 2503 1270 hesterno
2560 1232 2668 1269 non
2733 1214 3049 1281 adfuerunt,
3107 1213 3574 1283 anacephalaaosin

2001 1309 2181 1363 facere
2206 1324 2394 1362 eorum
2431 1324 2551 1378 quae
2606 1308 2754 1362 dicta
2814 1315 2964 1372 sunt,
2997 1316 3050 1362 et
3101 1307 3344 1361 breviter
3372 1314 3573 1360 cuncta

2000 1408 2264 1470 repetere,
2306 1411 2366 1455 ut
2392 1402 2604 1455 etiamsi
2638 1416 2723 1455 me
2751 1400 2956 1471 aliquid
2989 1398 3259 1469 effugerit,
3291 1399 3359 1452 ab
3389 1412 3455 1452 eo
3478 1398 3572 1466 qui

2000 1502 2321 1564 prosecutus
2362 1501 2446 1547 est
2480 1500 2748 1563 praasente
2793 1506 3161 1546 commonear.
3194 1489 3294 1543 Hic
3317 1504 3446 1559 ergo
3470 1488 3573 1543 fuit

1999 1586 2267 1640 hesterna:
2296 1585 2683 1656 disputationis
2724 1600 2939 1647 sensus,
2962 1582 3104 1653 quod
3140 1582 3320 1636 omnia
3345 1596 3465 1651 qua:
3490 1582 3573 1633 vi-

1998 1677 2215 1741 dentur,
2254 1679 2515 1748 quoniam
2546 1685 2698 1730 certa
2751 1691 3009 1730 mensura
3040 1682 3092 1729 et
3136 1682 3252 1729 arte
3288 1672 3571 1743 formaque

1998 1786 2061 1824 ac
2090 1770 2273 1841 specie
2306 1777 2582 1833 constant,
2638 1769 2755 1824 sine
2786 1768 2954 1823 dubio
2984 1783 3013 1820 a
3067 1768 3312 1836 sapiente
3367 1766 3571 1820 virtute

1998 1862 2141 1915 facta
2173 1877 2295 1916 esse
2324 1860 2619 1932 [credenda
2650 1867 2814 1926 sunt;
2854 1858 3081 1929 quodsi
3134 1872 3289 1912 mens
3345 1866 3397 1912 et
3428 1858 3570 1910 ratio

1995 1962 2079 2010 est
2116 1969 2237 2024 quze
2272 1954 2385 2007 haec
2417 1954 2679 2015 condidit,
2702 1964 3043 2020 consequens
3068 1948 3211 2020 esse]
3250 1955 3308 2001 ut
3337 1949 3569 2003 rationis

1996 2047 2170 2117 ipsius
2225 2046 2565 2116 providentia
2618 2044 2852 2098 mundus
2890 2049 3129 2112 regatur,
3167 2040 3383 2095 etiamsi
3408 2040 3567 2094 nobis

1995 2154 2059 2191 ea
2089 2154 2209 2208 quae
2232 2146 2495 2209 geruntur
2548 2138 2603 2191 in
2651 2136 2871 2201 mundo,
2928 2135 3108 2189 minus
3139 2142 3285 2188 recte
3343 2132 3456 2203 geri
3485 2133 3565 2186 vi-

1995 2230 2245 2284 deantur.
2284 2229 2654 2299 Consequitur
2686 2236 2886 2291 autem,
2920 2234 2977 2280 ut
3006 2226 3051 2281 si
3083 2232 3298 2279 creator
3322 2224 3566 2279 omnium

1994 2319 2137 2375 Deus
2170 2331 2255 2376 est
2285 2336 2347 2375 ac
2376 2336 2553 2385 mens,
2582 2320 2653 2375 sit
2675 2320 2839 2374 etiam
2864 2320 3084 2388 justus;
3132 2317 3276 2388 quod
3307 2317 3355 2371 si
3380 2317 3566 2386 justus

1992 2417 2097 2475 est,
2150 2411 2465 2466 necessario
2490 2410 2731 2480 judicat;
2759 2410 2804 2463 si
2847 2409 3081 2478 judicat,
3116 2423 3339 2463 necesse
3372 2418 3455 2463 est
3506 2418 3566 2461 ut

1992 2501 2239 2557 homines
2265 2504 2331 2558 de
2347 2504 2463 2559 suis
2494 2503 2708 2558 actibus
2734 2502 3078 2570 judicentur;
3104 2508 3157 2555 et
3187 2500 3231 2554 si
3256 2500 3323 2554 de
3351 2500 3566 2553 actibus

1991 2593 2107 2648 suis
2139 2595 2521 2664 unusquisque
2567 2594 2869 2663 judicatur,
2910 2594 3015 2647 erit
3048 2607 3177 2662 ergo
3221 2591 3565 2661 interjustos

1989 2693 2388 2754 ctpcccatores
2437 2684 2646 2753 justum
2681 2683 3009 2753 quandoque
3063 2682 3379 2736 discrimen.
3438 2679 3565 2736 Haec

1990 2777 2113 2844 fuit,
2141 2784 2200 2831 ut
2227 2777 2442 2846 opinor,
2479 2777 2648 2831 totius
2690 2776 2841 2830 verbi
2873 2775 3227 2830 continentia.

2058 2867 2169 2924 XL.
2204 2868 2260 2922 Si
2297 2883 2426 2939 ergo
2450 2867 2663 2924 ostendi
2698 2876 2884 2938 potest
2929 2868 3074 2937 quod
3111 2883 3263 2935 mens
3301 2882 3366 2921 ac
3422 2867 3564 2921 ratio

1987 2972 2183 3019 cuncta
2210 2964 2535 3028 condiderit,
2591 2978 2934 3034 consequens
2989 2970 3074 3017 est
3135 2973 3189 3016 et
3225 2978 3287 3016 ea
3329 2977 3450 3031 qua:
3478 2977 3565 3015 se-

1987 3067 2233 3126 quuntur
2263 3058 2476 3112 ratione
2507 3064 2560 3111 et
2585 3057 2925 3125 providentia
2942 3057 3073 3127 geri.
3109 3054 3166 3109 Si
3200 3071 3330 3111 vero
3369 3063 3562 3109 natura

306 3143 590 3198 instruere
620 3144 841 3213 ignaros
871 3154 924 3200 et
953 3146 1168 3210 docere,
1197 3149 1270 3202 ita
1324 3157 1504 3204 tamen
1544 3160 1604 3205 ut
1631 3153 1713 3207 his
1770 3171 1891 3225 qua:
1917 3161 1959 3217 ε
1993 3149 2312 3218 imprudens
2345 3155 2399 3204 et
2432 3164 2576 3204 caeca
2610 3149 2780 3219 gignit
2821 3149 3098 3212 universa,
3138 3148 3422 3218 perimitur
3443 3147 3562 3201 sine

305 3248 337 3287 a
364 3250 457 3289 me
503 3235 737 3291 audistis
766 3246 818 3292 et
857 3240 1058 3293 tradita
1105 3248 1234 3294 sunt
1264 3242 1441 3305 vobis,
1474 3245 1642 3298 vestri
1673 3254 1885 3302 tantum

300 3327 587 3383 sermonis
633 3328 996 3398 eloquentiam
1055 3333 1294 3388 societis.
1340 3333 1449 3389 Nec
1497 3336 1703 3406 aliquid
1753 3354 1884 3409 pro-

297 3416 499 3486 prium
531 3424 587 3471 et
610 3418 754 3486 quod
805 3420 960 3475 vobis
1010 3437 1118 3475 non
1151 3434 1232 3477 est
1289 3425 1545 3479 traditum
1596 3429 1888 3499 proloqua-

299 3509 480 3574 mini,
512 3510 726 3565 etiamsi
765 3512 920 3567 vobis
953 3514 1247 3570 verisimile
1295 3518 1562 3585 videatur,
1599 3520 1689 3574 sed
1714 3537 1797 3583 ea,
1826 3528 1886 3576 ut

296 3600 443 3669 dixi,
507 3617 627 3672 qua:
666 3601 782 3672 ipse
836 3616 866 3656 a
926 3620 1055 3659 vero
1113 3607 1373 3678 propheta
1422 3621 1675 3681 suscepta
1729 3614 1883 3670 vobis

294 3694 541 3758 tradidi,
574 3696 1006 3765 prosequamini,
1039 3699 1249 3753 etiamsi
1283 3702 1463 3756 minus
1495 3705 1665 3773 plenae
1709 3722 1886 3761 asser-

291 3784 479 3839 tionis
502 3800 624 3841 esse
646 3788 995 3844 videbuntur.
1055 3788 1192 3843 IIinc
1242 3793 1387 3846 enim
1441 3810 1582 3865 saepe
1621 3798 1884 3868 contingit

290 3872 587 3929 declinare
613 3877 874 3945 quosdam
897 3892 926 3930 a
950 3879 1199 3943 veritate,
1231 3879 1358 3934 dum
1389 3884 1623 3953 speciem
1660 3888 1758 3941 sibi
1791 3906 1884 3943 ve-

293 3964 481 4019 rioris
509 3972 563 4019 et
593 3967 872 4023 validioris
902 3970 1168 4034 veritatis,
1198 3973 1433 4043 propriis
1461 3976 1881 4047 cogitationibus

296 4052 591 4122 reperisse
629 4069 688 4108 se
720 4056 971 4111 credunt.

376 4141 674 4199 XXXVIII.
710 4144 806 4199 llis
845 4162 875 4199 a
902 4147 1062 4203 Petro
1104 4150 1266 4207 dictis
1301 4151 1533 4209 libenter
1563 4160 1877 4221 annuimus.

292 4231 557 4286 dicentes
580 4234 651 4295 ei,
678 4235 816 4288 nihil
861 4252 962 4291 nos
1013 4248 1251 4305 acturos,
1286 4244 1391 4298 nisi
1422 4247 1566 4315 quod
1597 4249 1699 4317 ipsi
1731 4252 1881 4307 vide-

301 4333 491 4379 retur.
525 4323 661 4379 Tum
694 4328 783 4382 ille
812 4348 824 4381 :
853 4328 1086 4402 Utergo,
1108 4333 1303 4402 inquit,
1329 4336 1447 4392 sine
1470 4342 1707 4408 pericqu
1727 4359 1881 4398 exer-

292 4417 568 4480 ceamini,
604 4433 689 4472 me
720 4434 906 4473 coram
942 4422 1215 4493 disputate
1268 4429 1487 4498 singuli,
1544 4431 1619 4485 ita
1649 4442 1706 4486 ut
1735 4449 1879 4488 unus

1987 3239 2156 3294 dubio
2209 3240 2403 3309 judicii
2434 3240 2594 3304 ratio,
2633 3255 2733 3294 nec
2788 3240 3063 3293 discussio
3092 3248 3437 3307 peccatorum
3496 3254 3562 3293 ac

1987 3330 2395 3385 benefactorum
2450 3331 2818 3385 remuneratio
2876 3329 3203 3398 sperabitur,
3256 3327 3349 3380 ubi
3390 3327 3558 3395 judex

1986 3438 2095 3476 non
2126 3430 2226 3476 est.
2263 3421 2399 3487 Quia
2432 3437 2559 3492 ergo
2594 3423 2776 3475 omnia
2824 3421 2878 3474 in
2938 3420 3040 3473 hoc
3071 3419 3307 3489 pendent
3334 3427 3387 3473 et
3430 3419 3559 3472 huic

1986 3517 2148 3586 capiti
2187 3517 2487 3582 adbzerent,
2538 3533 2648 3571 non
2702 3516 3082 3581 indignemini,
3134 3517 3179 3569 si
3229 3515 3365 3568 forte
3395 3516 3557 3586 paulo

1986 3612 2147 3667 latius
2181 3613 2380 3668 discuti
2418 3614 2531 3667 haec
2568 3620 2621 3667 et
2682 3612 3003 3682 pertractari
3052 3613 3294 3667 voluero.
3338 3612 3396 3666 In
3454 3613 3556 3665 hoc

1984 3707 2128 3760 enim
2158 3707 2287 3760 mihi
2318 3709 2383 3761 ad
2415 3708 2596 3761 omnia
2628 3724 2749 3777 quae
2779 3714 3181 3777 proponuntur,
3203 3705 3349 3759 velut
3380 3707 3554 3775 prima

1979 3796 2149 3866 janua
2177 3798 2472 3863 clauditur,
2504 3807 2559 3854 et
2590 3800 2711 3855 ideo
2735 3799 2874 3852 hanc
2901 3797 3031 3850 mihi
3069 3808 3192 3851 ante
3216 3796 3399 3851 omnia
3435 3813 3557 3867 ape-

1982 3889 2080 3942 riri
2113 3890 2255 3944 volo.
2290 3888 2446 3946 Nunc
2471 3907 2602 3962 ergo
2624 3882 2811 3945 'audite
2845 3905 2966 3959 quae
3016 3892 3206 3954 doceo,
3240 3896 3294 3942 et
3328 3904 3553 3957 respon-

1982 3981 2107 4035 deat
2130 3982 2263 4036 mihi
2295 3984 2341 4039 si
2365 3984 2490 4053 quis
2503 3992 2743 4037 vestrum
2762 3982 2933 4045 volet;
2961 3996 3066 4033 non
3082 3980 3549 4034 enimerubescam

1982 4073 2213 4135 discere,
2251 4076 2298 4129 si
2321 4075 2546 4130 audiero
2577 4072 2721 4143 quod
2741 4088 2931 4126 verum
2960 4079 3065 4135 est,
3090 4078 3142 4123 et
3175 4077 3319 4123 recte
3343 4069 3546 4123 dicenti

1980 4166 2352 4235 acquiescere.
2388 4166 2554 4237 Igitur
2597 4166 2853 4220 hesterno
2902 4178 2931 4216 a
2984 4170 3035 4217 te
3091 4162 3310 4216 habitus
3344 4178 3544 4223 sermo,

1980 4260 2071 4328 qui
2106 4259 2385 4314 asserebat
2416 4258 2562 4329 quod
2593 4266 2708 4313 arte
2737 4265 2790 4312 et
2818 4270 3073 4311 mensura
3101 4263 3154 4310 et
3182 4258 3391 4308 ratione
3413 4269 3549 4307 cun-

1981 4356 2067 4403 cta
2096 4358 2431 4412 constarent,
2465 4365 2573 4404 non
2612 4349 2767 4403 valde
2817 4364 2901 4402 me
2932 4347 3157 4409 suadet,
3192 4354 3426 4399 mentem
3460 4362 3548 4398 ra-

1984 4441 2296 4511 tionemque
2330 4456 2451 4495 esse
2473 4457 2593 4511 qua:
2622 4441 2808 4496 fecerit
2858 4440 3153 4502 mundum;
3202 4439 3370 4491 multa
3401 4438 3544 4491 enim

292 4508 393 4562 alii
428 4508 691 4602 succedat
719 4526 783 4565 ac
812 4527 941 4568 suas
975 4518 1348 4588 unusquisque
1369 4522 1599 4589 explicet
1621 4526 1877 4593 qumstio-
1910 4502 1953 4557 D
1978 4530 2173 4591 habeo.
2204 4548 2324 4602 quae
2354 4533 2636 4587 ostendam
2661 4534 2989 4602 competenti
3015 4545 3267 4584 mensura
3287 4545 3350 4583 ac
3374 4528 3546 4583 forma

291 4616 421 4656 nes.
463 4600 617 4656 Nunc
645 4618 775 4674 ergo
797 4606 1055 4675 quoniam
1086 4609 1346 4665 hesterno
1386 4614 1472 4668 die
1508 4614 1696 4671 Niceta
1735 4617 1876 4673 διιΠί-

291 4692 516 4747 cienter
534 4692 813 4759 disseruit,
844 4695 1007 4753 hodie
1030 4714 1336 4755 sermonem
1364 4704 1526 4760 faciat
1556 4708 1771 4776 Aquila,
1820 4716 1874 4764 et

291 4792 428 4852 post
460 4782 706 4851 Aquilam
728 4784 998 4851 Clemens,
1027 4787 1150 4843 inde
1168 4806 1289 4861 ego,
1316 4794 1361 4849 si
1394 4802 1571 4851 tamen
1600 4799 1762 4853 etiam
1786 4816 1873 4856 me

288 4891 389 4931 res
424 4878 734 4945 poposcerit
764 4881 967 4950 aliquid
989 4882 1206 4938 addere.
1228 4882 1435 4941 Interea
1462 4888 1588 4943 dum
1617 4890 1873 4961 hujusce—

292 4966 453 5020 modi
482 4983 760 5025 sermones
790 4972 1070 5035 caadimus,
1102 4976 1167 5029 ad
1200 4977 1419 5031 domum
1450 4988 1671 5035 ventum
1703 4992 1787 5038 est
1815 4985 1871 5038 in

290 5073 413 5127 qua
445 5060 751 5130 suscipiens
777 5079 879 5118 nos
911 5067 1326 5135 paterfamilias,
1355 5071 1649 5127 introducit
1688 5076 1757 5128 ad
1784 5076 1869 5130 lo-

289 5164 427 5203 cum
457 5155 743 5221 quemdam
772 5156 826 5210 in
858 5157 1269 5215 similitudinem
1326 5163 1525 5218 theatri
1576 5167 1865 5221 collectum

286 5248 349 5296 et
377 5244 604 5310 pulchre
632 5248 1044 5314 exaedificatum,
1103 5253 1159 5306 in
1212 5268 1321 5323 quo
1369 5257 1556 5311 turbas
1592 5259 1859 5327 plurimas

288 5347 363 5387 ex
397 5340 640 5404 tempore
666 5339 844 5393 noctis
874 5342 1219 5410 opperientes
1248 5360 1347 5398 nos
1376 5347 1698 5415 reperimus,
1726 5350 1869 5405 inter

288 5438 441 5492 quos
469 5433 522 5478 et
553 5442 717 5482 senex
773 5432 864 5499 qui
920 5433 1091 5502 pridie
1133 5437 1417 5490 nobiscum
1473 5439 1860 5509 disputaverat.

287 5513 489 5585 Itaque
520 5521 756 5575 medium
787 5524 1050 5581 habentes
1072 5525 1291 5582 Petrum
1334 5530 1670 5597 ingredimur
1699 5537 1863 5591 etiam

287 5621 433 5668 nos,
466 5609 972 5680 circumspicientes
1028 5618 1204 5671 sicubi
1249 5635 1598 5677 cerneremus
1644 5639 1861 5694 senem;

287 5710 463 5765 quem
502 5700 651 5768 prior
678 5701 870 5761 Petrus
901 5707 1091 5762 videns
1124 5709 1178 5763 in
1231 5712 1410 5767 medio
1446 5714 1618 5769 turbze
1645 5716 1865 5772 latitan-

291 5794 412 5840 tem
441 5793 685 5848 evocavit
718 5796 783 5852 ad
815 5813 895 5859 se.
927 5800 1114 5857 dicens
1147 5820 1159 5855 :
1195 5801 1491 5861 Clariorem
1538 5808 1723 5864 multis
1746 5810 1862 5865 ani-

1976 4630 2031 4675 et
2060 4623 2240 4692 specie
2273 4632 2546 4685 constare,
2586 4638 2685 4677 nec
2717 4631 2895 4675 tamen
2932 4638 3029 4690 per
3063 4630 3295 4675 mentem
3328 4622 3544 4674 condita

1975 4728 2039 4767 ac
2069 4714 2355 4767 rationem.
2397 4713 2533 4768 Tum
2560 4721 2818 4783 praeterea
2850 4713 3005 4766 video
3037 4712 3203 4765 multa
3244 4710 3541 4776 incondite,

1974 4804 2449 4873 inconsequenter,
2476 4804 2679 4872 injuste
2710 4806 2826 4874 geri
2857 4804 2910 4857 in
2962 4804 3187 4868 mundo,
3215 4811 3268 4857 et
3297 4802 3415 4856 sine
3450 4816 3545 4869 ge-

1974 4896 2124 4949 nesis
2166 4910 2331 4951 cursu
2372 4896 2507 4949 nihil
2561 4896 2675 4951 fieri
2730 4911 2928 4966 posse;
2991 4895 3139 4965 quod
3191 4904 3313 4965 post
3359 4894 3542 4949 omnia

1972 4987 2133 5038 etiam
2169 5001 2233 5040 ex
2265 5002 2348 5040 me
2376 4986 2496 5056 ipso
2530 4986 2973 5042 manifestissime
3008 4987 3343 5058 approbabo.

2044 5075 2178 5131 XLI.
2213 5076 2338 5132 Haac
2382 5093 2506 5131 cum
2538 5093 2702 5132 senex
2732 5079 2955 5141 diceret,
2992 5081 3184 5150 Aquila
3219 5078 3536 5148 respondit:

1972 5167 2236 5233 Quoniam
2260 5168 2376 5237 ipse
2403 5168 2755 5237 proposuisti,
2788 5177 2846 5222 ut
2874 5168 2941 5222 ad
2972 5184 3034 5223 ea
3057 5185 3178 5239 quae
3199 5168 3408 5222 diceres
3442 5169 3539 5221 ba-

1969 5258 2121 5314 heret
2146 5260 2355 5328 copiam
2382 5260 2747 5329 respondendi
2791 5262 2882 5331 qui
2931 5262 3081 5324 velit,
3129 5259 3380 5315 concedit
3405 5259 3537 5313 mihi

1970 5348 2138 5403 frater
2168 5367 2323 5405 meus
2356 5350 2541 5405 NiCeta
2570 5352 2727 5405 hodie
2762 5350 2939 5406 facere
2972 5366 3301 5406 sermonem.
3356 5350 3422 5404 Et
3451 5366 3537 5406 se-

1970 5457 2074 5495 nex
2106 5460 2119 5494 :
2156 5440 2515 5511 Prosequere,
2550 5444 2645 5504 ait,
2672 5442 2843 5506 ﬁli,ut
2863 5444 2966 5498 vis.
2994 5443 3060 5495 Et
3088 5442 3279 5512 Aquila
3307 5458 3536 5514 respon-

1967 5539 2045 5594 dit
2086 5560 2098 5592 :
2158 5537 2462 5593 Promisisti
2519 5538 2663 5607 quod
2722 5538 3043 5595 ostenderes
3094 5538 3262 5591 multa
3314 5553 3436 5593 esse
3478 5539 3533 5591 in

1967 5630 2204 5691 mundo,
2238 5646 2357 5699 qua:
2406 5628 2633 5682 formam
2689 5644 2751 5683 ac
2801 5630 3033 5699 speciem
3089 5631 3279 5699 aequali
3325 5630 3534 5683 ratione

1967 5722 2250 5775 collectam
2274 5727 2486 5790 gerant,
2520 5736 2639 5790 qua:
2673 5730 2850 5776 tamen
2883 5728 3095 5775 constet
3118 5738 3224 5775 non
3255 5721 3398 5776 effici
3435 5739 3531 5792 per

1966 5812 2301 5867 conditorem
2361 5810 2548 5865 Deum.
2603 5809 2754 5865 Nune
2812 5826 2942 5882 ergo
2989 5812 3133 5883 quod
3193 5813 3528 5884 promisisti,
