4030 6342
582 312 712 367 139i

1434 310 1490 366 s.
1529 309 1972 366 CLEMENTISI
2007 276 2173 370 ausi.
2217 311 2419 370 rem.
2458 312 2686 369 opma
2726 313 2954 371 ouem.

3602 329 3699 385 I593

580 428 833 487 ostende.
870 427 935 482 Et
961 442 1159 484 senex:
1194 426 1333 483 Ecce
1392 441 1581 481 arcum
1626 425 1873 481 videmus
1921 426 1976 480 in
2014 429 2154 480 cmlo
2184 442 2231 492 Α
2260 426 2457 481 liorum
2510 436 2725 482 textura
2773 436 2827 483 et
2876 428 2943 483 de
2994 427 3171 498 parvis
3207 428 3494 488 animalibus
3531 436 3699 506 colligis,

579 522 847 577 circulum
885 530 1069 575 tenere
1116 520 1263 574 omni
1306 534 1561 573 mensura
1606 519 1894 574 collectum
1928 518 2065 589 (76),
2109 528 2162 573 et

583 613 788 668 habere
819 613 1053 683 speciem
1081 612 1219 676 veri,
1253 626 1415 681 quam
1437 609 1689 665 fortassis
1716 626 1815 664 nec
1850 627 2005 665 mens
2027 627 2162 664 con-

478 712 485 717 “
582 704 715 761 dere
745 720 845 758 nec
875 703 1189 759 describere
1225 704 1364 758 ratio
1395 703 1681 772 pctuisset,
1726 717 1826 756 nec
1858 708 2045 755 tamen
2076 702 2164 755 hic

586 798 855 866 abaliqua
888 806 1069 851 mente
1112 796 1191 851 ﬁt.
1228 796 1368 852 Ecce
1398 797 1453 850 in
1502 796 1650 850 brevi
1675 802 1850 847 totum
1882 793 2163 864 proposui,

584 887 856 958 responde
886 888 954 942 ad
986 888 1122 942 haec.

655 976 817 1033 XLII.
874 976 1012 1035 Tum
1066 977 1301 1047 Aquila:
1355 975 1474 1033 Non
1529 977 1827 1039 continuo,
1885 975 2083 1045 inquit,
2119 974 2165 1031 si

585 1068 717 1140 quid
746 1083 813 1123 ex
845 1077 970 1139 typo
997 1075 1051 1122 et
1082 1067 1255 1122 forma
1290 1068 1638 1138 exprimitur,
1675 1067 1734 1122 id
1774 1065 2103 1137 intelligitur
2135 1079 2166 1118 a

585 1162 801 1218 ratione
830 1178 953 1218 esse
978 1176 1042 1216 ac
1074 1161 1194 1216 sine
1216 1170 1397 1217 mente
1421 1178 1530 1216 non
1561 1161 1883 1231 ﬁeriposse,
1908 1161 2168 1231 quoniam

584 1262 752 1325 typus
781 1253 897 1323 ipse
921 1253 1014 1322 qui
1048 1252 1304 1323 exprimit
1323 1251 1526 1322 ﬁguras
1561 1266 1629 1305 ac
1658 1249 1884 1313 formas,
1920 1265 2028 1305 non
2052 1250 2170 1304 sine

589 1354 773 1400 mente
806 1345 984 1399 factus
1030 1353 1140 1400 est.
1181 1342 1343 1399 Verbi
1403 1358 1593 1409 causa,
1646 1358 1773 1397 cera
1826 1342 1874 1398 si
1921 1340 2169 1411 alligatur

588 1439 807 1508 sculpto
835 1438 1063 1501 annulo,
1101 1437 1395 1508 imaginem
1419 1436 1644 1507 quidem
1673 1447 1725 1490 et
1760 1434 1985 1506 ﬁguram
2004 1435 2170 1489 sumit

585 1544 659 1584 ex
702 1530 927 1594 annulo,
974 1531 1069 1599 qui
1103 1530 1223 1584 sine
1256 1529 1423 1584 dubio
1456 1545 1620 1584 sensu
1654 1539 1825 1593 caret,
1867 1527 1962 1583 sed
1995 1542 2171 1581 annu-

590 1622 678 1677 lus
705 1622 797 1691 qui
851 1623 1105 1692 exprimit
1141 1621 1392 1691 eﬁigiem,
1431 1637 1594 1675 manu
1637 1620 1867 1675 artiﬁcis
1920 1621 2170 1692 sculptus

586 1722 694 1778 est,
724 1722 779 1770 et
814 1730 964 1771 mens
1000 1714 1103 1769 fuit
1136 1730 1199 1769 ac
1229 1715 1388 1780 ratio,
1426 1730 1547 1785 qua:
1598 1724 1783 1785 typum
1837 1715 2040 1769 annulo
2074 1716 2171 1771 de-

2266 519 2411 590 qnod
2437 535 2501 574 ex
2533 520 2618 573 bis
2647 519 2781 573 ﬁdes
2805 520 2966 574 etiam
2993 520 3296 575 melioribus
3340 521 3592 593 deroganda
3628 530 3700 593 sit;

2266 612 2360 667 sed
2389 628 2496 666 non
2523 620 2576 665 te
2602 613 2705 666 ista
2732 610 3022 681 decipiant,
3040 619 3099 665 ut
3125 620 3270 683 putes
3285 614 3599 684 quasiduabus
3614 621 3704 675 solis

2266 701 2521 757 manibus
2548 709 2862 772 operantem
2888 700 3054 757 Deum
3080 717 3186 756 non
3213 718 3359 772 posse
3380 705 3587 760 universa
3604 723 3703 761 con»

2253 791 2413 861 'plere
2437 807 2557 861 qua:
2602 790 2758 857 ﬁunt,
2792 792 2888 847 sed
2935 799 3201 846 memento
3244 795 3483 863 quomodo
3520 796 3705 852 hesterno

2267 884 2368 938 tibi
2394 883 2561 939 frater
2587 900 2740 939 meus
2766 882 2955 939 Niceta
2979 885 3333 955 respondit,et
3351 890 3611 955 mysterium
3624 904 3707 946 ante

2267 983 2485 1048 tempus
2512 976 2726 1045 aperuit
2769 991 2898 1032 vere
2950 978 3109 1047 quasi
3155 992 3273 1032 cum
3296 986 3431 1048 patre
3470 979 3657 1050 loquens,
3674 991 3709 1038 et

2268 1083 2369 1123 cur
2391 1077 2446 1123 et
2472 1068 2746 1138 quomodo
2770 1069 2901 1123 ﬁant
2928 1068 3043 1123 haec
3063 1085 3181 1139 quae
3208 1070 3401 1125 inutilia
3422 1071 3632 1135 videntur,
3648 1091 3709 1128 er-

2268 1160 2471 1230 posuit.

2339 1250 2521 1308 XLIV.
2550 1252 2616 1307 Et
2643 1268 2810 1309 senex
2840 1272 2854 1308 :
2878 1252 2990 1309 Cur
3016 1253 3120 1309 ista
3146 1251 3346 1308 inutilia
3366 1254 3597 1311 voluntate
3615 1257 3710 1312 illius

2270 1359 2496 1401 Summae
2519 1346 2717 1401 mentis
2741 1345 2892 1411 ﬁant,
2928 1348 3087 1401 velim
3116 1362 3144 1401 a
3171 1356 3224 1402 te
3266 1347 3455 1403 audire.
3496 1345 3558 1411 Si,
3580 1350 3710 1420 inquit,

2269 1434 2475 1506 liquido
2520 1436 2664 1506 apud
2691 1444 2747 1492 te
2776 1445 3017 1501 constat,
3068 1438 3211 1508 quod
3253 1438 3437 1495 mentis
3474 1447 3519 1496 et
3555 1443 3710 1496 rationis

2269 1542 2408 1600 Opus
2439 1528 2644 1599 inipsis
2671 1539 2775 1594 est,
2803 1536 2917 1584 tum
2962 1529 3178 1586 demum
3222 1532 3314 1587 tibi
3356 1533 3497 1588 etiam
3527 1548 3602 1589 cur
3625 1534 3712 1590 facta

2271 1626 2420 1683 sunt,
2450 1618 2631 1676 dicere
2680 1636 2788 1675 non
2844 1622 3050 1693 pigebit
3095 1629 3149 1677 et
3188 1622 3328 1693 quod
3357 1623 3487 1693 juste
3509 1623 3616 1679 facta
3643 1629 3713 1681 sint

2271 1711 2525 1768 educere.
2553 1711 2633 1767 Ad
2667 1712 2782 1769 bzec
2827 1728 2993 1771 senex
3048 1715 3360 1785 respondit:
3409 1715 3508 1772 Non
3546 1733 3711 1788 possum,

590 1807 689 1862 dit.
728 1808 808 1863 Ita
840 1824 971 1879 ergo
1004 1816 1058 1863 et
1082 1824 1246 1865 arcus
1273 1810 1596 1880 exprimitur
1624 1810 1679 1864 in
1710 1824 1867 1876 aere;
1912 1810 1995 1865 sol
2024 1810 2168 1866 enim
2203 1792 2244 1851 Β
2275 1803 2369 1869 ﬁli,
2408 1820 2471 1859 ea
2498 1820 2618 1875 qua:
2640 1805 2894 1860 videntur
2940 1821 3008 1861 ex
3056 1814 3173 1861 arte
3223 1806 3460 1872 formata,
3500 1809 3634 1865 dicere
3648 1826 3711 1880 per

590 1897 834 1954 nubibus
868 1898 1279 1954 rarescentibus
1336 1898 1522 1954 radios
1576 1914 1708 1954 suos
1744 1899 2084 1969 imprimens,
2116 1908 2171 1954 et

591 1988 808 2042 humori
849 1988 1038 2043 nubilo
1090 1989 1240 2044 velut
1272 2004 1413 2044 cerae
1446 1988 1595 2042 molli
1631 1988 1858 2059 afﬁgens
1905 1989 2054 2045 orbis
2086 1989 2170 2046 sui

590 2087 801 2151 typum,
830 2096 993 2135 arcus
1028 2082 1264 2150 speciem
1290 2081 1488 2146 reddit,
1525 2089 1579 2134 et
1618 2080 1789 2136 efﬁcit
1823 2081 1926 2136 hoc
1949 2081 2087 2152 ipsa,
2113 2089 2171 2137 ut

590 2172 725 2235 dixi,
761 2175 1108 2242 repercussio
1144 2173 1455 2243 splendoris
1483 2174 1616 2229 solis
1647 2174 1701 2227 in
1727 2173 2171 2243 nubibus,atque

589 2282 658 2320 ex
693 2264 798 2319 illis
856 2264 1126 2335 fulgorem
1161 2267 1353 2320 circuli
1403 2265 1523 2335 ejus
1563 2267 1818 2321 reddens.
1868 2265 1955 2320 Fit
1988 2274 2169 2323 autem

594 2356 702 2413 hoc
751 2374 861 2414 non
920 2375 1172 2429 semper,
1245 2360 1341 2415 sed
1389 2376 1513 2414 cum
1566 2359 2029 2432 opportunitatem
2086 2359 2168 2416 sui

595 2450 864 2507 humecta:
894 2452 1069 2508 nubes
1124 2452 1455 2507 rarescendo
1489 2452 1866 2523 praestiterint.
1918 2449 2075 2506 Unde
2118 2459 2174 2505 et

590 2557 787 2598 rursus
810 2558 933 2598 cum
967 2542 1272 2598 densantur
1287 2544 1463 2599 nubes
1491 2552 1545 2599 et
1573 2553 1791 2610 coeunt,
1818 2559 1981 2599 arcus
1999 2542 2171 2597 forma

592 2633 888 2689 resolvitur
916 2641 971 2688 et
996 2634 1279 2696 exolescit,
1315 2635 1551 2707 denique
1581 2652 1861 2707 nunquam
1885 2636 2003 2691 sine
2059 2634 2175 2691 sole

591 2732 648 2780 et
683 2724 925 2780 nubibus
976 2740 1138 2780 arcus
1172 2733 1419 2796 apparet,
1474 2727 1621 2782 sicut
1650 2743 1751 2784 nec
1781 2728 1901 2783 sine
1951 2736 2078 2799 typo
2119 2733 2174 2783 et

593 2832 721 2872 cera
751 2818 837 2872 vel
859 2818 965 2872 alia
999 2818 1316 2887 bujusmodi
1353 2820 1581 2875 materia
1613 2820 1938 2890 exprimitur
1971 2820 2169 2892 imago.

593 2910 714 2967 Non
745 2927 874 2983 ergo
898 2914 1094 2967 mirum
1127 2918 1232 2975 est,
1281 2912 1328 2967 si
1359 2911 1611 2965 conditor
1640 2910 1783 2965 Deus
1813 2927 1880 2965 ex
1907 2910 2062 2965 initio
2090 2910 2171 2967 fe-

594 3004 672 3059 cit
715 3011 896 3075 typos,
930 3020 995 3059 ex
1030 3004 1230 3074 quibus
1283 3020 1429 3059 nunc
1480 3004 1667 3059 forma:
1708 3003 2082 3073 exprimantur
2108 3019 2172 3059 ac

600 3096 834 3166 species.
870 3095 1057 3151 Sin-ile
1093 3106 1272 3151 autem
1316 3096 1419 3149 hoc
1469 3102 1523 3150 et
1558 3096 1654 3159 illi,
1696 3095 1843 3165 quod
1898 3095 1965 3149 ab
2015 3094 2172 3151 initio

598 3184 745 3241 Dens
768 3187 1035 3241 elementa
1062 3184 1404 3241 insensibilia
1437 3186 1662 3247 creavit,
1714 3186 1915 3255 quibus
1943 3184 2008 3239 ad
2050 3186 2179 3240 reli-

599 3293 707 3349 qua
731 3278 912 3333 omnia
943 3276 1226 3331 formanda
1249 3287 1301 3332 et
1329 3276 1650 3346 explicanda
1696 3285 1964 3332 uteretur.
1996 3276 2099 3333 Sed
2129 3287 2183 3334 et

600 3370 693 3440 qui
720 3376 932 3424 statuas
962 3367 1238 3429 formant,
1292 3375 1477 3438 typum
1507 3368 1660 3438 prius
1690 3369 1786 3421 luti
1812 3368 1894 3423 vel
1921 3384 2059 3424 cerae
2090 3369 2184 3424 ﬁn-

600 3472 755 3535 gunt,
784 3472 839 3518 et
865 3479 930 3519 ex
955 3464 1075 3534 ipso
1101 3462 1351 3519 redditur
1376 3470 1569 3518 stature
1593 3461 1959 3531 efﬁgies;tum
1987 3464 2184 3519 deinde

607 3566 664 3615 et
692 3558 885 3614 umbra
914 3556 1162 3612 redditur
1187 3573 1253 3612 ex
1279 3563 1482 3619 statua,
1514 3572 1633 3626 qua:
1657 3556 1849 3610 umbra
1879 3572 1976 3626 per
2000 3556 2185 3610 omnia

607 3648 839 3705 formam
869 3665 932 3705 ac
960 3649 1372 3705 similitudinem
1408 3657 1604 3703 statuae
1650 3648 1809 3719 gerit.
1859 3646 2002 3713 Quid
2049 3663 2181 3719 ergo

600 3743 849 3798 dicemus
872 3742 1241 3798 insensibilem
1266 3749 1503 3795 statuam
1528 3738 1766 3794 formare
1790 3740 2058 3803 umbram,
2074 3748 2184 3795 tam

599 3835 850 3906 diligenti
877 3849 1040 3905 quam
1068 3836 1187 3904 ipsa
1212 3840 1392 3887 statua
1421 3839 1504 3886 est
1531 3833 1745 3886 ratione
1766 3832 2092 3887 collectam?
2115 3848 2184 3888 an

606 3926 685 3980 illi
726 3928 845 3982 sine
871 3926 1040 3981 dubio
1097 3925 1406 3980 ascribetur
1436 3924 1643 3979 umbra:
1685 3924 1968 3989 collectio,
2014 3925 2107 3994 qui
2132 3932 2187 3980 et

602 4026 844 4075 statuam
871 4016 1066 4073 ﬁnxit?

680 4110 864 4166 XLIII.
897 4110 952 4164 Si
997 4125 1128 4179 ergo
1152 4108 1248 4162 tibi
1274 4107 1491 4163 videtur
1526 4107 1631 4162 hoc
1657 4108 1731 4161 ita
1777 4123 1836 4163 se
1884 4107 2083 4165 habere
2132 4116 2187 4164 et

605 4206 812 4264 sufﬁcit
835 4205 983 4276 quod
1008 4203 1075 4261 de
1125 4203 1229 4258 boc
1254 4203 1457 4257 dictum
1485 4211 1590 4266 est,
1618 4202 1685 4257 ad
1713 4203 1817 4256 alia
1862 4201 2187 4271 inquirenda

606 4300 921 4366 veniamus;
950 4306 1044 4353 aut
1068 4296 1111 4352 si
1141 4296 1345 4368 aliquid
1397 4296 1577 4352 adhuc
1602 4295 1793 4351 deesse
1818 4304 2000 4365 putas,
2031 4311 2189 4365 repe-

607 4402 809 4449 tamus.
840 4391 904 4446 Et
928 4407 1094 4447 senex
1119 4391 1196 4445 ait
1224 4409 1236 4445 :
1267 4389 1401 4444 Volo
1430 4397 1489 4444 ut
1536 4396 1753 4459 repetas
1780 4388 1847 4444 de
1877 4390 2000 4453 hoc,
2052 4398 2185 4445 sunt

2272 1905 2505 1952 mentem
2536 1896 2674 1961 ﬁeri,
2709 1906 2935 1968 propter
2984 1905 3180 1954 caetera
3221 1914 3337 1969 qua:
3368 1899 3537 1970 injuste
3562 1902 3713 1955 etinor-

2272 1989 2456 2044 dinate
2486 1988 2599 2045 ﬁeri
2626 1989 2874 2045 videmus
2895 1990 2949 2045 in
2995 1991 3220 2047 mundo.
3246 1991 3297 2046 Si
3324 1994 3715 2062 te,inquit1lquila,

2271 2096 2333 2137 ea
2363 2096 2483 2153 qua:
2507 2082 2815 2137 inordinate
2846 2082 3003 2146 ﬁunt,
3051 2084 3232 2139 dicere
3259 2085 3390 2154 quod
3415 2101 3494 2156 per
3513 2085 3716 2140 Providen-

2272 2172 2403 2226 tiam
2443 2171 2534 2228 Dei
2565 2171 2709 2227 facta
2744 2173 2851 2228 sint
2890 2188 2997 2228 non
3027 2174 3237 2239 sinunt,
3266 2192 3359 2231 cur
3381 2192 3474 2231 non
3495 2192 3645 2246 ecqua
3661 2192 3717 2231 or-

2274 2264 2460 2321 dinate
2489 2265 2644 2329 ﬁunt,
2671 2266 2855 2323 dicere
2876 2276 2930 2321 te
2953 2267 3098 2338 quod
3127 2283 3157 2322 a
3188 2267 3293 2324 Deo
3314 2268 3438 2324 facta
3460 2271 3546 2326 sint
3564 2279 3715 2341 cogunt.

2274 2366 2328 2413 et
2359 2360 2487 2429 quia
2522 2360 2922 2417 irrationabilis
2946 2368 3145 2415 natura
3205 2376 3337 2432 opus
3361 2362 3614 2417 rationabile
3634 2376 3715 2432 pro-

2275 2447 2418 2505 ferre
2465 2466 2574 2506 non
2610 2451 2826 2515 possit?
2873 2450 3101 2508 Certum
3146 2462 3231 2509 est
3275 2454 3425 2517 enim,
3469 2469 3548 2509 nec
3571 2454 3718 2508 omnino

2274 2556 2559 2612 negamus,
2612 2542 2740 2614 quia
2793 2544 2847 2597 in
2892 2543 2998 2599 hoc
3047 2544 3253 2600 mundo
3296 2544 3507 2616 quaedam
3536 2546 3717 2605 ordinate.

2274 2633 2520 2703 quadam
2576 2634 2881 2690 inordinate
2933 2636 3096 2703 ﬁant;
3140 2652 3203 2692 ea
3251 2652 3374 2708 ergo
3421 2652 3519 2707 qua:
3557 2636 3719 2690 rationa-

2272 2725 2461 2781 biliter
2509 2726 2664 2791 ﬁunt,
2705 2727 2867 2783 crede
2922 2726 3072 2798 quod
3122 2744 3219 2799 per
3262 2730 3593 2786 Providentiam
3618 2730 3716 2790 ﬁant,

2274 2834 2395 2889 qua:
2448 2833 2579 2874 vero
2625 2819 3077 2876 irrationabiliter
3114 2830 3172 2877 et
3215 2821 3718 2890 inordinate,quianao

2275 2911 2521 2965 turaliter
2575 2913 2827 2966 eveniant
2875 2919 2928 2967 et
2982 2912 3212 2969 fortuito
3252 2916 3488 2970 accidant.
3515 2913 3629 2966 Miror
3647 2925 3715 2962 au-

2274 3007 2383 3057 tem
2437 3019 2546 3058 non
2600 3002 2886 3060 advertere
2936 3004 3211 3070 homines,
3236 3006 3358 3077 quia
3401 3006 3475 3061 ubi
3492 3006 3716 3063 sensusest,

2280 3100 2513 3164 possunt
2541 3109 2630 3149 res
2660 3093 2911 3150 ordinate
2947 3094 3064 3150 ﬁeri
3096 3104 3152 3152 et
3178 3095 3478 3159 inordinate,
3503 3094 3567 3147 ubi
3592 3099 3717 3144 autem

2284 3187 2466 3241 nullus
2496 3194 2580 3242 est
2618 3201 2833 3253 sensus,
2863 3196 3121 3243 neutrum
3152 3190 3367 3245 omnino
3400 3186 3532 3249 cﬁici;
3560 3195 3723 3238 namn-

2285 3277 2361 3331 tio
2391 3276 2639 3331 ordinem
2672 3276 2821 3345 facit,
2853 3279 3064 3334 ordinis
3096 3287 3278 3334 autem
3324 3292 3509 3337 cursus,
3529 3274 3563 3329 si
3580 3278 3723 3325 contra-

2284 3369 2429 3424 rium
2465 3371 2594 3441 quid
2626 3371 2888 3428 acciderit
2916 3374 3063 3442 quod
3088 3375 3329 3429 ordinem
3359 3371 3529 3430 turbet.
3552 3377 3719 3421 necessa-

2284 3460 2368 3512 rio
2414 3460 2783 3515 inordinatum
2839 3463 3047 3534 aliquid
3106 3464 3331 3535 profert.
3384 3461 3443 3516 Et
3470 3473 3620 3515 senex:
3648 3451 3724 3507 Hoc

2285 3551 2464 3621 ipsum
2504 3552 2645 3613 mibi
2674 3566 2703 3606 a
2733 3561 2789 3607 te
2815 3554 3031 3609 ostendi
3056 3557 3203 3610 volo.

2356 3641 2518 3698 XLV.
2551 3641 2692 3711 Non,
2717 3644 2919 3716 inquit,
2946 3649 3207 3703 morabor
3232 3647 3431 3718 Aquila.
3458 3644 3554 3699 Duo
3572 3635 3728 3695 visibilia

2286 3732 2441 3805 signa
2463 3746 2841 3794 monstrantur
2884 3739 2941 3794 in
2993 3741 3158 3806 caelo,
3194 3756 3355 3796 unum
3400 3738 3528 3800 solis,
3554 3731 3657 3788 aliud
3674 3730 3727 3782 lu-

2284 3842 2403 3893 nae;
2440 3828 2552 3883 haec
2580 3838 2883 3899 sequuntur
2903 3838 2957 3886 et
2989 3831 3111 3887 alia:
3132 3833 3367 3904 quinque
3391 3830 3548 3891 stella,
3568 3825 3732 3879 diversos

2286 3926 2339 3973 et
2363 3919 2617 3990 proprios
2650 3922 2879 3991 singulae
2920 3924 3261 3994 explicantes
3314 3938 3504 3980 cursus.
3542 3918 3734 3983 Ηεεετεθ

2285 4010 2428 4066 Deus
2457 4013 2639 4083 posuit
2662 4013 2717 4068 in
2752 4014 2909 4079 coelo,
2930 4017 3132 4086 quibus
3164 4019 3305 4073 aeris
3325 4015 3573 4085 temperies
3596 4022 3664 4079 pro
3679 4022 3735 4058 ra.

2286 4103 2436 4159 tione
2466 4111 2773 4175 temporum
2798 4105 3170 4178 dispensetur.
3193 4121 3247 4167 et
3266 4109 3392 4163 ordo
3410 4101 3733 4162 vicissitudinum

2287 4197 2859 4268 permutationumque
2887 4208 3156 4256 servetur.
3181 4201 3375 4256 Horum
3402 4207 3550 4253 autem
3573 4199 3735 4263 ipsorum

2288 4287 2615 4352 ministerio,
2668 4295 2723 4344 et
2772 4290 2818 4344 si
2868 4292 3090 4360 quando
3138 4309 3238 4365 pro
3278 4292 3491 4364 peccatis
3539 4282 3735 4340 hominum

2288 4382 2443 4453 plaga
2473 4391 2527 4438 et
2552 4384 2834 4453 corruptio
2863 4387 3025 4440 terris
3051 4386 3317 4455 injicitur,
3342 4383 3631 4456 perturbatur
3662 4388 3735 4432 aer.

615 4483 764 4539 enim
794 4492 846 4539 et
868 4482 973 4536 alia
1001 4482 1169 4535 multa
1197 4497 1318 4552 quae
1343 4482 1596 4537 similiter
1624 4482 1739 4536 ﬁeri
1767 4482 1955 4549 video;
1983 4497 2107 4535 nam
2135 4490 2189 4537 et
2220 4485 2263 4539 D
2291 4475 2411 4529 lues
2443 4475 2838 4538 animantibus,
2868 4480 3154 4549 corruptio
3183 4471 3739 4549 frugibus,pesli1€nSW

611 4575 831 4632 fructus
876 4575 1132 4630 arborum
1159 4575 1325 4629 simili
1360 4574 1522 4629 modo
1549 4575 1777 4644 pulchre
1804 4573 2022 4629 formati
2049 4582 2103 4627 et
2128 4575 2181 4630 in

610 4669 903 4723 rotundum
952 4668 1088 4722 mire
1142 4667 1355 4722 collecti
1404 4674 1750 4729 nascuntur,
1827 4672 1880 4719 et
1929 4665 2185 4721 foliorum

611 4759 823 4829 species
867 4759 1075 4829 ingenti
1125 4757 1323 4813 decore
1371 4755 1660 4820 formatur,
1714 4764 1879 4826 atque
1912 4757 2186 4826 exquisita

613 4862 731 4907 arte
754 4850 946 4905 viridis
987 4850 1304 4904 membrana
1355 4848 1703 4913 contexitur;
1762 4853 1876 4901 tum
1927 4856 2187 4916 praeterea

615 4946 845 5016 pulices,
876 4957 1081 5003 mures,
1110 4941 1349 4996 lacertas
1401 4947 1456 4995 et
1484 4939 1569 4994 bis
1593 4940 1814 5004 similia,
1841 4938 2086 5010 nunquid
2132 4946 2189 4995 et

611 5038 729 5098 haec
752 5037 1053 5092 dicemnsa
1083 5034 1193 5090 Deo
1245 5034 1399 5089 ﬁeri?
1450 5031 1605 5090 Unde
1650 5050 1713 5089 ex
1766 5032 1853 5089 his
1905 5033 2188 5089 vilioribus

612 5130 932 5200 conjectura
981 5128 1193 5198 capitur
1254 5128 1572 5188 meliorum,
1647 5123 1793 5195 quod
1842 5139 2190 5195 nequaquam

615 5223 815 5279 mentis
843 5231 963 5278 arte
991 5221 1314 5277 formentur.
1343 5218 1506 5287 Bene,
1532 5218 1711 5289 inquit
1753 5216 1967 5288 Aquila,
1995 5218 2064 5274 de
2111 5217 2192 5273 Io-

2291 4565 2473 4619 omnia
2506 4566 2830 4623 mortalibus
2855 4583 3033 4625 annus
3055 4570 3349 4634 inducitur,
3378 4576 3427 4623 et
3447 4567 3509 4620 ita
3534 4562 3595 4625 ﬁt,
3610 4567 3652 4613 ut
3672 4566 3739 4607 uno

2290 4659 2590 4731 eodemque
2620 4661 2926 4718 ministerio
2954 4669 3009 4717 et
3060 4671 3305 4718 servetur
3339 4660 3459 4717 ordo
3484 4664 3529 4714 et
3570 4660 3738 4708 corrum-

2292 4759 2470 4821 patur.
2506 4751 2719 4807 Etenim
2773 4753 2951 4822 palam
2998 4761 3082 4809 est
3146 4753 3427 4810 incredulis
3455 4759 3500 4805 et
3538 4738 3737 4813 imperitis.

2292 4843 2439 4914 quod
2464 4857 2661 4899 cursus
2689 4844 2821 4900 solis
2856 4846 3009 4902 utilis
3051 4854 3105 4901 et
3142 4844 3466 4902 necessarius
3488 4837 3662 4897 mundo,
3682 4839 3741 4900 pc?

2284 4937 2689 4997 Providentiam
2743 4938 2925 5005 datus,
2973 4954 3190 5010 semper
3244 4939 3502 4995 ordinatus
3536 4929 3739 4986 habeatur;

2293 5031 2435 5086 luna:
2486 5044 2617 5086 vero
2674 5030 2742 5085 ad
2808 5033 3268 5102 comparationem
3325 5043 3500 5086 cursus
3550 5020 3677 5079 solis.
3708 5012 3741 5063 ίιι

2295 5122 2600 5192 augmentis
2646 5129 2702 5178 et
2731 5121 3073 5180 detrimentis
3096 5125 3210 5181 suis
3239 5123 3374 5195 apud
3395 5116 3627 5189 imperitos
3648 5110 3743 5195 inor:

2297 5191 2471 5272 dinati
2528 5231 2728 5271 cursus
2780 5215 3035 5272 videntur
3079 5223 3135 5273 et
3185 5191 3522 5286 incompositi.
3553 5204 3655 5261 Nam
3691 5191 3741 5253 sol

1922 5374 2283 5433 COTELERII
2312 5373 2542 5432 NOTAE.

696 5519 803 5594 (76)
843 5518 978 5573 Ecce
1021 5533 1203 5571 arcum
1247 5514 1574 5594 videntesnin
1610 5513 1900 5594 prelo-nete.
1927 5511 2120 5594 graeca
2146 5511 2193 5567 si

621 5583 831 5651 mavis,
864 5598 920 5645 et
945 5604 1046 5643 cur
1093 5602 1200 5641 non
1246 5584 1505 5640 mavelis?
1536 5585 1688 5639 dabit
1736 5584 1877 5638 idem
1922 5583 2193 5638 Caesarius

621 5660 1047 5730 interrogatione
1078 5658 1181 5712 H5
1210 5676 1223 5712 :
1252 5656 1384 5709 Ἰδοὺ
1409 5656 1505 5725 τῆς
1530 5656 1691 5726 ἴρεως
1720 5653 2003 5774 ὁρωμὲνηῐς
2034 5653 2194 5774 axit-

621 5732 687 5774 εἰ
725 5729 1076 5774 περιφέρειαν
1104 5727 1352 5774 ἐνούσης-
1368 5725 1460 5774 καὶ
1483 5725 1743 5774 πάντοθεν
1765 5725 1907 5774 iam.
1932 5741 1959 5774 O
1984 5741 2046 5774 αν
2067 5724 2100 5774 ἀ
2136 5742 2194 5774 ττ-

725 5724 1076 5817 περξξρέρξιαν
1104 5727 1352 5817 ὲχούσῃς,
1368 5724 1907 5817 καξςτάντοθενῒσξηῖ,
1932 5724 2046 5777 οἷαν
2063 5724 2197 5817 ἐλει-

623 5794 732 5865 Οῶς
758 5794 877 5853 οὐδὲ
905 5794 1029 5861 ὖοῦς
1061 5794 1395 5871 περιγράψαι
1437 5795 1693 5849 δύναται·
1734 5797 1826 5847 καὶ
1864 5795 2012 5864 ὅμως
2058 5794 2192 5865 opib-

2299 5530 2397 5583 μεν
2457 5512 2547 5565 ὑπ’
2572 5510 2784 5583 φύδενδς
2809 5511 3005 5583 ἀὐτὴν
3052 5508 3362 5579 γινομένην,
3394 5500 3493 5557 ἀλλ’
3515 5488 3743 5583 arm;

2299 5566 2712 5653 cuvwrauév'qv.
2745 5566 2826 5653 Ad
2877 5566 3043 5651 caput
3064 5566 3265 5653 'aut'em
3290 5566 3527 5653 :séquens
3551 5566 3739 5653 Ψῖξίξῗέῖ

2300 5633 2975 5724 spoh'siiiiiéinfgiu'sdéii
2990 5633 3334 5723 iiquzestionis
3360 5633 3406 5715 ,’
3424 5649 3473 5698 et
3518 5633 3741 5702 seti"cum

2299 5722 2653 5794 quaestionem
2684 5722 2804 5776 ΗΑ.
