4030 6342
346 350 367 400 I
378 346 479 403 395

1494 334 2058 391 RECOGNITIONIIM
2104 332 2230 389 LIB.
2270 330 2400 387 VIIL

3452 328 3586 385 I391

342 460 506 515 certis
535 453 982 513 distinctionibus
1014 459 1067 509 et
1089 451 1358 508 ordinatis
1390 458 1672 517 movetur;
1705 467 1770 506 ex
1790 449 1910 519 ipso
1942 456 1980 512 Α
2012 448 2177 501 etiam
2214 447 2468 502 tremoris
2500 447 2729 516 languor
2758 447 3055 511 advenerit,
3086 455 3140 503 et
3170 447 3313 518 quod
3360 448 3475 504 tunc
3518 451 3587 506 ab

343 551 486 606 enim
517 556 642 605 sunt
668 548 924 611 horae,ex
958 546 1079 615 ipso
1115 543 1233 598 dies
1292 558 1417 597 cum
1470 543 1803 605 ascenderit,
1844 558 1913 596 ex

345 644 464 712 ipso
496 641 657 696 etiam
685 654 792 693 nox
821 652 945 691 cum
1000 634 1297 698 occiderit,
1348 649 1413 688 ex
1449 634 1568 703 ipso
1615 650 1832 689 menses
1860 641 1915 688 et

345 733 469 789 anni
494 738 874 791 numerantur,
901 744 966 783 ex
1023 730 1142 799 ipso
1168 729 1578 785 vicissitudines
1608 738 1911 798 temporum

345 826 498 891 ﬁunt,
527 823 653 878 dum
683 822 749 876 ad
806 825 1089 890 superiora
1146 820 1522 875 conscendens
1579 838 1673 875 ver
1704 830 1912 890 tempe-

342 922 446 980 rat,
476 913 567 968 ubi
589 919 767 966 autem
798 911 866 965 ad
917 925 1190 966 summum
1229 911 1353 965 cmli
1413 912 1642 973 venerit,
1691 911 1909 966 aestivos

339 1006 587 1063 accendit
621 1004 869 1070 calores;
901 1002 1164 1058 decidens
1191 1018 1388 1058 rursus
1421 1004 1668 1057 autumni
1704 1009 1910 1073 tempe-

336 1100 467 1155 riem
493 1095 692 1163 reddit,
718 1095 810 1150 ubi
835 1110 965 1151 vero
996 1093 1063 1149 ad
1120 1094 1432 1150 inferiorem
1480 1094 1703 1150 redierit
1729 1094 1910 1147 circu-

333 1193 464 1254 lum,
496 1205 565 1243 ex
589 1187 799 1259 glaciali
823 1201 1085 1257 compage
1108 1187 1231 1241 caali
1258 1188 1491 1258 rigorem
1520 1186 1677 1241 nobis
1697 1185 1907 1240 hiberni

333 1282 557 1352 frigoris
586 1279 935 1349 derelinquit.

400 1372 587 1429 XLVI.
648 1371 754 1427 Sed
786 1370 853 1426 de
891 1372 976 1426 his
1001 1371 1136 1426 alias
1167 1371 1331 1427 latius
1353 1371 1710 1428 disseremus.
1742 1369 1906 1426 Nunc

331 1468 579 1531 interim,
610 1480 734 1520 cum
771 1464 843 1518 sit
873 1464 975 1519 iste
1019 1466 1271 1522 minister
1312 1465 1512 1530 bonus,
1545 1464 1614 1519 ad
1638 1463 1907 1519 vicissitu-

327 1560 489 1616 dines
510 1567 815 1633 temporum
853 1557 1235 1621 moderandas,
1270 1564 1453 1611 tamen
1492 1557 1579 1611 ubi
1603 1555 1902 1612 secundum

327 1652 665 1706 voluntatem
722 1646 818 1700 Dei
843 1649 1116 1719 correptio
1148 1649 1472 1704 mortalibus
1499 1649 1683 1713 datur,
1718 1650 1903 1703 incan-

325 1744 504 1799 descit
560 1744 743 1799 acrius
796 1748 849 1795 et
907 1742 1017 1795 urit
1078 1740 1342 1795 mundum
1401 1740 1900 1796 vehementioribus

2016 541 2176 595 initio
2212 538 2374 595 fuerit
2404 538 2645 594 vindicta
2668 526 2948 609 parricidii
2969 540 3038 594 ⁸⁸.

2083 630 2314 686 XLVIII.
2354 629 2490 685 Nam
2517 630 2587 684 ab
2614 631 2824 700 origine
2855 631 3049 689 mundi
3070 631 3205 685 nihil
3234 631 3428 687 borum
3460 632 3585 700 fuit,

2012 722 2108 778 St'd
2137 739 2201 778 ex
2234 723 2510 792 impietate
2543 720 2819 773 hominum
2851 720 3065 773 initium
3096 722 3237 775 mala
3290 722 3391 777 ista
3436 739 3589 778 sum-

2010 830 2187 883 psere,
2217 822 2271 869 et
2320 813 2445 867 inde
2488 827 2701 882 semper
2730 813 3107 868 crescentibus
3130 815 3509 883 iniquitatibus
3535 829 3589 872 et

2010 905 2274 959 malorum
2308 918 2568 958 numerus
2589 903 2781 957 crevit.
2808 902 2915 958 Sed
2944 903 3150 959 idcirco
3181 906 3364 959 divina
3395 907 3584 961 Provi-

2009 997 2191 1052 dentia
2233 996 2498 1066 judicium
2550 1010 2678 1064 erga
2726 1010 2917 1050 omnes
2962 997 3175 1061 statuit,
3207 996 3331 1066 quia
3348 1014 3587 1068 praesens

2009 1090 2267 1144 saaculum
2302 1102 2410 1142 non
2442 1096 2554 1142 erat
2586 1088 2716 1151 tale,
2751 1088 2804 1141 in
2852 1104 2962 1158 quo
3010 1090 3385 1160 unusquisque
3414 1094 3589 1162 possit

2010 1196 2109 1250 pro
2159 1181 2369 1235 meritis
2416 1179 2745 1248 dispensari.
2774 1178 2893 1233 Non
2924 1195 3051 1250 ergo
3096 1196 3164 1234 ex
3198 1182 3303 1246 his,
3334 1199 3456 1253 qua:
3488 1200 3587 1253 pro

2006 1273 2247 1344 peCeatis
2297 1272 2578 1326 hominum
2631 1271 2833 1325 mundo
2873 1272 3192 1326 acciderunt
3247 1276 3440 1339 malis,
3491 1277 3583 1329 illa

2005 1363 2425 1433 contemplanda
2468 1369 2617 1425 sunt,
2654 1376 2774 1431 qua:
2804 1361 2873 1414 ab
2902 1360 3056 1414 initio
3085 1378 3207 1416 cum
3253 1365 3415 1418 nulla:
3459 1368 3587 1421 maIi

2006 1473 2186 1513 causa;
2243 1458 2565 1522 existerent,
2610 1456 2745 1511 bene
2773 1464 2827 1510 et
2858 1456 3108 1512 ordinate
3140 1460 3390 1512 instituta
3429 1466 3579 1515 sunt.

2005 1547 2251 1619 Denique
2281 1549 2347 1603 ad
2375 1548 2634 1602 indicium
2665 1562 2853 1601 eorum
2881 1563 3001 1617 qua:
3025 1550 3091 1603 ab
3115 1550 3271 1603 initio
3300 1549 3472 1615 fuere,
3500 1551 3584 1606 in-

2002 1640 2299 1694 veniuntur
2362 1639 2639 1693 nonnulla:
2690 1647 2877 1709 gentes
2922 1640 3113 1695 alienae
3157 1643 3226 1696 ab
3271 1642 3581 1713 hujusmodi

2004 1732 2182 1787 malis.
2214 1730 2349 1784 Nam
2399 1729 2560 1786 Seres
2597 1731 2706 1802 (Π)
2737 1731 2865 1801 quia
2896 1741 3046 1787 caste
3070 1733 3291 1798 vivunt,
3328 1745 3583 1805 expertes

325 1836 581 1893 flammis.
621 1835 887 1892 Similiter
915 1840 968 1891 et
1011 1834 1151 1888 luna:
1175 1848 1393 1898 cursus,
1425 1843 1587 1905 atque
1622 1834 1736 1888 haec
1780 1849 1898 1903 qua:

2003 1821 2273 1877 habentur
2302 1822 2496 1875 borum
2528 1822 2792 1888 omnium,
2818 1823 2946 1892 quia
2994 1839 3171 1893 neque
3213 1832 3336 1894 post
3383 1842 3584 1882 conce-

326 1929 596 1999 imperitis
621 1929 834 1985 videtur
886 1927 1193 1982 inordinata
1218 1929 1565 1997 permutatio,
1592 1926 1900 1982 incremen-

325 2020 397 2073 tis
445 2018 662 2089 frugum
714 2031 768 2075 et
814 2020 1081 2091 pecudum
1142 2019 1497 2089 omniumque
1537 2018 1898 2072 animantium

323 2110 611 2164 commoda
643 2118 759 2176 est;
790 2110 1092 2181 augmentis
1122 2111 1265 2164 enim
1294 2108 1414 2178 ejus
1448 2108 1900 2179 detrimentisque

322 2202 463 2256 mira
492 2200 725 2272 quadam
754 2202 1114 2257 Providentia:
1142 2208 1261 2257 arte
1293 2216 1453 2255 omne
1481 2200 1625 2271 quod
1660 2201 1922 2272 gignitur,

322 2292 490 2346 alitur
510 2300 564 2347 et
597 2293 820 2358 crescit,
854 2292 920 2348 de
953 2292 1154 2363 quibus
1212 2293 1377 2347 latius
1412 2292 1673 2363 prosequi
1709 2306 1901 2362 posse-

322 2399 446 2438 mus
476 2391 529 2438 et
559 2383 772 2452 aperire
802 2384 868 2438 de
900 2383 1133 2454 singulis
1164 2382 1454 2445 rationem,
1509 2383 1616 2437 nisi
1647 2398 1747 2437 nos
1773 2396 1901 2452 pro.

323 2475 516 2543 posita
543 2474 862 2544 quaestionis
894 2474 1028 2529 ordo
1062 2481 1365 2531 revocaret.
1389 2473 1486 2529 His
1529 2482 1711 2529 tamen
1761 2474 1898 2544 ipsis

321 2566 642 2638 eisdemque
686 2568 1007 2623 ministeriis
1044 2568 1246 2639 quibus
1296 2568 1615 2639 gignuntur,
1653 2566 1896 2631 aluntur,

324 2668 593 2729 augentur
644 2661 939 2726 universa;
1008 2675 1133 2715 cum
1190 2660 1355 2717 fuerit
1395 2660 1545 2730 justa
1610 2660 1791 2731 aliqua
1830 2674 1899 2715 ex

323 2766 492 2807 causa
549 2750 759 2808 ordinis
801 2752 1036 2808 instituti
1095 2759 1304 2807 mutata
1360 2752 1667 2822 temperies,
1702 2766 1897 2807 corru-

324 2843 439 2913 ptio
461 2843 638 2898 oritur
665 2853 722 2899 et
773 2845 1212 2916 intemperantia,
1252 2854 1310 2899 ut
1365 2845 1420 2899 in
1472 2845 1757 2910 homines,
1788 2845 1892 2899 sic-

324 2940 397 2987 ut,
430 2948 597 3003 supra
647 2933 910 3000 diximus,
978 2936 1268 3008 castigatio
1302 2934 1396 2993 Dei
1455 2939 1735 2993 voluntate
1768 2954 1897 3009 pro-

322 3025 503 3082 cedat.

2000 1923 2152 1984 ptum
2204 1915 2341 1968 adiri
2394 1916 2534 1968 ultra
2567 1915 2709 1983 apud
2739 1929 2833 1968 eos
2862 1914 3120 1969 feminam
3153 1915 3235 1971 fas
3265 1928 3370 1987 est,
3406 1935 3583 1990 neque

2000 2021 2123 2060 cum
2148 2016 2447 2077 purgatur;
2482 2006 2744 2061 carnibus
2778 2008 2850 2062 ibi
2885 2008 3181 2064 immundis
3210 2026 3369 2065 nemo
3404 2014 3583 2068 vesci-

1999 2108 2111 2164 tur,
2147 2099 2414 2154 sacriﬁcia
2445 2114 2607 2153 nemo
2640 2101 2809 2164 novit,
2841 2101 3143 2155 secundum
3172 2101 3437 2170 justitiam
3464 2120 3581 2159 om-

2002 2208 2097 2248 nes
2128 2192 2232 2247 sibi
2259 2191 2393 2262 ipsis
2419 2190 2633 2261 judices
2668 2190 2823 2247 ﬁunt.
2858 2190 3071 2247 Idcirco
3104 2192 3267 2261 igitur
3296 2209 3471 2264 neque
3490 2211 3583 2250 ca-

2001 2283 2273 2353 stigantur
2309 2282 2431 2336 istis
2462 2281 2635 2351 plagis
2665 2298 2804 2352 quas
2839 2297 3005 2353 supra
3037 2283 3297 2349 diximus,
3326 2293 3379 2339 et
3412 2286 3583 2354 pluri-

2000 2391 2149 2429 mum
2184 2376 2443 2444 temporis
2473 2375 2529 2429 in
2556 2375 2665 2428 vita
2695 2374 2977 2439 durantes,
3009 2376 3218 2447 absque
3258 2378 3581 2448 aegritudine

2000 2466 2197 2521 ﬁniunt
2226 2466 2413 2521 vitam.
2446 2464 2557 2519 Nos
2582 2473 2763 2520 autem
2795 2468 3002 2532 miseri,
3033 2470 3179 2523 velut
3210 2485 3333 2522 cum
3362 2485 3583 2540 serpen-

1998 2558 2147 2613 tibus
2194 2556 2450 2628 pessimis
2490 2556 2881 2620 babitantes",
2910 2574 3035 2613 cum
3092 2559 3407 2615 hominibus
3453 2560 3581 2616 dico

1998 2647 2222 2719 iniquis,
2261 2647 2585 2720 perferimus
2614 2650 2928 2705 necessario
2972 2666 3097 2705 cum
3147 2650 3283 2720 ipsis
3332 2652 3580 2707 aﬂlictio-

1996 2756 2128 2796 num
2180 2742 2366 2813 plagas
2418 2742 2473 2795 in
2525 2741 2629 2796 hoc
2674 2743 2898 2807 mundo,
2932 2741 3026 2797 sed
3053 2758 3203 2813 spem
3232 2745 3470 2814 gerimus
3509 2761 3577 2800 ex

1998 2833 2374 2888 consolatione
2405 2832 2712 2887 futurorum
2742 2833 3033 2890 bonorum.

2068 2923 2254 2981 XLIX.
2297 2925 2353 2978 Si
2382 2936 2605 2997 propter
2634 2927 2975 2996 iniquitates,
3004 2928 3182 2997 inquit
3218 2944 3407 2996 senex,
3437 2929 3575 2984 aiio-

1996 3036 2120 3075 rum
2150 3018 2467 3073 cruciantur
2493 3020 2657 3073 etiam
2687 3019 2844 3088 justi,
2865 3023 3106 3089 oportuit
3122 3020 3290 3074 Deum
3316 3027 3576 3091 tanquam

391 3114 602 3170 XLVII.
655 3117 762 3173 Sed
802 3117 1038 3175 fortasse
1085 3120 1235 3175 dices
1268 3140 1280 3174 ε
1327 3118 1489 3185 Quid,
1524 3119 1669 3191 quod
1700 3119 1754 3172 in
1790 3119 1895 3172 ista
1923 3150 1965 3208 Ο
1998 3109 2335 3181 provisorem
2365 3108 2559 3178 jubere
2591 3108 2927 3172 hominibus,
2962 3117 3024 3162 ut
3073 3124 3181 3163 non
3220 3109 3463 3166 facerent
3487 3126 3573 3176 ea,

319 3210 603 3263 communi
650 3211 1009 3280 castigatione
1072 3211 1271 3266 similia
1324 3208 1475 3279 impii
1530 3209 1812 3279 patiuntur
1843 3217 1896 3263 et

320 3299 433 3369 pii?
463 3297 664 3354 Verum
689 3310 794 3365 est,
822 3302 985 3356 etiam
1026 3317 1127 3357 nos
1180 3301 1414 3356 fatemur
1439 3318 1453 3368 ;
1484 3300 1577 3356 sed
1607 3301 1712 3372 piis
1735 3302 1899 3355 casti-

319 3393 468 3460 gatio
494 3392 559 3446 ad
582 3394 887 3463 profectum
913 3394 1076 3461 cedit,
1108 3402 1167 3447 ut
1215 3392 1270 3448 in
1300 3405 1553 3464 praesenti
1593 3395 1701 3448 vita
1756 3394 1895 3448 alni-

319 3484 391 3538 cti
428 3485 774 3557 purgatiores
815 3487 1035 3541 veniant
1072 3485 1139 3539 ad
1192 3484 1455 3549 futuram,
1510 3485 1564 3539 in
1609 3500 1717 3555 qua
1772 3501 1896 3554 per-

314 3584 481 3644 petua
513 3578 592 3632 eis
618 3580 838 3648 requies
872 3586 1176 3650 praeparata
1207 3586 1316 3641 est,
1342 3576 1505 3632 simul
1538 3586 1717 3631 autem
1752 3584 1811 3630 ut
1843 3584 1896 3629 et

311 3669 473 3739 impii
504 3669 901 3739 aliquantulum
943 3686 1009 3725 ex
1039 3671 1284 3741 ipsorum
1341 3668 1701 3739 castigatione
1730 3669 1897 3738 proﬁ-

319 3761 513 3825 ciant,
556 3770 651 3816 aut
683 3760 831 3831 justa
870 3761 924 3816 in
965 3778 1060 3818 eos
1100 3761 1302 3818 feratur
1333 3763 1521 3834 judicii
1561 3761 1729 3818 futuri
1769 3777 1899 3821 scn-

321 3851 495 3907 teutia
518 3892 532 3915 ,
567 3868 689 3907 cum
735 3853 789 3906 in
829 3853 1030 3909 eisdem
1060 3854 1500 3924 castigationibus
1525 3854 1655 3923 justi
1682 3855 1899 3925 quidem

313 3945 526 4013 gratias
559 3946 771 4016 egerint
816 3945 947 4012 Deo,
986 3946 1175 4016 injusti
1238 3952 1422 4001 autem
1482 3945 1894 4017 blasphemave-

313 4035 452 4090 rint.
486 4033 655 4106 Igitur
683 4052 807 4090 cum
838 4037 923 4092 .in
961 4037 1101 4094 duas
1149 4045 1335 4106 partes
1388 4051 1570 4091 rerum
1620 4036 1896 4091 dividatur

313 4127 525 4195 Opinio,
551 4128 696 4197 quod
727 4128 834 4182 alia
866 4144 964 4199 per
984 4129 1255 4193 ordinem,
1287 4128 1392 4182 alia
1422 4136 1617 4183 contra
1646 4129 1893 4183 ordinem

314 4214 453 4269 ﬁant
480 4234 493 4271 :
525 4232 592 4271 ex
630 4218 715 4272 his
737 4218 956 4287 quidem
987 4234 1107 4289 qua:
1138 4218 1435 4273 secundum
1475 4218 1719 4273 ordinem
1740 4226 1890 4282 sunt,

313 4309 562 4377 Oportuit
599 4309 748 4364 credi
777 4322 898 4364 esse
931 4304 1372 4376 Providentiam;
1404 4309 1471 4365 de
1502 4308 1587 4365 his
1612 4324 1742 4364 vero
1772 4323 1893 4378 qua:

314 4408 509 4454 contra
557 4402 803 4456 ordinem
838 4410 1122 4471 geruntur,
1152 4417 1350 4457 causas
1380 4401 1660 4471 requirere
1688 4399 1756 4455 ab
1785 4400 1890 4465 his,

1998 3218 2063 3257 ex
2092 3201 2293 3272 quibus
2324 3215 2549 3255 necesse
2578 3207 2723 3255 esset
2769 3215 2895 3254 cum
2942 3200 3164 3269 injustis
3212 3202 3377 3272 allligi
3411 3203 3574 3258 etiam

1993 3295 2193 3365 justos,
2223 3300 2317 3347 aut
2365 3292 2411 3349 si
2444 3290 2688 3347 facerent
2717 3292 3153 3347 emendationem
3190 3294 3448 3364 aliquam,
3481 3304 3576 3350 aut

1998 3387 2428 3459 puriﬁcationem
2487 3384 2695 3439 mundo
2744 3385 3084 3440 adhiberent.
3138 3382 3345 3449 Jussit,
3399 3386 3574 3457 inquit

1996 3480 2213 3551 Aquila,
2247 3478 2389 3533 Deus
2418 3477 2533 3532 haec
2559 3485 2613 3532 et
2637 3476 2785 3531 dedit
2814 3485 3083 3547 praecepta
3128 3492 3223 3546 per
3253 3478 3569 3547 prophetas,

1996 3571 2270 3643 quomodo
2299 3570 2550 3626 homines
2573 3569 2755 3624 vivere
2786 3568 3079 3633 deberent;
3102 3569 3197 3623 sed
3221 3575 3274 3624 et
3299 3569 3413 3624 haec
3442 3585 3575 3626 con—

1996 3671 2351 3736 tempserunt,
2378 3664 2487 3718 imo
2518 3677 2646 3717 vero
2688 3671 2742 3717 et
2779 3676 2875 3718 eos
2908 3662 2953 3717 si
2987 3662 3079 3732 qui
3112 3661 3250 3716 forte
3280 3661 3573 3720 observare

1996 3757 2308 3828 cupiebant,
2336 3756 2569 3811 diversis
2596 3755 2813 3826 injuriis
2850 3746 3179 3815 afﬂixerunt.
3212 3754 3386 3810 donec
3408 3756 3569 3810 etiam

1997 3849 2145 3919 ipsos
2175 3863 2206 3902 a
2236 3847 2509 3918 praposita
2540 3845 2915 3901 observatione
2938 3844 3257 3913 dejicerent,
3296 3851 3353 3898 et
3384 3843 3451 3898 ad
3478 3845 3562 3899 in-

1996 3940 2335 3996 credulitatis
2385 3937 2743 3995 nihilominus
2798 3944 3074 3992 verterent
3116 3934 3334 3989 turbam
3357 3935 3571 4008 sibique

1994 4032 2201 4087 similes
2235 4030 2529 4103 efﬁcerent.

2064 4121 2126 4178 L.
2167 4121 2458 4194 Pmpterea
2491 4121 2729 4192 denique
2762 4121 2831 4175 ab
2864 4120 3021 4175 initio
3051 4136 3174 4175 cum
3209 4120 3403 4177 fuisset
3452 4134 3572 4176 om-

1995 4218 2082 4273 nis
2114 4224 2257 4271 terra
2286 4215 2553 4269 maculata
2581 4214 2841 4284 peccatis,
2879 4212 3020 4269 Deus
3066 4214 3329 4267 diluvium
3364 4210 3571 4268 mundo

1995 4308 2227 4371 induxit,
2259 4308 2404 4378 quod
2436 4320 2530 4361 vos
2560 4306 2667 4361 sub
2694 4304 3022 4359 Deucalione
3055 4304 3255 4359 factum
3280 4304 3488 4370 dicitis,
3515 4311 3567 4359 et

1995 4408 2125 4455 tunc
2150 4415 2316 4454 unum
2346 4399 2633 4469 quemdam
2663 4397 2871 4468 justum
2900 4413 3023 4453 cum
3056 4397 3181 4452 ﬁliis
3211 4397 3328 4452 suis
3360 4397 3415 4451 in
3441 4411 3568 4449 arca

315 4490 412 4558 qui
438 4505 534 4546 eas
561 4507 657 4561 per
698 4493 1003 4547 doctrinam
1035 4495 1410 4565 propheticam
1462 4494 1737 4562 didicere;
1774 4494 1897 4565 qui-
1928 4490 1970 4546 D
2000 4496 2319 4557 reservavit,
2352 4499 2405 4547 et
2433 4507 2556 4546 cum
2604 4505 2670 4545 eo
2713 4490 2957 4544 omnium
2992 4490 3262 4544 seminum
3293 4488 3566 4543 omnium-

316 4581 423 4637 bus
448 4584 594 4637 enim
648 4585 991 4641 innotescere
1035 4587 1213 4656 potuit
1268 4600 1448 4641 sermo
1502 4586 1889 4657 propheticus,

317 4671 504 4727 sciunt
528 4676 746 4743 quando
790 4682 843 4731 et
872 4675 940 4732 ob
970 4693 1130 4746 quam
1175 4692 1395 4732 causam
1424 4693 1627 4747 aerugo,
1660 4676 1888 4748 grando,

319 4766 647 4833 pestilentia,
686 4776 741 4823 et
774 4768 967 4823 horum
1005 4769 1205 4824 similia
1250 4785 1345 4840 per
1370 4770 1612 4840 singulas
1645 4786 1890 4841 quasque

315 4857 695 4923 generationes
723 4866 911 4913 exorta
950 4861 1080 4924 sint,
1118 4869 1171 4915 et
1198 4876 1265 4914 ex
1295 4860 1491 4931 quibus
1513 4862 1748 4930 peccatis
1777 4864 1891 4919 haec

316 4943 384 4997 ad
408 4944 703 4999 vindictam
732 4949 859 5003 data
889 4947 1021 5013 sint,
1058 4950 1204 5004 unde
1232 4950 1472 5003 humano
1510 4951 1693 5020 generi
1725 4967 1888 5007 causa

319 5035 579 5100 tristitiae,
609 5036 752 5091 unde
780 5040 1013 5109 gemitus
1046 5055 1109 5095 ac
1139 5040 1356 5096 dolores
1398 5040 1718 5106 acciderint,
1746 5044 1890 5098 unde

384 5169 433 5201 ⁸⁸
460 5168 596 5228 Gen.
636 5189 710 5240 tv,
745 5175 812 5230 I9.
842 5177 896 5231 in
924 5175 1097 5233 LXX.
1174 5179 1219 5211 ⁸⁸
1254 5178 1455 5236 Ezech.
1480 5196 1545 5247 ll,
1578 5181 1632 5238 6.

1990 4602 2097 4657 que
2129 4585 2486 4638 animantium
2520 4598 2715 4655 genus.
2750 4581 3009 4638 Ettamen
3028 4585 3191 4636 etiam
3222 4581 3314 4651 qui
3339 4596 3406 4636 ex
3434 4579 3568 4650 ipsis

1992 4678 2106 4734 nati
2128 4685 2275 4741 sunt,
2294 4683 2538 4747 tempore
2568 4675 2959 4737 intercedente,
2979 4690 3172 4730 rursus
3198 4673 3393 4727 similia
3418 4673 3562 4742 prio-

1990 4771 2143 4825 ribus
2191 4775 2389 4838 agunt;
2436 4767 2695 4822 oblivioni
2743 4767 2888 4822 enim
2935 4781 3056 4836 quae
3101 4765 3413 4819 acciderant
3440 4763 3566 4817 data

1993 4868 2142 4921 sunt,
2175 4860 2247 4913 ita
2281 4866 2338 4911 ut
2371 4858 2569 4927 posteri
2594 4874 2661 4912 ne
2685 4858 2788 4911 hoc
2810 4858 2986 4928 ipsum
3014 4858 3230 4926 quidem
3254 4854 3562 4913 crederent.

1992 4951 2138 5023 quod
2168 4951 2430 5005 diluvium
2465 4950 2664 5002 factum
2705 4959 2807 5005 est.
2840 4948 2993 5004 Unde
3018 4958 3072 5004 et
3102 4949 3291 5004 statuit
3325 4946 3464 5000 Deus
3508 4945 3562 4997 in

1996 5044 2247 5117 praesenti
2295 5043 2495 5098 saeculo
2541 5042 2683 5096 ultra
2732 5058 2840 5096 non
2887 5041 3001 5097 ﬁeri
3047 5042 3331 5105 diluvium,
3361 5038 3564 5108 alioqui

1614 5330 1981 5390 COTELERII
2019 5331 2254 5387 NOTE.

393 5466 499 5536 (77)
536 5467 707 5522 Seres.
740 5465 890 5533 Qu‘os
937 5484 1006 5521 ex
1051 5469 1288 5523 lectione
1332 5467 1651 5531 Strabonis,
1699 5467 1883 5533 Plinii,

316 5536 485 5607 Melae,
522 5536 714 5599 Solini,
750 5538 995 5599 Luciani,
1030 5538 1299 5592 Ammiani
1335 5538 1657 5601 Marcellini,
1694 5538 1886 5607 Orige-

319 5610 424 5669 nis,
473 5606 714 5669 Eusebii.
747 5610 991 5669 Caesarii,
1023 5608 1280 5674 Cedreni,
1313 5607 1605 5673 Eustathii,
1645 5616 1773 5674 etc.,
1802 5606 1889 5662 di-

319 5682 523 5733 scimus
564 5679 804 5733 celebres
836 5679 1113 5734 exstitisse
1163 5690 1274 5733 tum
1325 5680 1647 5734 salubritate
1678 5687 1733 5732 et
1764 5681 1889 5734 vita).

318 5749 673 5802 diuturnitate
707 5750 772 5802 ad
801 5757 1076 5803 trecentos
1106 5765 1279 5803 annos
1306 5749 1606 5819 productm,
1633 5756 1746 5804 tum
1773 5751 1888 5803 lau-

318 5819 477 5873 dibus
533 5820 799 5884 lenitatis,
852 5820 1071 5886 quietis,
1126 5820 1475 5891 frugalitatis,
1528 5820 1887 5886 castimonite,

1985 5467 2225 5540 justitiam:
2251 5469 2578 5540 acpietati‘s.
2617 5466 2736 5534 Quo
2784 5470 2957 5540 magis
2984 5469 3293 5523 mirandum
3332 5470 3495 5526 scribi
3528 5487 3560 5528 ι

1992 5539 2049 5593 S.
2078 5538 2379 5608 Epiphanio
2409 5538 2462 5591 in
2494 5538 2833 5607 Expositione
2880 5538 3004 5608 ﬁdei
3029 5580 3041 5600 .
3079 5557 3133 5593 n.
3166 5540 3254 5600 10,
3290 5541 3430 5609 apud
3463 5541 3562 5596 Se-

1989 5625 2101 5669 ras,
2133 5611 2370 5661 virorum
2402 5609 2852 5663 consuetudinem
2904 5610 3074 5664 fuisse
3103 5611 3439 5665 muliebriter
3482 5613 3564 5667 vi-

1990 5694 2137 5745 vere,
2195 5680 2518 5734 feminarum
2568 5696 2698 5733 vero
2744 5680 2997 5734 viril‘ter.
3046 5678 3267 5735 Scilicet
3315 5682 3560 5738 attribuit

1995 5747 2584 5825 EpiphaniusSeribus
2607 5751 2751 5825 quod
2776 5749 2841 5804 ad
2872 5750 3032 5807 Gelos
3059 5750 3331 5821 pertinet;
3360 5755 3427 5808 de
3447 5754 3543 5825 qui

1994 5821 2096 5877 bus
2126 5819 2263 5875 infra
2299 5820 2391 5875 lib.
2424 5836 2497 5885 Ix,
2531 5834 2648 5887 cap.
2681 5820 2769 5879 ‘32.
