4030 6342
599 223 742 280 1393

1423 227 1479 282 S.
1520 228 1914 283 CLEMENTIS
1955 230 1973 282 Ι
2010 227 2180 283 ΒΟΜ.
2221 227 2424 288 ΡΟΝΤ.
2465 232 2695 290 OPERA
2733 237 2962 296 DUBIA.

3591 265 3688 320 1336

598 340 897 394 secundum
924 342 1185 395 rationem
1223 350 1569 409 peccatorum
1600 360 1824 399 necesse
1857 354 1975 398 erat
2004 345 2167 399 etiam
2197 350 2239 402 Α
2272 350 2537 418 apostolis
2566 350 3031 422 pseudoapostoli,
3063 364 3114 410 et
3145 358 3420 420 doctoribus
3440 366 3534 422 falsi
3557 372 3689 429 docto-

596 447 692 499 per
716 433 957 502 singulas
987 433 1365 502 generationes
1400 432 1503 488 hoc
1531 435 1647 492 ﬁeri
1675 436 2010 490 inﬁdelitatis
2040 451 2163 505 gra-

594 522 702 585 tia;
732 524 825 577 sed
871 524 1040 591 magis
1080 523 1304 579 indulsit
1333 540 1428 594 per
1457 526 1699 595 singulas
1727 535 1916 596 gentes
1942 528 2162 597 angelos

592 614 856 683 quosdam
888 628 1049 683 agere
1073 615 1435 684 principatum
1460 618 1552 686 qui
1583 617 1740 672 malis
1764 618 2018 687 gaudent,
2037 618 2160 687 qui-

592 706 694 760 bus
721 713 901 760 tamen
934 722 996 759 ea
1025 707 1335 761 conditione
1360 716 1604 777 potestas
1647 710 1932 764 adversum
1962 726 2161 763 unum-

590 812 862 867 quemque
888 800 1199 852 mortalium
1232 800 1356 853 data
1384 808 1488 863 est,
1519 803 1564 856 si
1604 802 1759 871 prius
1799 818 1858 857 se
1891 803 2005 872 ipse
2034 803 2163 872 quis

589 889 866 957 peccando
910 890 989 946 eis
1038 891 1256 945 fecisset
1301 893 1623 957 obnoxium,
1668 895 1841 949 donec
1879 895 2157 949 adveniret

586 983 676 1037 ille
704 983 794 1051 qui
819 982 976 1037 bonis
1007 983 1221 1051 gaudet,
1255 991 1309 1038 et
1339 985 1701 1054 compleretur
1726 1003 1820 1056 per
1846 987 2021 1055 ipsum
2053 1004 2155 1040 nu-

584 1090 767 1129 merus
792 1075 1087 1141 justorum.
1119 1085 1173 1130 et
1200 1092 1295 1145 per
1338 1092 1550 1132 onmem
1584 1080 1843 1133 mundum
1873 1087 2156 1134 crescente

584 1166 931 1221 multitudine
984 1170 1220 1236 piorum,
1255 1168 1435 1237 aliqua
1467 1184 1532 1222 ex
1567 1177 1720 1238 parte
1766 1170 2153 1240 reprimeretur

582 1260 837 1328 impietas
868 1268 920 1313 et
952 1261 1317 1314 innotesceret
1345 1261 1619 1327 omnibus,
1651 1262 1779 1332 quia
1823 1278 1983 1318 omne
2007 1263 2150 1334 quod

582 1351 783 1406 bonum
816 1360 899 1405 est
934 1368 962 1404 a
996 1351 1104 1405 Deo
1130 1354 1208 1406 ﬁt.

647 1446 731 1501 Ll.
776 1446 853 1500 Ex
883 1447 1092 1502 arbitrii
1129 1456 1308 1501 autem
1350 1450 1599 1505 libertate
1642 1455 2015 1523 unusquisque
2052 1453 2150 1507 hn-

578 1540 784 1592 minmn
830 1540 957 1594 dum
1007 1541 1320 1597 incredulus
1364 1552 1447 1597 est
1496 1544 1563 1597 de
1598 1544 1816 1607 futuris,
1850 1562 1947 1615 per
1979 1549 2147 1605 malos

578 1640 735 1685 actus
778 1633 1007 1686 incurrit
1050 1636 1103 1687 in
1152 1637 1313 1689 mala.
1348 1635 1407 1687 Et
1456 1636 1567 1689 haec
1597 1644 1723 1691 sunt
1753 1655 1872 1706 quae
1898 1639 2147 1695 videntur

576 1725 629 1778 in
665 1725 866 1779 mundo
907 1737 1094 1781 contra
1145 1727 1386 1782 ordinem
1419 1730 1553 1797 geri,
1598 1731 1798 1799 quibus
1837 1747 2053 1795 causas,
2088 1741 2145 1786 ut

574 1824 778 1877 essent,
807 1815 1096 1871 inﬁdelitas
1137 1819 1303 1873 dedit.
1339 1819 1580 1873 Miranda
1620 1822 1781 1889 igitur
1829 1838 1924 1891 per
1961 1825 2142 1877 omnia

573 1913 657 1960 est
705 1905 901 1960 divina:
949 1905 1307 1962 Providentim
1355 1910 1719 1979 dispensatio.
1771 1926 1891 1980 quae
1922 1911 2006 1965 his
2050 1914 2138 1981 qui

572 1997 728 2051 initio
778 1998 1001 2064 fuerint,
1036 2000 1232 2054 bonam
1275 2003 1490 2069 quidem
1524 2003 1662 2056 viam
1693 2009 1811 2056 vitm
1837 2004 2139 2057 incedenti-

571 2090 693 2154 bus,
723 2090 881 2146 bonis
911 2091 1415 2163 incorruptibilibus
1448 2094 1592 2148 dedit
1619 2093 1824 2163 perfrui
1850 2111 1863 2159 ;
1896 2094 1988 2149 ubi
2013 2111 2139 2149 vero

573 2190 934 2250 peccaverunt
967 2182 1132 2254 [mali
1162 2186 1426 2254 originem
1466 2194 1687 2253 peccato
1716 2186 1957 2256 pariente
1988 2203 2140 2240 sum-

569 2282 795 2341 pserunt
819 2273 862 2346 J,
887 2282 942 2329 et
965 2274 1263 2345 unicuique
1291 2276 1431 2329 bono
1458 2277 1611 2345 quasi
1638 2278 1870 2345 quodam
1901 2279 2136 2347 conjhgii

566 2365 772 2422 fmdere
796 2384 861 2421 ex
897 2378 1048 2437 parte
1088 2369 1295 2438 peccati
1326 2370 1587 2422 sociatum
1618 2377 1701 2424 est
1735 2370 1934 2424 malum
1956 2410 1970 2435 ,
2000 2387 2136 2441 quo-

564 2461 709 2514 niam
738 2459 955 2529 quidem
980 2461 1216 2516 humano
1248 2463 1509 2532 sanguine
1538 2470 1682 2517 terra
1713 2464 1916 2533 polluta
1942 2472 2044 2529 est,
2082 2474 2136 2519 et

565 2566 674 2605 arte
706 2550 1042 2608 daemonibus
1085 2569 1379 2613 succensae,
1408 2570 1587 2609 aerem
1617 2571 1829 2625 quoque
1852 2557 2027 2626 ipsum
2058 2558 2136 2611 in-

563 2652 715 2697 cesto
744 2643 1134 2698 sacrificiorum
1170 2643 1318 2697 fumo
1349 2654 1702 2712 temerarunt,
1733 2653 1786 2701 et
1814 2647 1884 2700 ita
1916 2647 2130 2701 demum

562 2744 817 2806 corrupta
845 2737 998 2804 prius
1036 2736 1300 2791 elementa
1345 2737 1658 2792 hominibus
1696 2739 2019 2808 corruptelae
2058 2740 2133 2793 vi-

561 2828 717 2889 tium,
757 2826 903 2882 velut
938 2827 1148 2881 radices
1178 2828 1342 2883 ramis
1373 2842 1436 2882 ac
1474 2828 1739 2883 fructibus
1766 2829 2129 2889 tradiderunt.

632 2915 740 2969 Lll.
783 2915 916 2971 Vide
943 2931 1073 2985 ergo
1107 2916 1160 2970 in
1184 2916 1307 2980 hoc,
1333 2925 1391 2970 ut
1414 2917 1545 2977 dixi.
1572 2934 1734 2988 quam
1756 2919 1901 2989 juste
1927 2922 2129 2979 vitiatis

2179 1686 2279 1771 Βῆ

2264 453 2373 494 res.
2410 440 2473 493 Et
2504 441 2630 497 inde
2648 453 2734 498 est
2758 445 2903 499 unde
2927 448 3064 515 apud
3090 448 3401 521 phiIOSOphos
3419 456 3493 510 alii
3514 475 3690 519 asserunt

2263 530 2684 598 providentiam,
2740 535 2831 589 alii
2877 546 3094 607 negant,
3140 540 3223 593 alii
3268 558 3410 597 unum
3446 544 3592 616 Deum,
3629 556 3688 609 alii

2253 622 2447 677 Plures
2473 624 2791 682 defendunt.
2832 626 3014 697 Usque
3046 629 3109 682 ad
3138 630 3234 685 hoc
3257 648 3334 689 res
3354 636 3543 708 denique
3564 656 3691 699 acces-

2260 713 2350 777 sit,
2381 721 2437 766 ut
2467 731 2589 769 cum
2618 718 2780 772 verbo
2811 718 2901 772 Dei
2929 717 3176 789 fugentur
3203 724 3454 790 daimones,
3491 746 3565 798 per
3593 737 3689 803 quod

2257 817 2379 856 esse
2423 802 2768 860 Providentia
2816 804 3403 874 declaratur,'invenerit
3442 835 3514 873 ars
3549 802 3691 893 magica

2258 891 2322 943 ad
2351 891 2720 949 inﬁdelitatem
2747 898 3187 964 conﬁrmandam,
3218 906 3455 972 quomodo
3478 910 3601 963 etiam
3621 891 3691 969 hoc

2256 1000 2319 1039 ex
2352 988 2644 1041 contrariis
2668 987 2930 1044 imitetur.
2969 988 3058 1044 Sic
3090 1004 3376 1063 serpentum
3401 1014 3566 1055 venena
3595 1005 3693 1057 miti.

2253 1095 2383 1149 gare
2425 1080 2760 1135 carminibus
2807 1082 3108 1145 inventum,
3139 1093 3189 1140 et
3232 1088 3381 1142 verbo
3420 1105 3472 1142 ac
3512 1098 3690 1161 potestati

2254 1165 2348 1221 Dei
2390 1170 2696 1225 contrarias
2745 1170 3004 1228 inducere
3045 1175 3312 1232 sanitates.
3338 1179 3523 1250 Angelis
3545 1198 3692 1254 quoque

2252 1258 2345 1314 Dei
2376 1263 2649 1317 contraria
2681 1266 2879 1334 reperit
2907 1282 2996 1321 ars
3025 1270 3225 1338 magica
3253 1272 3531 1335 ministeria,
3553 1276 3690 1329 anima-

2250 1368 2369 1407 rum
2406 1356 2794 1411 suscitationcs
2837 1366 3028 1413 contra
3066 1360 3175 1414 hac
3221 1370 3271 1416 et
3312 1362 3527 1433 ﬁgmenta
3557 1368 3690 1421 demo-

2249 1462 2377 1499 num
2425 1462 2653 1516 ponens.
2692 1447 2755 1500 Et
2788 1464 2855 1503 ne
2886 1450 3057 1503 multa
3106 1454 3445 1507 enumerando
3472 1471 3690 1510 sermonem

2248 1536 2461 1608 longius
2490 1538 2724 1604 traham,
2751 1538 2885 1592 nihil
2914 1541 3135 1595 omnino
3161 1550 3239 1597 est
3263 1544 3393 1610 quod
3420 1544 3547 1599 ﬁdem
3568 1548 3691 1601 Provi-

2247 1626 2445 1681 dentiae
2473 1626 2658 1694 faciat,
2682 1636 2734 1683 et
2763 1645 2872 1683 non
2900 1629 3101 1684 habeat
3124 1636 3411 1687 econtrario
3437 1635 3554 1688 aliud
3576 1636 3622 1689 ad
3641 1637 3691 1689 in-

2285 1719 2558 1774 delitatem
2589 1731 2871 1790 paratum;
2908 1730 2961 1776 et
2992 1724 3116 1777 ideo
3148 1726 3235 1794 qui
3266 1729 3483 1796 ignorant
3503 1728 3620 1780 istam
3638 1727 3691 1780 di-

2246 1812 2509 1867 visionem
2540 1828 2743 1877 rerum,
2777 1830 2877 1884 pro
2907 1816 2991 1869 his
3019 1832 3141 1885 quae
3190 1832 3219 1869 a
3261 1818 3525 1887 semetipsis
3548 1818 3689 1871 discor-

2244 1903 2374 1956 dant
2404 1904 2458 1957 in
2493 1905 2714 1969 mundo,
2741 1922 2849 1961 non
2880 1916 3073 1978 putant
3104 1924 3223 1964 esse
3242 1909 3600 1965 Providentiam.
3621 1908 3689 1963 Sed

2242 2002 2321 2058 tu,
2351 1995 2535 2062 Pater,
2560 1998 2716 2067 quasi
2751 1999 2835 2053 vir
2864 2000 3087 2070 sapiens
3116 2017 3181 2056 ex
3222 2001 3319 2055 ista
3362 2001 3579 2055 divisione
3599 2002 3692 2068 elige

2240 2096 2468 2157 partem,
2503 2106 2623 2158 qum
2666 2090 2912 2146 ordinem
2945 2100 3127 2146 servat
3165 2100 3218 2148 et
3261 2092 3405 2146 ﬁdem
3434 2093 3691 2163 providentia:

2238 2176 2389 2240 facit,
2421 2185 2475 2231 et
2528 2194 2637 2232 non
2684 2182 2859 2235 solum
2906 2184 3159 2251 sequaris
3208 2183 3347 2236 illam
3389 2192 3575 2252 partem,
3612 2199 3691 2252 qua:

2238 2279 2429 2323 contra
2455 2272 2699 2327 ordinem
2721 2278 2892 2327 currit
2914 2282 2969 2331 et
2984 2275 3341 2331 Providentiae
3362 2276 3549 2348 derogat
3566 2277 3674 2331 fidem

2306 2361 2436 2416 LlV.
2480 2363 2561 2417 Ad
2611 2364 2726 2420 haec
2771 2382 2938 2422 senex
2965 2368 3249 2438 respondit
3282 2387 3296 2423 :
3332 2368 3399 2423 Da
3438 2370 3543 2423 mihi
3576 2370 3688 2432 viam,

2236 2451 2334 2516 ﬁli,
2370 2468 2476 2522 qua
2505 2456 2708 2523 possim
2750 2472 2815 2511 ex
2842 2457 3058 2513 duobus
3089 2460 3207 2514 istis
3232 2459 3503 2523 ordinibus,
3526 2474 3689 2529 quorum

2235 2546 2370 2600 alter
2405 2548 2621 2612 asserit,
2654 2550 2791 2604 alter
2816 2549 3019 2605 refutat
3044 2553 3449 2615 Providentiam,
3476 2568 3602 2605 unum
3622 2551 3691 2603 ali-

2233 2654 2391 2710 quem
2423 2641 2476 2694 in
2507 2641 2639 2696 meis
2675 2644 2928 2701 sensibus
2967 2645 3307 2701 conﬁrmare.
3338 2645 3545 2708 Rectum,
3568 2643 3690 2711 inquit

2231 2730 2447 2800 Aquila,
2474 2730 2692 2787 habenti
2719 2733 2986 2803 judicium
3020 2735 3181 2791 facile
3211 2737 3479 2792 discrimen
3503 2744 3687 2790 estnam

2230 2831 2282 2876 et
2313 2822 2415 2875 hoc
2445 2822 2619 2891 ipsum
2658 2824 2803 2892 quod
2832 2825 2933 2891 ais,
2964 2826 3101 2882 ordo
3141 2836 3194 2882 et
3233 2826 3535 2893 inordinatio,
3556 2824 3606 2878 ab
3622 2837 3685 2875 ar-

2229 2914 2374 2968 tiﬁce
2401 2914 2513 2969 ﬁeri
2549 2923 2746 2985 potest,
2775 2932 2805 2970 a
2835 2926 3029 2975 natura
3062 2936 3193 2975 vero
3228 2920 3495 2975 insensibili
3517 2933 3592 2971 non
3614 2930 3682 2985 po-

560 3006 727 3060 rebus
756 3004 1098 3060 Providentia
1129 3006 1310 3061 divina
1339 3011 1631 3072 succurrit,
1663 3017 1721 3063 ut
1750 3014 2003 3081 quoniam
2034 3013 2126 3068 bo-
2151 3029 2196 3089 ς
2230 3014 2365 3073 test;
2398 3021 2524 3061 nam
2567 3008 2719 3063 verbi
2748 3010 2921 3079 gratia
2968 3027 3243 3081 ponamus
3292 3013 3357 3067 de
3399 3011 3561 3067 excelsa
3587 3021 3682 3075 ωιιε

557 3096 645 3150 nis
671 3096 782 3160 Dei,
804 3097 944 3150 mala
972 3111 1092 3165 quae
1128 3112 1191 3150 ex
1224 3108 1446 3167 peccato
1471 3099 1733 3167 originem
1777 3109 2121 3171 sumpserant

555 3189 763 3243 sociata
814 3198 963 3254 sunt,
994 3190 1206 3245 duabus
1258 3190 1341 3244 his
1386 3191 1630 3259 partibus
1674 3192 1810 3248 duos
1850 3196 2120 3265 principes

557 3290 800 3350 poneret.
835 3289 887 3335 et
925 3282 972 3336 ei
1004 3282 1097 3352 qui
1126 3282 1285 3337 bonis
1318 3283 1515 3352 gaudet
1540 3288 1807 3339 bonorum
1851 3288 2117 3353 ordinem,

555 3375 648 3443 qui
682 3374 749 3427 ad
784 3372 941 3427 ﬁdem
969 3374 1318 3444 providentim
1347 3389 1459 3428 sua:
1485 3376 1770 3430 credentes
1802 3377 2116 3446 adduceret,

555 3463 765 3521 statuit,
797 3462 847 3517 ei
874 3479 1001 3517 vero
1028 3465 1120 3533 qui
1152 3466 1307 3519 malis
1333 3465 1550 3535 gaudet,
1578 3482 1640 3521 ea
1671 3483 1790 3536 quae
1813 3476 2003 3523 contra
2030 3487 2121 3523 or-

553 3553 733 3608 dinem
767 3561 821 3608 et
868 3555 1131 3610 inutiliter
1157 3565 1440 3626 geruntur,
1473 3573 1535 3611 ex
1569 3560 1767 3627 quibus
1803 3560 1920 3615 sine
1953 3561 2117 3616 dubio

550 3648 712 3702 etiam
743 3647 1093 3716 providentia:
1116 3647 1247 3704 ﬁdes
1278 3650 1330 3703 in
1358 3650 1583 3704 dubium
1616 3652 1822 3718 veniat;
1852 3660 1905 3707 et
1936 3653 2116 3708 habita

550 3748 633 3792 est
664 3754 760 3808 per
783 3738 885 3792 hoc
909 3754 938 3791 a
963 3739 1115 3808 justo
1144 3739 1253 3795 Deo
1274 3741 1418 3809 justa
1442 3741 1656 3796 divisio.
1685 3742 1821 3797 Hinc
1851 3760 1978 3813 ergo
2008 3752 2113 3810 est,

549 3832 693 3899 quod
730 3845 853 3883 eum
882 3831 1166 3887 ordinatus
1212 3842 1483 3885 astrorum
1532 3849 1729 3888 cursus
1768 3834 1923 3889 ﬁdem
1954 3835 2116 3889 faciat

550 3937 715 3975 manu
744 3921 966 3976 artiﬁcis
1008 3924 1285 3977 conditmn
1334 3926 1617 3991 mundum,
1647 3941 1861 3980 rursum
1895 3934 2114 3981 contur-

548 4012 698 4066 batio
735 4013 902 4079 aeris,
937 4028 1070 4066 aura
1117 4013 1399 4082 pestilens,
1442 4012 1727 4067 fulminum
1774 4014 1892 4084 vagi
1938 4015 2110 4085 ignes,

539 4102 902 4164 Providentiae
940 4118 1077 4172 Opus
1120 4103 1389 4158 refellant.
1422 4101 1635 4157 llabent
1675 4103 1843 4169 enim,
1876 4110 1935 4157 ut
1973 4103 2115 4157 dixi-

544 4210 690 4259 mus,
720 4196 933 4266 singula
972 4210 1199 4265 quasque
1228 4196 1390 4254 bona,
1423 4195 1698 4249 contraria
1735 4203 1789 4249 et
1819 4195 2110 4265 conjuncta

543 4287 651 4342 sibi
677 4289 839 4351 mala,
872 4295 932 4342 ut
966 4288 1213 4347 fecundis
1238 4286 1502 4341 imbribus
1535 4286 1742 4357 grando
1767 4286 1980 4341 inimica
2004 4294 2107 4349 est,

2223 3098 2512 3166 abruptum
2535 3112 2724 3151 saxum
2752 3098 2805 3152 in
2829 3115 3070 3171 praeceps
3096 3101 3250 3168 ferri,
3274 3102 3427 3171 idque
3444 3102 3592 3154 illisum
3605 3096 3687 3150 solo

2222 3189 2279 3241 in
2306 3190 2471 3241 multa
2501 3187 2803 3259 fragmenta
2826 3193 3148 3257 comminui,
3174 3193 3414 3264 nunquid
3431 3190 3598 3246 evenire
3613 3186 3687 3239 ullo

2221 3279 2384 3332 modo
2415 3286 2616 3349 potest,
2655 3288 2714 3333 ut
2764 3281 2818 3335 in
2866 3282 2959 3335 illa
2988 3285 3337 3340 multitudine
3364 3284 3686 3352 fragmentorum

2220 3370 2532 3423 inveniatur
2562 3387 2728 3425 unum
2763 3374 2955 3428 saltem
2998 3374 3381 3445 fragmentum,
3424 3375 3471 3427 in
3507 3386 3589 3442 quo
3608 3386 3689 3440 per-

2220 3459 2360 3513 fecta
2392 3461 2573 3531 aliqua
2604 3462 2817 3530 species
2844 3479 2942 3535 per
2969 3467 3155 3519 omnia
3191 3466 3444 3520 habeatur
3469 3478 3520 3516 ac
3544 3455 3691 3513 forma’

2218 3554 2282 3608 Et
2313 3571 2475 3611 senex
2515 3556 2798 3627 respondit
2831 3576 2844 3612 :
2877 3557 2994 3613 Non
3028 3567 3233 3629 potest.
3258 3559 3405 3626 Quod
3433 3559 3471 3613 si
3493 3555 3621 3615 adsit,
3637 3551 3695 3603 in-

2215 3650 2333 3719 quit
2373 3649 2590 3719 Aquila,
2632 3649 2911 3718 signorum
2954 3650 3176 3715 artifex,
3206 3652 3437 3706 excisum
3477 3649 3535 3701 de
3568 3651 3697 3698 monte

2216 3754 2407 3794 saxum
2437 3752 2600 3791 manu
2634 3737 2831 3790 artiﬁci
2853 3745 2908 3791 et
2940 3752 3105 3793 sensu
3136 3736 3434 3793 rationabili
3460 3735 3645 3788 formare
3659 3728 3696 3779 in

2214 3847 2377 3902 quam
2418 3831 2547 3885 velit
2585 3832 2823 3899 speciem
2861 3837 3059 3900 potest.
3092 3830 3162 3884 Et
3194 3847 3393 3886 senex:
3429 3827 3607 3889 Verum,
3637 3823 3695 3875 in-

2213 3925 2351 3992 quit,
2382 3923 2527 3977 istud
2574 3930 2679 3978 est.
2715 3921 2877 3992 Ergo,
2908 3922 2985 3975 ait
3036 3921 3258 3993 Aquila,
3288 3922 3375 3977 ubi
3423 3933 3588 3976 sensus
3623 3926 3696 3967 non

2213 4026 2296 4070 est
2324 4015 2688 4077 rationabilis,
2720 4015 2869 4067 nulla
2918 4016 3133 4084 species
3183 4031 3252 4069 ex
3299 4017 3494 4083 integro
3534 4003 3696 4063 formari

2211 4113 2413 4176 potest,
2448 4106 2538 4161 ubi
2569 4114 2746 4161 autem
2779 4121 2976 4161 sensus
3026 4114 3114 4162 est
3165 4107 3379 4170 artifex,
3412 4105 3477 4159 ibi
3506 4109 3550 4156 et
3573 4098 3697 4152 forma

2209 4210 2263 4257 et
2288 4200 2594 4256 informitas
2623 4216 2743 4255 esse
2774 4208 2952 4270 potest
2984 4216 2995 4250 :
3026 4201 3182 4254 verbi
3213 4200 3401 4270 gratia,
3430 4197 3470 4251 si
3491 4191 3659 4249 excidat
3678 4204 3699 4240 ε

2210 4301 2394 4347 monte
2443 4308 2633 4348 saxum
2686 4291 2879 4346 artifex
2926 4291 3014 4345 cui
3057 4290 3289 4345 formam
3318 4290 3437 4345 velit
3465 4287 3696 4356 imponen‘.

542 4388 606 4434 ut
648 4381 759 4435 rnri
808 4380 1020 4450 placido
1068 4380 1332 4450 rubiginis
1375 4388 1458 4434 est
1489 4380 1692 4435 sociata
1720 4380 2018 4448 corruptio,
2053 4392 2107 4435 ut
2136 4400 2186 4460 ι)
2213 4399 2435 4440 necesse
2483 4392 2567 4439 est
2615 4392 2674 4437 ut
2720 4383 2772 4437 id
2814 4383 2990 4453 primo
3025 4382 3265 4437 informe
3296 4381 3456 4437 credat
3479 4384 3524 4433 et
3554 4374 3701 4431 barba-

541 4471 721 4527 ventis
764 4472 978 4527 lenibus
1029 4472 1393 4542 procellarum
1445 4470 1687 4526 turbines
1716 4470 1907 4540 ’juncti
1956 4479 2104 4536 sunt,

540 4563 838 4618 fructuosis
885 4564 1173 4620 arboribus
1218 4563 1593 4625 infructuosae,
1644 4563 1829 4617 herbis
1880 4563 2106 4618 utilibus

539 4655 737 4717 noxias,
771 4655 1098 4711 animalibus
1127 4655 1350 4710 mitibus
1392 4654 1506 4710 fera
1551 4661 1605 4708 et
1638 4654 1944 4723 perniciosa
1975 4670 2106 4709 con-

539 4763 678 4803 nexa
702 4756 852 4806 sunt.
876 4747 1000 4802 H280
1027 4754 1207 4802 autem
1233 4747 1413 4801 omnia
1445 4746 1619 4815 posita
1651 4753 1780 4800 sunt
1803 4760 1831 4797 a
1857 4745 1985 4811 Deo,
2004 4761 2105 4815 pro

536 4854 604 4894 eo
645 4840 789 4910 quod
836 4839 1148 4894 hominibus
1193 4838 1445 4892 voluntas
1495 4836 1708 4891 arbitrii
1758 4851 1790 4889 a
1837 4836 2102 4892 bonorum

537 4933 815 5003 proposito
844 4932 1099 4989 discessit
1121 4939 1175 4987 et
1202 4931 1495 4989 declinavit
1525 4931 1594 4987 ad
1623 4931 1782 4989 mala.

608 5023 742 5080 Llll.
779 5025 946 5093 Igitur
977 5024 1028 5077 in
1062 5024 1316 5078 onmibus
1342 5023 1525 5077 mundi
1552 5024 1713 5077 rebus
1739 5022 1970 5077 habetur
1996 5021 2098 5076 ista

535 5117 749 5183 divisio,
780 5125 832 5171 et
860 5116 1001 5171 sicut
1036 5125 1162 5171 sunt
1191 5116 1286 5185 pii,
1327 5118 1398 5169 ita
1430 5125 1483 5171 et
1511 5116 1682 5185 impii,
1727 5124 1784 5168 ut
1816 5123 1943 5169 sunt
1974 5131 2099 5185 pro-

532 5210 729 5280 phetae,
756 5210 831 5262 ita
860 5217 914 5263 et
943 5208 1060 5263 falsi
1091 5209 1398 5278 prophetae;
1444 5208 1539 5262 sed
1585 5215 1640 5261 et
1681 5207 1826 5278 apud
1870 5208 2097 5277 gentiles

534 5309 663 5355 sunt
692 5301 1023 5372 philosophi,
1059 5311 1186 5354 sunt
1235 5308 1288 5355 et
1338 5299 1459 5355 falsi
1513 5300 1851 5369 pliil050phi;
1884 5297 2097 5352 Iudaeo-

532 5410 652 5447 rum
703 5409 921 5467 quoque
953 5392 1427 5447 circumeisionem
1463 5392 1707 5445 Arabica:
1735 5398 1923 5461 gentes
1952 5389 2097 5444 aliaa~

531 5498 637 5552 que
660 5483 905 5552 plurimae
947 5482 1014 5536 ad
1046 5482 1404 5536 ministerium
1438 5498 1549 5536 sua:
1579 5481 1867 5551 impietatis
1901 5480 2092 5532 imitati

514 5586 678 5634 sum.
712 5573 801 5628 Sic
828 5584 883 5629 et
909 5576 1095 5629 divino
1129 5576 1298 5629 cultui
1327 5583 1411 5630 est
1447 5574 1756 5629 contrarius
1788 5573 2091 5628 deeinonum

531 5668 734 5731 cultus,
783 5676 835 5721 ct
892 5669 1162 5739 baptismo
1210 5668 1531 5736 baptismus,
1565 5678 1615 5721 et
1665 5669 1765 5737 legi
1820 5668 1984 5737 leges,
2040 5673 2092 5720 et

2211 4492 2351 4543 rum,
2387 4485 2501 4530 tum
2545 4475 2743 4530 deinde
2775 4474 3034 4545 paulatim
3082 4473 3360 4529 excudens
3389 4480 3439 4524 et
3474 4467 3531 4521 ad
3556 4464 3698 4519 libram

2208 4584 2320 4624 suae
2343 4568 2477 4621 artis
2498 4568 2843 4637 exsculpens,
2862 4566 3135 4636 exprimat
3159 4565 3385 4621 formam
3407 4574 3548 4631 quam
3568 4560 3700 4609 mente

2206 4661 2537 4731 conceperit.
2567 4658 2643 4712 Ita
2672 4674 2801 4729 ergo
2823 4675 2886 4713 ex
2919 4658 3260 4713 informitate
3290 4656 3368 4711 vel
3398 4650 3697 4709 deformitate.

2205 4752 2429 4805 artiﬁcis
2461 4766 2622 4805 manu
2652 4750 2969 4820 pervenitur
3008 4751 3075 4804 ad
3108 4750 3364 4811 formam,
3394 4754 3442 4800 et
3471 4750 3700 4804 utrumque

2204 4841 2272 4896 ab
2313 4840 2517 4895 artiﬁce
2564 4838 2843 4907 procedit;
2877 4839 3039 4893 simili
3084 4838 3257 4909 igitur
3284 4836 3439 4892 modo
3465 4843 3513 4888 et
3541 4845 3592 4885 ea
3614 4837 3700 4895 quit

2204 4929 2259 4984 in
2291 4931 2494 4985 mundo
2522 4937 2806 5000 geruntur,
2828 4943 2923 4998 per
2942 4927 3170 4981 artiﬁcis
3189 4924 3558 4997 providentiam
3582 4916 3697 5009 ﬁunt,

2200 5022 2414 5077 etiamsi
2446 5022 2625 5076 minus
2654 5019 2906 5074 ordinata
2935 5018 3246 5072 videantur.
3279 5016 3342 5069 Et
3372 5014 3481 5069 ideo
3500 5008 3605 5081 quia
3628 5005 3699 5058 “bi

2198 5116 2319 5170 dua:
2349 5115 2467 5169 istm
2499 5114 2851 5168 innotuerunt
2895 5110 3014 5176 vite,
3045 5125 3347 5179 earumque
3389 5100 3613 5171 accepisti
3636 5096 3699 5149 di-

2199 5205 2458 5267 visiones,
2493 5202 2615 5273 fuge
2652 5202 2985 5256 inﬁdelitatis
3027 5200 3199 5263 viam,
3231 5215 3302 5253 ne
3331 5197 3461 5252 forte
3488 5189 3699 5264 perducat

2198 5304 2251 5351 te
2281 5297 2345 5351 ad
2379 5297 2529 5350 illum
2561 5295 2857 5366 principem
2886 5294 2980 5365 qui
3011 5292 3171 5347 malis
3196 5292 3415 5362 gaudet,
3444 5280 3700 5379 sequenti:

2197 5390 2281 5444 dei
2313 5389 2478 5452 viam,
2510 5398 2571 5443 ut
2606 5389 2888 5457 pervenire
2933 5388 3110 5458 possis
3165 5386 3235 5440 ad
3280 5399 3452 5458 regem
3482 5381 3610 5434 illum
3627 5385 3695 5443 qm

2196 5484 2355 5539 bonis
2382 5481 2694 5536 hominibus
2721 5481 2936 5551 gaudet.

2264 5574 2372 5627 LV.
2413 5574 2497 5630 Ad
2544 5574 2657 5627 haac
2709 5589 2874 5627 senex
2930 5570 3210 5641 respondit
3255 5589 3267 5623 :
3316 5570 3424 5623 Cur
3466 5572 3617 5617 autem
3655 5561 3697 5609 et

2198 5668 2445 5738 princeps
2478 5668 2565 5723 ille
2590 5666 2684 5737 qui
2716 5666 2872 5721 malis
2910 5663 3103 5735 gaudet
3154 5662 3337 5717 factus
3379 5672 3471 5722 est,
3506 5667 3549 5711 et
3589 5653 3695 5705 unde
