4030 6342
306 328 325 379 I
338 325 439 381 597

1492 296 2081 360 RECOGNITIONUM.
2118 326 2186 361 τ-
2224 294 2353 351 LIB.
2386 293 2523 349 VIII.

3388 288 3524 343 1398

301 443 478 497 factus
501 443 583 493 est
612 442 705 488 aut
735 447 841 488 non
868 438 954 486 est
984 430 1200 485 factus?
1245 425 1439 496 Aquila
1470 424 1544 476 ait
1576 441 1590 475 :
1619 420 1858 475 Alterius
1890 423 1930 479 Α
1961 414 2091 478 sint,
2116 428 2221 466 non
2253 416 2485 480 possunt
2514 416 2691 462 tamen
2719 405 2934 497 ﬂectere
2964 418 3050 458 me
3076 409 3135 497 ut
3163 400 3381 497 credam
3410 402 3525 497 fieri

303 531 557 601 temporis
585 536 669 583 est
702 526 803 581 iste
832 530 1129 589 tractatus;
1158 524 1346 573 verum
1374 533 1441 571 ne
1471 529 1665 583 expers
1698 513 1859 566 abeas

300 622 657 686 etiam'hujus
686 614 1080 687 responsionis,
1108 627 1276 683 pauca
1303 611 1398 664 tibi
1424 609 1491 663 de
1515 608 1617 661 hoc
1646 619 1863 676 quoque

301 713 609 768 insinuabo.
643 708 911 764 Praescius
951 704 1192 759 omnium
1244 700 1384 755 Deus
1433 707 1556 751 ante
1591 695 1862 750 constitu-

301 806 501 863 tionem
529 800 734 866 mundi,
762 799 944 855 sciens
969 796 1093 865 quia
1121 792 1286 847 futuri
1320 790 1589 851 homines,
1615 786 1705 839 alii
1750 784 1865 854 qni—

292 896 425 951 dem
468 894 537 948 ad
586 894 748 955 bona,
786 891 879 944 alii
909 904 1038 944 vero
1071 888 1138 942 ad
1168 885 1443 941 contraria
1486 879 1860 939 declinabunt,

296 1005 393 1045 eos
423 989 519 1057 qui
538 987 681 1041 bona
705 984 989 1055 elegerint,
1013 997 1113 1035 suo
1148 978 1474 1051 principatui
1500 984 1555 1031 et
1584 989 1697 1028 sua:
1721 988 1865 1026 curae

297 1082 529 1138 sociavit
562 1088 722 1149 atque
751 1075 1122 1131 Intereditatem
1168 1072 1271 1127 sibi
1306 1085 1402 1125 eos
1449 1066 1725 1139 propriam
1769 1077 1867 1115 no.

293 1172 525 1229 minavit
547 1172 624 1238 ‘°;
653 1185 748 1226 eos
778 1184 905 1223 vero
932 1166 1021 1236 qui
1041 1164 1106 1219 ad
1123 1163 1260 1217 mala
1284 1159 1628 1223 declinarint,
1661 1154 1866 1224 angelis

295 1264 566 1336 regendos
609 1262 854 1334 permisit
884 1260 970 1315 his
1030 1257 1121 1328 qui
1168 1271 1277 1311 non
1320 1269 1416 1324 per
1460 1248 1821 1306 substantiam
1850 1284 1866 1309 ,

294 1358 391 1413 sed
444 1372 548 1427 per
586 1355 902 1426 oppositum
932 1367 1055 1406 cum
1087 1349 1197 1404 Deo
1236 1358 1554 1418 permanere
1576 1340 1871 1395 noluerunt

296 1447 520 1504 invidia:
562 1455 614 1503 et
661 1444 933 1515 superbia:
972 1442 1103 1496 vitio
1151 1438 1427 1508 corrupti;
1489 1435 1683 1504 dignos
1740 1446 1873 1500 ergo

296 1539 592 1611 dignorum
620 1538 894 1608 principes
924 1535 1070 1590 fecit.
1096 1531 1174 1587 Ita
1207 1539 1389 1584 tamen
1421 1543 1516 1583 eos
1546 1524 1873 1593 tradiditgut

296 1645 412 1684 non
432 1630 671 1684 habeant
698 1631 1022 1717 potesta‘tem
1051 1622 1105 1676 in
1127 1636 1221 1678 eos
1247 1619 1479 1675 faciendi
1501 1616 1641 1688 quod
1662 1615 1872 1677 volunt,

298 1722 412 1776 nisi
465 1728 728 1777 statutum
782 1710 1000 1773 sibi—ab
1042 1714 1201 1769 initio
1247 1710 1538 1766 terminum
1575 1714 1872 1761 transeant.

1959 501 2161 570 aliquid
2195 515 2355 570 posse
2384 508 2537 553 extra
2563 496 2826 568 genesim.
2862 493 2987 548 Scio
3014 492 3157 547 enim
3191 490 3369 545 omnia
3396 488 3525 543 mihi

1960 592 2285 647 necessitate
2328 603 2541 660 genesrs
2587 586 2947 644 accidisse.et
2990 586 3113 640 ideo
3146 584 3366 640 suaderi
3393 585 3525 638 mihi

1962 698 2073 737 non
2119 690 2318 752 potest,
2348 681 2476 750 quia
2504 678 2590 734 vel
2626 679 2765 734 bene
2794 677 2881 731 vel
2905 676 3047 732 male
3073 692 3235 748 agere
3259 676 3311 729 in
3346 686 3531 730 nostra

1964 780 2228 840 potestate
2254 771 2357 835 sit;
2403 777 2457 823 et
2505 768 2551 823 si
2602 774 2757 822 actus
2794 777 3014 822 nostros
3043 767 3097 821 in
3123 773 3393 836 potestate
3423 781 3529 819 non

1964 863 2249 925 habemus,
2302 877 2406 914 non
2446 866 2624 929 potest
2653 858 2801 912 credi
2837 858 3076 913 futurum
3103 873 3224 914 esse
3245 857 3531 926 judicium,

1966 969 2062 1023 per
2091 953 2233 1023 quod
2260 952 2342 1006 vel
2370 952 2527 1006 malis
2555 965 2727 1020 paenae
2747 950 2829 1005 vel
2845 950 3003 1006 bonis
3034 948 3254 1019 praemia
3285 948 3535 1002 tribuan-

1967 1057 2075 1101 tur.
2098 1046 2338 1116 Denique
2361 1046 2615 1115 quoniam
2646 1053 2700 1100 te
2724 1045 2989 1099 imbutum
3015 1042 3173 1097 video
3204 1042 3257 1095 in
3281 1042 3537 1113 hujusce—

1967 1138 2113 1193 modi
2145 1137 2470 1207 disciplinis,
2508 1151 2679 1205 pauca
2710 1137 2808 1191 tibi
2839 1152 2903 1191 ex
2940 1137 3055 1205 ipsa
3098 1143 3213 1188 arte
3240 1133 3533 1204 proferant.

1970 1230 2049 1297 Si,
2083 1232 2259 1301 inquit
2286 1232 2500 1299 Aquila,
2532 1246 2597 1285 ex
2647 1231 2764 1300 ipsa
2812 1229 3099 1298 disciplina
3138 1236 3387 1283 astruere
3433 1228 3537 1281 ali-

1970 1320 2099 1391 quid
2122 1321 2299 1389 cupis,
2332 1320 2498 1374 frater
2528 1334 2680 1373 meus
2708 1317 2959 1373 Clemens
2992 1315 3086 1369 tibi
3110 1315 3425 1384 diligentius
3453 1329 3543 1368 re-

1972 1413 2278 1484 spondebit,
2311 1412 2403 1481 qui
2452 1411 2666 1481 plenius
2711 1409 2993 1464 scientiam
3035 1405 3296 1460 mathesis
3327 1404 3538 1474 attigit;

1972 1520 2072 1575 ego
2103 1504 2246 1559 enim
2276 1503 2395 1556 aliis
2422 1503 2526 1557 viis
2553 1516 2799 1557 asserere
2829 1514 3074 1569 possum,
3094 1496 3240 1567 quod
3263 1501 3419 1550 actus
3444 1510 3542 1547 no-

1976 1600 2076 1655 stri
2114 1600 2169 1652 in
2202 1604 2388 1651 nostra
2429 1595 2540 1650 sint
2567 1595 2729 1665 positi
2761 1601 3047 1663 potestate,
3081 1589 3185 1645 ista
3214 1597 3393 1644 autem
3424 1604 3544 1659 qua:

1975 1709 2085 1747 non
2108 1691 2295 1755 didici,
2327 1705 2656 1760 praesumere
2686 1704 2793 1743 non
2825 1689 3014 1743 debeo.

298 1811 405 1866 Hic
431 1818 519 1865 est
550 1820 726 1864 autem
763 1814 1001 1863 statutus
1032 1803 1321 1863 terminus,
1353 1806 1411 1853 nt
1437 1797 1540 1852 nisi
1566 1796 1688 1867 quis
1724 1794 1875 1864 prius
1907 1784 1948 1837 Β
2046 1804 2227 1859 LVIII,
2269 1802 2404 1858 Cum
2456 1803 2570 1858 haec
2615 1801 2810 1873 Aquila
2836 1802 3081 1867 dixisset,
3115 1818 3216 1872 ego
3245 1802 3497 1857 Clemens
3528 1819 3541 1854 :

300 1900 501 1957 fecerit
529 1899 832 1953 daemonum
863 1896 1219 1956 voluntatem,
1266 1889 1539 1944 daemones
1584 1887 1639 1938 in
1672 1898 1737 1938 eo
1769 1897 1874 1936 non

300 1992 552 2047 habeant
579 1997 923 2060 potestatem.

374 2085 514 2140 LVI.
556 2082 620 2137 Et
650 2098 813 2138 senex
845 2080 920 2134 ait
955 2098 968 2135 :
1003 2077 1285 2149 Magniﬁce
1309 2081 1631 2146 prosecutus
1656 2088 1737 2135 es,
1768 2070 1875 2136 lili;

301 2183 561 2246 superest
595 2188 739 2229 nunc
772 2179 830 2225 ut
865 2170 1014 2225 dicas
1051 2168 1192 2223 unde
1238 2175 1322 2223 est
1362 2165 1670 2223 substantia
1715 2160 1876 2225 mali;

303 2269 353 2324 si
394 2268 542 2323 enim
596 2281 625 2319 a
679 2263 785 2318 Deo
831 2263 972 2317 facta
1013 2266 1114 2327 est,
1151 2259 1362 2314 fructus
1414 2257 1589 2312 malus
1642 2254 1879 2309 radicem

303 2359 636 2430 culpabilem
664 2357 841 2420 docet,
873 2355 1090 2410 videtur
1120 2353 1264 2408 enim
1297 2361 1351 2405 et
1396 2352 1513 2421 ipsa
1542 2348 1697 2403 malae
1725 2354 1877 2401 natu-

303 2467 383 2506 ra:
413 2469 425 2503 :
465 2449 511 2503 si
542 2463 673 2501 vero
702 2453 968 2501 coaeterna
1001 2443 1101 2497 fuit
1130 2442 1242 2496 hazc
1265 2437 1569 2495 substantia
1594 2437 1723 2503 Deo,
1744 2450 1883 2506 quo-

305 2541 477 2596 modo
507 2545 683 2610 potest
712 2536 855 2608 quod
886 2534 1169 2606 aequaliter
1218 2531 1513 2602 ingenitum
1559 2536 1613 2583 et
1660 2536 1885 2582 coaeter-

306 2648 445 2687 num
489 2637 594 2695 est,
626 2629 781 2683 alteri
828 2643 951 2683 esse
992 2623 1337 2695 subjectum?
1363 2620 1482 2677 Non
1515 2634 1729 2690 semper
1760 2617 1883 2685 fuit,

307 2725 497 2797 inquit
531 2724 760 2794 Aquila;
802 2721 896 2777 sed
928 2736 1103 2791 neque
1134 2720 1179 2775 si
1210 2735 1275 2773 ex
1307 2716 1415 2773 Deo
1446 2715 1588 2770 facta
1621 2721 1724 2776 est,
1755 2728 1886 2767 con-

308 2815 477 2871 tinuo
502 2827 727 2877 necesse
769 2818 853 2866 est
896 2812 1058 2864 etiam
1089 2807 1425 2863 conditorem
1456 2803 1575 2874 ejus
1602 2803 1767 2858 talem
1801 2803 1886 2856 vi-

308 2908 461 2972 deri,
484 2907 643 2978 quale
685 2913 769 2960 est
813 2902 944 2958 illud
993 2902 1137 2972 quod
1185 2902 1253 2955 ab
1296 2916 1360 2956 eo
1390 2898 1589 2954 factum
1619 2904 1723 2953 est.
1753 2896 1887 2951 Nam

310 2994 659 3051 substantias
687 2991 905 3063 quidem
940 2988 1080 3045 Deus
1130 2988 1258 3045 fecit
1290 2988 1555 3053 omnium,
1588 2987 1682 3042 sed
1719 2987 1764 3043 si
1801 3001 1891 3040 ra-

308 3084 597 3142 tionabilis
638 3098 791 3138 mens
837 3097 957 3151 quae
1005 3096 1035 3134 a
1076 3079 1184 3136 Deo
1228 3080 1371 3134 facta
1416 3086 1519 3143 est,
1549 3093 1889 3149 nequaquam

310 3176 625 3232 conditoris
653 3174 737 3229 sui
760 3173 970 3242 legibus
1000 3171 1318 3241 acquiescit,
1350 3178 1404 3225 et
1428 3170 1647 3225 modum
1679 3178 1894 3226 statuta:

309 3268 423 3325 sibi
475 3266 849 3336 temperantia:
891 3264 1135 3328 excedit,
1169 3262 1298 3334 quid
1330 3263 1433 3317 hoc
1460 3261 1525 3315 ad
1561 3261 1895 3317 conditorem

306 3358 576 3431 spectat?
603 3356 700 3413 Vel
729 3358 775 3414 si
802 3358 981 3429 aliqua
1023 3364 1107 3414 est
1152 3357 1291 3411 ratio
1321 3355 1435 3410 hate
1483 3356 1732 3424 superior
1760 3354 1894 3425 (78),

302 3454 678 3525 ignoramus;
711 3465 887 3520 neque
916 3449 1060 3505 enim
1107 3447 1175 3502 de
1220 3447 1447 3518 singulis
1491 3446 1557 3500 ad
1600 3445 1896 3516 perfectum

305 3544 474 3598 scire
496 3558 810 3613 possumus,
841 3547 895 3596 et
923 3540 989 3595 de
1017 3539 1104 3593 his
1132 3538 1401 3608 przecipue
1446 3553 1544 3607 pro
1572 3536 1769 3607 quibus
1790 3551 1899 3590 non

308 3650 524 3694 sumus
544 3632 845 3703 judicandi,
877 3647 975 3685 cur
1020 3631 1350 3701 ignoremus.
1374 3628 1449 3682 Ea
1478 3644 1606 3683 vero
1634 3644 1733 3698 pro
1778 3628 1895 3697 qui—

308 3729 423 3785 bus
466 3725 746 3797 judicandi
776 3738 989 3786 sumus,
1025 3721 1279 3774 facillima
1326 3728 1455 3774 sunt
1487 3720 1550 3772 ad
1598 3719 1902 3789 intelligen-

312 3818 488 3883 dum,
519 3825 573 3872 et
623 3832 761 3888 pene
812 3830 921 3869 uno
976 3827 1226 3869 sermone
1290 3811 1665 3866 absolvuntur.
1713 3810 1902 3866 Omnis

312 3912 480 3967 enim
512 3906 902 3980 pr0pemodum
930 3915 1148 3959 actuum
1184 3912 1489 3958 nostrorum
1511 3903 1563 3957 in
1598 3918 1661 3958 eo
1691 3902 1902 3974 colligi-

316 4012 413 4057 tur
462 4000 832 4063 observantia,
864 4006 923 4052 ut
952 3996 1095 4069 quod
1122 3997 1222 4067 ipsi
1254 3997 1363 4067 pati
1399 3996 1673 4063 nolumus,
1705 4011 1774 4050 ne
1800 3996 1903 4050 hoc

319 4096 463 4150 aliis
494 4092 829 4157 inferamus;
860 4091 1001 4145 sicut
1032 4088 1174 4143 enim
1207 4088 1320 4158 ipse
1351 4087 1524 4143 occidi
1550 4103 1659 4140 non
1688 4088 1791 4151 vis,
1813 4103 1905 4141 ca-

319 4199 470 4241 veas
516 4190 729 4251 oportet
775 4197 843 4234 ne
896 4180 1060 4233 alium
1102 4178 1419 4242 occidas;et
1448 4177 1589 4231 sicut
1615 4185 1766 4230 tuum
1795 4193 1904 4231 non

321 4278 418 4334 vis
456 4276 649 4330 violari
679 4273 1109 4335 matrimonium,
1142 4285 1245 4325 nec
1294 4276 1351 4323 tu
1398 4269 1621 4324 alterius
1665 4270 1906 4324 macules

324 4383 551 4435 torum;
582 4367 784 4422 furtum
816 4366 927 4437 pati
956 4381 1065 4419 non
1090 4364 1197 4427 vis,
1237 4378 1339 4418 nec
1366 4363 1482 4433 ipse
1511 4361 1711 4428 facias;
1742 4370 1795 4417 et
1826 4362 1908 4416 in-

1977 1898 2252 1962 Crastino,
2287 1897 2528 1966 inquam,
2561 1895 2733 1961 dices,
2763 1894 2949 1959 Pater,
2982 1904 3040 1949 ut
3067 1896 3239 1951 voles.
3272 1902 3324 1948 et
3358 1893 3543 1949 audie-

1979 2007 2101 2048 mns
2128 1992 2383 2055 libenter,
2411 2006 2533 2044 nam
2564 1998 2616 2043 et
2636 2000 2687 2044 te
2717 1999 2847 2059 puto
2870 1998 3018 2058 grate
3049 1989 3377 2053 habiturum,
3401 1988 3544 2058 quod

1980 2100 2103 2139 cum
2134 2084 2219 2139 bis
2247 2083 2346 2139 tibi
2375 2083 2477 2138 erit
2505 2098 2708 2146 sermo,
2741 2083 2832 2152 qui
2862 2091 3109 2151 expertes
3133 2096 3241 2135 non
3274 2088 3401 2135 sunt
3429 2081 3547 2150 ejus

1980 2191 2142 2246 quam
2170 2175 2462 2245 protuleris
2492 2173 2813 2244 disciplinae.
2835 2171 2969 2227 Cum
2999 2188 3129 2242 ergo
3156 2173 3445 2243 placuisset
3468 2174 3551 2227 in-

1983 2277 2065 2323 ter
2098 2285 2184 2325 me
2209 2276 2263 2324 et
2299 2283 2506 2331 senem,
2538 2276 2597 2321 ut
2640 2266 2887 2336 sequenti
2929 2265 3017 2321 die
3046 2266 3347 2336 disputatio
3393 2266 3549 2322 nobis

1984 2360 2051 2414 de
2099 2362 2311 2414 ratione
2351 2358 2566 2430 genesis
2618 2358 2930 2424 haberetur,
2963 2366 3145 2411 utrum
3188 2358 3369 2411 omnia
3393 2374 3457 2413 ex
3487 2373 3551 2412 ea

1985 2450 2197 2515 fierent,
2229 2466 2296 2506 an
2325 2458 2470 2506 esset
2497 2448 2701 2519 aliquid
2731 2448 2785 2503 in
2818 2448 2997 2512 nobis,
3029 2450 3173 2519 quod
3205 2465 3313 2503 non
3339 2450 3553 2519 genesis

1987 2540 2080 2595 sed
2110 2541 2275 2595 animi
2302 2540 2569 2610 judicium
2602 2547 2831 2609 gereret,
2863 2538 3059 2595 Petrus
3092 2541 3331 2595 surrexit
3361 2548 3415 2595 et
3439 2555 3556 2595 ser-

1986 2647 2202 2687 monem
2240 2631 2417 2687 facere
2462 2632 2567 2687 hoc
2617 2631 2781 2686 modo
2819 2633 3019 2702 coepit:
3053 2631 3246 2686 Mirum
3278 2632 3411 2687 mihi
3460 2633 3557 2687 ad-

1988 2724 2209 2779 modum
2241 2732 2345 2789 est,
2371 2724 2516 2793 quod
2547 2740 2636 2780 res
2669 2740 2789 2796 qute
2821 2722 2979 2779 facile
3027 2724 3257 2780 inveniri
3307 2735 3553 2793 possunt,

1990 2814 2239 2871 homines
2267 2815 2557 2885 exquisitis
2588 2816 3013 2886 cogitationibus
3053 2831 3116 2870 ac
3147 2816 3328 2871 verbis
3368 2815 3558 2870 difﬁci-

1990 2907 2071 2963 les
2096 2906 2323 2973 faciunt,
2357 2914 2411 2961 et
2441 2906 2494 2960 hi
2522 2906 2755 2961 maxime
2785 2906 2879 2976 qui
2920 2905 3173 2961 videntur
3202 2905 3307 2961 sibi
3344 2905 3561 2976 sapien-

1992 3008 2096 3064 tes,
2116 3001 2317 3071 quique
2340 3000 2579 3055 volenles
2611 2998 2703 3053 Dei
2729 2999 3056 3053 voluntatem
3082 2997 3558 3069 comprehendere,

1918 3127 1961 3186 α
1993 3094 2148 3164 quasi
2176 3092 2395 3147 homine
2426 3099 2651 3145 utuntur
2688 3089 2818 3158 Deo,
2850 3090 2958 3144 imo
3003 3097 3056 3145 et
3090 3091 3136 3146 si
3166 3089 3298 3161 quid
3342 3090 3559 3156 minus;

1996 3201 2120 3241 nam
2154 3184 2391 3239 hominis
2422 3182 2709 3238 consilium
2740 3183 2823 3238 vel
2853 3198 3073 3239 sensum
3106 3183 3245 3237 scire
3279 3197 3438 3237 nemo
3466 3198 3562 3252 po-

1996 3284 2124 3341 test,
2155 3276 2260 3331 nisi
2297 3276 2412 3345 ipse
2442 3274 2636 3345 prodat
2663 3275 2755 3344 qui
2781 3275 3118 3344 cogitaverit,
3151 3274 3245 3329 sed
3277 3289 3453 3344 neque
3474 3290 3564 3328 ar—

1997 3370 2104 3418 tem
2136 3362 2261 3432 quis
2290 3362 2499 3416 discere
2532 3370 2731 3432 potest,
2780 3362 2886 3416 nisi
2917 3363 3088 3416 multo
3118 3369 3357 3433 tempore
3386 3377 3416 3415 a
3450 3379 3565 3416 ma-

1998 3451 2169 3522 gistro
2215 3450 2378 3507 fuerit
2409 3452 2681 3522 imbutus;
2721 3462 2927 3525 quanto
2968 3455 3145 3525 magis
3188 3455 3476 3510 invisibilis
3512 3464 3565 3510 et

1998 3542 2563 3614 incomprehensibilis
2608 3544 2699 3601 Dei
2739 3562 2915 3618 neque
2944 3562 3165 3602 sensum
3212 3563 3389 3618 neque
3428 3564 3565 3618 Opus

2002 3634 2141 3688 scire
2181 3634 2305 3703 quis
2335 3642 2532 3705 potest,
2578 3636 2683 3692 nisi
2734 3637 2849 3707 ipse
2898 3639 3075 3693 mittat
3104 3638 3441 3709 prophetam,
3474 3643 3564 3711 qui

2001 3730 2217 3776 enarret
2245 3725 2534 3779 consilium
2560 3741 2718 3781 suum
2761 3736 2815 3782 et
2858 3728 2998 3782 viam
3033 3728 3362 3784 conditionis
3394 3746 3565 3800 expo»

2003 3820 2115 3875 nat,
2158 3811 2215 3865 in
2261 3821 2525 3883 quantum
2570 3814 2780 3869 discere
2820 3815 3133 3872 hominibus
3164 3816 3246 3873 fas
3284 3826 3385 3873 est.
3419 3817 3569 3873 Unde

2004 3903 2292 3960 ridiculum
2324 3913 2473 3976 puto,
2507 3921 2631 3960 cum
2658 3907 2998 3962 naturalibus
3022 3908 3127 3961 viis
3158 3909 3223 3963 de
3250 3909 3451 3964 virtute
3475 3908 3568 3965 Dei

2005 3995 2250 4052 homines
2287 3997 2555 4066 judicant,
2591 4004 2644 4051 et
2687 4005 2881 4068 putant
2930 3998 3033 4052 hoc
3086 4000 3300 4068 quidem
3346 4001 3398 4055 ei
3447 4016 3569 4055 esse

2005 4088 2284 4158 possibile,
2317 4089 2448 4143 illud
2477 4104 2605 4144 vero
2633 4090 2985 4160 impossibile,
3015 4098 3108 4144 aut
3140 4092 3241 4147 hoc
3268 4094 3467 4161 majus,
3506 4094 3571 4147 il-

2006 4177 2098 4230 lud
2143 4179 2345 4243 minus,
2376 4180 2546 4249 ignari
2579 4180 2841 4245 omnium,
2874 4180 2967 4250 qui
3009 4196 3131 4235 cum
3174 4181 3283 4236 sint
3325 4183 3571 4239 homines

2008 4271 2216 4341 injusti,
2265 4271 2513 4341 judicant
2559 4271 2728 4327 Deum
2772 4272 3001 4342 justum,
3038 4271 3305 4327 artiﬁcem
3355 4273 3573 4343 imperi-

2009 4360 2049 4414 ti
2081 4361 2214 4432 (79),
2241 4361 2707 4432 incorruptibilem
2746 4362 3009 4432 corrupti,
3047 4362 3255 4417 factura
3290 4362 3571 4418 factorem.

327 4471 425 4517 tra
478 4460 618 4514 hanc
665 4457 903 4529 regulam
958 4470 1318 4511 numanorum
1362 4463 1636 4526 gestorum
1696 4454 1906 4525 singula
1939 4469 1983 4525 ι)
2080 4449 2215 4507 LIX.
2258 4451 2324 4505 Et
2346 4452 2470 4507 nolo
2494 4454 2711 4523 putetis,
2743 4453 2871 4524 quia
2916 4454 3029 4509 haec
3066 4453 3254 4509 dicens
3294 4454 3571 4523 judicandi

332 4567 574 4625 quaeque
597 4560 951 4605 concurrunt.

413 4643 575 4699 LVII.
616 4642 752 4698 Tum
784 4656 947 4697 senex
983 4659 995 4694 :
1027 4638 1104 4695 Ne
1141 4655 1301 4711 aegre,
1334 4639 1530 4709 inquit,
1562 4639 1817 4709 accipias,
1848 4639 1911 4693 ii-

339 4739 408 4804 ii,
441 4737 586 4809 quod
608 4736 853 4791 dicturus
877 4749 1029 4799 sum;
1060 4746 1343 4788 sermones
1367 4732 1445 4785 tui
1473 4731 1722 4801 quamvis
1748 4731 1912 4785 validi

458 4876 501 4906 ‘°
528 4873 685 4929 Deut.
712 4887 883 4937 χχιιι,
911 4871 942 4925 8
970 4871 1025 4923 in
1048 4867 1220 4924 LXX.

2009 4543 2076 4600 de
2104 4546 2267 4601 rebus
2297 4548 2503 4616 perimo
2532 4546 2863 4612 facultatem,
2907 4547 3002 4602 sed
3053 4547 3340 4603 consilium
3385 4546 3456 4601 do
3505 4561 3576 4601 ne

2009 4657 2105 4712 per
2141 4642 2295 4697 devia
2326 4643 2448 4712 quis
2477 4642 2761 4706 incedens,
2788 4641 2906 4696 sine
2938 4640 3043 4697 fine
3071 4641 3317 4697 incurrat
3336 4654 3571 4696 errores.

2013 4733 2081 4787 Et
2104 4734 2227 4789 ideo
2254 4750 2365 4793 non
2392 4736 2565 4791 solum
2599 4735 2955 4806 sapientibus,
2989 4734 3083 4791 sed
3114 4742 3167 4791 et
3198 4735 3449 4791 omnibus
3476 4733 3577 4788 ho-

1636 5002 1997 5061 COTELERII
2034 5007 2263 5064 ΝΟΤᾹΞ.

435 5154 537 5230 Γιὸ)
584 5151 675 5207 Vel
696 5152 742 5205 si
771 5150 948 5230 aliqua
977 5147 1218 5230 est‘t'ntio
1248 5144 1347 5230 hac
1369 5140 1773 5230 superiorﬂide
1819 5143 1920 5230 {32-

346 5214 702 5283 telerfnotas
736 5221 801 5274 ad
843 5214 1285 5275 Clementinorum
1319 5217 1467 5269 hom.
1500 5228 1615 5277 xu,
1647 5230 1796 5268 num.
1827 5214 1913 5281 i2,

348 5300 511 5354 Patr.
534 5294 624 5349 Gr.
675 5300 716 5347 t.
746 5290 805 5345 ll.
840 5290 997 5344 Eutr.

428 5387 539 5457 (79)
580 5384 708 5457 Qui_
707 5398 824 5435 cum
839 5382 955 5457 sint
979 5378 1210 5457 homines
1234 5376 1439 5457 injusti,
1465 5382 1570 5455 etc:
1599 5372 1718 5457 Huc
1748 5374 1913 5457 perti-

348 5443 451 5515 nei
495 5443 624 5510 illud
668 5452 1131 5507 Tertullianeum:
1168 5443 1379 5514 Quanto
1428 5445 1592 5513 magis
1636 5443 1726 5515 Ito:
1754 5443 1916 5515 ’Ann-

350 5513 560 5581 charsis
592 5524 907 5578 denotasset,
932 5513 1283 5585 imprudentes
1316 5516 1378 5568 de
1404 5513 1749 5585 prudentibus
1766 5513 1919 5581 judi-

351 5606 559 5658 cantes,
588 5610 745 5664 quam
772 5584 1071 5664 inmusicos
1093 5587 1163 5664 de_
1184 5586 1416 5664 musicis.
1436 5584 1766 5664 Apologetiei
1783 5599 1829 5637 e.
1860 5585 1911 5664 I,

355 5683 430 5720 ex
459 5652 612 5720 dicto.
633 5664 752 5731 ejus
788 5657 1164 5731 Scythgapnd
1194 5655 1465 5731 Laertium
1484 5652 1505 5708 Ξ
1526 5652 1821 5731 θαύμάζεξν
1860 5652 1915 5705 δὲ

356 5737 463 5802 ξίφη
498 5735 611 5798 πῶς
643 5724 790 5792 iani
821 5724 928 5792 26:,-
957 5724 1204 5796 Ἕλλησιν
1236 5724 1583 5793 ἀγωνίζονται
1621 5724 1714 5792 μὲν
1746 5724 1793 5777 οἱ
1830 5739 1914 5776 τε·

2020 5153 2224 5224 χγῖταιχ
2267 5150 2507 5224 κρίνουσι
2539 5152 2677 5224 δὲῖοί
2712 5154 3070 5224 μὴντεχνῖταε.
3106 5148 3343 5224 Etapud
3366 5147 3581 5224 Plutar-

2021 5217 2180 5274 chum
2214 5222 2265 5275 in
2300 5217 2497 5293 Solone
2538 5217 2724 5293 :"E'pq'
2755 5217 2970 5293 idxéivo
3023 5217 3318 5293 0gupﬁ§étv
3363 5220 3390 5270 ὁ
3438 5217 3581 5293 ᾋνάς

2020 5307 2231 5363 χαρςξις,
2266 5292 2528 5363 ἐκκλησίᾳ
2566 5286 3026 5363 παρἁενόμεγος,
3050 5286 3140 5363 ὄτιξ
3161 5289 3374 5363 lepus:
3407 5286 3502 5363 εάὲν
3529 5288 3579 5337 ot

2022 5355 2173 5433 ξοῲοὶ
2205 5365 2332 5433 τεῖρ’
2355 5355 2596 5432 ’Ἐλλήσι,
2632 5355 2871 5433 ἑρίὺοιξσί
3015 5355 3365 5433 ὀἱᾼὰμαθέῖςτ
3416 5355 3583 5411 Beck)

2018 5428 2196 5486 Julius
2220 5428 2486 5488 Firmicus
2507 5428 2615 5488 'Iib.
2647 5428 2684 5495 ιζ
2712 5448 2762 5487 c.
2789 5431 2823 5484 2
2857 5450 2870 5484 :
2904 5430 3102 5497 lniusti
3126 5428 3248 5483 sunt
3276 5428 3415 5480 enim
3448 5441 3581 5497 sem:

2018 5516 2109 5567 per
2157 5502 2329 5568 (sicut
2373 5503 2646 5571 novimus)
2684 5501 2912 5571 judices,
2942 5495 3029 5571 qui
3066 5501 3127 5553 de
3160 5497 3441 5571 incognitis
3479 5495 3583 5549 sibi

2020 5566 2363 5636 pronuntiant
2392 5572 2563 5627 rebus.
2600 5566 2719 5625 Non
2751 5571 2936 5623 habent
2954 5566 3123 5623 etiam
3161 5566 3455 5636 judicandi
3488 5579 3586 5615 (m-

2023 5635 2336 5702 etoritatem,
2370 5645 2457 5713 qui
2480 5645 2547 5696 ad
2569 5641 2903 5696 statuendum
2928 5639 3128 5710 aliquid
3155 5638 3401 5706 imperita
3421 5635 3581 5689 ιεεωι-

2026 5713 2098 5764 tia
2128 5713 2432 5767 temeritatis
2460 5714 2807 5767 adducuntur.
