4030 6342
590 257 728 319 1599

1506 251 1559 307 s.
1601 212 1993 331 mansuris
2028 246 2241 307 mon.
2283 242 2485 301 rour.
2527 240 2753 298 orsus
2789 240 3008 304 θυεμ.

3502 204 3694 305 Inoo

586 378 827 436 minibus
869 374 966 445 qui
1008 370 1339 427 desiderium
1390 375 1583 438 gerunt
1635 364 1966 436 agnoscendi
2015 363 2161 433 quod
2188 368 2238 425 Α
2265 375 2413 414 mum
2442 358 2595 414 credi
2624 358 2708 414 eis
2736 358 2803 415 de
2834 358 3088 413 omnibus
3136 355 3321 426 quibus
3357 356 3551 414 dixerint
3572 374 3612 417 et
3637 381 3697 420 re-

587 472 692 528 sibi
720 467 955 538 expedit,
984 464 1186 521 suadeo
1212 471 1273 516 ut
1303 461 1583 531 requirant
1606 474 1788 513 verum
1813 457 2160 528 PrOphetam,

586 565 714 633 quia
744 561 862 630 ipse
890 558 1041 612 solus
1061 562 1167 619 est,
1197 553 1289 624 qui
1326 551 1477 607 novit
1505 552 1712 617 omnia,
1736 562 1789 605 et
1816 550 1919 604 scit
1948 548 2078 619 quid
2109 554 2165 602 et

587 650 858 724 quomodo
906 645 1284 715 unusquisque
1330 646 1580 713 quierat.‘
1617 640 1757 698 Inest
1807 640 1954 694 enim
2011 638 2158 692 intra

588 740 1022 809 uniuscujusque
1057 744 1305 791 nostrum
1344 745 1602 797 mentem,
1656 732 1751 788 sed
1795 732 1850 785 in
1892 732 2001 785 illis
2039 729 2162 800 qni-

587 836 733 897 dcm,
758 831 851 902 qui
881 828 1215 886 desiderium
1243 825 1338 881 Dei
1371 824 1668 896 agnitionis
1704 830 1759 876 et
1787 822 2015 892 justitiae
2040 819 2161 889 ejus

587 929 794 984 nullum
817 930 1033 997 gerunt,
1063 922 1287 985 otiatur,
1319 919 1373 973 in
1402 918 1488 972 his
1515 932 1647 971 vero
1676 915 1770 985 qui
1802 914 1945 984 quod
1970 914 2163 968 anima:

587 1035 701 1076 suae
743 1016 962 1088 expedit
1005 1019 1277 1084 quaerunt,
1309 1019 1569 1080 operatur
1618 1018 1672 1063 ct
1714 1008 1956 1063 scientiae
1981 1007 2163 1060 lumen

586 1111 854 1167 accendit.
889 1108 1119 1178 Pr0pter
1148 1104 1295 1175 quod
1339 1104 1512 1173 primo
1542 1102 1785 1155 omnium
1815 1102 1957 1155 hunc
1986 1099 2165 1170 requi-

587 1205 708 1264 rite.
741 1216 901 1271 quem
930 1200 975 1253 si
1006 1213 1115 1251 non
1145 1194 1487 1254 inveneritis,
1520 1193 1591 1249 ab
1622 1194 1729 1247 alio
1757 1207 1855 1246 vos
1879 1191 2162 1261 agnituros

587 1292 793 1363 aliquid
814 1306 922 1345 non
945 1288 1195 1359 speretis.
1226 1285 1506 1341 Invenitur
1534 1292 1716 1339 autem
1739 1284 1849 1338 cito
1869 1284 1938 1338 ab
1966 1282 2053 1337 his
2068 1280 2163 1352 qui

586 1384 833 1441 veritatis
875 1396 1061 1436 amore
1090 1380 1433 1449 perquirunt.
1458 1390 1513 1432 et
1541 1392 1776 1447 quorum
1809 1376 1989 1430 anima
2019 1389 2163 1445 prae-

587 1483 853 1545 occupata
880 1489 990 1529 non
1024 1479 1242 1527 tenetur
1265 1472 1321 1524 in
1342 1470 1569 1524 malitia.
1593 1468 1760 1524 Adest
1789 1470 1934 1523 enim
1964 1467 2050 1522 his
2068 1466 2163 1537 qui

588 1588 712 1628 eum
750 1570 819 1625 in
869 1569 1186 1624 innocentia
1219 1566 1445 1637 Spiritus
1468 1565 1553 1621 sui
1582 1564 1918 1625 desiderant,
1946 1562 2040 1633 qui
2069 1577 2166 1632 per

591 1663 905 1735 patientiam
937 1660 1231 1723 sustinent,
1259 1667 1311 1712 et
1342 1656 1579 1727 suspiria
1629 1654 1696 1710 de
1748 1652 2016 1725 profundo
2041 1667 2164 1706 cor-

2266 449 2588 521 sponderint
2604 487 2621 513 ,
2656 448 2838 506 debet.

2334 541 2471 597 LXI.
2505 541 2722 597 Etenim
2765 539 3172 596 consideremus
3203 540 3479 611 diligentius
3514 558 3618 611 opus
3646 545 3700 597 di-

2263 637 2403 691 vinze
2430 634 2809 691 Providentiae.
2839 632 2974 687 Nam
3003 633 3145 704 quod
3177 632 3453 704 philosophi
3478 636 3701 690 introduxe-

2260 736 2395 783 runt
2433 728 2600 784 verba
2649 726 2871 784 subtilia
2916 723 3160 796 quadam
3188 733 3239 780 et
3267 724 3503 791 diﬁicilia,
3528 728 3584 781 ita
3604 737 3702 781 utne

2267 821 2385 891 ipsa
2412 819 2631 890 quidem
2654 818 2921 874 vocabula
2945 832 3249 872 sermonum
3270 826 3385 872 nota
3401 834 3504 873 esse
3526 820 3703 876 omnibus

2265 922 2489 982 possent
2516 921 2570 968 et
2595 909 2986 982 intelligibilia,
3021 907 3161 965 Deus
3191 925 3282 964 eos
3308 910 3393 981 qui
3427 911 3513 965 sibi
3538 914 3703 967 artiﬁces

2267 1005 2555 1059 verborum
2611 1003 2969 1065 videbantur,
3010 1018 3104 1071 per
3145 1002 3319 1057 omnia
3365 1003 3593 1073 imperitos
3622 1022 3703 1077 erga

2266 1092 2598 1164 agnitionem
2638 1092 2890 1148 veritatis
2924 1089 3179 1146 ostendit.
3216 1090 3433 1162 Simplex
3458 1093 3574 1146 enim
3595 1105 3706 1149 estet

2265 1183 2556 1241 manifesta
2590 1199 2651 1239 ac
2674 1184 2858 1240 brevis
2883 1200 3063 1239 rerum
3097 1184 3314 1239 scientia
3331 1224 3345 1247 ,
3376 1199 3477 1257 qua:
3496 1200 3569 1254 per
3582 1202 3702 1241 verum

2265 1277 2583 1348 pr0plietam
2614 1277 2871 1341 traditur,
2904 1292 3065 1347 quam
3098 1276 3184 1331 isti
3212 1291 3300 1346 per
3328 1274 3464 1330 devia
3488 1276 3700 1332 incedentes

2264 1375 2318 1423 et
2346 1383 2608 1439 scrupeas
2645 1368 2933 1423 verborum
2976 1366 3344 1429 diﬁicultatcs,
3382 1374 3478 1420 tota
3511 1367 3700 1438 ignorave-

2264 1469 2392 1517 runt
2415 1461 2522 1516 via.
2543 1459 2712 1531 Igitur
2740 1457 3065 1513 verecundis
3092 1465 3145 1512 et
3169 1457 3478 1527 simplicibus
3499 1458 3700 1520 mentibus.

2266 1567 2392 1607 cum
2422 1549 2661 1607 viderint
2702 1549 2819 1605 ﬁeri
2851 1564 2972 1620 quae
3015 1546 3267 1619 praedicta
3301 1554 3446 1609 sunt.
3474 1547 3576 1602 satis
3593 1548 3706 1603 almu-

2267 1639 2444 1711 deque
2474 1640 2701 1707 suiﬁcit,
2728 1648 2789 1695 ut
2818 1641 2887 1697 de
2910 1640 3218 1696 certissima
3236 1638 3553 1708 \praiscientia
3574 1640 3703 1693 certis-

590 1729 676 1811 dis
706 1755 953 1810 veritatis
985 1768 1169 1806 amore
1214 1750 1560 1821 producunt;
1613 1747 1751 1817 fugit
1779 1755 1965 1801 autem
1995 1745 2166 1799 male-
2196 1729 2239 1785 Β
2268 1733 2462 1788 Simam
2494 1732 2784 1788 SCientiam
2818 1732 3060 1803 capiant,
3090 1738 3143 1786 et
3170 1730 3234 1785 de
3264 1736 3441 1784 caetero
3466 1729 3705 1798 requiescant

588 1847 739 1900 volas
769 1844 1062 1906 mentes“,
1095 1844 1225 1913 quia
1257 1850 1318 1896 ut
1346 1841 1609 1913 propheta
1644 1839 1925 1910 cognoscit
1957 1838 2165 1909 cogita-

588 1939 765 1993 tiones
793 1935 1247 2006 uniuscujusque.
1286 1933 1351 1987 Et
1383 1932 1504 1988 ideo
1537 1947 1696 1986 nemo
1740 1938 1891 2001 putet
1915 1946 2039 1985 eum
2070 1945 2166 2002 per

591 2012 936 2098 prudentiam
949 2043 1104 2083 suam
1124 2025 1369 2081 invenire
1394 2039 1577 2096 posse,
1596 2024 1732 2088 nisi,
1758 2033 1813 2077 ut
1837 2038 2003 2093 supra
2023 2020 2165 2077 dixi-

589 2138 734 2189 mus,
768 2128 1005 2177 mentem
1035 2134 1189 2175 suam
1212 2119 1358 2173 omni
1383 2117 1622 2187 nequitia
1651 2131 1876 2172 vacuam
1905 2116 2163 2183 effecerit,

588 2223 751 2286 atque
799 2211 1092 2284 agnitionis
1141 2210 1263 2280 ejus
1305 2209 1639 2265 desiderium
1672 2224 1870 2279 purum
1912 2218 1966 2265 et
2009 2209 2166 2266 ﬁdele

587 2305 916 2377 conceperit.
956 2304 1055 2359 Ubi
1087 2304 1234 2359 enim
1282 2304 1440 2357 talem
1496 2318 1555 2357 se
1603 2303 1727 2372 quis
1756 2303 2162 2373 praeparaverit,

589 2402 705 2470 ipse
734 2404 791 2452 ut
822 2395 1107 2468 propheta,
1125 2395 1317 2451 videns
1338 2403 1695 2465 praeparatam
1717 2401 1954 2451 mentem
1973 2403 2167 2466 sponte

590 2506 648 2548 se
678 2490 900 2546 adhibet
934 2488 1001 2544 ad
1033 2489 1463 2560 agnoscendum.

658 2664 769 2722 LX.
802 2664 861 2720 Si
889 2666 1014 2737 quis
1060 2666 1225 2737 igitur
1251 2665 1368 2720 vult
1410 2664 1594 2719 omnia
1640 2663 1892 2727 discere,
1926 2678 2032 2718 non
2068 2678 2164 2733 per

592 2758 806 2829 singula
852 2756 1193 2823 discutiens;
1244 2771 1423 2827 neque
1465 2756 1612 2810 enim
1658 2756 1891 2824 poterit,
1924 2770 2049 2809 cum
2092 2754 2167 2809 sit

591 2851 836 2906 mortalis
860 2890 876 2914 ,
914 2849 1011 2905 Dei
1059 2849 1391 2920 investigare
1424 2847 1717 2903 consilium
1748 2856 1803 2903 et
1843 2849 2017 2919 ipsam
2060 2847 2166 2902 irr-

594 2944 943 2997 mensitatem
988 2940 1327 3012 perscrutari
1359 2960 1372 2996 :
1416 2941 1512 2997 sed
1557 2942 1603 2997 si
1642 2941 1885 3006 discere.
1924 2950 1982 2996 ut
2020 2939 2164 2995 dixi.

591 3048 749 3097 mus,
778 3032 960 3087 omnia
992 3032 1289 3097 desiderat,
1322 3048 1510 3088 verum
1541 3033 1861 3103 prophetam
1892 3032 2156 3103 requirat.

592 3122 762 3190 Quem
787 3139 909 3179 cum
933 3124 1232 3190 invenerit,
1268 3140 1378 3179 non
1403 3124 1799 3194 quas-tionibus
1829 3132 1883 3179 et
1913 3124 2163 3195 disputa-

591 3216 834 3271 tionibus
879 3230 1056 3285 neque
1108 3215 1443 3287 argumentis
1500 3230 1626 3270 cum
1672 3230 1739 3269 eo
1782 3224 1941 3284 agat,
1977 3215 2075 3270 sed
2116 3215 2165 3270 si

592 3306 724 3378 quid
754 3306 1094 3378 responderit
1114 3347 1130 3371 ,
1157 3308 1204 3363 si
1235 3306 1367 3379 quid
1403 3306 1844 3376 pronuntiaverit
1864 3346 1880 3372 ,
1908 3306 2013 3362 hoc
2044 3321 2168 3361 cer-

593 3409 708 3454 tum
758 3416 880 3456 esse
923 3415 1035 3455 non
1081 3407 1263 3471 potest
1311 3399 1575 3454 dubitari.
1620 3396 1685 3454 Et
1729 3398 1852 3455 ideo
1891 3384 2167 3470 quaeratur

595 3508 756 3549 verus
787 3491 1051 3565 prapheta
1097 3500 1225 3548 ante
1249 3492 1432 3546 omnia
1451 3531 1466 3556 ,
1494 3500 1549 3548 et
1577 3491 1697 3561 ejus
1740 3491 1901 3547 verba
1942 3498 2168 3547 terrean-

595 3594 725 3651 tur;
776 3585 832 3640 in
876 3584 1078 3656 quibus
1137 3583 1274 3639 illud
1333 3584 1711 3639 tantummodo
1761 3582 2165 3640 discutiendum

595 3678 890 3750 unicuique
917 3685 1032 3743 est,
1060 3685 1120 3731 ut
1150 3676 1457 3732 satisfaciat
1487 3677 1593 3733 sibi
1624 3679 1674 3732 si
1702 3692 1828 3733 vere
1850 3676 2167 3748 prophetica

591 3771 713 3842 ejus
744 3772 907 3827 verba
936 3779 1065 3828 sunt
1084 3811 1099 3836 ,
1134 3771 1190 3826 id
1221 3777 1307 3827 est
1326 3809 1342 3836 ,
1372 3770 1419 3827 si
1452 3770 1812 3826 indubitatam
1844 3769 2001 3825 ﬁdem
2027 3783 2163 3824 con~

596 3864 771 3919 tinent
799 3863 1111 3918 futurorum
1131 3902 1148 3927 ,
1174 3862 1221 3916 si
1252 3872 1496 3932 tempora
1543 3860 1768 3917 deﬁnita
1806 3860 2162 3930 consignant,

593 3954 641 4011 si
673 3967 857 4008 rerum
884 3952 1128 4009 ordinem
1154 3959 1408 4017 servant,
1436 3953 1485 4008 si
1514 3968 1625 4007 non
1654 3967 1777 4024 quae
1804 3952 1978 4023 prima
2011 3958 2163 4017 sunt,

595 4045 893 4102 novissima
913 4085 927 4111 ,
956 4052 1011 4101 et
1040 4061 1161 4116 quae
1191 4046 1247 4100 in
1278 4045 1594 4103 novissimis
1624 4053 1776 4116 gesta
1798 4052 1957 4110 sunt,
1988 4044 2165 4116 prima

595 4146 891 4194 narrarunt
909 4179 925 4205 ,
954 4140 1002 4195 si
1028 4140 1166 4195 nihil
1194 4147 1476 4196 versutum
1495 4180 1513 4208 ,
1546 4140 1682 4195 nihil
1711 4141 1922 4211 magica
1951 4147 2065 4195 arte
2095 4138 2165 4194 ad

594 4230 975 4302 decipiendum
1025 4230 1390 4303 compositum
1446 4233 1763 4297 continent.
1816 4238 1910 4286 aut
1956 4231 2005 4288 si
2052 4244 2165 4286 non

594 4338 718 4394 quae
745 4322 867 4377 aliis
895 4322 1130 4378 revelata
1169 4330 1333 4387 sunt,
1365 4323 1433 4378 ad
1463 4338 1522 4379 se
1550 4323 1891 4378 transtulerit
1914 4320 2166 4377 admistis

2265 1824 2504 1880 evidenti
2528 1823 2805 1896 agnitione
2826 1824 3081 1880 veritatis
3103 1829 3397 1891 assumpta;
3418 1828 3577 1874 cetera
3592 1823 3704 1872 omnm

2264 1917 2624 1973 aestimatione
2677 1922 3019 1981 tractantur,
3068 1915 3125 1969 in
3176 1913 3364 1983 quibus
3411 1909 3584 1965 ﬁrmum
3623 1909 3707 1963 nihil

2265 2026 2387 2067 esse
2416 2017 2614 2081 potest.
2656 2008 2791 2076 Quis
2842 2008 2988 2064 enim
3033 2023 3214 2064 sermo
3263 2019 3360 2069 est.
3392 2006 3473 2076 qui
3507 2021 3589 2059 non
3621 2004 3709 2057 reci-

2211 2105 2220 2115 '
2265 2104 2379 2174 piat
2426 2101 2960 2159 contradictionem?
3005 2108 3062 2157 et
3112 2115 3230 2171 qua:
3276 2098 3601 2171 argumentatio
3631 2103 3706 2154 ett.

2264 2211 2387 2268 quae
2415 2210 2525 2251 non
2567 2196 2743 2267 possit
2792 2194 2899 2250 alia
2945 2192 3403 2264 argumentatione
3439 2185 3709 2246 subvertillit

2266 2288 2392 2343 inde
2434 2294 2521 2343 est
2565 2286 2713 2357 quod
2750 2286 2820 2344 ad
2863 2286 3072 2340 nullum
3123 2286 3282 2339 ﬁnem
3324 2282 3529 2338 scientia:
3548 2288 3587 2336 et
3612 2281 3709 2347 agni-

2263 2380 2431 2435 tionis
2464 2395 2559 2450 per
2587 2379 2897 2449 hujusmodi
2937 2379 3357 2450 disputationem
3398 2374 3620 2446 pervenire
3645 2372 3708 2425 ho-

2265 2476 2439 2531 mines
2502 2482 2769 2545 possunt.
2826 2474 3096 2544 priusque
3152 2472 3309 2528 ﬁnem
3363 2469 3470 2525 vita:
3502 2464 3709 2519 inveniunt

2264 2585 2428 2641 quam
2468 2570 2856 2639 qua‘stionnm.

2336 2659 2497 2715 LXII.
2539 2660 2604 2714 Et
2644 2660 2767 2715 ideo
2811 2674 2935 2713 cum
2974 2657 3028 2713 in
3057 2658 3146 2714 his
3176 2658 3353 2713 omnia
3396 2655 3627 2710 habeantur
3652 2650 3708 2703 in-

2264 2761 2414 2810 certa
2433 2792 2450 2818 ,
2482 2753 2550 2809 ad
2582 2768 2770 2808 verum
2804 2752 3125 2823 prophetam
3170 2749 3468 2806 veniendum
3490 2756 3578 2812 est,
3599 2759 3707 2813 quem

2262 2845 2410 2901 Deus
2440 2845 2601 2901 Pater
2632 2845 2820 2900 volens
2849 2844 2917 2902 ab
2948 2844 3207 2900 omnibus
3236 2843 3378 2913 diligi
3396 2880 3409 2907 ,
3433 2841 3620 2909 hecque
3640 2836 3705 2890 lio-

2263 2939 2438 2995 mines
2486 2939 2851 3000 induxerunt.
2885 2938 2941 2991 in
2978 2937 3185 3008 quibus
3236 2935 3368 2990 nihil
3409 2938 3538 3004 potest
3569 2942 3698 2997 ερρω-

2263 3029 2423 3087 hendi
2443 3070 2459 3093 ,
2488 3030 2659 3085 voluit
2689 3030 2905 3101 penitus
2932 3032 3286 3100 exstinguere
3304 3069 3318 3091 ,
3346 3034 3400 3080 ut
3419 3040 3468 3081 eo
3487 3023 3603 3093 magis
3629 3018 3702 3074 iste

2264 3132 2635 3197 quareretur.
2687 3132 2742 3179 et
2791 3140 2952 3195 quem
2985 3124 3064 3178 illi
3112 3118 3558 3184 obcluserant,liic
3586 3114 3701 3169 homi-

2266 3219 2428 3274 nibus
2471 3217 2616 3271 viam
2654 3217 2905 3272 veritatis
2946 3217 3206 3288 aperiret.
3237 3214 3445 3285 Propter
3478 3212 3584 3265 hunc
3612 3206 3707 3261 enini

2266 3310 2413 3365 Deus
2441 3310 2608 3365 etiam
2633 3308 2896 3364 mundum
2925 3307 3053 3363 fecit
3086 3316 3141 3362 et
3164 3307 3232 3363 ab
3262 3306 3371 3376 ipso
3395 3301 3579 3358 mundus
3594 3297 3706 3367 reple-

2265 3410 2357 3457 tur
2375 3440 2390 3467 .
2420 3401 2567 3456 unde
2597 3408 2652 3455 et
2679 3399 3051 3471 quarentibus
3074 3414 3135 3453 se
3165 3396 3317 3452 adest
3352 3396 3546 3465 ubique,
3568 3384 3707 3446 etiamsi

2265 3496 2321 3551 in
2342 3495 2547 3551 ultimis
2577 3502 2737 3549 terrai
2768 3491 2969 3546 ﬁnibus
2997 3500 3298 3561 quaeratur.
3325 3488 3375 3543 Si
3402 3502 3506 3543 vero
3525 3500 3603 3539 non
3623 3493 3711 3550 pure

2263 3602 2391 3643 eum
2417 3586 2543 3658 quis
2575 3600 2678 3640 nec
2727 3593 2915 3640 sancte
2947 3598 3127 3653 neque
3161 3583 3380 3638 ﬁdeliter
3414 3576 3713 3651 quamnim“

2265 3678 2443 3750 ipsum
2474 3678 2695 3749 quidem
2724 3684 2840 3743 est,
2872 3675 3001 3746 quia
3048 3675 3250 3746 ubique
3276 3683 3357 3731 est
3383 3682 3429 3728 et
3454 3674 3568 3726 intra
3586 3676 3715 3750 sensui

2264 3748 2507 3824 omnium
2541 3767 2845 3831 invenitur;
2879 3763 3008 3828 sed,
3044 3773 3107 3819 ut
3141 3777 3303 3833 supra
3341 3760 3569 3819 diximus,
3591 3748 3715 3808 inlide-

2264 3861 2407 3917 Iibus
2441 3858 2645 3915 dormit
2674 3865 2729 3913 et
2759 3857 2957 3912 absens
3003 3856 3240 3912 habetur
3274 3855 3381 3918 bis.
3408 3868 3434 3907 a
3453 3850 3608 3921 quibus
3636 3854 3715 3897 esse

2264 3969 2375 4009 non
2399 3951 2664 4008 creditur.
2690 3948 2937 4020 Cumque
2963 3948 3080 4004 hzec
3104 3956 3163 4004 et
3187 3948 3290 4003 alia
3312 3940 3571 4016 hujusmodi
3588 3936 3715 3991 Petrus

2263 4045 2331 4102 de
2356 4060 2487 4100 vero
2518 4043 2779 4115 propheta
2812 4050 3143 4113 prosecutus
3172 4048 3315 4097 esset
3333 4080 3348 4104 ,
3379 4037 3537 4092 turbas
3559 4027 3715 4088 dimisit.

2262 4153 2449 4195 senem
2478 4152 2607 4193 vero
2632 4152 2755 4193 cum
2789 4142 3035 4207 rogasset
3062 4136 3353 4207 plurimum
3383 4137 3633 4204 permanere
3651 4131 3717 4173 BO-

2262 4230 2476 4285 biscum
2496 4267 2513 4295 .
2543 4228 2792 4284 obtinere
2818 4242 2928 4283 non
2958 4229 3138 4299 potuit
3163 4269 3180 4295 ,
3209 4227 3297 4284 sed
3325 4235 3374 4282 et
3397 4225 3495 4295 ipse
3513 4213 3715 4274 discessit.

2264 4323 2371 4378 alia
2400 4321 2490 4379 die
2512 4321 2657 4379 sicut
2683 4321 2961 4391 placuerat
3003 4321 3302 4377 rediturus.
3332 4317 3391 4374 Et
3416 4322 3518 4387 post
3537 4313 3624 4366 lucc
3649 4317 3715 4361 nos

597 4414 917 4470 mendaciis.
954 4413 1022 4469 Et
1055 4430 1180 4470 cum
1215 4414 1302 4470 his
1331 4415 1587 4471 omnibus
1629 4424 1779 4470 recto
1806 4414 2015 4485 judicio
2046 4414 2162 4470 dis-
2191 4428 2237 4484 ι)
2265 4429 2376 4471 una
2413 4430 2540 4470 cum
2574 4412 2739 4469 Petro
2783 4411 3019 4484 ingressi
3066 4412 3387 4485 hospitium,
3408 4407 3512 4463 cibo
3533 4410 3573 4457 ei
3594 4396 3717 4470 quit“

596 4505 808 4570 tussis.
848 4506 1017 4562 verba
1064 4507 1372 4563 constiterit
1412 4522 1536 4563 esse
1581 4506 1932 4578 prophetica,
1957 4507 2033 4563 ita
2062 4506 2160 4561 de-

2266 4507 2431 4562 solito
2460 4506 2688 4562 utimur.

611 4639 3692 4682 Μαρ-

1776 4784 2127 4873 LIBER
2226 4780 2678 4874 NONUS.

669 5071 709 5126 Ie.
752 5069 1011 5142 Sequenti
1040 5068 1128 5124 die
1155 5066 1350 5123 Petrus
1379 5081 1487 5121 una
1519 5066 1807 5122 nobiscum
1854 5075 2069 5124 mature
2092 5069 2160 5125 ad

596 5164 777 5221 locum
796 5203 812 5228 ,
844 5163 900 5218 in
923 5177 1031 5233 quo
1062 5160 1237 5232 pridie
1265 5159 1450 5214 habita
1481 5158 1657 5214 fuerat
1686 5156 2008 5230 diSputatio,
2032 5175 2163 5232 pro-

595 5257 837 5328 peravit,
868 5263 1031 5326 atque
1054 5255 1129 5310 ibi
1157 5270 1278 5310 cum
1301 5254 1564 5324 plurimas
1587 5252 1698 5323 jam
1730 5252 1799 5308 ad
1828 5252 2159 5310 audiendum

594 5348 917 5405 convenisse
942 5348 1133 5402 turbas
1154 5354 1207 5402 et
1231 5361 1415 5402 senem
1445 5361 1569 5400 cum
1609 5345 1690 5401 eis
1718 5344 1959 5409 videret,
1991 5344 2067 5400 ait
2091 5345 2160 5401 ad

597 5456 720 5497 eum
753 5461 767 5496 :
798 5439 1065 5496 Hesterna
1110 5439 1198 5494 dic
1218 5477 1235 5503 ,
1266 5453 1299 5491 ο
1330 5453 1527 5504 senex.
1559 5452 1685 5493 cum
1721 5436 1999 5493 Clemente
2044 5437 2161 5508 pla-

598 5542 789 5589 cuerat
815 5541 873 5588 ut
902 5532 1062 5588 hodie
1108 5545 1288 5587 sermo
1327 5528 1481 5586 ﬁeret
1499 5570 1514 5595 ,
1544 5539 1600 5587 et
1628 5538 1719 5587 aut
1749 5542 1808 5587 tu
1845 5532 2163 5590 ostenderes

668 5646 710 5677 ⁸¹
744 5645 871 5772 Sag.
898 5660 936 5728 ε,
962 5644 1016 5700 4.

668 5734 683 5770 s
717 5732 793 5772 es.
867 5716 1014 5771 crude

602 5725 683 5789 tus
717 5732 793 5772 es.
820 5725 894 5772 De

2263 5072 2400 5128 nihil
2430 5079 2585 5128 extra
2615 5073 2858 5144 genesim
2889 5070 3041 5136 ﬁeri,
3073 5078 3167 5125 aut
3192 5069 3427 5126 Clemens
3464 5062 3634 5117 doceret
3656 5067 3717 5123 ge-

2264 5167 2437 5222 nesim
2469 5181 2579 5220 non
2608 5180 2731 5221 esse
2762 5163 2880 5237 [sed
2912 5163 2966 5218 in
2997 5163 3155 5219 nobis
3180 5172 3231 5219 et
3260 5163 3311 5216 in
3341 5169 3501 5215 nostra
3526 5152 3716 5237 ροιεειθξο

2264 5258 2449 5315 haberi
2491 5274 2613 5330 quae
2638 5231 2920 5330 gerimus].
2946 5256 3027 5312 Ad
3058 5256 3173 5312 haec
3202 5270 3355 5311 senex
3394 5243 3623 5319 respondit
3645 5231 3715 5291 πει

2262 5352 2392 5422 quid
2444 5351 2708 5423 placuerit
2756 5349 3017 5415 memini,
3053 5358 3110 5405 et
3152 5360 3243 5405 tua
3285 5345 3435 5402 verba
3475 5348 3601 5394 ιεηεο
3634 5337 3714 5398 qua

2265 5454 2387 5516 post
2414 5444 2695 5515 pactiones
2725 5442 2942 5497 locutus
2964 5443 3092 5508 es",
3124 5441 3315 5513 quibus
3342 5430 3541 5493 docuisti
3571 5427 3713 5516 impos-

2267 5536 2425 5591 sibile
2462 5552 2585 5593 esse
2614 5534 2820 5591 homini
2862 5534 3005 5590 scire
3049 5512 3287 5605 aliquid,
3314 5529 3413 5586 nisi
3442 5512 3711 5582 averoPm'

902 5660 936 5728 ε,
1126 5644 1171 5677 ⁸³
1200 5643 1269 5728 Ιηῄ
1285 5644 1444 5699 codd.
1478 5645 1652 5728 Lipss.
1689 5648 1906 5728 omissis
1937 5648 2025 5713 iis.
2050 5664 2169 5718 qum
2199 5652 2464 5728 usquead
2497 5650 2885 5728 cap._16‘med.
2917 5656 3236 5728 sequuntur,
3266 5646 3345 5728 sic
3366 5640 3533 5728 legitur
3556 5649 3568 5686 :
3592 5627 3710 5685 LMP

896 5716 1014 5771 inde
1035 5725 1337 5785 prosecutus
1364 5730 1520 5771 aenea:
1541 5716 1772 5788 adjecit:
1798 5718 2010 5776 Certum
2040 5716 2116 5776 est
2148 5716 2347 5778 mihi'ct
2377 5722 2499 5780 bene
2520 5716 2634 5779 noui
2657 5721 2781 5795 quia
2812 5716 3269 5794 compajinatione,
3300 5724 3395 5772 etc.
3467 5721 3476 5733 ‘
