4030 6342
256 284 382 340 HM

1457 287 2017 350 RECOGNITIONUM
2055 293 2183 348 LIB.
2226 294 2316 355 lX.

3349 307 3483 363 ηοω

250 404 409 465 poeta
452 392 722 451 didicerit.
762 393 828 450 Et
867 394 1063 452 Petrus
1094 417 1108 452 :
1139 395 1365 464 Nescis,
1411 399 1621 471 inquit,
1669 419 1808 474 quo-
1840 411 1885 466 Α
1912 412 2122 461 mentes
2150 406 2431 461 hominum
2461 410 2766 479 corrumpit
2811 426 2876 466 ac
2908 413 3095 478 violat,
3128 422 3181 469 et
3205 430 3236 468 a
3264 416 3485 474 deside-

250 487 411 541 iuodo
457 487 718 555 dixerim,
753 488 847 543 sed
898 505 1045 545 nunc
1085 501 1135 545 te
1172 506 1273 561 ego
1316 496 1707 558 commonebo,
1738 496 1805 553 de

249 582 527 636 voluntate
551 580 662 634 dixi
689 591 741 635 et
777 582 1009 637 consilio
1038 582 1162 648 Dei,
1186 599 1349 654 quam
1392 586 1583 641 habuit
1612 585 1804 658 'prius-

249 688 409 742 quam
444 674 674 728 mundus
696 682 867 737 esset.
926 686 980 730 et
1011 691 1119 745 quo
1158 677 1389 733 consilio
1431 676 1619 734 fecerit
1648 696 1808 735 mun-

248 763 375 819 dum
398 805 413 827 ,
445 758 690 835 tempora
743 768 1026 831 statuerit,
1065 768 1237 839 legem
1280 769 1523 836 dederit,
1548 772 1716 841 justis
1738 774 1807 828 ad

248 856 509 912 bonorum
540 860 1029 915 remunerationem
1061 861 1301 917 futurum
1321 865 1577 919 saeculum
1599 868 1806 935 promi-

246 950 414 1012 serit,
444 950 664 1019 injustis
696 967 883 1022 poenas
909 969 976 1008 ex
1003 954 1194 1023 judicii
1223 958 1490 1012 sententia
1522 960 1807 1027 statuerit;

245 1042 347 1097 hoc
368 1058 467 1115 ego
492 1044 603 1097 dixi
633 1046 921 1100 consilium
941 1087 956 1111 ,
988 1055 1041 1102 et
1071 1048 1210 1102 hanc
1256 1050 1586 1106 voluntatem
1617 1050 1711 1106 Dei
1741 1054 1809 1107 ab

240 1136 550 1192 hominibus
572 1138 802 1192 inveniri
836 1155 942 1193 non
968 1155 1149 1209 posse,
1173 1142 1303 1211 quia
1335 1157 1498 1197 nemo
1523 1143 1810 1199 hominum

238 1237 417 1297 potest
464 1244 691 1284 sensum
720 1228 815 1287 Dei
865 1231 1199 1300 conjecturis
1226 1243 1281 1287 et
1308 1234 1668 1290 aestimatione
1696 1236 1812 1289 col-

241 1321 403 1391 ligere
423 1362 439 1385 ,
472 1323 583 1376 nisi
625 1323 887 1392 propheta
921 1323 989 1377 ab
1018 1340 1083 1379 eo
1138 1325 1343 1381 missus
1396 1327 1659 1382 enuntiet.
1691 1325 1812 1381 Non

238 1428 365 1485 ergo
391 1414 459 1469 de
492 1415 909 1487 quibuscunque
952 1416 1257 1487 disciplinis
1288 1426 1382 1472 aut
1412 1420 1610 1474 studiis
1659 1420 1807 1485 dixi,

239 1507 365 1575 quia
415 1506 648 1561 inveniri
678 1506 797 1561 sine
840 1508 1103 1578 propheta
1128 1518 1220 1561 aut
1250 1509 1377 1564 sciri
1410 1524 1517 1563 non
1560 1510 1807 1579 possint;

240 1599 441 1669 quippe
474 1600 566 1669 qui
597 1599 766 1653 sciam
809 1608 863 1654 et
896 1600 1129 1654 artilicia
1159 1609 1212 1655 et
1240 1601 1560 1673 disciplinas
1596 1604 1727 1658 sciri
1757 1611 1813 1658 et

247 1693 495 1746 exerceri
527 1692 595 1745 ab
625 1690 964 1754 hominibus,
998 1706 1134 1763 quas
1162 1708 1270 1746 non
1302 1708 1333 1746 a
1360 1709 1488 1749 vero
1518 1696 1811 1766 propheta,

237 1781 334 1837 sed
364 1797 395 1836 a
426 1783 705 1854 magistris
737 1783 1046 1839 hominibus
1077 1784 1388 1841 didicerint.

310 1875 374 1931 ΙΙ.
415 1875 683 1943 Quoniam
714 1892 845 1947 ergo
885 1884 937 1931 te
977 1876 1256 1947 professus
1302 1893 1363 1934 es
1417 1894 1646 1950 gnarum
1683 1893 1807 1936 esse

234 1969 527 2039 positionis
562 1969 801 2025 siderum
839 1978 892 2025 et
940 1970 1220 2025 stellarum
1259 1985 1479 2035 cursus,
1507 1988 1571 2027 ex
1604 1972 1806 2043 quibus

234 2060 596 2115 convinceres
626 2061 956 2116 Clementem
988 2061 1133 2132 quod
1163 2062 1349 2130 genesi
1394 2063 1576 2117 omnia
1615 2063 1800 2133 subjav

233 2158 413 2213 ceant,
450 2162 542 2205 aut
568 2151 637 2205 ab
667 2151 785 2221 ipso
811 2150 1056 2208 disceres
1108 2153 1252 2224 quod
1286 2168 1383 2224 per
1402 2152 1805 2209 Providentiam

235 2251 501 2312 reguntur
525 2243 800 2308 universa,
824 2252 983 2300 etest
1006 2246 1167 2299 etiam
1188 2245 1389 2316 aliquid
1420 2246 1475 2300 in
1506 2246 1684 2313 nobis,
1704 2248 1806 2301 hoc

233 2334 491 2405 expedire
533 2351 631 2391 vos
676 2336 950 2391 convenit.
982 2336 1062 2391 Ad
1112 2337 1226 2391 haec
1271 2353 1433 2393 senex
1472 2338 1802 2409 respondit:

233 2431 353 2486 Jam
382 2430 602 2501 quidem
644 2432 1014 2486 necessarium
1042 2447 1150 2486 non
1186 2444 1301 2486 erat
1332 2432 1643 2502 hujusmodi
1688 2447 1809 2488 mo-

234 2539 361 2579 vere
390 2516 739 2595 quaastidnes,
765 2524 810 2579 si
844 2525 1103 2594 possibile
1132 2533 1277 2580 esset
1294 2526 1451 2582 nobis
1475 2539 1506 2579 a
1535 2540 1665 2581 vero
1687 2542 1809 2597 pro-

236 2616 398 2687 pheta
428 2602 640 2672 discere
671 2624 723 2670 et
753 2616 941 2671 audire
989 2616 1208 2673 definita
1246 2617 1539 2684 sententia,
1570 2618 1699 2689 quia
1731 2619 1805 2673 sit

235 2708 439 2777 aliquid
459 2710 513 2762 in
534 2709 687 2765 nobis
708 2717 761 2764 et
778 2710 831 2763 in
850 2710 1061 2763 arbitrii
1085 2710 1322 2779 positum
1341 2710 1623 2780 libertate;
1647 2711 1805 2768 valde

233 2800 380 2855 enim
433 2815 520 2855 me
558 2815 737 2857 sermo
776 2809 904 2856 tuus
942 2801 1109 2855 movit
1143 2801 1454 2869 hesternas,
1500 2804 1554 2858 in
1587 2818 1696 2874 quo
1735 2804 1805 2860 de

234 2890 439 2945 virtute
478 2890 792 2962 praphetica
818 2891 1132 2961 disputasti.
1167 2890 1323 2946 Unde
1349 2901 1403 2947 et
1431 2908 1532 2963 ego
1563 2895 1803 2950 assentio

233 2992 287 3037 et
330 2985 598 3037 contlrmo
629 2985 956 3040 sententiam
1003 2995 1172 3049 tuam,
1207 2987 1335 3055 quia
1364 2986 1500 3040 nihil
1522 2992 1705 3056 potest
1734 2986 1804 3041 ab

234 3073 454 3128 homine
504 3084 711 3129 certum
752 3075 1227 3147 indubitatumque
1269 3076 1547 3147 cognosci,
1600 3077 1689 3131 cui
1749 3088 1803 3133 et

232 3169 493 3239 exiguum
524 3170 651 3223 vita:
694 3177 911 3239 tempus
940 3176 1023 3224 est
1051 3177 1106 3225 et
1150 3171 1314 3225 breve
1343 3185 1405 3224 ac
1436 3177 1597 3225 tenue
1625 3169 1802 3240 spira-

234 3275 378 3323 men,
406 3275 518 3329 quo
547 3260 767 3315 retineri
787 3261 1002 3315 videtur
1024 3261 1079 3315 in
1108 3261 1237 3315 vita.
1263 3259 1644 3317 Verumtamen
1675 3275 1807 3332 quo-

229 3350 375 3405 niam
424 3351 746 3421 priusquam
788 3350 857 3407 de
890 3352 1207 3424 prophetica
1236 3352 1435 3407 virtute
1465 3351 1670 3421 aliquid
1700 3366 1804 3407 au-

225 3438 434 3506 direm,
488 3440 763 3511 pollicitus
806 3442 996 3497 videor
1024 3441 1311 3507 Clementi,
1346 3450 1405 3496 ut
1434 3440 1801 3508 ostenderem,

225 3533 350 3601 quia
378 3533 576 3596 omnia
600 3534 845 3603 subjecta
870 3542 999 3590 sunt
1033 3537 1239 3606 genesi,
1264 3544 1357 3589 aut
1381 3535 1448 3590 ab
1477 3537 1594 3605 ipso
1627 3535 1807 3591 disce-

227 3637 360 3687 rem,
391 3624 535 3694 quia
561 3632 646 3680 est
680 3626 883 3695 aliquid
904 3633 957 3681 et
990 3626 1044 3679 in
1069 3627 1249 3690 nobis,
1282 3632 1499 3696 przestet
1533 3624 1665 3679 mihi
1690 3626 1808 3695 ipse

227 3715 283 3769 in
310 3716 427 3771 hoc
444 3718 672 3786 gratiam
701 3725 759 3771 ut
781 3719 988 3789 primus
1017 3719 1240 3790 incipiat
1267 3726 1320 3773 et
1346 3732 1467 3788 qum
1487 3717 1651 3786 objici
1679 3731 1807 3786 pos-

229 3815 376 3872 sunt,
421 3817 688 3878 proponat
718 3819 772 3863 et
808 3810 1085 3877 absolvat;
1117 3824 1218 3879 ego
1250 3808 1419 3874 enim,
1448 3823 1512 3863 ex
1544 3823 1653 3878 quo
1672 3821 1775 3877 pau

229 3902 309 3956 cis
339 3915 371 3954 a
404 3908 466 3956 te
494 3901 676 3956 audivi
706 3901 773 3957 de
800 3904 1002 3958 virtute
1030 3903 1346 3973 prophetia,
1378 3901 1807 3975 magnitudinem

231 3993 594 4063 praescientia:
631 3994 987 4050 considerans
1024 3996 1299 4065 obstupui,
1327 3994 1521 4057 fateor,
1562 4009 1662 4049 nec
1689 4008 1808 4048 om-

233 4087 361 4142 nino
418 4085 790 4158 recipiendum
823 4087 1120 4158 quidquam
1150 4102 1372 4151 censeo,
1416 4086 1562 4159 quod
1619 4086 1808 4156 conje-

234 4178 411 4233 cturis
438 4185 491 4231 et
516 4177 881 4232 aestimatione
915 4178 1212 4248 colligitur.

302 4266 389 4330 Ill.
439 4267 507 4322 Et
543 4284 668 4323 cum
693 4269 807 4324 haec
839 4284 1001 4325 senex
1034 4270 1285 4332 dixisset,
1308 4284 1410 4342 ego
1436 4267 1692 4324 Clemens
1718 4268 1807 4324 di-

237 4375 363 4415 cere
391 4362 471 4416 ita
500 4361 639 4430 cmpi
673 4379 687 4416 :
720 4360 862 4415 Deus
883 4376 979 4431 per
1009 4360 1203 4415 Filium
1233 4378 1395 4418 suum
1423 4362 1629 4416 creavit
1658 4376 1811 4415 mun-

1905 497 1987 551 rio
2016 498 2126 553 veri
2158 497 2356 569 Sponsi
2390 500 2680 566 seducens,
2713 503 2866 558 illicit
2900 505 2967 558 ad
2983 507 3160 561 aliena
3188 508 3480 567 desideria.

1976 589 2066 647 IV.
2106 590 2212 646 Sed
2270 592 2415 648 dicet
2453 594 2653 664 aliquis
2689 610 2704 647 :
2741 596 2885 662 Quid
2920 612 3055 668 ergo
3086 614 3312 657 necesse
3360 614 3483 660 erat

1907 679 2070 735 istum
2108 683 2406 752 principem
2462 683 2600 749 fieri,
2652 688 2746 756 qui
2778 703 2807 741 a
2841 705 2969 745 vero
2994 691 3243 762 principe
3272 705 3483 753 mentes

1907 773 2191 829 hominum
2219 775 2561 832 declinaret?
2591 778 2857 845 Quoniam
2888 780 3032 839 Deus
3069 786 3187 855 qui,
3221 795 3281 840 ut
3329 787 3481 852 dixi,

1907 862 2046 918 Filio
2074 880 2176 920 suo
2226 868 2435 923 amicos
2464 869 2637 923 voluit
2666 885 2993 941 praeparare,
3039 889 3149 927 non
3202 888 3299 928 eos
3346 878 3482 931 tales

1906 971 2032 1012 esse
2056 958 2248 1023 voluit,
2276 960 2373 1029 qui
2398 962 2723 1016 necessitate
2766 970 2979 1018 natura:
3012 964 3159 1019 aliud
3189 964 3323 1035 quid
3359 981 3482 1021 esse

1907 1064 2018 1103 non
2042 1058 2286 1119 possent,
2320 1051 2414 1106 sed
2439 1053 2532 1121 qui
2566 1053 2792 1108 arbitrio
2822 1070 2923 1108 suo
2955 1064 3009 1110 et
3042 1057 3323 1112 voluntate
3355 1058 3479 1112 lioni

1908 1155 2033 1197 esse
2047 1141 2611 1214 desiderarent;quia
2640 1162 2740 1201 nec
2757 1147 3029 1203 laudabile
3056 1158 3161 1213 est,
3193 1150 3337 1220 quod
3370 1166 3479 1204 non

1909 1240 1993 1287 est
2037 1232 2421 1299 desiderabile,
2475 1251 2575 1290 nec
2624 1237 2827 1292 bonum
2858 1239 3160 1307 judicatur,
3193 1242 3337 1310 quod
3373 1258 3484 1297 null

1911 1327 2193 1395 proposito
2220 1327 2494 1397 expetitur
2526 1344 2541 1380 :
2577 1328 2712 1382 nihil
2738 1330 2884 1384 enim
2913 1331 3093 1386 laudis
3121 1341 3206 1386 est
3236 1334 3287 1387 id
3338 1350 3480 1399 esse,

1912 1432 1943 1470 a
1972 1432 2081 1487 quo
2120 1426 2175 1472 te
2199 1420 2402 1473 mutari
2432 1429 2643 1475 natura;
2675 1423 2980 1477 necessitas
3012 1438 3120 1477 non
3156 1425 3318 1480 sinat.
3348 1424 3472 1481 Pro~

1912 1509 2150 1564 videntia
2177 1526 2307 1582 ergo
2338 1510 2434 1566 Dei
2473 1512 2754 1567 hominum
2794 1515 3199 1570 multitudinem
3233 1520 3385 1571 nasci
3426 1520 3479 1572 in

1912 1600 2017 1655 hoc
2047 1601 2252 1656 mundo
2281 1602 2474 1667 voluit,
2507 1611 2566 1659 ut
2608 1619 2677 1658 ex
2726 1605 2975 1675 pluribus
3025 1606 3360 1675 eligerentur
3388 1610 3483 1676 qui

1909 1694 2115 1763 justam
2157 1694 2444 1764 diligerent
2482 1695 2671 1749 vitam.
2703 1694 2768 1749 Et
2798 1696 2928 1765 quia
2960 1706 3281 1765 prasentem
3322 1714 3481 1751 mun-

1841 1765 1883 1820 Β
1912 1786 2042 1840 dum
2071 1786 2317 1856 praevidit
2345 1802 2455 1841 non
2503 1785 2665 1841 aliter
2704 1802 2865 1857 posse
2907 1788 3012 1841 nisi
3064 1788 3381 1845 diversitate
3429 1796 3484 1844 et

1908 1878 2275 1949 inaequalitate
2306 1886 2579 1943 constare,
2598 1879 2895 1934 secundum
2923 1881 3274 1949 praesentium
3300 1894 3481 1933 rerum

1892 1970 2254 2026 “diversitates
2303 1970 2599 2041 unicuique
2652 1973 2821 2026 menti
2871 1971 3175 2026 libertatem
3231 1979 3480 2025 motuum

1908 2061 2079 2126 dedit,
2105 2070 2159 2117 et
2189 2062 2336 2117 hunc
2364 2064 2669 2133 principem
2700 2064 2905 2133 posuit,
2938 2080 3048 2134 quo
3085 2078 3149 2118 ea
3179 2079 3301 2133 qua:
3344 2078 3480 2117 con-

1909 2154 2079 2208 traria
2124 2154 2380 2209 videntur
2410 2157 2676 2227 agitante,
2717 2156 2913 2212 electio
2942 2157 3231 2210 meliorum
3267 2156 3485 2213 virtutis

1905 2259 2070 2314 opere
2108 2252 2405 2300 constaret.

1979 2334 2043 2391 V.
2061 2334 2166 2392 Sed
2191 2344 2250 2391 ut
2267 2338 2479 2409 planius
2504 2336 2747 2409 ﬁatquod
2767 2337 3020 2400 dicimus,
3039 2353 3136 2408 per
3152 2338 3363 2408 singula
3384 2354 3483 2392 ex-

1906 2429 2455 2501 ponemus.Nunquid
2465 2447 2678 2497 omnes,
2693 2431 2842 2486 verbi
2857 2432 3051 2501 gratia,
3068 2433 3349 2501 oportebat
3364 2447 3487 2487 esse

1908 2524 1964 2577 in
1993 2522 2097 2577 hoc
2146 2524 2350 2579 mundo
2380 2540 2557 2595 reges,
2609 2537 2702 2579 aut
2740 2526 3040 2595 principes,
3074 2538 3166 2581 aut
3207 2526 3483 2588 dominos.

1906 2620 2001 2666 aut
2043 2614 2386 2685 paedagogos,
2408 2623 2501 2669 aut
2529 2616 2896 2685 legisperitos,
2921 2623 3015 2670 aut
3043 2628 3374 2687 geometras,
3393 2629 3488 2674 aut

1905 2704 2186 2769 aurifices,
2215 2714 2309 2759 aut
2330 2706 2589 2776 pistores,
2619 2707 2930 2771 autfabros,
2958 2718 3051 2762 aut
3074 2714 3484 2780 grammaticos,

1907 2804 2002 2852 aut
2017 2796 2239 2861 divites,
2263 2806 2356 2852 aut
2373 2799 2663 2869 agricolas,
2690 2807 2783 2852 aut
2808 2801 3052 2863 olitores,
3068 2810 3163 2855 aut
3185 2804 3489 2872 piscatores

1908 2897 2005 2943 aut
2026 2890 2330 2960 pauperes?
2346 2890 2460 2945 haec
2475 2898 2683 2945 certum
2704 2900 2789 2946 est
2830 2893 2957 2960 quia
3004 2907 3194 2948 omnes
3223 2882 3345 2947 esse
3377 2908 3486 2946 non

1905 2987 2177 3049 poterant.
2210 2980 2404 3036 Omnia
2448 2989 2629 3036 tamen
2666 2982 2782 3037 haec
2812 2982 2986 3037 oflicia
3026 2992 3079 3038 et
3121 2986 3292 3038 multo
3332 2986 3489 3053 plura

1910 3086 2154 3142 praesens
2182 3074 2291 3127 vita
2329 3074 2610 3128 hominum
2641 3076 2896 3145 requirit,
2916 3084 2970 3130 et
2997 3076 3118 3131 sine
3145 3076 3231 3131 his
3260 3078 3491 3146 transigi

1910 3178 2021 3217 non
2048 3172 2256 3233 potest;
2279 3175 2363 3221 est
2384 3181 2516 3235 ergo
2546 3168 2859 3221 necessaria
2894 3169 2949 3221 in
2981 3170 3084 3225 hoc
3128 3169 3331 3225 mundo
3358 3170 3491 3226 inae-

1909 3256 2169 3328 qualitas.
2190 3255 2308 3311 Non
2327 3258 2470 3312 enim
2504 3267 2683 3329 potest
2711 3275 2835 3314 esse
2860 3276 2976 3325 rex,
3005 3263 3111 3316 nisi
3137 3262 3490 3333 habeatquos

1910 3356 2063 3419 regat
2091 3360 2145 3404 et
2176 3351 2380 3420 quibus
2411 3352 2662 3421 imperet,
2706 3368 2885 3421 neque
2918 3362 3100 3423 potest
3148 3370 3269 3410 esse
3312 3355 3489 3408 domi-

1912 3454 2039 3503 nus,
2064 3441 2172 3495 nisi
2206 3442 2403 3496 habeat
2438 3442 2527 3495 cui
2551 3443 2886 3511 dominetur,
2909 3453 2962 3498 et
2984 3454 3183 3498 caetera
3213 3444 3485 3500 similiter.

1981 3532 2071 3588 Vl.
2098 3532 2292 3589 Sciens
2321 3550 2453 3605 ergo
2480 3534 2745 3590 Conditor
2773 3551 2803 3589 a
2827 3538 2977 3591 nullo
3006 3544 3199 3606 sponte
3229 3536 3400 3590 veniri
3420 3535 3489 3589 ad

1913 3639 2167 3695 agonem,
2209 3625 2340 3681 dum
2371 3625 2642 3697 refugitur
2666 3626 2841 3691 labor,
2874 3626 2976 3681 hoc
3009 3635 3093 3681 est
3127 3625 3193 3680 ad
3223 3642 3487 3681 exercen-

1906 3718 2006 3773 das
2036 3726 2184 3773 artes
2217 3717 2351 3772 istas
2382 3733 2518 3787 quas
2550 3733 2715 3788 supra
2764 3717 3027 3780 diximus,
3076 3733 3173 3788 per
3221 3732 3359 3787 quas
3402 3721 3487 3774 vel
3544 3772 3549 3779 ,

1902 3809 2118 3879 justitia
2150 3810 2584 3881 uniuscujusque
2608 3811 2689 3865 vel
2720 3810 3097 3864 misericordia
3147 3808 3487 3865 manifestari

1907 3910 2108 3972 potest,
2142 3918 2346 3973 corpus
2393 3901 2601 3956 homini
2629 3902 2780 3964 fecit,
2815 3899 2961 3971 quod
3002 3901 3199 3955 famem
3231 3907 3285 3955 et
3339 3901 3487 3955 sitim

1907 4004 1960 4050 et
1994 3995 2168 4066 frigus
2193 3995 2479 4065 reciperet,
2499 4002 2557 4047 ut
2580 3992 2858 4047 reﬁciendi
2885 3991 3134 4060 corporis
3150 4006 3317 4045 causa
3337 4006 3483 4045 com-

1907 4086 2049 4157 pulsi
2079 4087 2349 4149 homines,
2381 4085 2450 4139 ad
2496 4098 2687 4139 omnes
2738 4098 2876 4153 quas
2924 4098 3089 4152 supra
3135 4081 3493 4150 exposuimus

1912 4183 2060 4231 artes
2097 4176 2276 4229 victus
2301 4173 2632 4229 necessitate
2665 4171 3081 4228 descenderent.
3113 4170 3233 4225 Cibi
3266 4170 3411 4225 enim
3435 4178 3490 4225 et

1910 4275 2074 4338 potus
2090 4278 2254 4337 atque
2274 4266 2575 4321 indumenti
2599 4266 2796 4335 gratia,
2810 4266 3054 4335 singulas
3074 4278 3319 4333 quasque
3340 4270 3489 4317 artes

1910 4367 2161 4429 expetere
2185 4358 2495 4414 edocemur.
2525 4356 2591 4411 Et
2614 4358 2703 4411 hic
2727 4357 2838 4427 jam
2872 4354 3307 4423 uniuscujusque
3336 4368 3490 4407 men-

238 4454 367 4508 dum
411 4459 669 4524 tanquam
699 4454 970 4524 duplicem
1003 4454 1247 4519 domum,
1295 4454 1587 4525 interjectu
1621 4454 1806 4508 ﬁrma-
1842 4484 1885 4539 Β
1914 4454 1986 4506 tis
2017 4450 2355 4521 propositum
2408 4448 2742 4510 declaratur,
2779 4456 2958 4501 utrum
2990 4444 3373 4539 necessitatem
3400 4441 3483 4539 fa-

243 4545 413 4601 uienti
441 4545 603 4616 hujus
633 4546 779 4617 quod
816 4547 1015 4602 cmlum
1046 4548 1352 4618 appellatur
1382 4546 1721 4611 distinctam,
1756 4554 1811 4602 et

244 4639 297 4693 in
321 4642 597 4712 superiori
628 4641 847 4713 quidem
878 4643 1150 4715 angelicas
1198 4642 1446 4698 habitare
1475 4644 1727 4705 virtutes,
1756 4642 1811 4695 in

246 4736 353 4791 isto
376 4743 559 4789 autem
584 4734 787 4790 visibili
814 4735 1018 4790 mundo
1053 4736 1208 4789 nasci
1248 4738 1529 4791 hominum
1562 4737 1813 4790 multitu-

246 4827 430 4884 dinem
472 4827 643 4892 dedit,
676 4843 742 4883 ex
787 4829 986 4899 quibus
1014 4829 1234 4899 eligeret
1257 4830 1463 4884 amicos
1503 4826 1641 4883 Filio
1675 4834 1808 4892 suo,

246 4934 370 4973 cum
402 4921 603 4990 quibus
633 4921 924 4981 laetaretur,
947 4926 1001 4974 et
1030 4920 1121 4989 qui
1151 4921 1199 4975 ei
1234 4928 1490 4990 tanquam
1521 4936 1724 4991 sponso
1755 4925 1816 4973 ut

245 5012 443 5068 dilecta
472 5028 671 5083 sponsa
702 5022 1043 5083 pararentur.
1076 5011 1275 5068 Verum
1307 5028 1478 5082 usque
1506 5014 1571 5067 ad
1602 5015 1818 5083 nuptia-

246 5120 368 5160 rum
411 5114 647 5175 tempus,
680 5105 823 5176 quod
859 5112 944 5161 est
987 5106 1277 5175 praesentia
1326 5106 1512 5160 saeculi
1559 5107 1813 5173 venturi,

249 5197 441 5252 statuit
473 5201 724 5251 virtutem
753 5196 1063 5266 quamdam,
1094 5212 1216 5267 qua:
1244 5212 1311 5250 ex
1356 5196 1444 5251 his
1472 5212 1594 5266 qua:
1628 5198 1684 5251 in
1713 5199 1815 5253 hoc

250 5290 453 5343 mundo
479 5296 800 5354 nascuntur,
832 5288 994 5358 eligat
1023 5296 1077 5342 et
1125 5285 1400 5343 custodiat
1446 5289 1717 5355 meliores,
1754 5305 1819 5344 ac

250 5389 428 5437 servet
454 5380 589 5436 Filio
618 5396 718 5436 suo
749 5387 1120 5451 sequestratos
1152 5380 1347 5434 inloco
1369 5380 1602 5451 quodam
1631 5381 1820 5435 mundi

250 5474 342 5543 qui
371 5480 523 5527 extra
554 5480 836 5543 peccatum
864 5483 969 5539 est,
1004 5472 1058 5526 in
1086 5488 1195 5542 quo
1218 5473 1330 5540 jam
1363 5480 1492 5526 sunt
1526 5473 1818 5543 aliquanti,

250 5568 344 5639 qui
378 5566 451 5621 ibi
474 5568 618 5621 velut
645 5580 866 5636 sponsa,
898 5575 951 5620 ut
979 5565 1113 5629 dixi,
1136 5563 1336 5619 decora
1365 5562 1434 5617 ad
1463 5566 1649 5634 sponsi
1685 5580 1823 5634 prte-

254 5664 483 5718 sentiam
516 5670 906 5733 praeparantur.
930 5660 1065 5717 Nam
1092 5660 1277 5717 mundi
1310 5661 1472 5730 hujus
1501 5668 1554 5715 et
1583 5673 1823 5730 praesen-

256 5750 333 5808 tis
384 5765 644 5828 temporis
697 5756 951 5827 princeps
1008 5754 1254 5810 adultero
1303 5753 1499 5809 similis
1549 5762 1659 5818 cst,
1729 5750 1819 5822 qui

1916 4544 2019 4597 mis
2045 4551 2099 4597 et
2140 4542 2362 4612 frigoris
2406 4555 2502 4611 per
2552 4539 2698 4593 furta
2729 4546 2784 4593 et
2815 4536 3108 4591 homicidia
3138 4550 3203 4591 ac
3246 4534 3487 4605 perjuria

1916 4637 2140 4703 sarciat,
2178 4649 2382 4705 perque
2424 4632 2531 4686 alia
2564 4630 2881 4702 hujusmodi
2924 4630 3155 4694 scelera,
3208 4642 3277 4683 an
3316 4627 3483 4695 justi-

1915 4731 2067 4794 tiam,
2096 4727 2551 4790 misericordiam,
2587 4724 3094 4792 continentiamque
3144 4720 3484 4783 custodiens,

1916 4821 2052 4875 artis
2089 4819 2279 4875 studio
2303 4825 2357 4874 et
2384 4830 2644 4871 manuum
2675 4815 2860 4869 labore
2908 4812 3244 4868 imminentis
3298 4826 3489 4866 neces-

1919 4914 2097 4968 sitatis
2125 4913 2338 4984 expleat
2359 4910 2746 4966 ministerium.
2779 4907 2836 4963 Si
2867 4907 3013 4962 enim
3045 4919 3169 4959 cum
3195 4902 3413 4973 justitia
3435 4910 3490 4958 et

1920 5012 2120 5080 pietate
2148 5023 2211 5063 ac
2238 5005 2609 5063 misericordia
2629 5003 3009 5083 necessitatem
3030 4998 3277 5069 corporis
3312 5007 3491 5052 trans-

1920 5104 2050 5173 igat,
2073 5102 2220 5156 velut
2247 5100 2508 5171 propositi
2541 5099 2732 5165 agonis
2763 5096 2955 5156 victor,
2980 5093 3188 5147 amicus
3220 5088 3342 5143 Filii
3391 5088 3486 5144 Dei

1919 5200 1971 5247 et
2000 5191 2205 5247 electus
2236 5190 2509 5256 abscedit;
2542 5190 2587 5243 si
2616 5202 2743 5243 vero
2768 5200 2865 5256 per
2893 5183 3132 5245 fraudes,
3169 5194 3263 5251 per
3291 5179 3492 5248 iniqui-

1922 5293 2061 5339 tates
2089 5292 2141 5337 et
2179 5283 2387 5338 scelera
2414 5278 2876 5349 concupiscentiis
2905 5274 3143 5330 deservit
3185 5270 3489 5341 corporali-

1922 5380 2050 5444 bus,
2072 5376 2333 5447 principis
2354 5374 2520 5444 hujus
2543 5372 2729 5427 mutidi
2749 5379 2911 5439 atque
2923 5367 3163 5423 omnium
3183 5364 3495 5418 daemonum

1924 5474 2134 5527 amicus
2162 5468 2415 5529 edicitur,
2461 5483 2491 5521 a
2540 5466 2739 5535 quibus
2774 5463 2940 5518 etiam
2984 5461 3087 5514 hoc
3120 5458 3400 5516 edocetur,
3432 5461 3493 5505 ut

1924 5566 2203 5623 stellarum
2233 5560 2487 5617 cursibus
2515 5560 2780 5610 malorum
2801 5567 3024 5608 suorum
3054 5548 3292 5604 ascribat
3341 5559 3495 5601 erro-

1925 5674 2038 5723 res,
2071 5671 2210 5727 quos
2240 5653 2461 5709 nonnisi
2501 5648 2783 5720 proposito
2830 5660 2894 5699 ac
2934 5645 3218 5698 voluntate
3268 5638 3491 5708 delegit.

1929 5749 2140 5805 Etenim
2173 5757 2338 5810 artes,
2373 5748 2625 5814 cogente,
2678 5746 2736 5793 ut
2773 5735 3029 5801 diximus,
3079 5731 3186 5789 cibi
3220 5744 3283 5783 ac
3329 5734 3491 5799 potus

2382 5851 2409 5860 μ
