4030 6342
673 245 810 301 ηοξ.

1587 243 1645 299 S.
1685 243 2123 301 CLEMENTISI
2160 245 2326 302 ROM.
2366 244 2565 301 PONT.
2601 241 2832 299 OPERA
2863 238 3089 299 DUBIA.’

3643 260 3732 319 MN.

671 360 973 430 voluptate,
1007 356 1295 414 discuntur
1317 368 1370 415 et
1397 371 1752 433 exercentur;
1785 380 1906 436 qua:
1953 367 2200 436 voluptas
2221 407 2234 431 ,
2270 377 2310 433 Α
2342 372 2500 430 sunt;
2532 371 2591 418 ut
2618 379 2685 419 ex
2715 378 2902 419 earum
2942 360 3227 418 certamine
3262 363 3438 419 oriatur
3463 366 3590 435 iustis
3615 378 3731 441 palma

670 467 795 506 cum
824 451 1117 505 accesserit
1137 452 1431 526 unicuique
1456 456 1704 512 veritatis
1723 457 1946 527 agnitio,
1973 458 2240 512 infirmior
2338 457 2579 511 victoriae
2606 464 2660 511 et
2687 455 2942 509 meritum
2975 454 3319 524 praemiorum.

670 542 906 599 eflicitur
979 544 1306 602 succedente
1364 548 1722 618 parcinionia.
1777 548 2026 615 Quantus
2092 549 2236 603 enim

670 644 919 705 Sumptus
950 643 1055 699 est,
1086 652 1226 708 aqua
1256 649 1307 695 et
1335 657 1472 710 pane
1503 642 1782 697 utentibus
1804 651 1859 697 et
1888 643 2032 696 hunc
2064 657 2095 695 a
2126 641 2236 696 Deo

665 725 1050 794 sperantibus?

739 815 848 871 VII.
884 816 977 873 Est
1008 833 1157 889 ergo,
1193 830 1253 873 ut
1274 820 1534 886 diximus,
1557 822 1869 878 necessaria
1899 822 2145 893 quaedam
2180 823 2235 875 in

667 907 1077 978 dispensatione
1107 909 1294 963 mundi
1326 912 1690 981 inaequalitas,
1722 914 1848 967 dum
1890 928 2080 967 omnes
2110 913 2235 982 qui-

670 998 792 1054 dem
817 998 1063 1054 homines
1099 1015 1207 1053 non
1255 1002 1435 1055 omnia
1463 1011 1695 1071 possunt
1721 1005 1863 1059 scire
1891 1004 1976 1058 vel
2008 1005 2234 1074 implere

667 1088 921 1153 artiﬁcia,
956 1105 1059 1144 usu
1105 1097 1288 1145 tamen
1334 1099 1388 1144 et
1437 1092 1745 1147 ministerio
1803 1094 2045 1147 omnium
2098 1107 2234 1162 pene

664 1197 858 1236 omnes
907 1182 1173 1251 indigent,
1200 1192 1253 1236 et
1280 1182 1350 1235 ob
1380 1182 1484 1237 hoc
1515 1200 1740 1239 necesse
1770 1191 1854 1240 est
1897 1185 2064 1238 alium
2106 1200 2235 1254 ope-

663 1273 797 1341 rari,
831 1273 995 1326 alium
1025 1274 1274 1342 operanti
1301 1274 1542 1341 prebere
1572 1274 1901 1339 mercedem,
1931 1275 2095 1329 alium
2126 1291 2235 1331 ser-

660 1369 797 1432 vire,
821 1368 989 1421 alium
1014 1368 1304 1433 dominari,
1342 1369 1505 1422 alium
1538 1370 1675 1439 regi,
1707 1370 1874 1423 alium
1899 1386 2105 1440 regere.
2128 1371 2233 1427 Sed

664 1457 807 1526 hanc
841 1458 1261 1527 inaequalitatem
1284 1474 1405 1527 qua:
1435 1461 1749 1513 mortalium
1780 1461 1947 1516 vitam
1980 1476 2235 1516 necessu-

661 1549 747 1602 rio
777 1550 1067 1602 subsecuta
1096 1558 1198 1613 est,
1226 1549 1408 1603 divina
1428 1548 1773 1604 Providentia
1800 1552 1855 1604 in
1886 1552 2231 1608 occasionem

656 1637 918 1707 justitire,
962 1639 1349 1693 misericordiae
1407 1639 1869 1710 humanitatisque
1920 1642 2227 1705 convertit,

2406 544 2498 602 1X.
2534 544 2610 599 Ex
2637 545 2763 600 istis
2791 560 2921 612 ergo
2951 542 3145 597 accidit
3174 544 3441 609 interdum,
3471 550 3576 603 utsi
3600 555 3664 620 qui
3684 555 3735 608 in.

2336 637 2679 691 continenter
2706 636 2951 707 egerint,
2982 644 3033 690 et
3063 650 3167 689 non
3196 645 3382 690 tantum
3405 639 3612 697 obsistere
3632 660 3734 713 quam

2336 728 2528 783 cedere
2565 735 2728 797 atque
2767 729 2821 781 in
2861 727 3165 797 semetipsis
3201 727 3321 783 dare
3353 730 3424 784 eis
3461 733 3663 788 voluerint
3687 739 3736 791 Io.

2345 837 2467 876 cum
2486 861 2499 884 ,
2532 820 2695 875 noxia
2725 835 2912 875 earum
2946 820 3267 890 aspiratione
3293 830 3534 890 generetur
3556 825 3734 898 intempe.

2345 921 2459 966 rata
2487 918 2542 966 et
2570 911 2765 966 vitiosa
2796 912 3103 981 progenies.
3134 909 3263 964 Dum
3293 912 3417 966 enim
3441 923 3575 969 totum
3604 918 3737 975 libidini

2335 1003 2645 1073 indulgetur
2690 1009 2744 1057 et
2793 1002 3100 1057 observatio
3145 1003 3283 1057 nulla
3320 1006 3508 1060 coeundi
3541 1016 3633 1072 est,
3664 1011 3738 1066 illo-

2338 1110 2459 1149 rum
2492 1095 2610 1149 sine
2634 1093 2797 1149 dubio
2825 1094 3130 1149 daemonum
3152 1135 3166 1160 ,
3198 1096 3383 1165 quibus
3416 1097 3507 1150 haec
3533 1114 3737 1171 perurgen.

2334 1188 2480 1240 tibus
2511 1185 2675 1251 ﬁunt,
2706 1185 2835 1240 vitia
2867 1196 2922 1240 et
2954 1184 3269 1257 fragilitates
3296 1188 3496 1257 suscipit
3526 1189 3739 1259 importuna

2334 1278 2631 1346 generatio.
2688 1276 2751 1331 Et
2799 1275 2920 1331 ideo
2967 1293 3074 1347 pro
3111 1276 3400 1345 hujusmodi
3432 1278 3548 1334 vitiis
3576 1292 3735 1337 natorum

2334 1367 2554 1421 obnoxii
2590 1378 2750 1421 erunt
2786 1375 3039 1436 parentes
3066 1407 3079 1432 ,
3112 1369 3202 1437 qui
3230 1368 3386 1438 legem
3415 1385 3588 1426 servare
3607 1388 3737 1427 concu-

2332 1459 2477 1513 bitus
2506 1460 2818 1524 noluerunt,
2842 1459 2969 1513 licet
2991 1460 3101 1512 sint
3120 1466 3172 1514 et
3196 1461 3309 1514 aliae
3328 1476 3483 1516 causa:
3504 1468 3737 1527 secretiores,

2331 1551 2529 1620 quibus
2561 1550 2645 1604 his
2683 1550 2843 1606 malis
2879 1549 3127 1604 obnoxia:
3153 1549 3440 1605 efficiuntur
3464 1553 3632 1616 anima,
3653 1570 3739 1623 quas

2332 1657 2477 1695 nunc
2526 1640 2782 1711 proferre
2813 1641 3074 1710 temporis
3119 1656 3225 1695 non
3269 1650 3363 1698 est.
3407 1641 3573 1698 Tamen
3606 1655 3740 1711 oportet

664 1738 724 1784 ut
766 1730 895 1783 dum
927 1730 1041 1783 haec
1091 1730 1233 1785 inter
1255 1731 1503 1787 homines
1531 1740 1787 1801 aguntur,
1831 1732 1902 1786 sit
1933 1734 2228 1802 unicuique
2259 1752 2300 1810 ῃ
2330 1749 2773 1803 unumquemque
2817 1748 3116 1805 agnoscere
3147 1735 3309 1805 legem
3339 1736 3452 1800 Dei,
3482 1744 3528 1790 ut
3551 1753 3598 1792 ex
3619 1755 3659 1793 ea
3683 1755 3741 1808 ge-

660 1840 825 1881 causa
849 1825 996 1894 juste
1028 1824 1223 1893 agendi
1276 1839 1401 1878 cum
1431 1839 1519 1887 eo,
1570 1825 1657 1878 cui
1685 1840 1895 1879 merces
1927 1826 2109 1895 operis
2133 1842 2229 1880 ex-

658 1916 919 1974 solvenda
947 1915 1368 1979 est,etfaciendi
1404 1917 1834 1971 misericordiam
1854 1933 1978 1971 cum
2004 1932 2089 1983 eo,
2109 1918 2226 1988 qui,

659 2010 937 2066 debilitate
963 2008 1215 2063 fortassis
1245 2016 1339 2062 aut
1377 2009 1604 2077 penuria
1635 2008 2027 2074 intercedente,
2075 2009 2229 2064 debi-

658 2109 773 2156 tum
800 2100 1010 2156 solvere
1040 2115 1147 2154 non
1172 2107 1368 2168 potest,
1407 2100 1502 2155 sed
1534 2108 1586 2154 et
1615 2100 1853 2155 humane
1882 2101 2072 2171 agendi
2102 2116 2226 2154 cum

657 2194 745 2247 his
781 2192 875 2263 qui
920 2191 1239 2246 conditione
1274 2190 1528 2245 videntur
1569 2191 1815 2254 obnoxii,
1855 2191 2228 2245 mansuetudi-

660 2300 782 2339 nem
816 2298 1033 2353 quoque
1062 2280 1423 2337 conservandi
1451 2296 1579 2351 erga
1624 2281 1922 2349 subjectos,
1952 2289 2006 2334 et
2045 2281 2226 2334 omnia

659 2387 887 2443 prorsus
931 2368 1149 2441 gerendi
1196 2370 1499 2423 secundum
1545 2369 1716 2439 legem
1750 2368 1863 2423 Dei.
1898 2368 2054 2423 Dedit
2083 2370 2227 2424 enim

661 2465 858 2534 legem,
883 2463 1084 2531 juvans
1116 2477 1209 2530 per
1234 2461 1339 2514 hoc
1370 2461 1641 2515 humanas
1667 2468 1898 2523 mentes,
1930 2468 1988 2514 ut
2011 2459 2226 2516 facilius

655 2570 785 2626 erga
832 2552 1257 2622 unumquodque
1287 2552 1524 2621 qualiter
1561 2551 1646 2614 agi
1689 2549 1930 2615 deberet,
1979 2549 2228 2604 adverte-

655 2660 800 2713 rent,
842 2665 949 2720 qua
987 2647 1076 2703 via
1108 2646 1410 2716 effugerent
1452 2646 1654 2699 malum
1697 2652 1749 2699 et
1787 2659 1895 2714 qua
1930 2643 1998 2697 ad
2044 2641 2225 2696 futura

655 2742 940 2798 tenderent
974 2739 1139 2801 bona,
1180 2744 1233 2791 et
1258 2746 1317 2789 ut
1351 2739 1405 2790 in
1448 2751 1587 2806 aqua
1608 2735 1909 2805 regenerati
1937 2750 2034 2805 per
2060 2749 2225 2805 opera

654 2832 815 2894 bona,
835 2832 1008 2899 ignem
1028 2835 1253 2881 vetustae
1271 2826 1572 2881 nativitatis
1594 2826 2023 2897 cxstinguerent.
2042 2824 2224 2879 Prima

652 2920 796 2976 enim
853 2926 1043 2973 nostra
1090 2916 1349 2972 nativitas
1408 2932 1503 2986 per
1539 2917 1717 2987 ignem
1766 2916 2225 2987 concupiscentiae

616 3054 625 3059 .
652 3010 956 3074 descendit,
989 3018 1042 3065 et
1067 3008 1188 3063 ideo
1207 3008 1618 3080 dispensatione
1633 3008 1818 3063 divina
1848 3009 2086 3064 secunda
2109 3008 2224 3063 haec

2329 1825 2557 1879 nerandi
2585 1826 2986 1880 observantiam
3019 1839 3197 1882 sumat
3223 1834 3274 1881 et
3300 1826 3596 1881 immunditiis
3612 1845 3733 1883 causas

2328 1917 2594 1979 declinet,
2647 1926 2707 1970 ut
2753 1917 2926 1987 possit
2984 1918 3244 1972 mundum
3283 1934 3393 1974 esse
3420 1920 3538 1989 quod
3572 1920 3739 1991 gignitur.

2325 2004 2511 2074 Neque
2569 2006 2712 2060 enim
2768 2005 2850 2059 fas
2901 2015 3023 2074 est,
3090 2016 3149 2061 ut
3224 2009 3278 2063 in
3310 2009 3568 2078 plantandis
3603 2010 3739 2079 quidem

2327 2094 2575 2164 virgultis
2623 2096 2709 2149 vel
2745 2094 2800 2149 in
2837 2096 3173 2151 seminandis
3233 2097 3456 2168 frugibus
3493 2109 3741 2168 opportunum

2328 2191 2543 2253 tempus
2594 2194 2871 2254 quaeratur
2901 2226 2915 2251 ,
2970 2194 3119 2241 terra
3198 2197 3439 2258 purgetur
3477 2197 3599 2257 atque
3630 2189 3742 2242 omnia

2326 2290 2447 2344 qua:
2474 2277 2729 2331 convenit
2759 2286 3158 2349 praeparentur.
3190 2294 3256 2335 ne
3285 2280 3411 2334 forte
3436 2295 3580 2335 semen
3607 2279 3737 2349 jactun

2328 2367 2643 2445 laedaturet
2670 2375 2892 2437 pereat,
2926 2376 2983 2422 et
3012 2370 3071 2423 in
3103 2371 3221 2425 solo
3255 2371 3479 2436 homine,
3512 2372 3581 2442 qui
3609 2381 3742 2425 essu-

2327 2473 2428 2529 per
2459 2458 2573 2512 haec
2604 2459 2814 2524 omnia,
2844 2459 3060 2514 serendi
3091 2461 3390 2518 observatio
3414 2463 3532 2517 nulla
3554 2461 3743 2524 habeatur,

2326 2549 2473 2603 nulla
2504 2550 2736 2607 cautela.

2395 2639 2463 2696 Χ.
2503 2639 2607 2695 Sed
2656 2641 2817 2712 quid,
2862 2644 3008 2714 quod
3058 2646 3340 2713 nonnulli,
3389 2647 3560 2717 inquit,
3594 2662 3679 2702 cum
3710 2647 3745 2701 in

2326 2731 2502 2801 prima
2541 2740 2701 2788 aetate
2742 2733 2948 2804 absque
2989 2736 3129 2789 vitio
3170 2736 3367 2792 fuerint
3398 2738 3632 2807 corporali,
3662 2750 3743 2805 pro-

2326 2838 2483 2879 cessu
2536 2825 2795 2895 temporis
2842 2826 3139 2882 incurrunt
3187 2828 3300 2883 haec
3340 2829 3489 2894 mala,
3524 2830 3577 2882 ita
3610 2837 3650 2881 ut
3677 2825 3743 2879 ali-

2327 2917 2516 2987 quanti
2553 2918 2716 2973 etiam
2758 2918 3027 2974 violenter
3070 2922 3463 2993 praecipitentur
3490 2922 3528 2975 in
3554 2916 3742 2974 mortem?

2327 3007 2500 3062 Etiam
2534 3008 2603 3064 de
2631 3010 2718 3065 his
2750 3011 2932 3065 vicina
2961 3019 3016 3066 et
3048 3028 3189 3082 pene
3217 3014 3396 3069 eadem
3432 3013 3533 3069 ratio
3562 3020 3643 3077 est;
3666 3008 3743 3062 illa

652 3120 750 3178 per
787 3118 981 3174 aquam
1020 3102 1408 3167 introducitur,
1448 3119 1568 3173 qua:
1605 3104 1909 3173 restinguat
1946 3103 2086 3172 ignis
2124 3117 2222 3156 na—
2249 3132 2290 3187 ο
2327 3100 2471 3154 enim
2493 3140 2508 3164 ,
2539 3117 2677 3171 quas
2707 3101 2947 3158 diximus
2977 3104 3287 3160 contrarias
3313 3106 3514 3159 humano
3534 3101 3658 3173 generi
3677 3115 3748 3167 po-

654 3202 872 3257 turam,
909 3199 962 3247 et
1000 3192 1214 3247 etelesti
1257 3193 1453 3264 spiritu
1493 3193 1676 3246 anima
1713 3192 2018 3246 illuminata
2066 3191 2219 3263 (80),

652 3292 854 3340 metum
873 3284 1061 3355 prima:
1082 3286 1384 3339 nativitatis
1399 3285 1640 3354 abjiciat,
1662 3284 1708 3337 si
1731 3292 1914 3339 tamen
1933 3284 2005 3337 ita
2023 3282 2090 3337 de
2106 3283 2226 3337 reli-

651 3391 768 3446 quo
790 3376 970 3443 vivat,
996 3386 1055 3430 ut
1070 3376 1247 3430 nullas
1265 3374 1489 3430 omnino
1508 3374 1697 3428 mundi
1737 3374 1899 3443 hujus
1916 3374 2223 3443 voluptates

655 3469 933 3539 requirat,
967 3466 1062 3523 sed
1092 3468 1165 3522 sit
1193 3476 1449 3537 tanquam
1487 3466 1805 3537 peregrinus
1834 3472 1887 3520 et
1922 3464 2127 3520 advena
2156 3464 2221 3530 ⁸³,

655 3571 820 3632 atque
852 3561 1078 3616 alterius
1112 3559 1353 3613 civitatis
1383 3558 1540 3614 civis.

727 3651 863 3708 Vlll.
905 3650 1011 3707 Sed
1043 3651 1276 3705 fortasse
1309 3650 1460 3704 dicas
1484 3690 1499 3714 ,
1525 3649 1652 3720 quia
1685 3650 1738 3703 in
1770 3650 1855 3705 his
1885 3649 2132 3721 quidem,
2166 3652 2221 3707 in

654 3744 854 3815 quibus
886 3740 1152 3797 naturalis
1190 3740 1491 3795 necessitas
1529 3740 1697 3810 exigit
1736 3742 1931 3794 artium
1969 3755 2223 3809 operum-

653 3852 761 3906 que
817 3834 1216 3897 ministerium,
1271 3837 1449 3900 potest
1494 3830 1871 3900 unusquisque
1918 3829 2116 3885 habere
2168 3831 2222 3884 in

655 3935 952 4001 potestate,
978 3940 1198 3981 servare
1218 3924 1485 3992 justitiam
1510 3932 1563 3978 et
1586 3923 1803 3977 modum
1829 3923 1911 3976 vel
1935 3922 2222 3978 desideriis

656 4023 738 4077 vel
770 4019 982 4075 actibus
1011 4033 1172 4087 quem
1213 4015 1342 4070 velit
1380 4014 1696 4084 imponere;
1734 4013 1860 4084 quid
1899 4013 1967 4068 dc
2002 4014 2223 4084 aegritu-

652 4112 875 4167 dinibus
922 4110 1167 4164 dicemus
1215 4115 1269 4162 et
1314 4106 1749 4170 infirmitatibus,
1803 4120 1925 4175 quae
1970 4104 2222 4160 accidunt

655 4203 998 4265 hominibus,
1030 4199 1253 4269 etquod
1282 4198 1618 4253 daemonibus
1655 4197 1901 4252 nonnulli
1960 4205 2223 4267 urgentur

655 4303 709 4350 et
759 4294 1006 4348 febribus
1055 4299 1109 4347 et
1154 4290 1483 4361 frigoribus,
1536 4289 1783 4343 nonnulli
1831 4288 1995 4343 etiam
2038 4288 2221 4342 furore

655 4394 891 4457 aguntur
921 4392 975 4439 et
1003 4391 1184 4437 mente
1210 4382 1504 4447 excidunt;
1537 4389 1590 4435 et
1617 4381 1799 4435 omnia
1831 4380 1920 4434 illa
1942 4420 1956 4445 ,
1989 4396 2108 4450 quae
2138 4379 2221 4433 in-

2326 3196 2581 3257 testates,
2614 3191 2681 3246 ad
2712 3192 3151 3265 uniuscujusque
3195 3210 3291 3249 cor
3330 3212 3416 3267 per
3448 3196 3595 3248 multas
3628 3202 3664 3245 et
3690 3189 3746 3244 di-

2323 3296 2512 3337 versas
2541 3283 3017 3353 concupiscentias
3061 3286 3359 3340 invitantur
3398 3281 3745 3355 quodammodoet

2326 3370 2664 3441 ingrediendi
2701 3373 2977 3443 accipiunt
3021 3375 3206 3430 locum
3231 3416 3247 3443 ,
3291 3386 3461 3447 estque
3499 3376 3585 3429 haec
3612 3372 3649 3426 in
3676 3370 3747 3423 illis

2324 3462 2407 3517 vis
2453 3471 2507 3517 et
2552 3472 2828 3533 potestas,
2879 3480 3000 3533 qua:
3046 3467 3297 3523 hortetur
3322 3478 3372 3523 et
3409 3469 3562 3523 incitet
3587 3474 3748 3522 tantum.

2323 3567 2434 3607 non
2462 3569 2582 3623 qua:
2611 3563 2765 3625 cogat
2794 3562 2847 3610 et
2876 3557 3144 3627 perficiat.
3179 3559 3237 3613 Si
3265 3574 3385 3630 ergo
3413 3559 3515 3630 quis
3538 3556 3751 3625 acquiescat

2323 3645 2402 3700 eis
2418 3687 2434 3711 ,
2459 3654 2515 3699 ut
2539 3646 2701 3701 etiam
2727 3657 2848 3717 agat
2874 3664 2934 3703 ea
2960 3665 3085 3720 quae
3110 3652 3251 3706 male
3270 3651 3527 3715 desiderat,
3548 3660 3752 3704 consensus

2323 3738 2408 3791 sui
2435 3745 2490 3791 et
2516 3747 2671 3792 actus
2698 3738 2999 3794 mercedem
3032 3741 3353 3811 perditionis
3379 3750 3426 3797 et
3453 3740 3646 3811 pessima:
3662 3750 3755 3789 mor-

2322 3828 2395 3883 tis
2423 3827 2681 3884 inveniet.
2727 3827 2785 3883 Si
2827 3844 2959 3884 vero
3005 3830 3256 3887 futurum
3298 3833 3530 3903 judicium
3563 3830 3751 3900 cogitatu.

2323 3928 2471 3974 metu
2514 3920 2633 3989 ipso
2678 3920 2842 3978 fuerit
2884 3932 3176 3996 repressus
3217 3936 3271 3981 et
3307 3924 3593 3982 revocaverit
3622 3936 3682 3984 se.
3713 3933 3755 3970 De

2323 4020 2447 4064 actu
2479 4012 2697 4081 impleat
2725 4014 2869 4083 quod
2898 4017 3041 4071 mala
3072 4020 3400 4089 cogitatione
3428 4016 3650 4085 concepit,
3670 4009 3756 4064 eilu‘

2323 4102 2431 4172 giet
2456 4118 2564 4157 non
2593 4105 3081 4177 solumperniciem
3113 4120 3450 4181 praesentem,
3476 4109 3554 4165 sed
3576 4118 3615 4163 et
3635 4105 3755 4159 futura

2323 4195 2609 4264 supplicia.
2638 4193 2826 4253 Omnis
2851 4200 2997 4254 enim
3023 4216 3195 4258 causa
3220 4204 3412 4274 peccati
3438 4201 3595 4259 similis
3615 4196 3756 4252 videtur

2321 4301 2444 4342 esse
2474 4295 2680 4356 stuppae
2730 4290 2851 4359 pice
2869 4291 3110 4369 ‘oblitae,
3164 4310 3285 4365 quae
3324 4295 3409 4350 ubi
3449 4293 3635 4349 calorem
3667 4284 3756 4356 ignis

2324 4380 2595 4447 acceperit
2621 4384 2801 4436 statim
2828 4382 3201 4442 inﬂammatur
3231 4408 3243 4442 :
3277 4388 3428 4456 hujus
3456 4400 3562 4441 vero
3585 4381 3688 4453 ignis
3710 4380 3757 4431 in-

654 4478 899 4533 numeris
934 4476 1155 4531 casibus
1205 4480 1459 4544 premunt
1508 4473 1815 4526 mortalium
1871 4472 2088 4541 genus?
2134 4470 2216 4526 Ad
2250 4473 2294 4529 D
2324 4469 2574 4524 cendium
2624 4488 2788 4542 opera
2833 4490 2956 4530 esse
3005 4477 3315 4534 daemonum
3360 4477 3683 4547 intelliguntur.
3720 4466 3755 4519 Si

656 4574 772 4625 haec
814 4568 1096 4631 dicemus,
1143 4567 1186 4622 si
1240 4564 1550 4621 consideret
1593 4564 1717 4635 quis
1763 4564 1929 4618 totius
1972 4564 2218 4643 mysterii

655 4663 921 4717 rationem
939 4699 954 4724 ,
983 4659 1096 4712 haec
1122 4658 1229 4711 illis
1256 4671 1376 4726 qua:
1405 4670 1569 4725 supra
1593 4654 2218 4724 exposuimus,justiora

654 4767 781 4808 esse
820 4749 1213 4822 pronuntiabit.
1259 4748 1401 4802 Deus
1438 4746 1584 4802 enim
1624 4746 1935 4801 hominibus
1965 4754 2214 4801 naturam

652 4846 838 4913 dedit,
879 4860 975 4915 per
1004 4858 1164 4913 quam
1198 4849 1251 4897 et
1279 4842 1462 4897 doceri
1499 4840 1713 4912 possint
1747 4842 1814 4895 de
1848 4842 1993 4895 bono
2030 4849 2085 4896 et
2121 4842 2218 4896 ob-

655 4940 853 4994 sistere
888 4934 1055 5002 malo,
1088 4933 1142 4987 id
1177 4939 1281 5014 est,
1320 4940 1379 4984 ut
1414 4938 1469 4985 et
1507 4938 1653 4985 artes
1680 4930 1891 5000 possint
1918 4930 2128 4985 discere
2164 4937 2217 4986 et

656 5030 929 5085 obsistere
955 5024 1323 5095 voluptatibus
1341 5063 1354 5086 ,
1390 5037 1455 5077 ac
1483 5022 1742 5092 praeferre
1771 5024 1826 5077 in
1858 5024 2113 5078 omnibus
2140 5021 2217 5077 le-

655 5135 776 5191 gem
816 5118 948 5182 Dei,
988 5123 1043 5172 et
1083 5116 1153 5171 ob
1192 5115 1296 5169 hoc
1332 5114 1566 5167 virtutes
1604 5115 1866 5183 quasdam
1909 5114 2216 5168 contrarias

655 5212 913 5268 aberrare
938 5207 1201 5263 mundum
1226 5206 1375 5260 hunc
1402 5213 1455 5260 et
1482 5205 1747 5259 obluctari
1778 5206 2061 5259 nobiscum
2096 5220 2215 5275 pcr-

656 5302 846 5367 misit,
898 5307 1119 5371 propter
1171 5312 1371 5352 causas
1424 5311 1546 5367 quae
1590 5296 1703 5367 jam
1752 5297 2005 5365 superius
2062 5297 2220 5351 dicta:

727 5421 771 5451 ⁸³
801 5418 944 5474 Psal.
978 5432 1208 5481 xxvvm,
1244 5416 1331 5471 l5.

2320 4575 2449 4633 ergo
2500 4562 2807 4620 inveniatur
2850 4569 2976 4638 quis
3024 4574 3270 4640 peccatis
3313 4579 3364 4628 et
3408 4561 3756 4637 concupiscentiis

2319 4660 2576 4724 tanquam
2620 4655 2739 4726 pice
2782 4658 3019 4726 oblitus,
3066 4661 3212 4733 ignis
3241 4663 3291 4719 ei
3330 4662 3553 4717 facillime
3590 4654 3756 4711 domina-

2319 4753 2428 4802 tur.
2461 4746 2517 4801 Si
2549 4763 2679 4803 vero
2711 4765 2817 4805 non
2846 4755 3054 4822 peccati
3083 4756 3225 4826 pice,
3258 4755 3345 4811 sed
3374 4770 3498 4825 aqua
3518 4745 3756 4823 puriﬁcatio'

2317 4839 2405 4893 nis
2431 4846 2485 4892 et
2518 4842 2949 4912 regenerationis
2976 4844 3164 4902 infusa
3190 4846 3262 4901 sit
3295 4853 3472 4915 stuppa
3491 4883 3503 4907 ,
3531 4841 3639 4912 ignis
3661 4838 3698 4889 in
3718 4846 3755 4886 ελ

2313 4931 2617 4989 daemonum
2650 4949 2761 4988 non
2791 4934 2991 4989 valebit
3017 4938 3265 4992 accendi.

2388 5024 2477 5080 XI.
2516 5023 2621 5084 Sed
2651 5026 2793 5080 dicet
2821 5026 3017 5097 aliquis
3046 5046 3059 5083 :
3094 5027 3160 5081 Et
3187 5030 3315 5100 quid
3346 5028 3573 5083 faciemus
3592 5022 3675 5089 jam
3697 5028 3757 5069 nos

2319 5132 2456 5186 quos
2483 5117 2713 5187 contigit
2744 5121 2983 5187 peccatis
3012 5119 3157 5173 sicut
3201 5122 3319 5190 pice
3355 5116 3568 5172 oblitos?
3592 5113 3756 5177 Respon‘

2319 5208 2457 5262 debo
2489 5227 2502 5262 :
2534 5207 2679 5263 Nihil
2712 5209 2857 5263 aliud
2885 5209 2991 5265 nisi
3023 5219 3081 5263 ut
3106 5211 3371 5266 festinetis
3399 5208 3551 5273 ablui,
3590 5216 3671 5273 quo
3699 5210 3757 5249 et-

2320 5306 2580 5369 purgetur
2616 5314 2646 5354 a
2682 5300 2837 5355 vobis
2881 5300 3025 5372 ignis
3068 5304 3295 5358 materia
3334 5318 3423 5373 per
3460 5293 3755 5355 invocationem

1933 5509 2297 5569 COTELERII
2345 5510 2573 5567 NOTAE.

732 5645 842 5711 (80)
884 5642 1170 5716 Etcwlesti
1197 5646 1385 5713 spiritu
1414 5646 1592 5700 anima
1621 5642 2117 5701 illuminata.Fortc
2134 5652 2209 5713 ut,
2242 5645 2693 5716 quemadmodum
2719 5654 3021 5702 correctum
3051 5646 3291 5702 cernitur
3320 5646 3369 5700 in
3405 5659 3494 5698 ms.
3513 5631 3637 5704 Regis
3656 5631 3759 5694 aui”

658 5715 817 5773 habet
850 5715 1012 5771 editio
1042 5717 1400 5772 (Ioloniensis.
