  <div class='ocr_page' id='page_1' title='image "/cluster/home/n/w/nwhite01/storage/ocr_20150623/1/hvd.32044073501405/712.png"; bbox 0 0 4030 6342; ppageno 0'>
   <div class='ocr_carea' id='block_1_1' title="bbox 243 296 413 361">
    <p class='ocr_par' dir='ltr' id='par_1_1' title="bbox 243 296 413 361">
     <span class='ocr_line' id='line_1_1' title="bbox 243 296 413 361; baseline 0.006 -2"><span class='ocrx_word' id='word_1_1' title='bbox 243 296 413 361; x_wconf 67' lang='lat' dir='ltr'><strong>itos’</strong></span> 
     </span>
    </p>
   </div>
   <div class='ocr_carea' id='block_1_2' title="bbox 1443 300 2290 387">
    <p class='ocr_par' dir='ltr' id='par_1_2' title="bbox 1443 300 2290 387">
     <span class='ocr_line' id='line_1_2' title="bbox 1443 300 2290 387; baseline 0.001 -30"><span class='ocrx_word' id='word_1_2' title='bbox 1443 300 2003 387; x_wconf 75' lang='lat' dir='ltr'><strong>RECOGNITIONUM</strong></span> <span class='ocrx_word' id='word_1_3' title='bbox 2032 300 2158 356; x_wconf 87' lang='lat' dir='ltr'><strong>LIB.</strong></span> <span class='ocrx_word' id='word_1_4' title='bbox 2199 300 2290 358; x_wconf 84' lang='lat' dir='ltr'><strong>ix.</strong></span> 
     </span>
    </p>
   </div>
   <div class='ocr_carea' id='block_1_3' title="bbox 3321 303 3457 357">
    <p class='ocr_par' dir='ltr' id='par_1_3' title="bbox 3321 303 3457 357">
     <span class='ocr_line' id='line_1_3' title="bbox 3321 303 3457 357; baseline 0.015 -2"><span class='ocrx_word' id='word_1_5' title='bbox 3321 303 3457 357; x_wconf 73' lang='lat' dir='ltr'><strong>H06</strong></span> 
     </span>
    </p>
   </div>
   <div class='ocr_carea' id='block_1_4' title="bbox 238 414 3463 487">
    <p class='ocr_par' dir='ltr' id='par_1_4' title="bbox 238 414 3463 487">
     <span class='ocr_line' id='line_1_4' title="bbox 238 414 3463 487; baseline -0.002 -12"><span class='ocrx_word' id='word_1_6' title='bbox 238 423 419 476; x_wconf 66' lang='lat' dir='ltr'><strong>salicti</strong></span> <span class='ocrx_word' id='word_1_7' title='bbox 452 419 724 483; x_wconf 86' lang='lat' dir='ltr'><strong>nominis,</strong></span> <span class='ocrx_word' id='word_1_8' title='bbox 762 426 815 473; x_wconf 89' lang='lat' dir='ltr'><strong>et</strong></span> <span class='ocrx_word' id='word_1_9' title='bbox 853 416 920 472; x_wconf 88' lang='lat' dir='ltr'><strong>de</strong></span> <span class='ocrx_word' id='word_1_10' title='bbox 963 417 1176 487; x_wconf 91' lang='lat' dir='ltr'><strong>reliquo</strong></span> <span class='ocrx_word' id='word_1_11' title='bbox 1218 415 1387 471; x_wconf 91' lang='lat' dir='ltr'><strong>futuri</strong></span> <span class='ocrx_word' id='word_1_12' title='bbox 1421 417 1615 485; x_wconf 89' lang='lat' dir='ltr'><strong>judicii</strong></span> <span class='ocrx_word' id='word_1_13' title='bbox 1655 426 1800 473; x_wconf 88' lang='lat' dir='ltr'><strong>metu</strong></span> <span class='ocrx_word' id='word_1_14' title='bbox 1830 427 1875 478; x_wconf 76' lang='grc' dir='ltr'><strong>Α</strong></span> <span class='ocrx_word' id='word_1_15' title='bbox 1910 417 2013 467; x_wconf 89' lang='lat' dir='ltr'><strong>scit</strong></span> <span class='ocrx_word' id='word_1_16' title='bbox 2043 415 2319 484; x_wconf 90' lang='lat' dir='ltr'><strong>quomodo</strong></span> <span class='ocrx_word' id='word_1_17' title='bbox 2347 419 2399 468; x_wconf 91' lang='lat' dir='ltr'><strong>et</strong></span> <span class='ocrx_word' id='word_1_18' title='bbox 2429 428 2598 482; x_wconf 86' lang='lat' dir='ltr'><strong>quare</strong></span> <span class='ocrx_word' id='word_1_19' title='bbox 2628 422 2814 483; x_wconf 79' lang='lat' dir='ltr'><strong>peccet</strong></span> <span class='ocrx_word' id='word_1_20' title='bbox 2867 414 2958 484; x_wconf 89' lang='lat' dir='ltr'><strong>qui</strong></span> <span class='ocrx_word' id='word_1_21' title='bbox 2991 422 3211 483; x_wconf 68' lang='lat' dir='ltr'><strong>peczat,</strong></span> <span class='ocrx_word' id='word_1_22' title='bbox 3267 422 3319 469; x_wconf 75' lang='lat' dir='ltr'><strong>et</strong></span> <span class='ocrx_word' id='word_1_23' title='bbox 3344 430 3463 484; x_wconf 68' lang='lat' dir='ltr'><strong>quae</strong></span> 
     </span>
    </p>
   </div>
   <div class='ocr_carea' id='block_1_5' title="bbox 238 508 1795 584">
    <p class='ocr_par' dir='ltr' id='par_1_5' title="bbox 238 508 1795 584">
     <span class='ocr_line' id='line_1_5' title="bbox 238 508 1795 584; baseline -0.003 -17"><span class='ocrx_word' id='word_1_24' title='bbox 238 512 712 584; x_wconf 85' lang='lat' dir='ltr'><strong>concupiscentias</strong></span> <span class='ocrx_word' id='word_1_25' title='bbox 736 508 1049 573; x_wconf 81' lang='lat' dir='ltr'><strong>refrenetis,</strong></span> <span class='ocrx_word' id='word_1_26' title='bbox 1077 518 1238 578; x_wconf 88' lang='lat' dir='ltr'><strong>atque</strong></span> <span class='ocrx_word' id='word_1_27' title='bbox 1263 509 1602 563; x_wconf 89' lang='lat' dir='ltr'><strong>adversarias</strong></span> <span class='ocrx_word' id='word_1_28' title='bbox 1642 516 1795 579; x_wconf 85' lang='lat' dir='ltr'><strong>pote-</strong></span> 
     </span>
    </p>
   </div>
   <div class='ocr_carea' id='block_1_6' title="bbox 236 596 1793 664">
    <p class='ocr_par' dir='ltr' id='par_1_6' title="bbox 236 596 1793 664">
     <span class='ocr_line' id='line_1_6' title="bbox 236 596 1793 664; baseline -0.001 -11"><span class='ocrx_word' id='word_1_29' title='bbox 236 608 431 664; x_wconf 79' lang='lat' dir='ltr'><strong>states,</strong></span> <span class='ocrx_word' id='word_1_30' title='bbox 454 615 575 654; x_wconf 91' lang='lat' dir='ltr'><strong>cum</strong></span> <span class='ocrx_word' id='word_1_31' title='bbox 601 598 739 653; x_wconf 85' lang='lat' dir='ltr'><strong>forte</strong></span> <span class='ocrx_word' id='word_1_32' title='bbox 762 596 828 650; x_wconf 90' lang='lat' dir='ltr'><strong>ad</strong></span> <span class='ocrx_word' id='word_1_33' title='bbox 851 612 1045 651; x_wconf 88' lang='lat' dir='ltr'><strong>sensus</strong></span> <span class='ocrx_word' id='word_1_34' title='bbox 1067 606 1279 653; x_wconf 89' lang='lat' dir='ltr'><strong>vestros</strong></span> <span class='ocrx_word' id='word_1_35' title='bbox 1302 598 1654 663; x_wconf 73' lang='lat' dir='ltr'><strong>accesserint,</strong></span> <span class='ocrx_word' id='word_1_36' title='bbox 1681 606 1793 652; x_wconf 88' lang='lat' dir='ltr'><strong>tota</strong></span> 
     </span>
    </p>
   </div>
   <div class='ocr_carea' id='block_1_7' title="bbox 235 686 1793 759">
    <p class='ocr_par' dir='ltr' id='par_1_7' title="bbox 235 686 1793 759">
     <span class='ocr_line' id='line_1_7' title="bbox 235 686 1793 759; baseline 0.001 -16"><span class='ocrx_word' id='word_1_37' title='bbox 235 688 609 743; x_wconf 75' lang='lat' dir='ltr'><strong>obstinatione</strong></span> <span class='ocrx_word' id='word_1_38' title='bbox 639 688 874 757; x_wconf 88' lang='lat' dir='ltr'><strong>pellatis.</strong></span> <span class='ocrx_word' id='word_1_39' title='bbox 904 686 1009 742; x_wconf 87' lang='lat' dir='ltr'><strong>Sed</strong></span> <span class='ocrx_word' id='word_1_40' title='bbox 1034 687 1171 742; x_wconf 91' lang='lat' dir='ltr'><strong>dicis</strong></span> <span class='ocrx_word' id='word_1_41' title='bbox 1198 706 1211 741; x_wconf 91' lang='lat'>:</span> <span class='ocrx_word' id='word_1_42' title='bbox 1244 686 1300 741; x_wconf 88' lang='lat' dir='ltr'><strong>Si</strong></span> <span class='ocrx_word' id='word_1_43' title='bbox 1326 690 1379 742; x_wconf 91' lang='lat' dir='ltr'><strong>in</strong></span> <span class='ocrx_word' id='word_1_44' title='bbox 1406 704 1643 743; x_wconf 88' lang='lat' dir='ltr'><strong>amorem</strong></span> <span class='ocrx_word' id='word_1_45' title='bbox 1670 690 1793 759; x_wconf 86' lang='lat' dir='ltr'><strong>quis</strong></span> 
     </span>
    </p>
   </div>
   <div class='ocr_carea' id='block_1_8' title="bbox 235 778 1793 849">
    <p class='ocr_par' dir='ltr' id='par_1_8' title="bbox 235 778 1793 849">
     <span class='ocr_line' id='line_1_8' title="bbox 235 778 1793 849; baseline 0.001 -18"><span class='ocrx_word' id='word_1_46' title='bbox 235 778 511 843; x_wconf 90' lang='lat' dir='ltr'><strong>inciderit,</strong></span> <span class='ocrx_word' id='word_1_47' title='bbox 532 778 800 849; x_wconf 87' lang='lat' dir='ltr'><strong>quomodo</strong></span> <span class='ocrx_word' id='word_1_48' title='bbox 820 794 877 833; x_wconf 91' lang='lat' dir='ltr'><strong>se</strong></span> <span class='ocrx_word' id='word_1_49' title='bbox 896 780 1093 847; x_wconf 88' lang='lat' dir='ltr'><strong>poterit</strong></span> <span class='ocrx_word' id='word_1_50' title='bbox 1112 779 1412 842; x_wconf 90' lang='lat' dir='ltr'><strong>continere,</strong></span> <span class='ocrx_word' id='word_1_51' title='bbox 1435 780 1647 833; x_wconf 90' lang='lat' dir='ltr'><strong>etiamsi</strong></span> <span class='ocrx_word' id='word_1_52' title='bbox 1666 788 1793 833; x_wconf 86' lang='lat' dir='ltr'><strong>ante</strong></span> 
     </span>
    </p>
   </div>
   <div class='ocr_carea' id='block_1_9' title="bbox 232 869 1794 942">
    <p class='ocr_par' dir='ltr' id='par_1_9' title="bbox 232 869 1794 942">
     <span class='ocr_line' id='line_1_9' title="bbox 232 869 1794 942; baseline 0.003 -20"><span class='ocrx_word' id='word_1_53' title='bbox 232 870 428 925; x_wconf 89' lang='lat' dir='ltr'><strong>oculos</strong></span> <span class='ocrx_word' id='word_1_54' title='bbox 456 885 585 925; x_wconf 91' lang='lat' dir='ltr'><strong>suos</strong></span> <span class='ocrx_word' id='word_1_55' title='bbox 616 870 790 939; x_wconf 91' lang='lat' dir='ltr'><strong>ipsum</strong></span> <span class='ocrx_word' id='word_1_56' title='bbox 824 870 963 938; x_wconf 80' lang='lat' dir='ltr'><strong>ignis</strong></span> <span class='ocrx_word' id='word_1_57' title='bbox 990 869 1214 923; x_wconf 83' lang='lat' dir='ltr'><strong>fluvium</strong></span> <span class='ocrx_word' id='word_1_58' title='bbox 1246 887 1406 940; x_wconf 79' lang='lat' dir='ltr'><strong>quem</strong></span> <span class='ocrx_word' id='word_1_59' title='bbox 1440 869 1794 942; x_wconf 82' lang='lat' dir='ltr'><strong>Pyriphlege-</strong></span> 
     </span>
    </p>
   </div>
   <div class='ocr_carea' id='block_1_10' title="bbox 233 960 1789 1023">
    <p class='ocr_par' dir='ltr' id='par_1_10' title="bbox 233 960 1789 1023">
     <span class='ocr_line' id='line_1_10' title="bbox 233 960 1789 1023; baseline 0.001 -10"><span class='ocrx_word' id='word_1_60' title='bbox 233 960 426 1014; x_wconf 89' lang='lat' dir='ltr'><strong>thonta</strong></span> <span class='ocrx_word' id='word_1_61' title='bbox 452 962 770 1023; x_wconf 90' lang='lat' dir='ltr'><strong>nominant,</strong></span> <span class='ocrx_word' id='word_1_62' title='bbox 801 962 1014 1015; x_wconf 79' lang='lat' dir='ltr'><strong>videat?</strong></span> <span class='ocrx_word' id='word_1_63' title='bbox 1040 960 1164 1015; x_wconf 69' lang='lat' dir='ltr'><strong>Iliee</strong></span> <span class='ocrx_word' id='word_1_64' title='bbox 1190 963 1473 1017; x_wconf 78' lang='lat' dir='ltr'><strong>excusatio</strong></span> <span class='ocrx_word' id='word_1_65' title='bbox 1495 975 1578 1019; x_wconf 91' lang='lat' dir='ltr'><strong>est</strong></span> <span class='ocrx_word' id='word_1_66' title='bbox 1602 979 1789 1017; x_wconf 91' lang='lat' dir='ltr'><strong>eorum</strong></span> 
     </span>
    </p>
   </div>
   <div class='ocr_carea' id='block_1_11' title="bbox 227 1052 1793 1123">
    <p class='ocr_par' dir='ltr' id='par_1_11' title="bbox 227 1052 1793 1123">
     <span class='ocr_line' id='line_1_11' title="bbox 227 1052 1793 1123; baseline 0.002 -18"><span class='ocrx_word' id='word_1_67' title='bbox 227 1053 324 1120; x_wconf 86' lang='lat' dir='ltr'><strong>qui</strong></span> <span class='ocrx_word' id='word_1_68' title='bbox 356 1052 600 1105; x_wconf 80' lang='lat' dir='ltr'><strong>converti</strong></span> <span class='ocrx_word' id='word_1_69' title='bbox 628 1052 691 1105; x_wconf 91' lang='lat' dir='ltr'><strong>ad</strong></span> <span class='ocrx_word' id='word_1_70' title='bbox 720 1052 1091 1121; x_wconf 72' lang='lat' dir='ltr'><strong>pmnitentiam</strong></span> <span class='ocrx_word' id='word_1_71' title='bbox 1127 1053 1339 1107; x_wconf 87' lang='lat' dir='ltr'><strong>nolunt.</strong></span> <span class='ocrx_word' id='word_1_72' title='bbox 1373 1052 1615 1123; x_wconf 88' lang='lat' dir='ltr'><strong>Denique</strong></span> <span class='ocrx_word' id='word_1_73' title='bbox 1645 1069 1793 1108; x_wconf 90' lang='lat' dir='ltr'><strong>nunc</strong></span> 
     </span>
    </p>
   </div>
   <div class='ocr_carea' id='block_1_12' title="bbox 226 1142 1794 1213">
    <p class='ocr_par' dir='ltr' id='par_1_12' title="bbox 226 1142 1794 1213">
     <span class='ocr_line' id='line_1_12' title="bbox 226 1142 1794 1213; baseline -0.001 -16"><span class='ocrx_word' id='word_1_74' title='bbox 226 1144 355 1197; x_wconf 92' lang='lat' dir='ltr'><strong>nolo</strong></span> <span class='ocrx_word' id='word_1_75' title='bbox 386 1142 895 1213; x_wconf 85' lang='lat' dir='ltr'><strong>Pyriphlegethonta</strong></span> <span class='ocrx_word' id='word_1_76' title='bbox 926 1142 1165 1197; x_wconf 85' lang='lat' dir='ltr'><strong>adducas</strong></span> <span class='ocrx_word' id='word_1_77' title='bbox 1207 1144 1261 1196; x_wconf 92' lang='lat' dir='ltr'><strong>in</strong></span> <span class='ocrx_word' id='word_1_78' title='bbox 1307 1143 1542 1197; x_wconf 89' lang='lat' dir='ltr'><strong>medium</strong></span> <span class='ocrx_word' id='word_1_79' title='bbox 1574 1161 1588 1208; x_wconf 89' lang='lat'>;</span> <span class='ocrx_word' id='word_1_80' title='bbox 1618 1144 1794 1197; x_wconf 86' lang='lat' dir='ltr'><strong>homi-</strong></span> 
     </span>
    </p>
   </div>
   <div class='ocr_carea' id='block_1_13' title="bbox 224 1235 1793 1305">
    <p class='ocr_par' dir='ltr' id='par_1_13' title="bbox 224 1235 1793 1305">
     <span class='ocr_line' id='line_1_13' title="bbox 224 1235 1793 1305; baseline 0.001 -18"><span class='ocrx_word' id='word_1_81' title='bbox 224 1250 354 1288; x_wconf 89' lang='lat' dir='ltr'><strong>num</strong></span> <span class='ocrx_word' id='word_1_82' title='bbox 384 1236 485 1288; x_wconf 88' lang='lat' dir='ltr'><strong>tibi</strong></span> <span class='ocrx_word' id='word_1_83' title='bbox 518 1250 758 1305; x_wconf 87' lang='lat' dir='ltr'><strong>pr0pone</strong></span> <span class='ocrx_word' id='word_1_84' title='bbox 790 1249 1013 1304; x_wconf 71' lang='lat' dir='ltr'><strong>ptenas,</strong></span> <span class='ocrx_word' id='word_1_85' title='bbox 1057 1243 1111 1287; x_wconf 92' lang='lat' dir='ltr'><strong>et</strong></span> <span class='ocrx_word' id='word_1_86' title='bbox 1146 1235 1269 1288; x_wconf 91' lang='lat' dir='ltr'><strong>vide</strong></span> <span class='ocrx_word' id='word_1_87' title='bbox 1312 1242 1574 1304; x_wconf 90' lang='lat' dir='ltr'><strong>quantum</strong></span> <span class='ocrx_word' id='word_1_88' title='bbox 1619 1236 1793 1289; x_wconf 85' lang='lat' dir='ltr'><strong>valeat</strong></span> 
     </span>
    </p>
   </div>
   <div class='ocr_carea' id='block_1_14' title="bbox 224 1323 1794 1392">
    <p class='ocr_par' dir='ltr' id='par_1_14' title="bbox 224 1323 1794 1392">
     <span class='ocr_line' id='line_1_14' title="bbox 224 1323 1794 1392; baseline 0.001 -17"><span class='ocrx_word' id='word_1_89' title='bbox 224 1330 444 1388; x_wconf 89' lang='lat' dir='ltr'><strong>metus;</strong></span> <span class='ocrx_word' id='word_1_90' title='bbox 483 1330 730 1392; x_wconf 81' lang='lat' dir='ltr'><strong>potestne</strong></span> <span class='ocrx_word' id='word_1_91' title='bbox 759 1324 1086 1391; x_wconf 83' lang='lat' dir='ltr'><strong>quisquam,</strong></span> <span class='ocrx_word' id='word_1_92' title='bbox 1121 1338 1245 1376; x_wconf 90' lang='lat' dir='ltr'><strong>cum</strong></span> <span class='ocrx_word' id='word_1_93' title='bbox 1290 1338 1387 1391; x_wconf 92' lang='lat' dir='ltr'><strong>pro</strong></span> <span class='ocrx_word' id='word_1_94' title='bbox 1433 1323 1636 1377; x_wconf 89' lang='lat' dir='ltr'><strong>amoris</strong></span> <span class='ocrx_word' id='word_1_95' title='bbox 1684 1324 1794 1377; x_wconf 83' lang='lat' dir='ltr'><strong>cri—</strong></span> 
     </span>
    </p>
   </div>
   <div class='ocr_carea' id='block_1_15' title="bbox 223 1412 1793 1486">
    <p class='ocr_par' dir='ltr' id='par_1_15' title="bbox 223 1412 1793 1486">
     <span class='ocr_line' id='line_1_15' title="bbox 223 1412 1793 1486; baseline 0.002 -20"><span class='ocrx_word' id='word_1_96' title='bbox 223 1412 372 1467; x_wconf 86' lang='lat' dir='ltr'><strong>mine</strong></span> <span class='ocrx_word' id='word_1_97' title='bbox 403 1412 475 1467; x_wconf 90' lang='lat' dir='ltr'><strong>ad</strong></span> <span class='ocrx_word' id='word_1_98' title='bbox 512 1414 839 1483; x_wconf 86' lang='lat' dir='ltr'><strong>supplicium</strong></span> <span class='ocrx_word' id='word_1_99' title='bbox 872 1413 1088 1467; x_wconf 87' lang='lat' dir='ltr'><strong>ducitur</strong></span> <span class='ocrx_word' id='word_1_100' title='bbox 1117 1422 1171 1467; x_wconf 90' lang='lat' dir='ltr'><strong>et</strong></span> <span class='ocrx_word' id='word_1_101' title='bbox 1206 1415 1272 1469; x_wconf 89' lang='lat' dir='ltr'><strong>ad</strong></span> <span class='ocrx_word' id='word_1_102' title='bbox 1303 1415 1541 1484; x_wconf 88' lang='lat' dir='ltr'><strong>stipitem</strong></span> <span class='ocrx_word' id='word_1_103' title='bbox 1571 1416 1793 1486; x_wconf 87' lang='lat' dir='ltr'><strong>colliga-</strong></span> 
     </span>
    </p>
   </div>
   <div class='ocr_carea' id='block_1_16' title="bbox 224 1502 1791 1573">
    <p class='ocr_par' dir='ltr' id='par_1_16' title="bbox 224 1502 1791 1573">
     <span class='ocr_line' id='line_1_16' title="bbox 224 1502 1791 1573; baseline 0.003 -20"><span class='ocrx_word' id='word_1_104' title='bbox 224 1509 316 1553; x_wconf 90' lang='lat' dir='ltr'><strong>tur</strong></span> <span class='ocrx_word' id='word_1_105' title='bbox 348 1502 593 1557; x_wconf 90' lang='lat' dir='ltr'><strong>urendus</strong></span> <span class='ocrx_word' id='word_1_106' title='bbox 624 1503 736 1572; x_wconf 89' lang='lat' dir='ltr'><strong>(8f)</strong></span> <span class='ocrx_word' id='word_1_107' title='bbox 756 1544 769 1568; x_wconf 93' lang='lat'><strong>,</strong></span> <span class='ocrx_word' id='word_1_108' title='bbox 802 1502 856 1555; x_wconf 91' lang='lat' dir='ltr'><strong>in</strong></span> <span class='ocrx_word' id='word_1_109' title='bbox 907 1503 1000 1557; x_wconf 93' lang='lat' dir='ltr'><strong>illo</strong></span> <span class='ocrx_word' id='word_1_110' title='bbox 1028 1509 1271 1572; x_wconf 88' lang='lat' dir='ltr'><strong>tempore</strong></span> <span class='ocrx_word' id='word_1_111' title='bbox 1304 1504 1422 1573; x_wconf 85' lang='lat' dir='ltr'><strong>ejus</strong></span> <span class='ocrx_word' id='word_1_112' title='bbox 1450 1520 1610 1573; x_wconf 87' lang='lat' dir='ltr'><strong>quam</strong></span> <span class='ocrx_word' id='word_1_113' title='bbox 1638 1520 1791 1558; x_wconf 87' lang='lat' dir='ltr'><strong>ama-</strong></span> 
     </span>
    </p>
   </div>
   <div class='ocr_carea' id='block_1_17' title="bbox 227 1592 1791 1663">
    <p class='ocr_par' dir='ltr' id='par_1_17' title="bbox 227 1592 1791 1663">
     <span class='ocr_line' id='line_1_17' title="bbox 227 1592 1791 1663; baseline 0.006 -20"><span class='ocrx_word' id='word_1_114' title='bbox 227 1592 304 1645; x_wconf 92' lang='lat' dir='ltr'><strong>vit</strong></span> <span class='ocrx_word' id='word_1_115' title='bbox 335 1594 423 1647; x_wconf 91' lang='lat' dir='ltr'><strong>vel</strong></span> <span class='ocrx_word' id='word_1_116' title='bbox 454 1593 783 1648; x_wconf 84' lang='lat' dir='ltr'><strong>desiderium</strong></span> <span class='ocrx_word' id='word_1_117' title='bbox 816 1608 1008 1663; x_wconf 84' lang='lat' dir='ltr'><strong>capere</strong></span> <span class='ocrx_word' id='word_1_118' title='bbox 1039 1594 1121 1649; x_wconf 88' lang='lat' dir='ltr'><strong>vel</strong></span> <span class='ocrx_word' id='word_1_119' title='bbox 1155 1594 1387 1663; x_wconf 88' lang='lat' dir='ltr'><strong>speciem</strong></span> <span class='ocrx_word' id='word_1_120' title='bbox 1436 1603 1561 1651; x_wconf 88' lang='lat' dir='ltr'><strong>ante</strong></span> <span class='ocrx_word' id='word_1_121' title='bbox 1603 1598 1791 1653; x_wconf 85' lang='lat' dir='ltr'><strong>oculos</strong></span> 
     </span>
    </p>
   </div>
   <div class='ocr_carea' id='block_1_18' title="bbox 226 1682 1790 1758">
    <p class='ocr_par' dir='ltr' id='par_1_18' title="bbox 226 1682 1790 1758">
     <span class='ocr_line' id='line_1_18' title="bbox 226 1682 1790 1758; baseline 0.003 -22"><span class='ocrx_word' id='word_1_122' title='bbox 226 1685 579 1754; x_wconf 81' lang='lat' dir='ltr'><strong>proponere?</strong></span> <span class='ocrx_word' id='word_1_123' title='bbox 602 1682 951 1754; x_wconf 78' lang='lat' dir='ltr'><strong>Nequaquam</strong></span> <span class='ocrx_word' id='word_1_124' title='bbox 973 1725 988 1748; x_wconf 90' lang='lat'><strong>,</strong></span> <span class='ocrx_word' id='word_1_125' title='bbox 1019 1686 1254 1755; x_wconf 85' lang='lat' dir='ltr'><strong>inquies.</strong></span> <span class='ocrx_word' id='word_1_126' title='bbox 1284 1685 1447 1741; x_wconf 83' lang='lat' dir='ltr'><strong>Vides</strong></span> <span class='ocrx_word' id='word_1_127' title='bbox 1473 1703 1603 1758; x_wconf 89' lang='lat' dir='ltr'><strong>ergo</strong></span> <span class='ocrx_word' id='word_1_128' title='bbox 1621 1730 1635 1755; x_wconf 92' lang='lat'><strong>,</strong></span> <span class='ocrx_word' id='word_1_129' title='bbox 1665 1689 1790 1758; x_wconf 90' lang='lat' dir='ltr'><strong>quia</strong></span> 
     </span>
    </p>
   </div>
   <div class='ocr_carea' id='block_1_19' title="bbox 1899 502 3461 575">
    <p class='ocr_par' dir='ltr' id='par_1_19' title="bbox 1899 502 3461 575">
     <span class='ocr_line' id='line_1_19' title="bbox 1899 502 3461 575; baseline 0 -18"><span class='ocrx_word' id='word_1_130' title='bbox 1899 520 2339 575; x_wconf 89' lang='lat' dir='ltr'><strong>unumquemque</strong></span> <span class='ocrx_word' id='word_1_131' title='bbox 2366 520 2530 559; x_wconf 90' lang='lat' dir='ltr'><strong>causa</strong></span> <span class='ocrx_word' id='word_1_132' title='bbox 2558 504 2721 557; x_wconf 86' lang='lat' dir='ltr'><strong>ducat</strong></span> <span class='ocrx_word' id='word_1_133' title='bbox 2745 504 2808 557; x_wconf 89' lang='lat' dir='ltr'><strong>ad</strong></span> <span class='ocrx_word' id='word_1_134' title='bbox 2826 512 3126 575; x_wconf 88' lang='lat' dir='ltr'><strong>peccatum.</strong></span> <span class='ocrx_word' id='word_1_135' title='bbox 3147 502 3257 556; x_wconf 84' lang='lat' dir='ltr'><strong>Hoc</strong></span> <span class='ocrx_word' id='word_1_136' title='bbox 3280 513 3461 557; x_wconf 89' lang='lat' dir='ltr'><strong>tamen</strong></span> 
     </span>
    </p>
   </div>
   <div class='ocr_carea' id='block_1_20' title="bbox 1896 592 3462 664">
    <p class='ocr_par' dir='ltr' id='par_1_20' title="bbox 1896 592 3462 664">
     <span class='ocr_line' id='line_1_20' title="bbox 1896 592 3462 664; baseline 0.001 -18"><span class='ocrx_word' id='word_1_137' title='bbox 1896 595 2218 663; x_wconf 78' lang='lat' dir='ltr'><strong>generaliter</strong></span> <span class='ocrx_word' id='word_1_138' title='bbox 2248 593 2650 664; x_wconf 77' lang='lat' dir='ltr'><strong>agnoscendum</strong></span> <span class='ocrx_word' id='word_1_139' title='bbox 2701 602 2822 659; x_wconf 88' lang='lat' dir='ltr'><strong>est;</strong></span> <span class='ocrx_word' id='word_1_140' title='bbox 2877 593 3021 662; x_wconf 90' lang='lat' dir='ltr'><strong>quod</strong></span> <span class='ocrx_word' id='word_1_141' title='bbox 3052 594 3097 646; x_wconf 90' lang='lat' dir='ltr'><strong>si</strong></span> <span class='ocrx_word' id='word_1_142' title='bbox 3129 592 3220 661; x_wconf 88' lang='lat' dir='ltr'><strong>qui</strong></span> <span class='ocrx_word' id='word_1_143' title='bbox 3247 608 3355 646; x_wconf 90' lang='lat' dir='ltr'><strong>non</strong></span> <span class='ocrx_word' id='word_1_144' title='bbox 3385 593 3462 647; x_wconf 85' lang='lat' dir='ltr'><strong>ita</strong></span> 
     </span>
    </p>
   </div>
   <div class='ocr_carea' id='block_1_21' title="bbox 1894 682 3461 753">
    <p class='ocr_par' dir='ltr' id='par_1_21' title="bbox 1894 682 3461 753">
     <span class='ocr_line' id='line_1_21' title="bbox 1894 682 3461 753; baseline -0.001 -16"><span class='ocrx_word' id='word_1_145' title='bbox 1894 694 2092 751; x_wconf 89' lang='lat' dir='ltr'><strong>mente,</strong></span> <span class='ocrx_word' id='word_1_146' title='bbox 2112 692 2169 739; x_wconf 89' lang='lat' dir='ltr'><strong>ut</strong></span> <span class='ocrx_word' id='word_1_147' title='bbox 2191 685 2402 740; x_wconf 85' lang='lat' dir='ltr'><strong>actibus</strong></span> <span class='ocrx_word' id='word_1_148' title='bbox 2429 685 2553 738; x_wconf 90' lang='lat' dir='ltr'><strong>mali</strong></span> <span class='ocrx_word' id='word_1_149' title='bbox 2584 692 2842 746; x_wconf 90' lang='lat' dir='ltr'><strong>sunt,nec</strong></span> <span class='ocrx_word' id='word_1_150' title='bbox 2873 685 3148 753; x_wconf 91' lang='lat' dir='ltr'><strong>proposito</strong></span> <span class='ocrx_word' id='word_1_151' title='bbox 3176 684 3379 736; x_wconf 90' lang='lat' dir='ltr'><strong>incitati</strong></span> <span class='ocrx_word' id='word_1_152' title='bbox 3393 682 3461 736; x_wconf 89' lang='lat' dir='ltr'><strong>ad</strong></span> 
     </span>
    </p>
   </div>
   <div class='ocr_carea' id='block_1_22' title="bbox 1893 776 3463 845">
    <p class='ocr_par' dir='ltr' id='par_1_22' title="bbox 1893 776 3463 845">
     <span class='ocr_line' id='line_1_22' title="bbox 1893 776 3463 845; baseline -0.001 -14"><span class='ocrx_word' id='word_1_153' title='bbox 1893 778 2224 845; x_wconf 88' lang='lat' dir='ltr'><strong>peccandum</strong></span> <span class='ocrx_word' id='word_1_154' title='bbox 2240 777 2618 841; x_wconf 83' lang='lat' dir='ltr'><strong>devolvuntur,</strong></span> <span class='ocrx_word' id='word_1_155' title='bbox 2636 776 2719 830; x_wconf 87' lang='lat' dir='ltr'><strong>his</strong></span> <span class='ocrx_word' id='word_1_156' title='bbox 2746 776 2982 828; x_wconf 89' lang='lat' dir='ltr'><strong>velocior</strong></span> <span class='ocrx_word' id='word_1_157' title='bbox 2998 783 3050 829; x_wconf 91' lang='lat' dir='ltr'><strong>et</strong></span> <span class='ocrx_word' id='word_1_158' title='bbox 3066 776 3235 844; x_wconf 85' lang='lat' dir='ltr'><strong>magis</strong></span> <span class='ocrx_word' id='word_1_159' title='bbox 3258 776 3309 827; x_wconf 87' lang='lat' dir='ltr'><strong>in</strong></span> <span class='ocrx_word' id='word_1_160' title='bbox 3324 791 3463 845; x_wconf 73' lang='lat' dir='ltr'><strong>prae-</strong></span> 
     </span>
    </p>
   </div>
   <div class='ocr_carea' id='block_1_23' title="bbox 1896 869 3462 939">
    <p class='ocr_par' dir='ltr' id='par_1_23' title="bbox 1896 869 3462 939">
     <span class='ocr_line' id='line_1_23' title="bbox 1896 869 3462 939; baseline -0.002 -15"><span class='ocrx_word' id='word_1_161' title='bbox 1896 871 2035 924; x_wconf 85' lang='lat' dir='ltr'><strong>senti</strong></span> <span class='ocrx_word' id='word_1_162' title='bbox 2067 871 2173 925; x_wconf 86' lang='lat' dir='ltr'><strong>vita</strong></span> <span class='ocrx_word' id='word_1_163' title='bbox 2208 870 2451 925; x_wconf 90' lang='lat' dir='ltr'><strong>redditur</strong></span> <span class='ocrx_word' id='word_1_164' title='bbox 2485 884 2683 939; x_wconf 60' lang='lat' dir='ltr'><strong>paena;</strong></span> <span class='ocrx_word' id='word_1_165' title='bbox 2725 869 2923 937; x_wconf 86' lang='lat' dir='ltr'><strong>ubique</strong></span> <span class='ocrx_word' id='word_1_166' title='bbox 2966 871 3109 923; x_wconf 91' lang='lat' dir='ltr'><strong>enim</strong></span> <span class='ocrx_word' id='word_1_167' title='bbox 3152 878 3204 922; x_wconf 92' lang='lat' dir='ltr'><strong>et</strong></span> <span class='ocrx_word' id='word_1_168' title='bbox 3248 884 3462 936; x_wconf 88' lang='lat' dir='ltr'><strong>semper</strong></span> 
     </span>
    </p>
   </div>
   <div class='ocr_carea' id='block_1_24' title="bbox 1896 960 3461 1031">
    <p class='ocr_par' dir='ltr' id='par_1_24' title="bbox 1896 960 3461 1031">
     <span class='ocr_line' id='line_1_24' title="bbox 1896 960 3461 1031; baseline -0.003 -18"><span class='ocrx_word' id='word_1_169' title='bbox 1896 961 2039 1016; x_wconf 83' lang='lat' dir='ltr'><strong>Deus</strong></span> <span class='ocrx_word' id='word_1_170' title='bbox 2072 970 2232 1031; x_wconf 91' lang='lat' dir='ltr'><strong>prout</strong></span> <span class='ocrx_word' id='word_1_171' title='bbox 2260 969 2567 1031; x_wconf 85' lang='lat' dir='ltr'><strong>competere</strong></span> <span class='ocrx_word' id='word_1_172' title='bbox 2592 960 2832 1029; x_wconf 90' lang='lat' dir='ltr'><strong>judicat,</strong></span> <span class='ocrx_word' id='word_1_173' title='bbox 2867 961 3157 1029; x_wconf 88' lang='lat' dir='ltr'><strong>unicuique</strong></span> <span class='ocrx_word' id='word_1_174' title='bbox 3200 976 3297 1028; x_wconf 87' lang='lat' dir='ltr'><strong>pro</strong></span> <span class='ocrx_word' id='word_1_175' title='bbox 3324 961 3461 1011; x_wconf 86' lang='lat' dir='ltr'><strong>acti-</strong></span> 
     </span>
    </p>
   </div>
   <div class='ocr_carea' id='block_1_25' title="bbox 1895 1051 3461 1121">
    <p class='ocr_par' dir='ltr' id='par_1_25' title="bbox 1895 1051 3461 1121">
     <span class='ocr_line' id='line_1_25' title="bbox 1895 1051 3461 1121; baseline -0.003 -15"><span class='ocrx_word' id='word_1_176' title='bbox 1895 1054 1997 1108; x_wconf 88' lang='lat' dir='ltr'><strong>bus</strong></span> <span class='ocrx_word' id='word_1_177' title='bbox 2029 1054 2144 1107; x_wconf 85' lang='lat' dir='ltr'><strong>suis</strong></span> <span class='ocrx_word' id='word_1_178' title='bbox 2172 1051 2371 1107; x_wconf 89' lang='lat' dir='ltr'><strong>reddit.</strong></span> <span class='ocrx_word' id='word_1_179' title='bbox 2400 1051 2600 1109; x_wconf 80' lang='lat' dir='ltr'><strong>Eurum</strong></span> <span class='ocrx_word' id='word_1_180' title='bbox 2627 1066 2751 1105; x_wconf 83' lang='lat' dir='ltr'><strong>vero</strong></span> <span class='ocrx_word' id='word_1_181' title='bbox 2778 1052 2870 1120; x_wconf 92' lang='lat' dir='ltr'><strong>qui</strong></span> <span class='ocrx_word' id='word_1_182' title='bbox 2901 1052 3179 1121; x_wconf 86' lang='lat' dir='ltr'><strong>proposito</strong></span> <span class='ocrx_word' id='word_1_183' title='bbox 3206 1059 3461 1104; x_wconf 79' lang='lat' dir='ltr'><strong>exercent</strong></span> 
     </span>
    </p>
   </div>
   <div class='ocr_carea' id='block_1_26' title="bbox 1894 1144 3457 1207">
    <p class='ocr_par' dir='ltr' id='par_1_26' title="bbox 1894 1144 3457 1207">
     <span class='ocr_line' id='line_1_26' title="bbox 1894 1144 3457 1207; baseline -0.003 -8"><span class='ocrx_word' id='word_1_184' title='bbox 1894 1146 2193 1206; x_wconf 88' lang='lat' dir='ltr'><strong>malitiam,</strong></span> <span class='ocrx_word' id='word_1_185' title='bbox 2229 1145 2303 1197; x_wconf 91' lang='lat' dir='ltr'><strong>ita</strong></span> <span class='ocrx_word' id='word_1_186' title='bbox 2346 1155 2403 1198; x_wconf 93' lang='lat' dir='ltr'><strong>ut</strong></span> <span class='ocrx_word' id='word_1_187' title='bbox 2451 1145 2719 1199; x_wconf 85' lang='lat' dir='ltr'><strong>interdum</strong></span> <span class='ocrx_word' id='word_1_188' title='bbox 2764 1148 2923 1199; x_wconf 90' lang='lat' dir='ltr'><strong>etiam</strong></span> <span class='ocrx_word' id='word_1_189' title='bbox 2968 1145 3023 1197; x_wconf 93' lang='lat' dir='ltr'><strong>in</strong></span> <span class='ocrx_word' id='word_1_190' title='bbox 3064 1160 3157 1198; x_wconf 90' lang='lat' dir='ltr'><strong>eos</strong></span> <span class='ocrx_word' id='word_1_191' title='bbox 3198 1144 3457 1207; x_wconf 74' lang='lat' dir='ltr'><strong>szeviant,</strong></span> 
     </span>
    </p>
   </div>
   <div class='ocr_carea' id='block_1_27' title="bbox 1895 1236 3463 1307">
    <p class='ocr_par' dir='ltr' id='par_1_27' title="bbox 1895 1236 3463 1307">
     <span class='ocr_line' id='line_1_27' title="bbox 1895 1236 3463 1307; baseline -0.002 -18"><span class='ocrx_word' id='word_1_192' title='bbox 1895 1252 1925 1289; x_wconf 93' lang='lat' dir='ltr'><strong>a</strong></span> <span class='ocrx_word' id='word_1_193' title='bbox 1957 1238 2157 1307; x_wconf 91' lang='lat' dir='ltr'><strong>quibus</strong></span> <span class='ocrx_word' id='word_1_194' title='bbox 2183 1237 2323 1291; x_wconf 89' lang='lat' dir='ltr'><strong>bona</strong></span> <span class='ocrx_word' id='word_1_195' title='bbox 2356 1238 2639 1292; x_wconf 83' lang='lat' dir='ltr'><strong>consecuti</strong></span> <span class='ocrx_word' id='word_1_196' title='bbox 2680 1246 2836 1300; x_wconf 91' lang='lat' dir='ltr'><strong>sunt,</strong></span> <span class='ocrx_word' id='word_1_197' title='bbox 2874 1245 2927 1290; x_wconf 91' lang='lat' dir='ltr'><strong>et</strong></span> <span class='ocrx_word' id='word_1_198' title='bbox 2973 1236 3172 1289; x_wconf 88' lang='lat' dir='ltr'><strong>nullam</strong></span> <span class='ocrx_word' id='word_1_199' title='bbox 3206 1236 3463 1289; x_wconf 84' lang='lat' dir='ltr'><strong>recorda-</strong></span> 
     </span>
    </p>
   </div>
   <div class='ocr_carea' id='block_1_28' title="bbox 1898 1325 3457 1398">
    <p class='ocr_par' dir='ltr' id='par_1_28' title="bbox 1898 1325 3457 1398">
     <span class='ocr_line' id='line_1_28' title="bbox 1898 1325 3457 1398; baseline -0.003 -16"><span class='ocrx_word' id='word_1_200' title='bbox 1898 1329 2100 1382; x_wconf 88' lang='lat' dir='ltr'><strong>tionem</strong></span> <span class='ocrx_word' id='word_1_201' title='bbox 2131 1329 2353 1398; x_wconf 92' lang='lat' dir='ltr'><strong>capiunt</strong></span> <span class='ocrx_word' id='word_1_202' title='bbox 2386 1328 2453 1382; x_wconf 90' lang='lat' dir='ltr'><strong>ad</strong></span> <span class='ocrx_word' id='word_1_203' title='bbox 2499 1328 2872 1398; x_wconf 64' lang='lat' dir='ltr'><strong>paenitentiam</strong></span> <span class='ocrx_word' id='word_1_204' title='bbox 2896 1367 2911 1389; x_wconf 93' lang='lat'><strong>,</strong></span> <span class='ocrx_word' id='word_1_205' title='bbox 2958 1327 3137 1380; x_wconf 70' lang='lat' dir='ltr'><strong>differt</strong></span> <span class='ocrx_word' id='word_1_206' title='bbox 3175 1340 3361 1394; x_wconf 73' lang='lat' dir='ltr'><strong>pmnas</strong></span> <span class='ocrx_word' id='word_1_207' title='bbox 3403 1325 3457 1378; x_wconf 89' lang='lat' dir='ltr'><strong>in</strong></span> 
     </span>
    </p>
   </div>
   <div class='ocr_carea' id='block_1_29' title="bbox 1896 1417 3457 1486">
    <p class='ocr_par' dir='ltr' id='par_1_29' title="bbox 1896 1417 3457 1486">
     <span class='ocr_line' id='line_1_29' title="bbox 1896 1417 3457 1486; baseline -0.003 -14"><span class='ocrx_word' id='word_1_208' title='bbox 1896 1418 2137 1473; x_wconf 86' lang='lat' dir='ltr'><strong>futurum</strong></span> <span class='ocrx_word' id='word_1_209' title='bbox 2166 1437 2181 1486; x_wconf 92' lang='lat'><strong>;</strong></span> <span class='ocrx_word' id='word_1_210' title='bbox 2211 1433 2317 1473; x_wconf 92' lang='lat' dir='ltr'><strong>non</strong></span> <span class='ocrx_word' id='word_1_211' title='bbox 2349 1420 2494 1473; x_wconf 89' lang='lat' dir='ltr'><strong>enim</strong></span> <span class='ocrx_word' id='word_1_212' title='bbox 2524 1426 2799 1473; x_wconf 89' lang='lat' dir='ltr'><strong>merentur</strong></span> <span class='ocrx_word' id='word_1_213' title='bbox 2828 1419 2937 1481; x_wconf 83' lang='lat' dir='ltr'><strong>isti,</strong></span> <span class='ocrx_word' id='word_1_214' title='bbox 2971 1421 3110 1472; x_wconf 90' lang='lat' dir='ltr'><strong>sicut</strong></span> <span class='ocrx_word' id='word_1_215' title='bbox 3134 1418 3208 1469; x_wconf 92' lang='lat' dir='ltr'><strong>illi</strong></span> <span class='ocrx_word' id='word_1_216' title='bbox 3240 1417 3305 1470; x_wconf 90' lang='lat' dir='ltr'><strong>de</strong></span> <span class='ocrx_word' id='word_1_217' title='bbox 3334 1417 3457 1485; x_wconf 80' lang='lat' dir='ltr'><strong>qui-</strong></span> 
     </span>
    </p>
   </div>
   <div class='ocr_carea' id='block_1_30' title="bbox 1894 1510 3459 1581">
    <p class='ocr_par' dir='ltr' id='par_1_30' title="bbox 1894 1510 3459 1581">
     <span class='ocr_line' id='line_1_30' title="bbox 1894 1510 3459 1581; baseline -0.003 -16"><span class='ocrx_word' id='word_1_218' title='bbox 1894 1512 1997 1566; x_wconf 88' lang='lat' dir='ltr'><strong>bus</strong></span> <span class='ocrx_word' id='word_1_219' title='bbox 2028 1528 2111 1580; x_wconf 63' lang='lat' dir='ltr'><strong>sui</strong></span> <span class='ocrx_word' id='word_1_220' title='bbox 2135 1527 2192 1565; x_wconf 90' lang='lat' dir='ltr'><strong>ra</strong></span> <span class='ocrx_word' id='word_1_221' title='bbox 2222 1512 2458 1565; x_wconf 80' lang='lat' dir='ltr'><strong>diximus</strong></span> <span class='ocrx_word' id='word_1_222' title='bbox 2480 1552 2493 1575; x_wconf 87' lang='lat'><strong>,</strong></span> <span class='ocrx_word' id='word_1_223' title='bbox 2529 1511 2581 1564; x_wconf 92' lang='lat' dir='ltr'><strong>in</strong></span> <span class='ocrx_word' id='word_1_224' title='bbox 2620 1512 2869 1581; x_wconf 58' lang='lat' dir='ltr'><strong>praesenti</strong></span> <span class='ocrx_word' id='word_1_225' title='bbox 2901 1511 3008 1563; x_wconf 86' lang='lat' dir='ltr'><strong>vita</strong></span> <span class='ocrx_word' id='word_1_226' title='bbox 3038 1510 3301 1564; x_wconf 85' lang='lat' dir='ltr'><strong>scelerum</strong></span> <span class='ocrx_word' id='word_1_227' title='bbox 3331 1524 3459 1561; x_wconf 83' lang='lat' dir='ltr'><strong>suo-</strong></span> 
     </span>
    </p>
   </div>
   <div class='ocr_carea' id='block_1_31' title="bbox 1894 1602 3455 1671">
    <p class='ocr_par' dir='ltr' id='par_1_31' title="bbox 1894 1602 3455 1671">
     <span class='ocr_line' id='line_1_31' title="bbox 1894 1602 3455 1671; baseline -0.003 -16"><span class='ocrx_word' id='word_1_228' title='bbox 1894 1618 2014 1655; x_wconf 79' lang='lat' dir='ltr'><strong>rum</strong></span> <span class='ocrx_word' id='word_1_229' title='bbox 2061 1602 2217 1656; x_wconf 91' lang='lat' dir='ltr'><strong>ﬁnire</strong></span> <span class='ocrx_word' id='word_1_230' title='bbox 2250 1602 2584 1665; x_wconf 88' lang='lat' dir='ltr'><strong>vindictam,</strong></span> <span class='ocrx_word' id='word_1_231' title='bbox 2620 1602 2711 1657; x_wconf 90' lang='lat' dir='ltr'><strong>sed</strong></span> <span class='ocrx_word' id='word_1_232' title='bbox 2746 1602 3079 1671; x_wconf 88' lang='lat' dir='ltr'><strong>permittitur</strong></span> <span class='ocrx_word' id='word_1_233' title='bbox 3108 1602 3187 1654; x_wconf 88' lang='lat' dir='ltr'><strong>eis</strong></span> <span class='ocrx_word' id='word_1_234' title='bbox 3218 1614 3455 1669; x_wconf 68' lang='lat' dir='ltr'><strong>praesens</strong></span> 
     </span>
    </p>
   </div>
   <div class='ocr_carea' id='block_1_32' title="bbox 1897 1692 3453 1763">
    <p class='ocr_par' dir='ltr' id='par_1_32' title="bbox 1897 1692 3453 1763">
     <span class='ocr_line' id='line_1_32' title="bbox 1897 1692 3453 1763; baseline -0.004 -16"><span class='ocrx_word' id='word_1_235' title='bbox 1897 1703 2107 1763; x_wconf 90' lang='lat' dir='ltr'><strong>tempus</strong></span> <span class='ocrx_word' id='word_1_236' title='bbox 2141 1695 2363 1763; x_wconf 88' lang='lat' dir='ltr'><strong>implere</strong></span> <span class='ocrx_word' id='word_1_237' title='bbox 2397 1702 2454 1748; x_wconf 94' lang='lat' dir='ltr'><strong>ut</strong></span> <span class='ocrx_word' id='word_1_238' title='bbox 2487 1696 2704 1755; x_wconf 80' lang='lat' dir='ltr'><strong>volunt,</strong></span> <span class='ocrx_word' id='word_1_239' title='bbox 2747 1695 2873 1762; x_wconf 86' lang='lat' dir='ltr'><strong>quia</strong></span> <span class='ocrx_word' id='word_1_240' title='bbox 2918 1692 3225 1747; x_wconf 85' lang='lat' dir='ltr'><strong>emendatio</strong></span> <span class='ocrx_word' id='word_1_241' title='bbox 3266 1706 3453 1750; x_wconf 87' lang='lat' dir='ltr'><strong>eorum</strong></span> 
     </span>
    </p>
   </div>
   <div class='ocr_carea' id='block_1_33' title="bbox 222 1778 3456 1854">
    <p class='ocr_par' dir='ltr' id='par_1_33' title="bbox 222 1778 3456 1854">
     <span class='ocr_line' id='line_1_33' title="bbox 222 1778 3456 1854; baseline 0 -24"><span class='ocrx_word' id='word_1_242' title='bbox 222 1792 474 1847; x_wconf 59' lang='lat' dir='ltr'><strong>presens</strong></span> <span class='ocrx_word' id='word_1_243' title='bbox 514 1784 691 1832; x_wconf 89' lang='lat' dir='ltr'><strong>metus</strong></span> <span class='ocrx_word' id='word_1_244' title='bbox 731 1786 942 1831; x_wconf 90' lang='lat' dir='ltr'><strong>resecat</strong></span> <span class='ocrx_word' id='word_1_245' title='bbox 982 1778 1169 1847; x_wconf 90' lang='lat' dir='ltr'><strong>iniqua</strong></span> <span class='ocrx_word' id='word_1_246' title='bbox 1209 1778 1499 1834; x_wconf 86' lang='lat' dir='ltr'><strong>desideria.</strong></span> <span class='ocrx_word' id='word_1_247' title='bbox 1552 1780 1705 1846; x_wconf 87' lang='lat' dir='ltr'><strong>Quod</strong></span> <span class='ocrx_word' id='word_1_248' title='bbox 1744 1783 1788 1835; x_wconf 90' lang='lat' dir='ltr'><strong>si</strong></span> <span class='ocrx_word' id='word_1_249' title='bbox 1824 1790 1863 1847; x_wconf 81' lang='grc' dir='ltr'><strong>Β</strong></span> <span class='ocrx_word' id='word_1_250' title='bbox 1893 1800 1999 1838; x_wconf 91' lang='lat' dir='ltr'><strong>non</strong></span> <span class='ocrx_word' id='word_1_251' title='bbox 2030 1792 2113 1839; x_wconf 91' lang='lat' dir='ltr'><strong>est</strong></span> <span class='ocrx_word' id='word_1_252' title='bbox 2135 1784 2246 1853; x_wconf 90' lang='lat' dir='ltr'><strong>jam</strong></span> <span class='ocrx_word' id='word_1_253' title='bbox 2277 1784 2435 1847; x_wconf 88' lang='lat' dir='ltr'><strong>talis,</strong></span> <span class='ocrx_word' id='word_1_254' title='bbox 2469 1800 2589 1854; x_wconf 73' lang='lat' dir='ltr'><strong>quae</strong></span> <span class='ocrx_word' id='word_1_255' title='bbox 2633 1783 3028 1852; x_wconf 86' lang='lat' dir='ltr'><strong>temporalibus</strong></span> <span class='ocrx_word' id='word_1_256' title='bbox 3078 1782 3315 1850; x_wconf 78' lang='lat' dir='ltr'><strong>indigeat</strong></span> <span class='ocrx_word' id='word_1_257' title='bbox 3363 1795 3456 1833; x_wconf 83' lang='lat' dir='ltr'><strong>ca-</strong></span> 
     </span>
    </p>
   </div>
   <div class='ocr_carea' id='block_1_34' title="bbox 221 1866 1789 1940">
    <p class='ocr_par' dir='ltr' id='par_1_34' title="bbox 221 1866 1789 1940">
     <span class='ocr_line' id='line_1_34' title="bbox 221 1866 1789 1940; baseline 0.003 -19"><span class='ocrx_word' id='word_1_258' title='bbox 221 1867 519 1922; x_wconf 79' lang='lat' dir='ltr'><strong>credentes</strong></span> <span class='ocrx_word' id='word_1_259' title='bbox 565 1866 712 1931; x_wconf 91' lang='lat' dir='ltr'><strong>Deo,</strong></span> <span class='ocrx_word' id='word_1_260' title='bbox 763 1875 817 1921; x_wconf 90' lang='lat' dir='ltr'><strong>et</strong></span> <span class='ocrx_word' id='word_1_261' title='bbox 867 1867 1107 1921; x_wconf 91' lang='lat' dir='ltr'><strong>futurum</strong></span> <span class='ocrx_word' id='word_1_262' title='bbox 1149 1868 1416 1937; x_wconf 89' lang='lat' dir='ltr'><strong>judicium</strong></span> <span class='ocrx_word' id='word_1_263' title='bbox 1466 1884 1789 1940; x_wconf 73' lang='lat' dir='ltr'><strong>poenamque</strong></span> 
     </span>
    </p>
   </div>
   <div class='ocr_carea' id='block_1_35' title="bbox 220 1959 1789 2032">
    <p class='ocr_par' dir='ltr' id='par_1_35' title="bbox 220 1959 1789 2032">
     <span class='ocr_line' id='line_1_35' title="bbox 220 1959 1789 2032; baseline 0.003 -20"><span class='ocrx_word' id='word_1_264' title='bbox 220 1959 370 2030; x_wconf 80' lang='lat' dir='ltr'><strong>ignis</strong></span> <span class='ocrx_word' id='word_1_265' title='bbox 402 1959 592 2014; x_wconf 70' lang='lat' dir='ltr'><strong>aeterni</strong></span> <span class='ocrx_word' id='word_1_266' title='bbox 623 1959 944 2015; x_wconf 88' lang='lat' dir='ltr'><strong>conﬁtentes</strong></span> <span class='ocrx_word' id='word_1_267' title='bbox 981 1975 1086 2013; x_wconf 93' lang='lat' dir='ltr'><strong>non</strong></span> <span class='ocrx_word' id='word_1_268' title='bbox 1119 1976 1178 2015; x_wconf 90' lang='lat' dir='ltr'><strong>se</strong></span> <span class='ocrx_word' id='word_1_269' title='bbox 1206 1964 1484 2014; x_wconf 90' lang='lat' dir='ltr'><strong>continent</strong></span> <span class='ocrx_word' id='word_1_270' title='bbox 1524 1977 1552 2015; x_wconf 91' lang='lat' dir='ltr'><strong>a</strong></span> <span class='ocrx_word' id='word_1_271' title='bbox 1598 1978 1789 2032; x_wconf 85' lang='lat' dir='ltr'><strong>pecea-</strong></span> 
     </span>
    </p>
   </div>
   <div class='ocr_carea' id='block_1_36' title="bbox 222 2053 1789 2122">
    <p class='ocr_par' dir='ltr' id='par_1_36' title="bbox 222 2053 1789 2122">
     <span class='ocr_line' id='line_1_36' title="bbox 222 2053 1789 2122; baseline 0.003 -17"><span class='ocrx_word' id='word_1_272' title='bbox 222 2062 301 2117; x_wconf 90' lang='lat' dir='ltr'><strong>to,</strong></span> <span class='ocrx_word' id='word_1_273' title='bbox 332 2060 543 2107; x_wconf 90' lang='lat' dir='ltr'><strong>certum</strong></span> <span class='ocrx_word' id='word_1_274' title='bbox 568 2059 651 2107; x_wconf 89' lang='lat' dir='ltr'><strong>est</strong></span> <span class='ocrx_word' id='word_1_275' title='bbox 677 2053 819 2122; x_wconf 85' lang='lat' dir='ltr'><strong>quod</strong></span> <span class='ocrx_word' id='word_1_276' title='bbox 848 2068 955 2106; x_wconf 91' lang='lat' dir='ltr'><strong>non</strong></span> <span class='ocrx_word' id='word_1_277' title='bbox 982 2053 1135 2122; x_wconf 90' lang='lat' dir='ltr'><strong>plena</strong></span> <span class='ocrx_word' id='word_1_278' title='bbox 1158 2053 1262 2107; x_wconf 90' lang='lat' dir='ltr'><strong>fide</strong></span> <span class='ocrx_word' id='word_1_279' title='bbox 1284 2054 1513 2108; x_wconf 92' lang='lat' dir='ltr'><strong>credunt</strong></span> <span class='ocrx_word' id='word_1_280' title='bbox 1536 2074 1547 2108; x_wconf 89' lang='lat'>:</span> <span class='ocrx_word' id='word_1_281' title='bbox 1577 2056 1620 2109; x_wconf 91' lang='lat' dir='ltr'><strong>si</strong></span> <span class='ocrx_word' id='word_1_282' title='bbox 1646 2056 1789 2109; x_wconf 90' lang='lat' dir='ltr'><strong>enim</strong></span> 
     </span>
    </p>
   </div>
   <div class='ocr_carea' id='block_1_37' title="bbox 220 2143 1789 2213">
    <p class='ocr_par' dir='ltr' id='par_1_37' title="bbox 220 2143 1789 2213">
     <span class='ocr_line' id='line_1_37' title="bbox 220 2143 1789 2213; baseline 0.003 -14"><span class='ocrx_word' id='word_1_283' title='bbox 220 2152 376 2199; x_wconf 90' lang='lat' dir='ltr'><strong>certa</strong></span> <span class='ocrx_word' id='word_1_284' title='bbox 408 2146 479 2200; x_wconf 91' lang='lat' dir='ltr'><strong>sit</strong></span> <span class='ocrx_word' id='word_1_285' title='bbox 508 2143 641 2199; x_wconf 90' lang='lat' dir='ltr'><strong>ﬁdes</strong></span> <span class='ocrx_word' id='word_1_286' title='bbox 662 2183 677 2207; x_wconf 91' lang='lat'><strong>,</strong></span> <span class='ocrx_word' id='word_1_287' title='bbox 710 2154 893 2200; x_wconf 80' lang='lat' dir='ltr'><strong>certus</strong></span> <span class='ocrx_word' id='word_1_288' title='bbox 923 2144 980 2198; x_wconf 90' lang='lat' dir='ltr'><strong>ﬁt</strong></span> <span class='ocrx_word' id='word_1_289' title='bbox 1012 2153 1065 2200; x_wconf 89' lang='lat' dir='ltr'><strong>et</strong></span> <span class='ocrx_word' id='word_1_290' title='bbox 1108 2146 1311 2213; x_wconf 88' lang='lat' dir='ltr'><strong>timor;</strong></span> <span class='ocrx_word' id='word_1_291' title='bbox 1344 2147 1390 2201; x_wconf 92' lang='lat' dir='ltr'><strong>si</strong></span> <span class='ocrx_word' id='word_1_292' title='bbox 1435 2163 1564 2202; x_wconf 88' lang='lat' dir='ltr'><strong>vero</strong></span> <span class='ocrx_word' id='word_1_293' title='bbox 1608 2149 1789 2204; x_wconf 89' lang='lat' dir='ltr'><strong>minus</strong></span> 
     </span>
    </p>
   </div>
   <div class='ocr_carea' id='block_1_38' title="bbox 219 2234 1789 2305">
    <p class='ocr_par' dir='ltr' id='par_1_38' title="bbox 219 2234 1789 2305">
     <span class='ocr_line' id='line_1_38' title="bbox 219 2234 1789 2305; baseline 0.003 -17"><span class='ocrx_word' id='word_1_294' title='bbox 219 2235 432 2305; x_wconf 90' lang='lat' dir='ltr'><strong>aliquid</strong></span> <span class='ocrx_word' id='word_1_295' title='bbox 461 2244 545 2290; x_wconf 90' lang='lat' dir='ltr'><strong>est</strong></span> <span class='ocrx_word' id='word_1_296' title='bbox 574 2235 629 2289; x_wconf 95' lang='lat' dir='ltr'><strong>in</strong></span> <span class='ocrx_word' id='word_1_297' title='bbox 664 2234 767 2290; x_wconf 91' lang='lat' dir='ltr'><strong>ﬁde</strong></span> <span class='ocrx_word' id='word_1_298' title='bbox 788 2274 803 2298; x_wconf 88' lang='lat'><strong>,</strong></span> <span class='ocrx_word' id='word_1_299' title='bbox 839 2237 1117 2291; x_wconf 84' lang='lat' dir='ltr'><strong>relaxatur</strong></span> <span class='ocrx_word' id='word_1_300' title='bbox 1142 2246 1196 2291; x_wconf 91' lang='lat' dir='ltr'><strong>et</strong></span> <span class='ocrx_word' id='word_1_301' title='bbox 1226 2245 1401 2292; x_wconf 90' lang='lat' dir='ltr'><strong>metus</strong></span> <span class='ocrx_word' id='word_1_302' title='bbox 1421 2277 1435 2301; x_wconf 94' lang='lat'><strong>,</strong></span> <span class='ocrx_word' id='word_1_303' title='bbox 1467 2246 1521 2292; x_wconf 91' lang='lat' dir='ltr'><strong>et</strong></span> <span class='ocrx_word' id='word_1_304' title='bbox 1550 2246 1679 2293; x_wconf 90' lang='lat' dir='ltr'><strong>tunc</strong></span> <span class='ocrx_word' id='word_1_305' title='bbox 1709 2240 1789 2293; x_wconf 94' lang='lat' dir='ltr'><strong>Io-</strong></span> 
     </span>
    </p>
   </div>
   <div class='ocr_carea' id='block_1_39' title="bbox 220 2311 1785 2398">
    <p class='ocr_par' dir='ltr' id='par_1_39' title="bbox 220 2311 1785 2398">
     <span class='ocr_line' id='line_1_39' title="bbox 220 2311 1785 2398; baseline 0.004 -18"><span class='ocrx_word' id='word_1_306' title='bbox 220 2311 693 2381; x_wconf 41' lang='lat' dir='ltr'><strong>eum&#39;inveniunt</strong></span> <span class='ocrx_word' id='word_1_307' title='bbox 747 2327 1055 2382; x_wconf 87' lang='lat' dir='ltr'><strong>introeundi</strong></span> <span class='ocrx_word' id='word_1_308' title='bbox 1113 2329 1399 2383; x_wconf 68' lang='lat' dir='ltr'><strong>contraria:</strong></span> <span class='ocrx_word' id='word_1_309' title='bbox 1453 2338 1785 2398; x_wconf 86' lang='lat' dir='ltr'><strong>potestates,</strong></span> 
     </span>
    </p>
   </div>
   <div class='ocr_carea' id='block_1_40' title="bbox 220 2416 1789 2487">
    <p class='ocr_par' dir='ltr' id='par_1_40' title="bbox 220 2416 1789 2487">
     <span class='ocr_line' id='line_1_40' title="bbox 220 2416 1789 2487; baseline 0.007 -20"><span class='ocrx_word' id='word_1_310' title='bbox 220 2430 458 2483; x_wconf 82' lang='lat' dir='ltr'><strong>quarum</strong></span> <span class='ocrx_word' id='word_1_311' title='bbox 490 2416 932 2486; x_wconf 87' lang='lat' dir='ltr'><strong>persuasionibus</strong></span> <span class='ocrx_word' id='word_1_312' title='bbox 963 2432 1085 2470; x_wconf 90' lang='lat' dir='ltr'><strong>cum</strong></span> <span class='ocrx_word' id='word_1_313' title='bbox 1129 2418 1529 2487; x_wconf 89' lang='lat' dir='ltr'><strong>acquieverint,</strong></span> <span class='ocrx_word' id='word_1_314' title='bbox 1565 2436 1789 2477; x_wconf 86' lang='lat' dir='ltr'><strong>necesse</strong></span> 
     </span>
    </p>
   </div>
   <div class='ocr_carea' id='block_1_41' title="bbox 218 2508 1789 2584">
    <p class='ocr_par' dir='ltr' id='par_1_41' title="bbox 218 2508 1789 2584">
     <span class='ocr_line' id='line_1_41' title="bbox 218 2508 1789 2584; baseline 0.006 -24"><span class='ocrx_word' id='word_1_315' title='bbox 218 2515 306 2560; x_wconf 90' lang='lat' dir='ltr'><strong>est</strong></span> <span class='ocrx_word' id='word_1_316' title='bbox 335 2515 393 2560; x_wconf 94' lang='lat' dir='ltr'><strong>ut</strong></span> <span class='ocrx_word' id='word_1_317' title='bbox 423 2516 477 2563; x_wconf 90' lang='lat' dir='ltr'><strong>et</strong></span> <span class='ocrx_word' id='word_1_318' title='bbox 507 2508 759 2577; x_wconf 86' lang='lat' dir='ltr'><strong>potestati</strong></span> <span class='ocrx_word' id='word_1_319' title='bbox 789 2524 975 2563; x_wconf 87' lang='lat' dir='ltr'><strong>earum</strong></span> <span class='ocrx_word' id='word_1_320' title='bbox 1007 2509 1229 2564; x_wconf 78' lang='lat' dir='ltr'><strong>obnoxii</strong></span> <span class='ocrx_word' id='word_1_321' title='bbox 1263 2510 1393 2566; x_wconf 83' lang='lat' dir='ltr'><strong>ﬁant</strong></span> <span class='ocrx_word' id='word_1_322' title='bbox 1423 2524 1474 2566; x_wconf 90' lang='lat' dir='ltr'><strong>et</strong></span> <span class='ocrx_word' id='word_1_323' title='bbox 1510 2513 1639 2583; x_wconf 90' lang='lat' dir='ltr'><strong>ipsis</strong></span> <span class='ocrx_word' id='word_1_324' title='bbox 1666 2530 1789 2584; x_wconf 77' lang='lat' dir='ltr'><strong>pcr—</strong></span> 
     </span>
    </p>
   </div>
   <div class='ocr_carea' id='block_1_42' title="bbox 221 2598 1518 2672">
    <p class='ocr_par' dir='ltr' id='par_1_42' title="bbox 221 2598 1518 2672">
     <span class='ocr_line' id='line_1_42' title="bbox 221 2598 1518 2672; baseline 0.005 -22"><span class='ocrx_word' id='word_1_325' title='bbox 221 2598 582 2654; x_wconf 89' lang='lat' dir='ltr'><strong>suadentibus</strong></span> <span class='ocrx_word' id='word_1_326' title='bbox 612 2610 840 2669; x_wconf 82' lang='lat' dir='ltr'><strong>agantur</strong></span> <span class='ocrx_word' id='word_1_327' title='bbox 865 2600 931 2654; x_wconf 91' lang='lat' dir='ltr'><strong>ad</strong></span> <span class='ocrx_word' id='word_1_328' title='bbox 964 2602 1260 2671; x_wconf 67' lang='lat' dir='ltr'><strong>praecipitia</strong></span> <span class='ocrx_word' id='word_1_329' title='bbox 1290 2604 1518 2672; x_wconf 88' lang='lat' dir='ltr'><strong>peccati.</strong></span> 
     </span>
    </p>
   </div>
   <div class='ocr_carea' id='block_1_43' title="bbox 290 2688 1783 2765">
    <p class='ocr_par' dir='ltr' id='par_1_43' title="bbox 290 2688 1783 2765">
     <span class='ocr_line' id='line_1_43' title="bbox 290 2688 1783 2765; baseline 0.003 -23"><span class='ocrx_word' id='word_1_330' title='bbox 290 2688 409 2745; x_wconf 74' lang='lat' dir='ltr'><strong>XII.</strong></span> <span class='ocrx_word' id='word_1_331' title='bbox 448 2691 614 2761; x_wconf 94' lang='lat' dir='ltr'><strong>Igitur</strong></span> <span class='ocrx_word' id='word_1_332' title='bbox 655 2693 937 2765; x_wconf 79' lang='lat' dir='ltr'><strong>astrologi,</strong></span> <span class='ocrx_word' id='word_1_333' title='bbox 978 2694 1292 2763; x_wconf 85' lang='lat' dir='ltr'><strong>ignorantes</strong></span> <span class='ocrx_word' id='word_1_334' title='bbox 1326 2694 1637 2765; x_wconf 90' lang='lat' dir='ltr'><strong>hujusmodi</strong></span> <span class='ocrx_word' id='word_1_335' title='bbox 1671 2708 1783 2765; x_wconf 82' lang='lat' dir='ltr'><strong>my-</strong></span> 
     </span>
    </p>
   </div>
   <div class='ocr_carea' id='block_1_44' title="bbox 222 2785 1782 2857">
    <p class='ocr_par' dir='ltr' id='par_1_44' title="bbox 222 2785 1782 2857">
     <span class='ocr_line' id='line_1_44' title="bbox 222 2785 1782 2857; baseline 0.004 -20"><span class='ocrx_word' id='word_1_336' title='bbox 222 2785 393 2838; x_wconf 87' lang='lat' dir='ltr'><strong>steria</strong></span> <span class='ocrx_word' id='word_1_337' title='bbox 415 2824 430 2847; x_wconf 93' lang='lat'><strong>,</strong></span> <span class='ocrx_word' id='word_1_338' title='bbox 463 2792 653 2854; x_wconf 89' lang='lat' dir='ltr'><strong>putant</strong></span> <span class='ocrx_word' id='word_1_339' title='bbox 683 2786 960 2840; x_wconf 89' lang='lat' dir='ltr'><strong>stellarum</strong></span> <span class='ocrx_word' id='word_1_340' title='bbox 994 2786 1251 2841; x_wconf 90' lang='lat' dir='ltr'><strong>cursibus</strong></span> <span class='ocrx_word' id='word_1_341' title='bbox 1280 2787 1383 2842; x_wconf 89' lang='lat' dir='ltr'><strong>ista</strong></span> <span class='ocrx_word' id='word_1_342' title='bbox 1425 2788 1744 2857; x_wconf 82' lang='lat' dir='ltr'><strong>contingere</strong></span> <span class='ocrx_word' id='word_1_343' title='bbox 1767 2826 1782 2851; x_wconf 91' lang='lat'><strong>,</strong></span> 
     </span>
    </p>
   </div>
   <div class='ocr_carea' id='block_1_45' title="bbox 220 2877 1789 2948">
    <p class='ocr_par' dir='ltr' id='par_1_45' title="bbox 220 2877 1789 2948">
     <span class='ocr_line' id='line_1_45' title="bbox 220 2877 1789 2948; baseline 0.001 -17"><span class='ocrx_word' id='word_1_344' title='bbox 220 2877 369 2931; x_wconf 87' lang='lat' dir='ltr'><strong>unde</strong></span> <span class='ocrx_word' id='word_1_345' title='bbox 396 2887 448 2932; x_wconf 90' lang='lat' dir='ltr'><strong>et</strong></span> <span class='ocrx_word' id='word_1_346' title='bbox 480 2878 565 2931; x_wconf 86' lang='lat' dir='ltr'><strong>his</strong></span> <span class='ocrx_word' id='word_1_347' title='bbox 595 2879 687 2948; x_wconf 90' lang='lat' dir='ltr'><strong>qui</strong></span> <span class='ocrx_word' id='word_1_348' title='bbox 718 2879 985 2933; x_wconf 90' lang='lat' dir='ltr'><strong>accedunt</strong></span> <span class='ocrx_word' id='word_1_349' title='bbox 1013 2879 1079 2932; x_wconf 90' lang='lat' dir='ltr'><strong>ad</strong></span> <span class='ocrx_word' id='word_1_350' title='bbox 1109 2894 1205 2936; x_wconf 84' lang='lat' dir='ltr'><strong>eos</strong></span> <span class='ocrx_word' id='word_1_351' title='bbox 1229 2919 1244 2944; x_wconf 96' lang='lat'><strong>,</strong></span> <span class='ocrx_word' id='word_1_352' title='bbox 1274 2888 1331 2933; x_wconf 92' lang='lat' dir='ltr'><strong>ut</strong></span> <span class='ocrx_word' id='word_1_353' title='bbox 1360 2879 1427 2935; x_wconf 89' lang='lat' dir='ltr'><strong>de</strong></span> <span class='ocrx_word' id='word_1_354' title='bbox 1458 2879 1657 2935; x_wconf 86' lang='lat' dir='ltr'><strong>futuris</strong></span> <span class='ocrx_word' id='word_1_355' title='bbox 1687 2878 1789 2933; x_wconf 90' lang='lat' dir='ltr'><strong>ali-</strong></span> 
     </span>
    </p>
   </div>
   <div class='ocr_carea' id='block_1_46' title="bbox 218 2971 1788 3045">
    <p class='ocr_par' dir='ltr' id='par_1_46' title="bbox 218 2971 1788 3045">
     <span class='ocr_line' id='line_1_46' title="bbox 218 2971 1788 3045; baseline 0.003 -23"><span class='ocrx_word' id='word_1_356' title='bbox 218 2971 352 3045; x_wconf 78' lang='lat' dir='ltr'><strong>quid</strong></span> <span class='ocrx_word' id='word_1_357' title='bbox 386 2972 704 3035; x_wconf 88' lang='lat' dir='ltr'><strong>consulant,</strong></span> <span class='ocrx_word' id='word_1_358' title='bbox 754 2972 1148 3044; x_wconf 84' lang='lat' dir='ltr'><strong>respondentes</strong></span> <span class='ocrx_word' id='word_1_359' title='bbox 1197 2973 1458 3028; x_wconf 84' lang='lat' dir='ltr'><strong>falluntur</strong></span> <span class='ocrx_word' id='word_1_360' title='bbox 1507 2974 1563 3027; x_wconf 90' lang='lat' dir='ltr'><strong>in</strong></span> <span class='ocrx_word' id='word_1_361' title='bbox 1614 2972 1788 3043; x_wconf 89' lang='lat' dir='ltr'><strong>pluri-</strong></span> 
     </span>
    </p>
   </div>
   <div class='ocr_carea' id='block_1_47' title="bbox 220 3062 1784 3133">
    <p class='ocr_par' dir='ltr' id='par_1_47' title="bbox 220 3062 1784 3133">
     <span class='ocr_line' id='line_1_47' title="bbox 220 3062 1784 3133; baseline -0.003 -13"><span class='ocrx_word' id='word_1_362' title='bbox 220 3066 371 3132; x_wconf 90' lang='lat' dir='ltr'><strong>mis;</strong></span> <span class='ocrx_word' id='word_1_363' title='bbox 406 3081 506 3120; x_wconf 92' lang='lat' dir='ltr'><strong>nec</strong></span> <span class='ocrx_word' id='word_1_364' title='bbox 534 3066 769 3133; x_wconf 89' lang='lat' dir='ltr'><strong>mirum,</strong></span> <span class='ocrx_word' id='word_1_365' title='bbox 814 3080 921 3119; x_wconf 89' lang='lat' dir='ltr'><strong>non</strong></span> <span class='ocrx_word' id='word_1_366' title='bbox 963 3066 1105 3119; x_wconf 88' lang='lat' dir='ltr'><strong>enim</strong></span> <span class='ocrx_word' id='word_1_367' title='bbox 1158 3072 1289 3120; x_wconf 90' lang='lat' dir='ltr'><strong>sunt</strong></span> <span class='ocrx_word' id='word_1_368' title='bbox 1328 3064 1636 3133; x_wconf 62' lang='lat' dir='ltr'><strong>prophetae,</strong></span> <span class='ocrx_word' id='word_1_369' title='bbox 1690 3062 1784 3118; x_wconf 88' lang='lat' dir='ltr'><strong>sed</strong></span> 
     </span>
    </p>
   </div>
   <div class='ocr_carea' id='block_1_48' title="bbox 221 3151 1783 3225">
    <p class='ocr_par' dir='ltr' id='par_1_48' title="bbox 221 3151 1783 3225">
     <span class='ocr_line' id='line_1_48' title="bbox 221 3151 1783 3225; baseline -0.002 -16"><span class='ocrx_word' id='word_1_370' title='bbox 221 3173 325 3212; x_wconf 91' lang='lat' dir='ltr'><strong>usu</strong></span> <span class='ocrx_word' id='word_1_371' title='bbox 384 3156 543 3210; x_wconf 91' lang='lat' dir='ltr'><strong>multi</strong></span> <span class='ocrx_word' id='word_1_372' title='bbox 600 3154 876 3225; x_wconf 88' lang='lat' dir='ltr'><strong>temporis,</strong></span> <span class='ocrx_word' id='word_1_373' title='bbox 917 3161 1167 3208; x_wconf 89' lang='lat' dir='ltr'><strong>auctores</strong></span> <span class='ocrx_word' id='word_1_374' title='bbox 1201 3166 1448 3208; x_wconf 89' lang='lat' dir='ltr'><strong>errorum</strong></span> <span class='ocrx_word' id='word_1_375' title='bbox 1481 3151 1783 3223; x_wconf 78' lang='lat' dir='ltr'><strong>perfugium</strong></span> 
     </span>
    </p>
   </div>
   <div class='ocr_carea' id='block_1_49' title="bbox 218 3243 1785 3317">
    <p class='ocr_par' dir='ltr' id='par_1_49' title="bbox 218 3243 1785 3317">
     <span class='ocr_line' id='line_1_49' title="bbox 218 3243 1785 3317; baseline -0.004 -15"><span class='ocrx_word' id='word_1_376' title='bbox 218 3247 501 3317; x_wconf 87' lang='lat' dir='ltr'><strong>quoddam</strong></span> <span class='ocrx_word' id='word_1_377' title='bbox 533 3246 588 3299; x_wconf 91' lang='lat' dir='ltr'><strong>in</strong></span> <span class='ocrx_word' id='word_1_378' title='bbox 619 3246 704 3300; x_wconf 86' lang='lat' dir='ltr'><strong>his</strong></span> <span class='ocrx_word' id='word_1_379' title='bbox 730 3245 932 3314; x_wconf 85' lang='lat' dir='ltr'><strong>quibus</strong></span> <span class='ocrx_word' id='word_1_380' title='bbox 962 3243 1369 3313; x_wconf 89' lang='lat' dir='ltr'><strong>decipiebantur</strong></span> <span class='ocrx_word' id='word_1_381' title='bbox 1398 3244 1701 3309; x_wconf 88' lang='lat' dir='ltr'><strong>inveniunt,</strong></span> <span class='ocrx_word' id='word_1_382' title='bbox 1730 3251 1785 3298; x_wconf 91' lang='lat' dir='ltr'><strong>et</strong></span> 
     </span>
    </p>
   </div>
   <div class='ocr_carea' id='block_1_50' title="bbox 217 3331 1786 3403">
    <p class='ocr_par' dir='ltr' id='par_1_50' title="bbox 217 3331 1786 3403">
     <span class='ocr_line' id='line_1_50' title="bbox 217 3331 1786 3403; baseline -0.002 -13"><span class='ocrx_word' id='word_1_383' title='bbox 217 3336 568 3390; x_wconf 88' lang='lat' dir='ltr'><strong>climacteras</strong></span> <span class='ocrx_word' id='word_1_384' title='bbox 599 3333 865 3403; x_wconf 91' lang='lat' dir='ltr'><strong>quosdam</strong></span> <span class='ocrx_word' id='word_1_385' title='bbox 898 3331 1285 3395; x_wconf 89' lang='lat' dir='ltr'><strong>introducunt,</strong></span> <span class='ocrx_word' id='word_1_386' title='bbox 1318 3340 1376 3386; x_wconf 91' lang='lat' dir='ltr'><strong>ut</strong></span> <span class='ocrx_word' id='word_1_387' title='bbox 1404 3333 1472 3387; x_wconf 92' lang='lat' dir='ltr'><strong>de</strong></span> <span class='ocrx_word' id='word_1_388' title='bbox 1500 3333 1661 3387; x_wconf 89' lang='lat' dir='ltr'><strong>rebus</strong></span> <span class='ocrx_word' id='word_1_389' title='bbox 1703 3335 1786 3387; x_wconf 90' lang='lat' dir='ltr'><strong>in-</strong></span> 
     </span>
    </p>
   </div>
   <div class='ocr_carea' id='block_1_51' title="bbox 212 3423 1786 3494">
    <p class='ocr_par' dir='ltr' id='par_1_51' title="bbox 212 3423 1786 3494">
     <span class='ocr_line' id='line_1_51' title="bbox 212 3423 1786 3494; baseline -0.003 -12"><span class='ocrx_word' id='word_1_390' title='bbox 212 3428 382 3482; x_wconf 88' lang='lat' dir='ltr'><strong>certis</strong></span> <span class='ocrx_word' id='word_1_391' title='bbox 422 3426 705 3480; x_wconf 89' lang='lat' dir='ltr'><strong>scientiam</strong></span> <span class='ocrx_word' id='word_1_392' title='bbox 740 3425 963 3494; x_wconf 89' lang='lat' dir='ltr'><strong>ﬁngant.</strong></span> <span class='ocrx_word' id='word_1_393' title='bbox 1010 3424 1363 3479; x_wconf 85' lang='lat' dir='ltr'><strong>Cliniaeteras</strong></span> <span class='ocrx_word' id='word_1_394' title='bbox 1403 3424 1545 3478; x_wconf 90' lang='lat' dir='ltr'><strong>enim</strong></span> <span class='ocrx_word' id='word_1_395' title='bbox 1596 3423 1786 3477; x_wconf 89' lang='lat' dir='ltr'><strong>dicunt</strong></span> 
     </span>
    </p>
   </div>
   <div class='ocr_carea' id='block_1_52' title="bbox 209 3514 1786 3591">
    <p class='ocr_par' dir='ltr' id='par_1_52' title="bbox 209 3514 1786 3591">
     <span class='ocr_line' id='line_1_52' title="bbox 209 3514 1786 3591; baseline -0.004 -15"><span class='ocrx_word' id='word_1_396' title='bbox 209 3519 368 3591; x_wconf 91' lang='lat' dir='ltr'><strong>quasi</strong></span> <span class='ocrx_word' id='word_1_397' title='bbox 428 3517 653 3589; x_wconf 90' lang='lat' dir='ltr'><strong>periculi</strong></span> <span class='ocrx_word' id='word_1_398' title='bbox 687 3524 902 3586; x_wconf 86' lang='lat' dir='ltr'><strong>tempus</strong></span> <span class='ocrx_word' id='word_1_399' title='bbox 934 3514 1044 3587; x_wconf 68' lang='lat'><strong>(82)</strong></span> <span class='ocrx_word' id='word_1_400' title='bbox 1069 3554 1085 3579; x_wconf 92' lang='lat'><strong>,</strong></span> <span class='ocrx_word' id='word_1_401' title='bbox 1117 3515 1171 3568; x_wconf 93' lang='lat' dir='ltr'><strong>in</strong></span> <span class='ocrx_word' id='word_1_402' title='bbox 1203 3530 1310 3585; x_wconf 90' lang='lat' dir='ltr'><strong>quo</strong></span> <span class='ocrx_word' id='word_1_403' title='bbox 1341 3514 1607 3569; x_wconf 89' lang='lat' dir='ltr'><strong>interdum</strong></span> <span class='ocrx_word' id='word_1_404' title='bbox 1641 3517 1786 3586; x_wconf 90' lang='lat' dir='ltr'><strong>peri-</strong></span> 
     </span>
    </p>
   </div>
   <div class='ocr_carea' id='block_1_53' title="bbox 212 3607 1788 3681">
    <p class='ocr_par' dir='ltr' id='par_1_53' title="bbox 212 3607 1788 3681">
     <span class='ocr_line' id='line_1_53' title="bbox 212 3607 1788 3681; baseline -0.002 -15"><span class='ocrx_word' id='word_1_405' title='bbox 212 3620 409 3667; x_wconf 79' lang='lat' dir='ltr'><strong>matul&#39;</strong></span> <span class='ocrx_word' id='word_1_406' title='bbox 443 3610 567 3681; x_wconf 89' lang='lat' dir='ltr'><strong>quis</strong></span> <span class='ocrx_word' id='word_1_407' title='bbox 589 3652 603 3676; x_wconf 95' lang='lat'><strong>,</strong></span> <span class='ocrx_word' id='word_1_408' title='bbox 638 3607 907 3663; x_wconf 88' lang='lat' dir='ltr'><strong>interdum</strong></span> <span class='ocrx_word' id='word_1_409' title='bbox 935 3622 1041 3661; x_wconf 92' lang='lat' dir='ltr'><strong>non</strong></span> <span class='ocrx_word' id='word_1_410' title='bbox 1086 3607 1424 3676; x_wconf 87' lang='lat' dir='ltr'><strong>perimatur;</strong></span> <span class='ocrx_word' id='word_1_411' title='bbox 1475 3607 1788 3677; x_wconf 86' lang='lat' dir='ltr'><strong>ignorantes</strong></span> 
     </span>
    </p>
   </div>
   <div class='ocr_carea' id='block_1_54' title="bbox 213 3696 1787 3774">
    <p class='ocr_par' dir='ltr' id='par_1_54' title="bbox 213 3696 1787 3774">
     <span class='ocr_line' id='line_1_54' title="bbox 213 3696 1787 3774; baseline -0.004 -16"><span class='ocrx_word' id='word_1_412' title='bbox 213 3702 357 3774; x_wconf 88' lang='lat' dir='ltr'><strong>quod</strong></span> <span class='ocrx_word' id='word_1_413' title='bbox 405 3717 513 3756; x_wconf 91' lang='lat' dir='ltr'><strong>non</strong></span> <span class='ocrx_word' id='word_1_414' title='bbox 541 3699 819 3755; x_wconf 90' lang='lat' dir='ltr'><strong>stellarum</strong></span> <span class='ocrx_word' id='word_1_415' title='bbox 849 3712 1043 3753; x_wconf 91' lang='lat' dir='ltr'><strong>cursus</strong></span> <span class='ocrx_word' id='word_1_416' title='bbox 1069 3698 1215 3764; x_wconf 73' lang='lat' dir='ltr'><strong>haec,</strong></span> <span class='ocrx_word' id='word_1_417' title='bbox 1243 3696 1337 3752; x_wconf 90' lang='lat' dir='ltr'><strong>sed</strong></span> <span class='ocrx_word' id='word_1_418' title='bbox 1364 3696 1665 3751; x_wconf 65' lang='lat' dir='ltr'><strong>daemonum</strong></span> <span class='ocrx_word' id='word_1_419' title='bbox 1696 3714 1787 3768; x_wconf 50' lang='lat' dir='ltr'><strong>ge-</strong></span> 
     </span>
    </p>
   </div>
   <div class='ocr_carea' id='block_1_55' title="bbox 212 3784 1789 3866">
    <p class='ocr_par' dir='ltr' id='par_1_55' title="bbox 212 3784 1789 3866">
     <span class='ocr_line' id='line_1_55' title="bbox 212 3784 1789 3866; baseline -0.005 -14"><span class='ocrx_word' id='word_1_420' title='bbox 212 3799 285 3865; x_wconf 79' lang='lat' dir='ltr'><strong>rit</strong></span> <span class='ocrx_word' id='word_1_421' title='bbox 312 3794 572 3866; x_wconf 86' lang='lat' dir='ltr'><strong>operatio</strong></span> <span class='ocrx_word' id='word_1_422' title='bbox 593 3832 608 3855; x_wconf 90' lang='lat'><strong>,</strong></span> <span class='ocrx_word' id='word_1_423' title='bbox 640 3792 733 3863; x_wconf 89' lang='lat' dir='ltr'><strong>qui</strong></span> <span class='ocrx_word' id='word_1_424' title='bbox 768 3791 833 3844; x_wconf 91' lang='lat' dir='ltr'><strong>ad</strong></span> <span class='ocrx_word' id='word_1_425' title='bbox 864 3789 1170 3860; x_wconf 65' lang='lat' dir='ltr'><strong>astrologia:</strong></span> <span class='ocrx_word' id='word_1_426' title='bbox 1196 3804 1434 3844; x_wconf 90' lang='lat' dir='ltr'><strong>errorem</strong></span> <span class='ocrx_word' id='word_1_427' title='bbox 1464 3784 1789 3845; x_wconf 79' lang='lat' dir='ltr'><strong>confirman-</strong></span> 
     </span>
    </p>
   </div>
   <div class='ocr_carea' id='block_1_56' title="bbox 214 3882 1789 3953">
    <p class='ocr_par' dir='ltr' id='par_1_56' title="bbox 214 3882 1789 3953">
     <span class='ocr_line' id='line_1_56' title="bbox 214 3882 1789 3953; baseline -0.006 -6"><span class='ocrx_word' id='word_1_428' title='bbox 214 3894 344 3947; x_wconf 90' lang='lat' dir='ltr'><strong>dum</strong></span> <span class='ocrx_word' id='word_1_429' title='bbox 388 3888 795 3949; x_wconf 61' lang='lat' dir='ltr'><strong>deservientes,</strong></span> <span class='ocrx_word' id='word_1_430' title='bbox 829 3884 1057 3938; x_wconf 91' lang='lat' dir='ltr'><strong>calculis</strong></span> <span class='ocrx_word' id='word_1_431' title='bbox 1084 3883 1349 3937; x_wconf 90' lang='lat' dir='ltr'><strong>mathesis</strong></span> <span class='ocrx_word' id='word_1_432' title='bbox 1374 3882 1661 3953; x_wconf 89' lang='lat' dir='ltr'><strong>decipiunt</strong></span> <span class='ocrx_word' id='word_1_433' title='bbox 1689 3884 1789 3939; x_wconf 88' lang='lat' dir='ltr'><strong>ho-</strong></span> 
     </span>
    </p>
   </div>
   <div class='ocr_carea' id='block_1_57' title="bbox 216 3973 1788 4051">
    <p class='ocr_par' dir='ltr' id='par_1_57' title="bbox 216 3973 1788 4051">
     <span class='ocr_line' id='line_1_57' title="bbox 216 3973 1788 4051; baseline -0.004 -11"><span class='ocrx_word' id='word_1_434' title='bbox 216 3986 401 4040; x_wconf 84' lang='lat' dir='ltr'><strong>mines</strong></span> <span class='ocrx_word' id='word_1_435' title='bbox 429 3982 493 4035; x_wconf 89' lang='lat' dir='ltr'><strong>ad</strong></span> <span class='ocrx_word' id='word_1_436' title='bbox 516 3978 849 4051; x_wconf 88' lang='lat' dir='ltr'><strong>peccandum</strong></span> <span class='ocrx_word' id='word_1_437' title='bbox 871 4016 885 4039; x_wconf 92' lang='lat'><strong>,</strong></span> <span class='ocrx_word' id='word_1_438' title='bbox 919 3984 978 4030; x_wconf 91' lang='lat' dir='ltr'><strong>ut</strong></span> <span class='ocrx_word' id='word_1_439' title='bbox 1006 3991 1128 4030; x_wconf 89' lang='lat' dir='ltr'><strong>eum</strong></span> <span class='ocrx_word' id='word_1_440' title='bbox 1148 4017 1162 4041; x_wconf 91' lang='lat'><strong>,</strong></span> <span class='ocrx_word' id='word_1_441' title='bbox 1189 3975 1272 4029; x_wconf 88' lang='lat' dir='ltr'><strong>vel</strong></span> <span class='ocrx_word' id='word_1_442' title='bbox 1308 3973 1418 4029; x_wconf 91' lang='lat' dir='ltr'><strong>Deo</strong></span> <span class='ocrx_word' id='word_1_443' title='bbox 1444 3976 1788 4044; x_wconf 86' lang='lat' dir='ltr'><strong>permittente</strong></span> 
     </span>
    </p>
   </div>
   <div class='ocr_carea' id='block_1_58' title="bbox 217 4065 1784 4144">
    <p class='ocr_par' dir='ltr' id='par_1_58' title="bbox 217 4065 1784 4144">
     <span class='ocr_line' id='line_1_58' title="bbox 217 4065 1784 4144; baseline -0.006 -12"><span class='ocrx_word' id='word_1_444' title='bbox 217 4076 301 4133; x_wconf 85' lang='lat' dir='ltr'><strong>vel</strong></span> <span class='ocrx_word' id='word_1_445' title='bbox 332 4074 553 4144; x_wconf 71' lang='lat' dir='ltr'><strong>legibus</strong></span> <span class='ocrx_word' id='word_1_446' title='bbox 596 4069 978 4140; x_wconf 83' lang='lat' dir='ltr'><strong>exigentibus,</strong></span> <span class='ocrx_word' id='word_1_447' title='bbox 1021 4066 1227 4136; x_wconf 88' lang='lat' dir='ltr'><strong>peccati</strong></span> <span class='ocrx_word' id='word_1_448' title='bbox 1270 4065 1517 4121; x_wconf 75' lang='lat' dir='ltr'><strong>dederint</strong></span> <span class='ocrx_word' id='word_1_449' title='bbox 1561 4083 1784 4138; x_wconf 75' lang='lat' dir='ltr'><strong>pmnas,</strong></span> 
     </span>
    </p>
   </div>
   <div class='ocr_carea' id='block_1_59' title="bbox 218 4157 1788 4229">
    <p class='ocr_par' dir='ltr' id='par_1_59' title="bbox 218 4157 1788 4229">
     <span class='ocr_line' id='line_1_59' title="bbox 218 4157 1788 4229; baseline -0.016 -4"><span class='ocrx_word' id='word_1_450' title='bbox 218 4183 412 4225; x_wconf 88' lang='lat' dir='ltr'><strong>verum</strong></span> <span class='ocrx_word' id='word_1_451' title='bbox 460 4164 666 4225; x_wconf 79' lang='lat' dir='ltr'><strong>dixisse</strong></span> <span class='ocrx_word' id='word_1_452' title='bbox 706 4160 950 4217; x_wconf 89' lang='lat' dir='ltr'><strong>videatur</strong></span> <span class='ocrx_word' id='word_1_453' title='bbox 989 4158 1316 4229; x_wconf 86' lang='lat' dir='ltr'><strong>astrologus.</strong></span> <span class='ocrx_word' id='word_1_454' title='bbox 1366 4157 1432 4211; x_wconf 88' lang='lat' dir='ltr'><strong>Et</strong></span> <span class='ocrx_word' id='word_1_455' title='bbox 1468 4166 1647 4214; x_wconf 90' lang='lat' dir='ltr'><strong>tamen</strong></span> <span class='ocrx_word' id='word_1_456' title='bbox 1689 4160 1788 4214; x_wconf 88' lang='lat' dir='ltr'><strong>faI-</strong></span> 
     </span>
    </p>
   </div>
   <div class='ocr_carea' id='block_1_60' title="bbox 220 4252 1790 4318">
    <p class='ocr_par' dir='ltr' id='par_1_60' title="bbox 220 4252 1790 4318">
     <span class='ocr_line' id='line_1_60' title="bbox 220 4252 1790 4318; baseline -0.006 -1"><span class='ocrx_word' id='word_1_457' title='bbox 220 4264 416 4316; x_wconf 88' lang='lat' dir='ltr'><strong>Iuntur</strong></span> <span class='ocrx_word' id='word_1_458' title='bbox 446 4258 610 4313; x_wconf 86' lang='lat' dir='ltr'><strong>etiam</strong></span> <span class='ocrx_word' id='word_1_459' title='bbox 647 4256 700 4309; x_wconf 93' lang='lat' dir='ltr'><strong>in</strong></span> <span class='ocrx_word' id='word_1_460' title='bbox 729 4254 833 4307; x_wconf 89' lang='lat' dir='ltr'><strong>hoc</strong></span> <span class='ocrx_word' id='word_1_461' title='bbox 859 4270 873 4318; x_wconf 88' lang='lat'><strong>;</strong></span> <span class='ocrx_word' id='word_1_462' title='bbox 907 4253 952 4307; x_wconf 90' lang='lat' dir='ltr'><strong>si</strong></span> <span class='ocrx_word' id='word_1_463' title='bbox 983 4253 1127 4306; x_wconf 90' lang='lat' dir='ltr'><strong>enim</strong></span> <span class='ocrx_word' id='word_1_464' title='bbox 1159 4254 1267 4306; x_wconf 91' lang='lat' dir='ltr'><strong>cito</strong></span> <span class='ocrx_word' id='word_1_465' title='bbox 1299 4252 1546 4307; x_wconf 91' lang='lat' dir='ltr'><strong>conversi</strong></span> <span class='ocrx_word' id='word_1_466' title='bbox 1590 4253 1790 4308; x_wconf 83' lang='lat' dir='ltr'><strong>fuerint</strong></span> 
     </span>
    </p>
   </div>
   <div class='ocr_carea' id='block_1_61' title="bbox 221 4344 1785 4423">
    <p class='ocr_par' dir='ltr' id='par_1_61' title="bbox 221 4344 1785 4423">
     <span class='ocr_line' id='line_1_61' title="bbox 221 4344 1785 4423; baseline -0.006 -15"><span class='ocrx_word' id='word_1_467' title='bbox 221 4355 288 4408; x_wconf 87' lang='lat' dir='ltr'><strong>ad</strong></span> <span class='ocrx_word' id='word_1_468' title='bbox 338 4349 758 4423; x_wconf 66' lang='lat' dir='ltr'><strong>paenitentiam,</strong></span> <span class='ocrx_word' id='word_1_469' title='bbox 802 4353 856 4400; x_wconf 90' lang='lat' dir='ltr'><strong>et</strong></span> <span class='ocrx_word' id='word_1_470' title='bbox 899 4344 1093 4398; x_wconf 68' lang='lat' dir='ltr'><strong>futurm</strong></span> <span class='ocrx_word' id='word_1_471' title='bbox 1132 4358 1304 4413; x_wconf 81' lang='lat' dir='ltr'><strong>poenae</strong></span> <span class='ocrx_word' id='word_1_472' title='bbox 1358 4344 1785 4401; x_wconf 89' lang='lat' dir='ltr'><strong>recordationem</strong></span> 
     </span>
    </p>
   </div>
   <div class='ocr_carea' id='block_1_62' title="bbox 223 4435 1789 4513">
    <p class='ocr_par' dir='ltr' id='par_1_62' title="bbox 223 4435 1789 4513">
     <span class='ocr_line' id='line_1_62' title="bbox 223 4435 1789 4513; baseline -0.006 -13"><span class='ocrx_word' id='word_1_473' title='bbox 223 4443 577 4513; x_wconf 89' lang='lat' dir='ltr'><strong>conceperint</strong></span> <span class='ocrx_word' id='word_1_474' title='bbox 624 4455 687 4494; x_wconf 91' lang='lat' dir='ltr'><strong>ac</strong></span> <span class='ocrx_word' id='word_1_475' title='bbox 736 4446 970 4498; x_wconf 90' lang='lat' dir='ltr'><strong>metum,</strong></span> <span class='ocrx_word' id='word_1_476' title='bbox 1023 4437 1305 4491; x_wconf 89' lang='lat' dir='ltr'><strong>conversis</strong></span> <span class='ocrx_word' id='word_1_477' title='bbox 1357 4435 1425 4489; x_wconf 91' lang='lat' dir='ltr'><strong>ad</strong></span> <span class='ocrx_word' id='word_1_478' title='bbox 1474 4435 1642 4490; x_wconf 91' lang='lat' dir='ltr'><strong>Deum</strong></span> <span class='ocrx_word' id='word_1_479' title='bbox 1694 4452 1789 4506; x_wconf 89' lang='lat' dir='ltr'><strong>per</strong></span> 
     </span>
    </p>
   </div>
   <div class='ocr_carea' id='block_1_63' title="bbox 222 4528 1487 4608">
    <p class='ocr_par' dir='ltr' id='par_1_63' title="bbox 222 4528 1487 4608">
     <span class='ocr_line' id='line_1_63' title="bbox 222 4528 1487 4608; baseline -0.007 -18"><span class='ocrx_word' id='word_1_480' title='bbox 222 4538 454 4608; x_wconf 83' lang='lat' dir='ltr'><strong>gratiam</strong></span> <span class='ocrx_word' id='word_1_481' title='bbox 484 4531 737 4603; x_wconf 90' lang='lat' dir='ltr'><strong>baptismi</strong></span> <span class='ocrx_word' id='word_1_482' title='bbox 772 4528 1059 4583; x_wconf 88' lang='lat' dir='ltr'><strong>resolvitur</strong></span> <span class='ocrx_word' id='word_1_483' title='bbox 1086 4541 1245 4596; x_wconf 76' lang='lat' dir='ltr'><strong>poena</strong></span> <span class='ocrx_word' id='word_1_484' title='bbox 1276 4528 1487 4582; x_wconf 89' lang='lat' dir='ltr'><strong>mortis.</strong></span> 
     </span>
    </p>
   </div>
   <div class='ocr_carea' id='block_1_64' title="bbox 294 4617 1782 4690">
    <p class='ocr_par' dir='ltr' id='par_1_64' title="bbox 294 4617 1782 4690">
     <span class='ocr_line' id='line_1_64' title="bbox 294 4617 1782 4690; baseline -0.007 -7"><span class='ocrx_word' id='word_1_485' title='bbox 294 4626 435 4683; x_wconf 77' lang='lat' dir='ltr'><strong>XIII.</strong></span> <span class='ocrx_word' id='word_1_486' title='bbox 479 4624 585 4680; x_wconf 89' lang='lat' dir='ltr'><strong>Sed</strong></span> <span class='ocrx_word' id='word_1_487' title='bbox 630 4622 773 4677; x_wconf 91' lang='lat' dir='ltr'><strong>dicet</strong></span> <span class='ocrx_word' id='word_1_488' title='bbox 813 4620 979 4690; x_wconf 88' lang='lat' dir='ltr'><strong>quis:</strong></span> <span class='ocrx_word' id='word_1_489' title='bbox 1026 4617 1179 4671; x_wconf 86' lang='lat' dir='ltr'><strong>Multi</strong></span> <span class='ocrx_word' id='word_1_490' title='bbox 1222 4626 1275 4673; x_wconf 90' lang='lat' dir='ltr'><strong>et</strong></span> <span class='ocrx_word' id='word_1_491' title='bbox 1329 4619 1679 4674; x_wconf 89' lang='lat' dir='ltr'><strong>homicidium</strong></span> <span class='ocrx_word' id='word_1_492' title='bbox 1730 4626 1782 4672; x_wconf 88' lang='lat' dir='ltr'><strong>et</strong></span> 
     </span>
    </p>
   </div>
   <div class='ocr_carea' id='block_1_65' title="bbox 225 4709 1781 4776">
    <p class='ocr_par' dir='ltr' id='par_1_65' title="bbox 225 4709 1781 4776">
     <span class='ocr_line' id='line_1_65' title="bbox 225 4709 1781 4776; baseline -0.01 0"><span class='ocrx_word' id='word_1_493' title='bbox 225 4719 553 4776; x_wconf 84' lang='lat' dir='ltr'><strong>adulterium</strong></span> <span class='ocrx_word' id='word_1_494' title='bbox 588 4725 642 4770; x_wconf 90' lang='lat' dir='ltr'><strong>et</strong></span> <span class='ocrx_word' id='word_1_495' title='bbox 673 4714 777 4768; x_wconf 93' lang='lat' dir='ltr'><strong>alia</strong></span> <span class='ocrx_word' id='word_1_496' title='bbox 820 4711 1025 4766; x_wconf 89' lang='lat' dir='ltr'><strong>scelera</strong></span> <span class='ocrx_word' id='word_1_497' title='bbox 1072 4710 1500 4770; x_wconf 88' lang='lat' dir='ltr'><strong>commiserunt,</strong></span> <span class='ocrx_word' id='word_1_498' title='bbox 1544 4718 1597 4764; x_wconf 90' lang='lat' dir='ltr'><strong>et</strong></span> <span class='ocrx_word' id='word_1_499' title='bbox 1646 4709 1781 4763; x_wconf 87' lang='lat' dir='ltr'><strong>nihil</strong></span> 
     </span>
    </p>
   </div>
   <div class='ocr_carea' id='block_1_66' title="bbox 224 4800 1781 4880">
    <p class='ocr_par' dir='ltr' id='par_1_66' title="bbox 224 4800 1781 4880">
     <span class='ocr_line' id='line_1_66' title="bbox 224 4800 1781 4880; baseline -0.008 -14"><span class='ocrx_word' id='word_1_500' title='bbox 224 4813 350 4866; x_wconf 90' lang='lat' dir='ltr'><strong>mali</strong></span> <span class='ocrx_word' id='word_1_501' title='bbox 386 4810 532 4880; x_wconf 88' lang='lat' dir='ltr'><strong>passi</strong></span> <span class='ocrx_word' id='word_1_502' title='bbox 565 4813 713 4863; x_wconf 89' lang='lat' dir='ltr'><strong>sunt.</strong></span> <span class='ocrx_word' id='word_1_503' title='bbox 747 4803 859 4857; x_wconf 84' lang='lat' dir='ltr'><strong>Hoc</strong></span> <span class='ocrx_word' id='word_1_504' title='bbox 890 4801 1111 4872; x_wconf 89' lang='lat' dir='ltr'><strong>quidem</strong></span> <span class='ocrx_word' id='word_1_505' title='bbox 1143 4816 1269 4855; x_wconf 91' lang='lat' dir='ltr'><strong>raro</strong></span> <span class='ocrx_word' id='word_1_506' title='bbox 1302 4800 1503 4855; x_wconf 85' lang='lat' dir='ltr'><strong>accidit</strong></span> <span class='ocrx_word' id='word_1_507' title='bbox 1547 4800 1781 4854; x_wconf 90' lang='lat' dir='ltr'><strong>homini-</strong></span> 
     </span>
    </p>
   </div>
   <div class='ocr_carea' id='block_1_67' title="bbox 225 4892 1782 4966">
    <p class='ocr_par' dir='ltr' id='par_1_67' title="bbox 225 4892 1782 4966">
     <span class='ocr_line' id='line_1_67' title="bbox 225 4892 1782 4966; baseline -0.008 -7"><span class='ocrx_word' id='word_1_508' title='bbox 225 4906 325 4959; x_wconf 91' lang='lat' dir='ltr'><strong>bus</strong></span> <span class='ocrx_word' id='word_1_509' title='bbox 347 4944 362 4966; x_wconf 95' lang='lat'><strong>,</strong></span> <span class='ocrx_word' id='word_1_510' title='bbox 396 4910 576 4956; x_wconf 90' lang='lat' dir='ltr'><strong>tamen</strong></span> <span class='ocrx_word' id='word_1_511' title='bbox 608 4896 980 4953; x_wconf 89' lang='lat' dir='ltr'><strong>nescientibus</strong></span> <span class='ocrx_word' id='word_1_512' title='bbox 1009 4894 1297 4949; x_wconf 90' lang='lat' dir='ltr'><strong>consilium</strong></span> <span class='ocrx_word' id='word_1_513' title='bbox 1333 4892 1422 4947; x_wconf 89' lang='lat' dir='ltr'><strong>Dei</strong></span> <span class='ocrx_word' id='word_1_514' title='bbox 1471 4892 1782 4963; x_wconf 87' lang='lat' dir='ltr'><strong>frequenter</strong></span> 
     </span>
    </p>
   </div>
   <div class='ocr_carea' id='block_1_68' title="bbox 224 4984 1775 5056">
    <p class='ocr_par' dir='ltr' id='par_1_68' title="bbox 224 4984 1775 5056">
     <span class='ocr_line' id='line_1_68' title="bbox 224 4984 1775 5056; baseline -0.009 -4"><span class='ocrx_word' id='word_1_515' title='bbox 224 4996 437 5052; x_wconf 90' lang='lat' dir='ltr'><strong>videtur</strong></span> <span class='ocrx_word' id='word_1_516' title='bbox 466 4990 751 5055; x_wconf 88' lang='lat' dir='ltr'><strong>accidere;</strong></span> <span class='ocrx_word' id='word_1_517' title='bbox 783 4986 924 5043; x_wconf 87' lang='lat' dir='ltr'><strong>Deus</strong></span> <span class='ocrx_word' id='word_1_518' title='bbox 956 4993 1137 5041; x_wconf 90' lang='lat' dir='ltr'><strong>autem</strong></span> <span class='ocrx_word' id='word_1_519' title='bbox 1171 4984 1265 5056; x_wconf 90' lang='lat' dir='ltr'><strong>qui</strong></span> <span class='ocrx_word' id='word_1_520' title='bbox 1298 4985 1447 5039; x_wconf 90' lang='lat' dir='ltr'><strong>novit</strong></span> <span class='ocrx_word' id='word_1_521' title='bbox 1478 4985 1736 5040; x_wconf 90' lang='lat' dir='ltr'><strong>universa</strong></span> <span class='ocrx_word' id='word_1_522' title='bbox 1760 5026 1775 5050; x_wconf 92' lang='lat'><strong>,</strong></span> 
     </span>
    </p>
   </div>
   <div class='ocr_carea' id='block_1_69' title="bbox 1893 1871 3455 1945">
    <p class='ocr_par' dir='ltr' id='par_1_69' title="bbox 1893 1871 3455 1945">
     <span class='ocr_line' id='line_1_69' title="bbox 1893 1871 3455 1945; baseline -0.005 -16"><span class='ocrx_word' id='word_1_523' title='bbox 1893 1876 2273 1944; x_wconf 85' lang='lat' dir='ltr'><strong>stigationibus</strong></span> <span class='ocrx_word' id='word_1_524' title='bbox 2294 1915 2309 1939; x_wconf 92' lang='lat'><strong>,</strong></span> <span class='ocrx_word' id='word_1_525' title='bbox 2346 1875 2439 1929; x_wconf 91' lang='lat' dir='ltr'><strong>sed</strong></span> <span class='ocrx_word' id='word_1_526' title='bbox 2470 1891 2589 1945; x_wconf 73' lang='lat' dir='ltr'><strong>qua:</strong></span> <span class='ocrx_word' id='word_1_527' title='bbox 2616 1875 2803 1929; x_wconf 83' lang='lat' dir='ltr'><strong>aeterni</strong></span> <span class='ocrx_word' id='word_1_528' title='bbox 2838 1873 2977 1941; x_wconf 90' lang='lat' dir='ltr'><strong>ignis</strong></span> <span class='ocrx_word' id='word_1_529' title='bbox 3009 1872 3062 1924; x_wconf 91' lang='lat' dir='ltr'><strong>in</strong></span> <span class='ocrx_word' id='word_1_530' title='bbox 3094 1871 3307 1924; x_wconf 88' lang='lat' dir='ltr'><strong>inferno</strong></span> <span class='ocrx_word' id='word_1_531' title='bbox 3338 1871 3455 1923; x_wconf 82' lang='lat' dir='ltr'><strong>exi-</strong></span> 
     </span>
    </p>
   </div>
   <div class='ocr_carea' id='block_1_70' title="bbox 1889 1962 3455 2037">
    <p class='ocr_par' dir='ltr' id='par_1_70' title="bbox 1889 1962 3455 2037">
     <span class='ocr_line' id='line_1_70' title="bbox 1889 1962 3455 2037; baseline -0.004 -18"><span class='ocrx_word' id='word_1_532' title='bbox 1889 1976 1979 2037; x_wconf 85' lang='lat' dir='ltr'><strong>gat</strong></span> <span class='ocrx_word' id='word_1_533' title='bbox 2012 1982 2234 2036; x_wconf 73' lang='lat' dir='ltr'><strong>pmnas,</strong></span> <span class='ocrx_word' id='word_1_534' title='bbox 2268 1982 2497 2036; x_wconf 88' lang='lat' dir='ltr'><strong>quorum</strong></span> <span class='ocrx_word' id='word_1_535' title='bbox 2537 1966 2729 2020; x_wconf 65' lang='lat' dir='ltr'><strong>anima:</strong></span> <span class='ocrx_word' id='word_1_536' title='bbox 2774 1965 2847 2018; x_wconf 93' lang='lat' dir='ltr'><strong>ibi</strong></span> <span class='ocrx_word' id='word_1_537' title='bbox 2891 1962 3263 2032; x_wconf 65' lang='lat' dir='ltr'><strong>paenitentiam</strong></span> <span class='ocrx_word' id='word_1_538' title='bbox 3308 1976 3455 2031; x_wconf 65' lang='lat' dir='ltr'><strong>quae-</strong></span> 
     </span>
    </p>
   </div>
   <div class='ocr_carea' id='block_1_71' title="bbox 1890 2058 2888 2128">
    <p class='ocr_par' dir='ltr' id='par_1_71' title="bbox 1890 2058 2888 2128">
     <span class='ocr_line' id='line_1_71' title="bbox 1890 2058 2888 2128; baseline -0.001 -17"><span class='ocrx_word' id='word_1_539' title='bbox 1890 2066 2045 2121; x_wconf 84' lang='lat' dir='ltr'><strong>rent,</strong></span> <span class='ocrx_word' id='word_1_540' title='bbox 2080 2058 2167 2111; x_wconf 92' lang='lat' dir='ltr'><strong>ubi</strong></span> <span class='ocrx_word' id='word_1_541' title='bbox 2204 2058 2445 2113; x_wconf 90' lang='lat' dir='ltr'><strong>invenire</strong></span> <span class='ocrx_word' id='word_1_542' title='bbox 2477 2074 2585 2112; x_wconf 87' lang='lat' dir='ltr'><strong>non</strong></span> <span class='ocrx_word' id='word_1_543' title='bbox 2616 2064 2888 2128; x_wconf 89' lang='lat' dir='ltr'><strong>poterunt.</strong></span> 
     </span>
    </p>
   </div>
   <div class='ocr_carea' id='block_1_72' title="bbox 1962 2146 3453 2219">
    <p class='ocr_par' dir='ltr' id='par_1_72' title="bbox 1962 2146 3453 2219">
     <span class='ocr_line' id='line_1_72' title="bbox 1962 2146 3453 2219; baseline -0.002 -16"><span class='ocrx_word' id='word_1_544' title='bbox 1962 2149 2099 2205; x_wconf 73' lang='lat' dir='ltr'><strong>XIV.</strong></span> <span class='ocrx_word' id='word_1_545' title='bbox 2139 2150 2295 2215; x_wconf 87' lang='lat' dir='ltr'><strong>Quod</strong></span> <span class='ocrx_word' id='word_1_546' title='bbox 2325 2150 2371 2205; x_wconf 91' lang='lat' dir='ltr'><strong>si</strong></span> <span class='ocrx_word' id='word_1_547' title='bbox 2402 2151 2455 2204; x_wconf 91' lang='lat' dir='ltr'><strong>in</strong></span> <span class='ocrx_word' id='word_1_548' title='bbox 2488 2151 2590 2204; x_wconf 92' lang='lat' dir='ltr'><strong>hac</strong></span> <span class='ocrx_word' id='word_1_549' title='bbox 2617 2151 2723 2203; x_wconf 91' lang='lat' dir='ltr'><strong>vita</strong></span> <span class='ocrx_word' id='word_1_550' title='bbox 2758 2148 2918 2219; x_wconf 89' lang='lat' dir='ltr'><strong>positi</strong></span> <span class='ocrx_word' id='word_1_551' title='bbox 2952 2148 3073 2202; x_wconf 90' lang='lat' dir='ltr'><strong>illas</strong></span> <span class='ocrx_word' id='word_1_552' title='bbox 3099 2162 3234 2217; x_wconf 89' lang='lat' dir='ltr'><strong>quas</strong></span> <span class='ocrx_word' id='word_1_553' title='bbox 3262 2146 3331 2200; x_wconf 93' lang='lat' dir='ltr'><strong>ibi</strong></span> <span class='ocrx_word' id='word_1_554' title='bbox 3358 2162 3453 2215; x_wconf 86' lang='lat' dir='ltr'><strong>pa-</strong></span> 
     </span>
    </p>
   </div>
   <div class='ocr_carea' id='block_1_73' title="bbox 1893 2240 3453 2312">
    <p class='ocr_par' dir='ltr' id='par_1_73' title="bbox 1893 2240 3453 2312">
     <span class='ocr_line' id='line_1_73' title="bbox 1893 2240 3453 2312; baseline -0.003 -17"><span class='ocrx_word' id='word_1_555' title='bbox 1893 2243 2099 2297; x_wconf 89' lang='lat' dir='ltr'><strong>tientur</strong></span> <span class='ocrx_word' id='word_1_556' title='bbox 2131 2258 2353 2312; x_wconf 75' lang='lat' dir='ltr'><strong>pmnas,</strong></span> <span class='ocrx_word' id='word_1_557' title='bbox 2387 2250 2513 2297; x_wconf 91' lang='lat' dir='ltr'><strong>ante</strong></span> <span class='ocrx_word' id='word_1_558' title='bbox 2552 2243 2739 2295; x_wconf 89' lang='lat' dir='ltr'><strong>oculos</strong></span> <span class='ocrx_word' id='word_1_559' title='bbox 2781 2241 3129 2310; x_wconf 88' lang='lat' dir='ltr'><strong>posuissent,</strong></span> <span class='ocrx_word' id='word_1_560' title='bbox 3177 2240 3453 2293; x_wconf 82' lang='lat' dir='ltr'><strong>ref&#39;renas-</strong></span> 
     </span>
    </p>
   </div>
   <div class='ocr_carea' id='block_1_74' title="bbox 1890 2330 3450 2406">
    <p class='ocr_par' dir='ltr' id='par_1_74' title="bbox 1890 2330 3450 2406">
     <span class='ocr_line' id='line_1_74' title="bbox 1890 2330 3450 2406; baseline -0.005 -16"><span class='ocrx_word' id='word_1_561' title='bbox 1890 2344 2011 2390; x_wconf 90' lang='lat' dir='ltr'><strong>seut</strong></span> <span class='ocrx_word' id='word_1_562' title='bbox 2048 2335 2236 2406; x_wconf 91' lang='lat' dir='ltr'><strong>utique</strong></span> <span class='ocrx_word' id='word_1_563' title='bbox 2264 2335 2533 2389; x_wconf 89' lang='lat' dir='ltr'><strong>desideria</strong></span> <span class='ocrx_word' id='word_1_564' title='bbox 2566 2342 2619 2389; x_wconf 90' lang='lat' dir='ltr'><strong>et</strong></span> <span class='ocrx_word' id='word_1_565' title='bbox 2650 2335 2800 2388; x_wconf 90' lang='lat' dir='ltr'><strong>nullo</strong></span> <span class='ocrx_word' id='word_1_566' title='bbox 2831 2341 2990 2401; x_wconf 83' lang='lat' dir='ltr'><strong>pacto</strong></span> <span class='ocrx_word' id='word_1_567' title='bbox 3037 2330 3365 2386; x_wconf 90' lang='lat' dir='ltr'><strong>decidissent</strong></span> <span class='ocrx_word' id='word_1_568' title='bbox 3396 2331 3450 2382; x_wconf 92' lang='lat' dir='ltr'><strong>in</strong></span> 
     </span>
    </p>
   </div>
   <div class='ocr_carea' id='block_1_75' title="bbox 1888 2420 3451 2497">
    <p class='ocr_par' dir='ltr' id='par_1_75' title="bbox 1888 2420 3451 2497">
     <span class='ocr_line' id='line_1_75' title="bbox 1888 2420 3451 2497; baseline -0.006 -15"><span class='ocrx_word' id='word_1_569' title='bbox 1888 2438 2188 2497; x_wconf 84' lang='lat' dir='ltr'><strong>peccatum.</strong></span> <span class='ocrx_word' id='word_1_570' title='bbox 2227 2425 2449 2479; x_wconf 78' lang='lat' dir='ltr'><strong>Multum</strong></span> <span class='ocrx_word' id='word_1_571' title='bbox 2484 2427 2624 2479; x_wconf 89' lang='lat' dir='ltr'><strong>enim</strong></span> <span class='ocrx_word' id='word_1_572' title='bbox 2659 2432 2836 2494; x_wconf 84' lang='lat' dir='ltr'><strong>potest</strong></span> <span class='ocrx_word' id='word_1_573' title='bbox 2868 2438 3062 2477; x_wconf 85' lang='lat' dir='ltr'><strong>sensus</strong></span> <span class='ocrx_word' id='word_1_574' title='bbox 3093 2422 3144 2475; x_wconf 93' lang='lat' dir='ltr'><strong>in</strong></span> <span class='ocrx_word' id='word_1_575' title='bbox 3176 2421 3352 2474; x_wconf 91' lang='lat' dir='ltr'><strong>anima</strong></span> <span class='ocrx_word' id='word_1_576' title='bbox 3384 2420 3451 2473; x_wconf 87' lang='lat' dir='ltr'><strong>ad</strong></span> 
     </span>
    </p>
   </div>
   <div class='ocr_carea' id='block_1_76' title="bbox 1888 2511 3449 2584">
    <p class='ocr_par' dir='ltr' id='par_1_76' title="bbox 1888 2511 3449 2584">
     <span class='ocr_line' id='line_1_76' title="bbox 1888 2511 3449 2584; baseline -0.004 -16"><span class='ocrx_word' id='word_1_577' title='bbox 1888 2517 2217 2571; x_wconf 84' lang='lat' dir='ltr'><strong>resecandas</strong></span> <span class='ocrx_word' id='word_1_578' title='bbox 2246 2530 2437 2569; x_wconf 91' lang='lat' dir='ltr'><strong>omnes</strong></span> <span class='ocrx_word' id='word_1_579' title='bbox 2483 2515 2599 2584; x_wconf 82' lang='lat' dir='ltr'><strong>ejus</strong></span> <span class='ocrx_word' id='word_1_580' title='bbox 2642 2513 2997 2582; x_wconf 87' lang='lat' dir='ltr'><strong>cupiditates,</strong></span> <span class='ocrx_word' id='word_1_581' title='bbox 3046 2511 3279 2564; x_wconf 82' lang='lat' dir='ltr'><strong>maxime</strong></span> <span class='ocrx_word' id='word_1_582' title='bbox 3327 2525 3449 2563; x_wconf 87' lang='lat' dir='ltr'><strong>cum</strong></span> 
     </span>
    </p>
   </div>
   <div class='ocr_carea' id='block_1_77' title="bbox 1888 2600 3452 2675">
    <p class='ocr_par' dir='ltr' id='par_1_77' title="bbox 1888 2600 3452 2675">
     <span class='ocr_line' id='line_1_77' title="bbox 1888 2600 3452 2675; baseline -0.004 -14"><span class='ocrx_word' id='word_1_583' title='bbox 1888 2607 2193 2661; x_wconf 78' lang='lat' dir='ltr'><strong>cmlestium</strong></span> <span class='ocrx_word' id='word_1_584' title='bbox 2263 2606 2547 2661; x_wconf 88' lang='lat' dir='ltr'><strong>scientiam</strong></span> <span class='ocrx_word' id='word_1_585' title='bbox 2605 2606 2843 2675; x_wconf 88' lang='lat' dir='ltr'><strong>ceperit,</strong></span> <span class='ocrx_word' id='word_1_586' title='bbox 2896 2619 2991 2674; x_wconf 92' lang='lat' dir='ltr'><strong>per</strong></span> <span class='ocrx_word' id='word_1_587' title='bbox 3039 2619 3199 2672; x_wconf 89' lang='lat' dir='ltr'><strong>quam</strong></span> <span class='ocrx_word' id='word_1_588' title='bbox 3248 2600 3452 2655; x_wconf 87' lang='lat' dir='ltr'><strong>lumine</strong></span> 
     </span>
    </p>
   </div>
   <div class='ocr_carea' id='block_1_78' title="bbox 1886 2692 3448 2768">
    <p class='ocr_par' dir='ltr' id='par_1_78' title="bbox 1886 2692 3448 2768">
     <span class='ocr_line' id='line_1_78' title="bbox 1886 2692 3448 2768; baseline -0.008 -14"><span class='ocrx_word' id='word_1_589' title='bbox 1886 2699 2131 2754; x_wconf 80' lang='lat' dir='ltr'><strong>veritatis</strong></span> <span class='ocrx_word' id='word_1_590' title='bbox 2163 2707 2425 2768; x_wconf 88' lang='lat' dir='ltr'><strong>accepto,</strong></span> <span class='ocrx_word' id='word_1_591' title='bbox 2481 2696 2550 2751; x_wconf 93' lang='lat' dir='ltr'><strong>ab</strong></span> <span class='ocrx_word' id='word_1_592' title='bbox 2597 2696 2748 2750; x_wconf 90' lang='lat' dir='ltr'><strong>omni</strong></span> <span class='ocrx_word' id='word_1_593' title='bbox 2800 2695 3132 2751; x_wconf 87' lang='lat' dir='ltr'><strong>obscuritate</strong></span> <span class='ocrx_word' id='word_1_594' title='bbox 3181 2692 3448 2745; x_wconf 89' lang='lat' dir='ltr'><strong>malorum</strong></span> 
     </span>
    </p>
   </div>
   <div class='ocr_carea' id='block_1_79' title="bbox 1886 2781 3450 2845">
    <p class='ocr_par' dir='ltr' id='par_1_79' title="bbox 1886 2781 3450 2845">
     <span class='ocr_line' id='line_1_79' title="bbox 1886 2781 3450 2845; baseline -0.007 0"><span class='ocrx_word' id='word_1_595' title='bbox 1886 2798 2105 2845; x_wconf 85' lang='lat' dir='ltr'><strong>actuum</strong></span> <span class='ocrx_word' id='word_1_596' title='bbox 2145 2788 2459 2843; x_wconf 89' lang='lat' dir='ltr'><strong>declinabit.</strong></span> <span class='ocrx_word' id='word_1_597' title='bbox 2498 2785 2652 2840; x_wconf 88' lang='lat' dir='ltr'><strong>Sicut</strong></span> <span class='ocrx_word' id='word_1_598' title='bbox 2701 2786 2845 2841; x_wconf 92' lang='lat' dir='ltr'><strong>enim</strong></span> <span class='ocrx_word' id='word_1_599' title='bbox 2896 2786 2978 2840; x_wconf 92' lang='lat' dir='ltr'><strong>sol</strong></span> <span class='ocrx_word' id='word_1_600' title='bbox 3028 2798 3217 2838; x_wconf 90' lang='lat' dir='ltr'><strong>omnes</strong></span> <span class='ocrx_word' id='word_1_601' title='bbox 3264 2781 3450 2835; x_wconf 89' lang='lat' dir='ltr'><strong>stellas</strong></span> 
     </span>
    </p>
   </div>
   <div class='ocr_carea' id='block_1_80' title="bbox 1887 2871 3452 2951">
    <p class='ocr_par' dir='ltr' id='par_1_80' title="bbox 1887 2871 3452 2951">
     <span class='ocr_line' id='line_1_80' title="bbox 1887 2871 3452 2951; baseline -0.008 -14"><span class='ocrx_word' id='word_1_602' title='bbox 1887 2882 2177 2951; x_wconf 81' lang='lat' dir='ltr'><strong>splendore</strong></span> <span class='ocrx_word' id='word_1_603' title='bbox 2219 2881 2304 2934; x_wconf 91' lang='lat' dir='ltr'><strong>sui</strong></span> <span class='ocrx_word' id='word_1_604' title='bbox 2347 2879 2578 2950; x_wconf 87' lang='lat' dir='ltr'><strong>fulgoris</strong></span> <span class='ocrx_word' id='word_1_605' title='bbox 2623 2877 2877 2932; x_wconf 90' lang='lat' dir='ltr'><strong>obtundit</strong></span> <span class='ocrx_word' id='word_1_606' title='bbox 2907 2883 2960 2929; x_wconf 90' lang='lat' dir='ltr'><strong>et</strong></span> <span class='ocrx_word' id='word_1_607' title='bbox 2989 2874 3265 2943; x_wconf 89' lang='lat' dir='ltr'><strong>contegit,</strong></span> <span class='ocrx_word' id='word_1_608' title='bbox 3300 2871 3370 2923; x_wconf 87' lang='lat' dir='ltr'><strong>ita</strong></span> <span class='ocrx_word' id='word_1_609' title='bbox 3398 2880 3452 2925; x_wconf 90' lang='lat' dir='ltr'><strong>et</strong></span> 
     </span>
    </p>
   </div>
   <div class='ocr_carea' id='block_1_81' title="bbox 1886 2964 3449 3043">
    <p class='ocr_par' dir='ltr' id='par_1_81' title="bbox 1886 2964 3449 3043">
     <span class='ocr_line' id='line_1_81' title="bbox 1886 2964 3449 3043; baseline -0.006 -16"><span class='ocrx_word' id='word_1_610' title='bbox 1886 2989 2040 3029; x_wconf 89' lang='lat' dir='ltr'><strong>mens</strong></span> <span class='ocrx_word' id='word_1_611' title='bbox 2085 2989 2181 3043; x_wconf 91' lang='lat' dir='ltr'><strong>per</strong></span> <span class='ocrx_word' id='word_1_612' title='bbox 2228 2973 2469 3028; x_wconf 72' lang='lat' dir='ltr'><strong>scientiae</strong></span> <span class='ocrx_word' id='word_1_613' title='bbox 2514 2973 2688 3027; x_wconf 92' lang='lat' dir='ltr'><strong>lucem</strong></span> <span class='ocrx_word' id='word_1_614' title='bbox 2736 2984 2928 3025; x_wconf 91' lang='lat' dir='ltr'><strong>omnes</strong></span> <span class='ocrx_word' id='word_1_615' title='bbox 2973 2964 3449 3036; x_wconf 84' lang='lat' dir='ltr'><strong>concupiscentias</strong></span> 
     </span>
    </p>
   </div>
   <div class='ocr_carea' id='block_1_82' title="bbox 1889 3057 3448 3127">
    <p class='ocr_par' dir='ltr' id='par_1_82' title="bbox 1889 3057 3448 3127">
     <span class='ocr_line' id='line_1_82' title="bbox 1889 3057 3448 3127; baseline -0.006 -8"><span class='ocrx_word' id='word_1_616' title='bbox 1889 3066 2081 3120; x_wconf 66' lang='lat' dir='ltr'><strong>animae</strong></span> <span class='ocrx_word' id='word_1_617' title='bbox 2114 3065 2414 3121; x_wconf 80' lang='lat' dir='ltr'><strong>inefficaces</strong></span> <span class='ocrx_word' id='word_1_618' title='bbox 2442 3065 2619 3121; x_wconf 90' lang='lat' dir='ltr'><strong>reddit</strong></span> <span class='ocrx_word' id='word_1_619' title='bbox 2660 3071 2714 3119; x_wconf 92' lang='lat' dir='ltr'><strong>et</strong></span> <span class='ocrx_word' id='word_1_620' title='bbox 2757 3064 2997 3124; x_wconf 89' lang='lat' dir='ltr'><strong>otiosas,</strong></span> <span class='ocrx_word' id='word_1_621' title='bbox 3047 3060 3212 3113; x_wconf 89' lang='lat' dir='ltr'><strong>futuri</strong></span> <span class='ocrx_word' id='word_1_622' title='bbox 3255 3057 3448 3127; x_wconf 89' lang='lat' dir='ltr'><strong>judicii</strong></span> 
     </span>
    </p>
   </div>
   <div class='ocr_carea' id='block_1_83' title="bbox 1886 3147 3449 3227">
    <p class='ocr_par' dir='ltr' id='par_1_83' title="bbox 1886 3147 3449 3227">
     <span class='ocr_line' id='line_1_83' title="bbox 1886 3147 3449 3227; baseline -0.006 -17"><span class='ocrx_word' id='word_1_623' title='bbox 1886 3158 2201 3212; x_wconf 87' lang='lat' dir='ltr'><strong>memoriam</strong></span> <span class='ocrx_word' id='word_1_624' title='bbox 2246 3173 2409 3227; x_wconf 90' lang='lat' dir='ltr'><strong>super</strong></span> <span class='ocrx_word' id='word_1_625' title='bbox 2454 3172 2547 3212; x_wconf 88' lang='lat' dir='ltr'><strong>eas</strong></span> <span class='ocrx_word' id='word_1_626' title='bbox 2590 3163 2849 3225; x_wconf 88' lang='lat' dir='ltr'><strong>tanquam</strong></span> <span class='ocrx_word' id='word_1_627' title='bbox 2896 3152 3079 3206; x_wconf 88' lang='lat' dir='ltr'><strong>radios</strong></span> <span class='ocrx_word' id='word_1_628' title='bbox 3123 3165 3252 3206; x_wconf 90' lang='lat' dir='ltr'><strong>suos</strong></span> <span class='ocrx_word' id='word_1_629' title='bbox 3293 3147 3449 3219; x_wconf 80' lang='lat' dir='ltr'><strong>emit-</strong></span> 
     </span>
    </p>
   </div>
   <div class='ocr_carea' id='block_1_84' title="bbox 1886 3239 3449 3317">
    <p class='ocr_par' dir='ltr' id='par_1_84' title="bbox 1886 3239 3449 3317">
     <span class='ocr_line' id='line_1_84' title="bbox 1886 3239 3449 3317; baseline -0.006 -16"><span class='ocrx_word' id='word_1_630' title='bbox 1886 3254 2041 3314; x_wconf 91' lang='lat' dir='ltr'><strong>tens,</strong></span> <span class='ocrx_word' id='word_1_631' title='bbox 2086 3249 2161 3302; x_wconf 88' lang='lat' dir='ltr'><strong>ita</strong></span> <span class='ocrx_word' id='word_1_632' title='bbox 2203 3256 2262 3302; x_wconf 90' lang='lat' dir='ltr'><strong>ut</strong></span> <span class='ocrx_word' id='word_1_633' title='bbox 2303 3264 2370 3303; x_wconf 88' lang='lat' dir='ltr'><strong>ne</strong></span> <span class='ocrx_word' id='word_1_634' title='bbox 2406 3262 2670 3317; x_wconf 83' lang='lat' dir='ltr'><strong>apparere</strong></span> <span class='ocrx_word' id='word_1_635' title='bbox 2712 3246 2932 3315; x_wconf 91' lang='lat' dir='ltr'><strong>quidem</strong></span> <span class='ocrx_word' id='word_1_636' title='bbox 2981 3244 3121 3297; x_wconf 89' lang='lat' dir='ltr'><strong>ultra</strong></span> <span class='ocrx_word' id='word_1_637' title='bbox 3166 3241 3219 3295; x_wconf 93' lang='lat' dir='ltr'><strong>in</strong></span> <span class='ocrx_word' id='word_1_638' title='bbox 3268 3239 3449 3294; x_wconf 89' lang='lat' dir='ltr'><strong>anima</strong></span> 
     </span>
    </p>
   </div>
   <div class='ocr_carea' id='block_1_85' title="bbox 1885 3349 2109 3408">
    <p class='ocr_par' dir='ltr' id='par_1_85' title="bbox 1885 3349 2109 3408">
     <span class='ocr_line' id='line_1_85' title="bbox 1885 3349 2109 3408; baseline 0.009 -17"><span class='ocrx_word' id='word_1_639' title='bbox 1885 3349 2109 3408; x_wconf 89' lang='lat' dir='ltr'><strong>queant.</strong></span> 
     </span>
    </p>
   </div>
   <div class='ocr_carea' id='block_1_86' title="bbox 1957 3420 3448 3497">
    <p class='ocr_par' dir='ltr' id='par_1_86' title="bbox 1957 3420 3448 3497">
     <span class='ocr_line' id='line_1_86' title="bbox 1957 3420 3448 3497; baseline -0.006 -13"><span class='ocrx_word' id='word_1_640' title='bbox 1957 3431 2071 3485; x_wconf 79' lang='lat' dir='ltr'><strong>XV.</strong></span> <span class='ocrx_word' id='word_1_641' title='bbox 2114 3429 2269 3497; x_wconf 87' lang='lat' dir='ltr'><strong>Quod</strong></span> <span class='ocrx_word' id='word_1_642' title='bbox 2314 3436 2492 3483; x_wconf 91' lang='lat' dir='ltr'><strong>autem</strong></span> <span class='ocrx_word' id='word_1_643' title='bbox 2542 3428 2707 3481; x_wconf 91' lang='lat' dir='ltr'><strong>timor</strong></span> <span class='ocrx_word' id='word_1_644' title='bbox 2748 3425 2840 3481; x_wconf 91' lang='lat' dir='ltr'><strong>Dei</strong></span> <span class='ocrx_word' id='word_1_645' title='bbox 2886 3425 3115 3480; x_wconf 79' lang='lat' dir='ltr'><strong>multum</strong></span> <span class='ocrx_word' id='word_1_646' title='bbox 3161 3422 3339 3477; x_wconf 88' lang='lat' dir='ltr'><strong>valeat</strong></span> <span class='ocrx_word' id='word_1_647' title='bbox 3381 3420 3448 3475; x_wconf 85' lang='lat' dir='ltr'><strong>ad</strong></span> 
     </span>
    </p>
   </div>
   <div class='ocr_carea' id='block_1_87' title="bbox 1886 3513 3449 3593">
    <p class='ocr_par' dir='ltr' id='par_1_87' title="bbox 1886 3513 3449 3593">
     <span class='ocr_line' id='line_1_87' title="bbox 1886 3513 3449 3593; baseline -0.006 -17"><span class='ocrx_word' id='word_1_648' title='bbox 1886 3521 2258 3593; x_wconf 89' lang='lat' dir='ltr'><strong>reprimendas</strong></span> <span class='ocrx_word' id='word_1_649' title='bbox 2286 3521 2758 3589; x_wconf 90' lang='lat' dir='ltr'><strong>concupiscentias</strong></span> <span class='ocrx_word' id='word_1_650' title='bbox 2778 3558 2791 3581; x_wconf 92' lang='lat'><strong>,</strong></span> <span class='ocrx_word' id='word_1_651' title='bbox 2818 3532 2951 3587; x_wconf 87' lang='lat' dir='ltr'><strong>cape</strong></span> <span class='ocrx_word' id='word_1_652' title='bbox 2981 3514 3204 3569; x_wconf 86' lang='lat' dir='ltr'><strong>humani</strong></span> <span class='ocrx_word' id='word_1_653' title='bbox 3237 3513 3449 3567; x_wconf 89' lang='lat' dir='ltr'><strong>timoris</strong></span> 
     </span>
    </p>
   </div>
   <div class='ocr_carea' id='block_1_88' title="bbox 1886 3605 3448 3683">
    <p class='ocr_par' dir='ltr' id='par_1_88' title="bbox 1886 3605 3448 3683">
     <span class='ocr_line' id='line_1_88' title="bbox 1886 3605 3448 3683; baseline -0.009 -14"><span class='ocrx_word' id='word_1_654' title='bbox 1886 3614 2213 3683; x_wconf 87' lang='lat' dir='ltr'><strong>exemplum.</strong></span> <span class='ocrx_word' id='word_1_655' title='bbox 2248 3611 2694 3681; x_wconf 88' lang='lat' dir='ltr'><strong>Quotusquisque</strong></span> <span class='ocrx_word' id='word_1_656' title='bbox 2722 3619 2840 3671; x_wconf 90' lang='lat' dir='ltr'><strong>est,</strong></span> <span class='ocrx_word' id='word_1_657' title='bbox 2871 3607 2963 3677; x_wconf 89' lang='lat' dir='ltr'><strong>qui</strong></span> <span class='ocrx_word' id='word_1_658' title='bbox 3010 3623 3118 3661; x_wconf 93' lang='lat' dir='ltr'><strong>non</strong></span> <span class='ocrx_word' id='word_1_659' title='bbox 3161 3606 3303 3658; x_wconf 89' lang='lat' dir='ltr'><strong>inter</strong></span> <span class='ocrx_word' id='word_1_660' title='bbox 3351 3605 3448 3656; x_wconf 90' lang='lat' dir='ltr'><strong>ho-</strong></span> 
     </span>
    </p>
   </div>
   <div class='ocr_carea' id='block_1_89' title="bbox 1886 3705 3447 3774">
    <p class='ocr_par' dir='ltr' id='par_1_89' title="bbox 1886 3705 3447 3774">
     <span class='ocr_line' id='line_1_89' title="bbox 1886 3705 3447 3774; baseline -0.006 -15"><span class='ocrx_word' id='word_1_661' title='bbox 1886 3706 2064 3761; x_wconf 91' lang='lat' dir='ltr'><strong>mines</strong></span> <span class='ocrx_word' id='word_1_662' title='bbox 2111 3705 2461 3774; x_wconf 87' lang='lat' dir='ltr'><strong>concupiscat</strong></span> <span class='ocrx_word' id='word_1_663' title='bbox 2507 3705 2712 3759; x_wconf 87' lang='lat' dir='ltr'><strong>aliena?</strong></span> <span class='ocrx_word' id='word_1_664' title='bbox 2767 3709 2820 3756; x_wconf 91' lang='lat' dir='ltr'><strong>et</strong></span> <span class='ocrx_word' id='word_1_665' title='bbox 2858 3709 3036 3755; x_wconf 90' lang='lat' dir='ltr'><strong>tamen</strong></span> <span class='ocrx_word' id='word_1_666' title='bbox 3082 3706 3226 3752; x_wconf 90' lang='lat' dir='ltr'><strong>metu</strong></span> <span class='ocrx_word' id='word_1_667' title='bbox 3274 3710 3447 3767; x_wconf 68' lang='lat' dir='ltr'><strong>pinnae</strong></span> 
     </span>
    </p>
   </div>
   <div class='ocr_carea' id='block_1_90' title="bbox 1886 3787 3449 3865">
    <p class='ocr_par' dir='ltr' id='par_1_90' title="bbox 1886 3787 3449 3865">
     <span class='ocr_line' id='line_1_90' title="bbox 1886 3787 3449 3865; baseline -0.006 -17"><span class='ocrx_word' id='word_1_668' title='bbox 1886 3811 2005 3865; x_wconf 68' lang='lat' dir='ltr'><strong>qum</strong></span> <span class='ocrx_word' id='word_1_669' title='bbox 2034 3794 2242 3863; x_wconf 90' lang='lat' dir='ltr'><strong>legibus</strong></span> <span class='ocrx_word' id='word_1_670' title='bbox 2271 3802 2474 3849; x_wconf 84' lang='lat' dir='ltr'><strong>statuta</strong></span> <span class='ocrx_word' id='word_1_671' title='bbox 2503 3802 2587 3848; x_wconf 90' lang='lat' dir='ltr'><strong>est</strong></span> <span class='ocrx_word' id='word_1_672' title='bbox 2607 3836 2621 3859; x_wconf 93' lang='lat'><strong>,</strong></span> <span class='ocrx_word' id='word_1_673' title='bbox 2653 3792 2962 3847; x_wconf 82' lang='lat' dir='ltr'><strong>refrenatur</strong></span> <span class='ocrx_word' id='word_1_674' title='bbox 2990 3800 3043 3845; x_wconf 92' lang='lat' dir='ltr'><strong>et</strong></span> <span class='ocrx_word' id='word_1_675' title='bbox 3082 3787 3449 3843; x_wconf 83' lang='lat' dir='ltr'><strong>continentius</strong></span> 
     </span>
    </p>
   </div>
   <div class='ocr_carea' id='block_1_91' title="bbox 1889 3882 3449 3957">
    <p class='ocr_par' dir='ltr' id='par_1_91' title="bbox 1889 3882 3449 3957">
     <span class='ocr_line' id='line_1_91' title="bbox 1889 3882 3449 3957; baseline -0.006 -17"><span class='ocrx_word' id='word_1_676' title='bbox 1889 3889 2018 3957; x_wconf 86' lang='lat' dir='ltr'><strong>agit.</strong></span> <span class='ocrx_word' id='word_1_677' title='bbox 2074 3886 2208 3956; x_wconf 76' lang='lat' dir='ltr'><strong>Regi</strong></span> <span class='ocrx_word' id='word_1_678' title='bbox 2259 3895 2479 3957; x_wconf 90' lang='lat' dir='ltr'><strong>propter</strong></span> <span class='ocrx_word' id='word_1_679' title='bbox 2511 3895 2713 3942; x_wconf 90' lang='lat' dir='ltr'><strong>metum</strong></span> <span class='ocrx_word' id='word_1_680' title='bbox 2744 3893 2933 3955; x_wconf 87' lang='lat' dir='ltr'><strong>gentes</strong></span> <span class='ocrx_word' id='word_1_681' title='bbox 2965 3882 3251 3951; x_wconf 89' lang='lat' dir='ltr'><strong>subjacent</strong></span> <span class='ocrx_word' id='word_1_682' title='bbox 3280 3890 3332 3933; x_wconf 89' lang='lat' dir='ltr'><strong>et</strong></span> <span class='ocrx_word' id='word_1_683' title='bbox 3362 3895 3449 3931; x_wconf 91' lang='lat' dir='ltr'><strong>ar-</strong></span> 
     </span>
    </p>
   </div>
   <div class='ocr_carea' id='block_1_92' title="bbox 1890 3970 3447 4047">
    <p class='ocr_par' dir='ltr' id='par_1_92' title="bbox 1890 3970 3447 4047">
     <span class='ocr_line' id='line_1_92' title="bbox 1890 3970 3447 4047; baseline -0.004 -18"><span class='ocrx_word' id='word_1_684' title='bbox 1890 3986 2072 4033; x_wconf 89' lang='lat' dir='ltr'><strong>matus</strong></span> <span class='ocrx_word' id='word_1_685' title='bbox 2112 3987 2266 4047; x_wconf 92' lang='lat' dir='ltr'><strong>paret</strong></span> <span class='ocrx_word' id='word_1_686' title='bbox 2306 3980 2601 4034; x_wconf 85' lang='lat' dir='ltr'><strong>exercitus.</strong></span> <span class='ocrx_word' id='word_1_687' title='bbox 2648 3976 2801 4031; x_wconf 88' lang='lat' dir='ltr'><strong>Servi</strong></span> <span class='ocrx_word' id='word_1_688' title='bbox 2846 3990 2967 4028; x_wconf 92' lang='lat' dir='ltr'><strong>cum</strong></span> <span class='ocrx_word' id='word_1_689' title='bbox 3008 3974 3118 4029; x_wconf 91' lang='lat' dir='ltr'><strong>sint</strong></span> <span class='ocrx_word' id='word_1_690' title='bbox 3158 3970 3447 4025; x_wconf 87' lang='lat' dir='ltr'><strong>validiores</strong></span> 
     </span>
    </p>
   </div>
   <div class='ocr_carea' id='block_1_93' title="bbox 1887 4063 3444 4140">
    <p class='ocr_par' dir='ltr' id='par_1_93' title="bbox 1887 4063 3444 4140">
     <span class='ocr_line' id='line_1_93' title="bbox 1887 4063 3444 4140; baseline -0.008 -15"><span class='ocrx_word' id='word_1_691' title='bbox 1887 4070 2122 4135; x_wconf 84' lang='lat' dir='ltr'><strong>dominis</strong></span> <span class='ocrx_word' id='word_1_692' title='bbox 2154 4070 2303 4134; x_wconf 92' lang='lat' dir='ltr'><strong>suis,</strong></span> <span class='ocrx_word' id='word_1_693' title='bbox 2337 4078 2558 4140; x_wconf 88' lang='lat' dir='ltr'><strong>propter</strong></span> <span class='ocrx_word' id='word_1_694' title='bbox 2589 4077 2787 4125; x_wconf 91' lang='lat' dir='ltr'><strong>metum</strong></span> <span class='ocrx_word' id='word_1_695' title='bbox 2828 4075 3006 4120; x_wconf 85' lang='lat' dir='ltr'><strong>tamen</strong></span> <span class='ocrx_word' id='word_1_696' title='bbox 3050 4063 3275 4133; x_wconf 87' lang='lat' dir='ltr'><strong>imperia</strong></span> <span class='ocrx_word' id='word_1_697' title='bbox 3319 4077 3444 4131; x_wconf 84' lang='lat' dir='ltr'><strong>per-</strong></span> 
     </span>
    </p>
   </div>
   <div class='ocr_carea' id='block_1_94' title="bbox 1890 4155 3448 4230">
    <p class='ocr_par' dir='ltr' id='par_1_94' title="bbox 1890 4155 3448 4230">
     <span class='ocr_line' id='line_1_94' title="bbox 1890 4155 3448 4230; baseline -0.006 -15"><span class='ocrx_word' id='word_1_698' title='bbox 1890 4162 2067 4217; x_wconf 88' lang='lat' dir='ltr'><strong>ferunt</strong></span> <span class='ocrx_word' id='word_1_699' title='bbox 2096 4163 2464 4217; x_wconf 90' lang='lat' dir='ltr'><strong>dominorum.</strong></span> <span class='ocrx_word' id='word_1_700' title='bbox 2512 4162 2707 4215; x_wconf 72' lang='lat' dir='ltr'><strong>Bestia:</strong></span> <span class='ocrx_word' id='word_1_701' title='bbox 2746 4161 2877 4230; x_wconf 79' lang='lat' dir='ltr'><strong>ipsa:</strong></span> <span class='ocrx_word' id='word_1_702' title='bbox 2925 4158 3051 4212; x_wconf 70' lang='lat' dir='ltr'><strong>fera:</strong></span> <span class='ocrx_word' id='word_1_703' title='bbox 3098 4164 3243 4209; x_wconf 89' lang='lat' dir='ltr'><strong>metu</strong></span> <span class='ocrx_word' id='word_1_704' title='bbox 3288 4155 3448 4206; x_wconf 86' lang='lat' dir='ltr'><strong>mite-</strong></span> 
     </span>
    </p>
   </div>
   <div class='ocr_carea' id='block_1_95' title="bbox 1886 4248 3445 4319">
    <p class='ocr_par' dir='ltr' id='par_1_95' title="bbox 1886 4248 3445 4319">
     <span class='ocr_line' id='line_1_95' title="bbox 1886 4248 3445 4319; baseline -0.006 -13"><span class='ocrx_word' id='word_1_705' title='bbox 1886 4260 2084 4306; x_wconf 88' lang='lat' dir='ltr'><strong>scunt:</strong></span> <span class='ocrx_word' id='word_1_706' title='bbox 2121 4252 2263 4305; x_wconf 90' lang='lat' dir='ltr'><strong>tauri</strong></span> <span class='ocrx_word' id='word_1_707' title='bbox 2298 4251 2620 4305; x_wconf 89' lang='lat' dir='ltr'><strong>validissimi</strong></span> <span class='ocrx_word' id='word_1_708' title='bbox 2649 4250 2781 4319; x_wconf 87' lang='lat' dir='ltr'><strong>jugo</strong></span> <span class='ocrx_word' id='word_1_709' title='bbox 2811 4250 2949 4302; x_wconf 82' lang='lat' dir='ltr'><strong>colla</strong></span> <span class='ocrx_word' id='word_1_710' title='bbox 2980 4248 3344 4307; x_wconf 89' lang='lat' dir='ltr'><strong>submittunt,</strong></span> <span class='ocrx_word' id='word_1_711' title='bbox 3390 4253 3445 4298; x_wconf 88' lang='lat' dir='ltr'><strong>et</strong></span> 
     </span>
    </p>
   </div>
   <div class='ocr_carea' id='block_1_96' title="bbox 1888 4336 3446 4411">
    <p class='ocr_par' dir='ltr' id='par_1_96' title="bbox 1888 4336 3446 4411">
     <span class='ocr_line' id='line_1_96' title="bbox 1888 4336 3446 4411; baseline -0.005 -14"><span class='ocrx_word' id='word_1_712' title='bbox 1888 4344 2153 4397; x_wconf 86' lang='lat' dir='ltr'><strong>immanes</strong></span> <span class='ocrx_word' id='word_1_713' title='bbox 2195 4341 2466 4411; x_wconf 88' lang='lat' dir='ltr'><strong>elephanti</strong></span> <span class='ocrx_word' id='word_1_714' title='bbox 2516 4341 2792 4411; x_wconf 79' lang='lat' dir='ltr'><strong>magistris</strong></span> <span class='ocrx_word' id='word_1_715' title='bbox 2838 4340 3213 4408; x_wconf 86' lang='lat' dir='ltr'><strong>obtemperant</strong></span> <span class='ocrx_word' id='word_1_716' title='bbox 3253 4352 3347 4406; x_wconf 88' lang='lat' dir='ltr'><strong>per</strong></span> <span class='ocrx_word' id='word_1_717' title='bbox 3378 4336 3446 4389; x_wconf 80' lang='lat' dir='ltr'><strong>ti-</strong></span> 
     </span>
    </p>
   </div>
   <div class='ocr_carea' id='block_1_97' title="bbox 1890 4430 3443 4498">
    <p class='ocr_par' dir='ltr' id='par_1_97' title="bbox 1890 4430 3443 4498">
     <span class='ocr_line' id='line_1_97' title="bbox 1890 4430 3443 4498; baseline -0.006 -9"><span class='ocrx_word' id='word_1_718' title='bbox 1890 4450 2117 4489; x_wconf 85' lang='lat' dir='ltr'><strong>morem.</strong></span> <span class='ocrx_word' id='word_1_719' title='bbox 2156 4432 2259 4489; x_wconf 89' lang='lat' dir='ltr'><strong>Sed</strong></span> <span class='ocrx_word' id='word_1_720' title='bbox 2290 4450 2387 4488; x_wconf 92' lang='lat' dir='ltr'><strong>cur</strong></span> <span class='ocrx_word' id='word_1_721' title='bbox 2428 4433 2682 4487; x_wconf 89' lang='lat' dir='ltr'><strong>humanis</strong></span> <span class='ocrx_word' id='word_1_722' title='bbox 2724 4440 2939 4486; x_wconf 90' lang='lat' dir='ltr'><strong>utamur</strong></span> <span class='ocrx_word' id='word_1_723' title='bbox 2979 4430 3277 4498; x_wconf 82' lang='lat' dir='ltr'><strong>exemplis,</strong></span> <span class='ocrx_word' id='word_1_724' title='bbox 3321 4444 3443 4481; x_wconf 93' lang='lat' dir='ltr'><strong>cum</strong></span> 
     </span>
    </p>
   </div>
   <div class='ocr_carea' id='block_1_98' title="bbox 1815 4512 3444 4591">
    <p class='ocr_par' dir='ltr' id='par_1_98' title="bbox 1815 4512 3444 4591">
     <span class='ocr_line' id='line_1_98' title="bbox 1815 4512 3444 4591; baseline -0.007 -8"><span class='ocrx_word' id='word_1_725' title='bbox 1815 4512 1858 4565; x_wconf 79' lang='lat' dir='ltr'><strong>D</strong></span> <span class='ocrx_word' id='word_1_726' title='bbox 1888 4530 2051 4582; x_wconf 90' lang='lat' dir='ltr'><strong>etiam</strong></span> <span class='ocrx_word' id='word_1_727' title='bbox 2096 4528 2278 4582; x_wconf 91' lang='lat' dir='ltr'><strong>divina</strong></span> <span class='ocrx_word' id='word_1_728' title='bbox 2322 4542 2430 4581; x_wconf 91' lang='lat' dir='ltr'><strong>non</strong></span> <span class='ocrx_word' id='word_1_729' title='bbox 2476 4526 2693 4581; x_wconf 88' lang='lat' dir='ltr'><strong>desint?</strong></span> <span class='ocrx_word' id='word_1_730' title='bbox 2742 4524 2932 4579; x_wconf 85' lang='lat' dir='ltr'><strong>Nonne</strong></span> <span class='ocrx_word' id='word_1_731' title='bbox 2980 4531 3124 4577; x_wconf 89' lang='lat' dir='ltr'><strong>terra</strong></span> <span class='ocrx_word' id='word_1_732' title='bbox 3176 4523 3291 4591; x_wconf 85' lang='lat' dir='ltr'><strong>ipsa</strong></span> <span class='ocrx_word' id='word_1_733' title='bbox 3343 4521 3444 4574; x_wconf 90' lang='lat' dir='ltr'><strong>sub</strong></span> 
     </span>
    </p>
   </div>
   <div class='ocr_carea' id='block_1_99' title="bbox 1886 4614 3443 4692">
    <p class='ocr_par' dir='ltr' id='par_1_99' title="bbox 1886 4614 3443 4692">
     <span class='ocr_line' id='line_1_99' title="bbox 1886 4614 3443 4692; baseline -0.003 -20"><span class='ocrx_word' id='word_1_734' title='bbox 1886 4620 2135 4692; x_wconf 62' lang='lat' dir='ltr'><strong>praecepti</strong></span> <span class='ocrx_word' id='word_1_735' title='bbox 2193 4628 2339 4673; x_wconf 90' lang='lat' dir='ltr'><strong>metu</strong></span> <span class='ocrx_word' id='word_1_736' title='bbox 2404 4627 2716 4690; x_wconf 91' lang='lat' dir='ltr'><strong>permanet,</strong></span> <span class='ocrx_word' id='word_1_737' title='bbox 2772 4615 2916 4686; x_wconf 88' lang='lat' dir='ltr'><strong>quod</strong></span> <span class='ocrx_word' id='word_1_738' title='bbox 2960 4616 3121 4670; x_wconf 88' lang='lat' dir='ltr'><strong>etiam</strong></span> <span class='ocrx_word' id='word_1_739' title='bbox 3167 4622 3330 4668; x_wconf 80' lang='lat' dir='ltr'><strong>motu‘</strong></span> <span class='ocrx_word' id='word_1_740' title='bbox 3356 4614 3443 4667; x_wconf 85' lang='lat' dir='ltr'><strong>sui</strong></span> 
     </span>
    </p>
   </div>
   <div class='ocr_carea' id='block_1_100' title="bbox 1885 4709 3441 4768">
    <p class='ocr_par' dir='ltr' id='par_1_100' title="bbox 1885 4709 3441 4768">
     <span class='ocr_line' id='line_1_100' title="bbox 1885 4709 3441 4768; baseline -0.005 0"><span class='ocrx_word' id='word_1_741' title='bbox 1885 4722 1937 4768; x_wconf 87' lang='lat' dir='ltr'><strong>et</strong></span> <span class='ocrx_word' id='word_1_742' title='bbox 1975 4721 2208 4767; x_wconf 88' lang='lat' dir='ltr'><strong>tremore</strong></span> <span class='ocrx_word' id='word_1_743' title='bbox 2267 4712 2531 4767; x_wconf 89' lang='lat' dir='ltr'><strong>testatur?</strong></span> <span class='ocrx_word' id='word_1_744' title='bbox 2585 4709 2731 4764; x_wconf 84' lang='lat' dir='ltr'><strong>Mare</strong></span> <span class='ocrx_word' id='word_1_745' title='bbox 2816 4718 3079 4765; x_wconf 85' lang='lat' dir='ltr'><strong>statutum</strong></span> <span class='ocrx_word' id='word_1_746' title='bbox 3153 4709 3441 4762; x_wconf 88' lang='lat' dir='ltr'><strong>terminum</strong></span> 
     </span>
    </p>
   </div>
   <div class='ocr_carea' id='block_1_101' title="bbox 1885 4800 3443 4872">
    <p class='ocr_par' dir='ltr' id='par_1_101' title="bbox 1885 4800 3443 4872">
     <span class='ocr_line' id='line_1_101' title="bbox 1885 4800 3443 4872; baseline -0.004 -16"><span class='ocrx_word' id='word_1_747' title='bbox 1885 4812 2099 4866; x_wconf 85' lang='lat' dir='ltr'><strong>servat,</strong></span> <span class='ocrx_word' id='word_1_748' title='bbox 2184 4802 2358 4872; x_wconf 90' lang='lat' dir='ltr'><strong>angeli</strong></span> <span class='ocrx_word' id='word_1_749' title='bbox 2430 4816 2617 4871; x_wconf 90' lang='lat' dir='ltr'><strong>pacem</strong></span> <span class='ocrx_word' id='word_1_750' title='bbox 2686 4800 3038 4863; x_wconf 79' lang='lat' dir='ltr'><strong>custodiunt,</strong></span> <span class='ocrx_word' id='word_1_751' title='bbox 3130 4800 3297 4853; x_wconf 76' lang='lat' dir='ltr'><strong>stella:</strong></span> <span class='ocrx_word' id='word_1_752' title='bbox 3352 4813 3443 4851; x_wconf 90' lang='lat' dir='ltr'><strong>or-</strong></span> 
     </span>
    </p>
   </div>
   <div class='ocr_carea' id='block_1_102' title="bbox 1885 4891 3446 4957">
    <p class='ocr_par' dir='ltr' id='par_1_102' title="bbox 1885 4891 3446 4957">
     <span class='ocr_line' id='line_1_102' title="bbox 1885 4891 3446 4957; baseline -0.002 -15"><span class='ocrx_word' id='word_1_753' title='bbox 1885 4892 2063 4946; x_wconf 86' lang='lat' dir='ltr'><strong>dinem</strong></span> <span class='ocrx_word' id='word_1_754' title='bbox 2121 4900 2309 4947; x_wconf 86' lang='lat' dir='ltr'><strong>tenent</strong></span> <span class='ocrx_word' id='word_1_755' title='bbox 2364 4900 2417 4946; x_wconf 92' lang='lat' dir='ltr'><strong>et</strong></span> <span class='ocrx_word' id='word_1_756' title='bbox 2457 4891 2605 4945; x_wconf 87' lang='lat' dir='ltr'><strong>fluvii</strong></span> <span class='ocrx_word' id='word_1_757' title='bbox 2666 4898 2910 4955; x_wconf 90' lang='lat' dir='ltr'><strong>meatus,</strong></span> <span class='ocrx_word' id='word_1_758' title='bbox 2977 4892 3249 4945; x_wconf 66' lang='lat' dir='ltr'><strong>dzemones</strong></span> <span class='ocrx_word' id='word_1_759' title='bbox 3308 4905 3446 4957; x_wconf 79' lang='lat' dir='ltr'><strong>quo-</strong></span> 
     </span>
    </p>
   </div>
   <div class='ocr_carea' id='block_1_103' title="bbox 1884 4979 3445 5057">
    <p class='ocr_par' dir='ltr' id='par_1_103' title="bbox 1884 4979 3445 5057">
     <span class='ocr_line' id='line_1_103' title="bbox 1884 4979 3445 5057; baseline -0.002 -18"><span class='ocrx_word' id='word_1_760' title='bbox 1884 5000 1988 5057; x_wconf 90' lang='lat' dir='ltr'><strong>que</strong></span> <span class='ocrx_word' id='word_1_761' title='bbox 2040 4993 2246 5039; x_wconf 91' lang='lat' dir='ltr'><strong>certum</strong></span> <span class='ocrx_word' id='word_1_762' title='bbox 2297 4992 2379 5041; x_wconf 90' lang='lat' dir='ltr'><strong>est</strong></span> <span class='ocrx_word' id='word_1_763' title='bbox 2424 4984 2616 5039; x_wconf 91' lang='lat' dir='ltr'><strong>timore</strong></span> <span class='ocrx_word' id='word_1_764' title='bbox 2667 4984 2720 5037; x_wconf 92' lang='lat' dir='ltr'><strong>in</strong></span> <span class='ocrx_word' id='word_1_765' title='bbox 2776 4982 2953 5054; x_wconf 86' lang='lat' dir='ltr'><strong>fugam</strong></span> <span class='ocrx_word' id='word_1_766' title='bbox 2980 4979 3225 5038; x_wconf 83' lang='lat' dir='ltr'><strong>verti.Et</strong></span> <span class='ocrx_word' id='word_1_767' title='bbox 3255 4998 3321 5035; x_wconf 89' lang='lat' dir='ltr'><strong>ne</strong></span> <span class='ocrx_word' id='word_1_768' title='bbox 3351 4997 3445 5051; x_wconf 90' lang='lat' dir='ltr'><strong>per</strong></span> 
     </span>
    </p>
   </div>
   <div class='ocr_carea' id='block_1_104' title="bbox 1506 5196 2139 5257">
    <p class='ocr_par' dir='ltr' id='par_1_104' title="bbox 1506 5196 2139 5257">
     <span class='ocr_line' id='line_1_104' title="bbox 1506 5196 2139 5257; baseline 0.005 -3"><span class='ocrx_word' id='word_1_769' title='bbox 1506 5196 1871 5254; x_wconf 82' lang='lat' dir='ltr'><strong>COTELERII</strong></span> <span class='ocrx_word' id='word_1_770' title='bbox 1909 5199 2139 5257; x_wconf 67' lang='lat' dir='ltr'><strong>NOTAE.</strong></span> 
     </span>
    </p>
   </div>
   <div class='ocr_carea' id='block_1_105' title="bbox 295 5383 1773 5459">
    <p class='ocr_par' dir='ltr' id='par_1_105' title="bbox 295 5383 1773 5459">
     <span class='ocr_line' id='line_1_105' title="bbox 295 5383 1773 5459; baseline 0.005 -22"><span class='ocrx_word' id='word_1_771' title='bbox 295 5383 405 5453; x_wconf 81' lang='lat' dir='ltr'><strong>(SI)</strong></span> <span class='ocrx_word' id='word_1_772' title='bbox 445 5384 698 5459; x_wconf 83' lang='lat' dir='ltr'><strong>Cumpro</strong></span> <span class='ocrx_word' id='word_1_773' title='bbox 727 5390 921 5441; x_wconf 77' lang='lat' dir='ltr'><strong>amoris</strong></span> <span class='ocrx_word' id='word_1_774' title='bbox 946 5390 1163 5444; x_wconf 79' lang='lat' dir='ltr'><strong>crimine</strong></span> <span class='ocrx_word' id='word_1_775' title='bbox 1196 5391 1264 5443; x_wconf 85' lang='lat' dir='ltr'><strong>ad</strong></span> <span class='ocrx_word' id='word_1_776' title='bbox 1285 5392 1595 5459; x_wconf 76' lang='lat' dir='ltr'><strong>supplicium</strong></span> <span class='ocrx_word' id='word_1_777' title='bbox 1625 5392 1773 5445; x_wconf 72' lang='lat' dir='ltr'><strong>duti-</strong></span> 
     </span>
    </p>
   </div>
   <div class='ocr_carea' id='block_1_106' title="bbox 228 5458 1777 5530">
    <p class='ocr_par' dir='ltr' id='par_1_106' title="bbox 228 5458 1777 5530">
     <span class='ocr_line' id='line_1_106' title="bbox 228 5458 1777 5530; baseline 0.009 -29"><span class='ocrx_word' id='word_1_778' title='bbox 228 5459 330 5530; x_wconf 55' lang='lat' dir='ltr'><strong>fur,</strong></span> <span class='ocrx_word' id='word_1_779' title='bbox 354 5458 752 5530; x_wconf 43' lang='lat' dir='ltr'><strong>etpdﬂmipitem</strong></span> <span class='ocrx_word' id='word_1_780' title='bbox 779 5459 1060 5530; x_wconf 81' lang='lat' dir='ltr'><strong>colligatur</strong></span> <span class='ocrx_word' id='word_1_781' title='bbox 1094 5458 1541 5516; x_wconf 64' lang='lat' dir='ltr'><strong>urendusJulius</strong></span> <span class='ocrx_word' id='word_1_782' title='bbox 1561 5463 1777 5530; x_wconf 89' lang='lat' dir='ltr'><strong>Capito-</strong></span> 
     </span>
    </p>
   </div>
   <div class='ocr_carea' id='block_1_107' title="bbox 227 5521 1777 5600">
    <p class='ocr_par' dir='ltr' id='par_1_107' title="bbox 227 5521 1777 5600">
     <span class='ocr_line' id='line_1_107' title="bbox 227 5521 1777 5600; baseline 0.007 -28"><span class='ocrx_word' id='word_1_783' title='bbox 227 5521 367 5600; x_wconf 74' lang='lat' dir='ltr'><strong>linus</strong></span> <span class='ocrx_word' id='word_1_784' title='bbox 396 5526 461 5600; x_wconf 78' lang='lat' dir='ltr'><strong>de</strong></span> <span class='ocrx_word' id='word_1_785' title='bbox 491 5521 730 5600; x_wconf 72' lang='lat' dir='ltr'><strong>Maerino</strong></span> <span class='ocrx_word' id='word_1_786' title='bbox 759 5545 772 5580; x_wconf 90' lang='lat'><strong><em>:</em></strong></span> <span class='ocrx_word' id='word_1_787' title='bbox 799 5521 1060 5583; x_wconf 21' lang='lat' dir='ltr'><strong>Adii-lterii</strong></span> <span class='ocrx_word' id='word_1_788' title='bbox 1087 5547 1199 5600; x_wconf 66' lang='lat' dir='ltr'><strong>reos</strong></span> <span class='ocrx_word' id='word_1_789' title='bbox 1234 5548 1431 5600; x_wconf 83' lang='lat' dir='ltr'><strong>semper</strong></span> <span class='ocrx_word' id='word_1_790' title='bbox 1458 5533 1593 5586; x_wconf 80' lang='lat' dir='ltr'><strong>vivos</strong></span> <span class='ocrx_word' id='word_1_791' title='bbox 1620 5521 1777 5584; x_wconf 67' lang='lat' dir='ltr'><strong>simul</strong></span> 
     </span>
    </p>
   </div>
   <div class='ocr_carea' id='block_1_108' title="bbox 226 5596 1783 5673">
    <p class='ocr_par' dir='ltr' id='par_1_108' title="bbox 226 5596 1783 5673">
     <span class='ocr_line' id='line_1_108' title="bbox 226 5596 1783 5673; baseline 0.007 -29"><span class='ocrx_word' id='word_1_792' title='bbox 226 5596 473 5673; x_wconf 62' lang='lat' dir='ltr'><strong>incendit.</strong></span> <span class='ocrx_word' id='word_1_793' title='bbox 494 5597 696 5673; x_wconf 70' lang='lat' dir='ltr'><strong>junctis</strong></span> <span class='ocrx_word' id='word_1_794' title='bbox 725 5600 1044 5673; x_wconf 56' lang='lat' dir='ltr'><strong>corporibus.</strong></span> <span class='ocrx_word' id='word_1_795' title='bbox 1080 5599 1220 5673; x_wconf 66' lang='grc' dir='ltr'><strong>ΔΝοῐει</strong></span> <span class='ocrx_word' id='word_1_796' title='bbox 1250 5596 1438 5673; x_wconf 82' lang='lat' dir='ltr'><strong>postea</strong></span> <span class='ocrx_word' id='word_1_797' title='bbox 1470 5602 1671 5655; x_wconf 88' lang='lat' dir='ltr'><strong>variam</strong></span> <span class='ocrx_word' id='word_1_798' title='bbox 1703 5602 1783 5655; x_wconf 88' lang='lat' dir='ltr'><strong>le-</strong></span> 
     </span>
    </p>
   </div>
   <div class='ocr_carea' id='block_1_109' title="bbox 227 5667 1777 5742">
    <p class='ocr_par' dir='ltr' id='par_1_109' title="bbox 227 5667 1777 5742">
     <span class='ocr_line' id='line_1_109' title="bbox 227 5667 1777 5742; baseline 0.006 -28"><span class='ocrx_word' id='word_1_799' title='bbox 227 5667 455 5742; x_wconf 81' lang='lat' dir='ltr'><strong>ctionem</strong></span> <span class='ocrx_word' id='word_1_800' title='bbox 504 5667 665 5721; x_wconf 93' lang='lat' dir='ltr'><strong>etiam</strong></span> <span class='ocrx_word' id='word_1_801' title='bbox 713 5670 913 5742; x_wconf 84' lang='lat' dir='ltr'><strong>codicis</strong></span> <span class='ocrx_word' id='word_1_802' title='bbox 962 5669 1136 5742; x_wconf 81' lang='lat' dir='ltr'><strong>Regii,</strong></span> <span class='ocrx_word' id='word_1_803' title='bbox 1166 5667 1336 5741; x_wconf 66' lang='lat' dir='ltr'><strong>quem,</strong></span> <span class='ocrx_word' id='word_1_804' title='bbox 1377 5670 1441 5725; x_wconf 90' lang='lat' dir='ltr'><strong>ad</strong></span> <span class='ocrx_word' id='word_1_805' title='bbox 1488 5686 1777 5742; x_wconf 75' lang='lat' dir='ltr'><strong>puerorum</strong></span> 
     </span>
    </p>
   </div>
   <div class='ocr_carea' id='block_1_110' title="bbox 231 5738 1783 5819">
    <p class='ocr_par' dir='ltr' id='par_1_110' title="bbox 231 5738 1783 5819">
     <span class='ocr_line' id='line_1_110' title="bbox 231 5738 1783 5819; baseline 0.007 -35"><span class='ocrx_word' id='word_1_806' title='bbox 231 5741 469 5805; x_wconf 76' lang='lat' dir='ltr'><strong>stuprum</strong></span> <span class='ocrx_word' id='word_1_807' title='bbox 492 5745 842 5807; x_wconf 87' lang='lat' dir='ltr'><strong>spectantem,</strong></span> <span class='ocrx_word' id='word_1_808' title='bbox 870 5738 936 5794; x_wconf 86' lang='lat' dir='ltr'><strong>de</strong></span> <span class='ocrx_word' id='word_1_809' title='bbox 964 5738 1069 5807; x_wconf 84' lang='lat' dir='ltr'><strong>quo</strong></span> <span class='ocrx_word' id='word_1_810' title='bbox 1102 5738 1329 5819; x_wconf 73' lang='lat' dir='ltr'><strong>flaminis</strong></span> <span class='ocrx_word' id='word_1_811' title='bbox 1361 5738 1665 5797; x_wconf 83' lang='lat' dir='ltr'><strong>vindicibus</strong></span> <span class='ocrx_word' id='word_1_812' title='bbox 1689 5757 1783 5795; x_wconf 84' lang='lat' dir='ltr'><strong>ex-</strong></span> 
     </span>
    </p>
   </div>
   <div class='ocr_carea' id='block_1_111' title="bbox 1880 5383 3440 5473">
    <p class='ocr_par' dir='ltr' id='par_1_111' title="bbox 1880 5383 3440 5473">
     <span class='ocr_line' id='line_1_111' title="bbox 1880 5383 3440 5473; baseline -0.003 -29"><span class='ocrx_word' id='word_1_813' title='bbox 1880 5392 2078 5473; x_wconf 74' lang='lat' dir='ltr'><strong>pianda</strong></span> <span class='ocrx_word' id='word_1_814' title='bbox 2115 5389 2478 5445; x_wconf 80' lang='lat' dir='ltr'><strong>Valentiniani</strong></span> <span class='ocrx_word' id='word_1_815' title='bbox 2512 5390 2593 5444; x_wconf 86' lang='lat' dir='ltr'><strong>lex</strong></span> <span class='ocrx_word' id='word_1_816' title='bbox 2640 5396 2819 5443; x_wconf 89' lang='lat' dir='ltr'><strong>exstat</strong></span> <span class='ocrx_word' id='word_1_817' title='bbox 2866 5388 2919 5441; x_wconf 93' lang='lat' dir='ltr'><strong>in</strong></span> <span class='ocrx_word' id='word_1_818' title='bbox 2970 5387 3157 5441; x_wconf 90' lang='lat' dir='ltr'><strong>codice</strong></span> <span class='ocrx_word' id='word_1_819' title='bbox 3186 5383 3440 5439; x_wconf 83' lang='lat' dir='ltr'><strong>Theodo-</strong></span> 
     </span>
    </p>
   </div>
   <div class='ocr_carea' id='block_1_112' title="bbox 1881 5478 2054 5515">
    <p class='ocr_par' dir='ltr' id='par_1_112' title="bbox 1881 5478 2054 5515">
     <span class='ocr_line' id='line_1_112' title="bbox 1881 5478 2054 5515; baseline -0.017 0"><span class='ocrx_word' id='word_1_820' title='bbox 1881 5478 2054 5515; x_wconf 70' lang='grc'><strong>813110.</strong></span> 
     </span>
    </p>
   </div>
   <div class='ocr_carea' id='block_1_113' title="bbox 1952 5526 3441 5600">
    <p class='ocr_par' dir='ltr' id='par_1_113' title="bbox 1952 5526 3441 5600">
     <span class='ocr_line' id='line_1_113' title="bbox 1952 5526 3441 5600; baseline -0.007 -15"><span class='ocrx_word' id='word_1_821' title='bbox 1952 5532 2062 5600; x_wconf 72' lang='grc'>(82)</span> <span class='ocrx_word' id='word_1_822' title='bbox 2100 5530 2442 5585; x_wconf 78' lang='lat' dir='ltr'><strong>Climacteras</strong></span> <span class='ocrx_word' id='word_1_823' title='bbox 2466 5532 2601 5584; x_wconf 82' lang='lat' dir='ltr'><strong>enim</strong></span> <span class='ocrx_word' id='word_1_824' title='bbox 2631 5529 2834 5590; x_wconf 81' lang='lat' dir='ltr'><strong>dicunt,</strong></span> <span class='ocrx_word' id='word_1_825' title='bbox 2868 5528 3019 5600; x_wconf 64' lang='lat' dir='ltr'><strong>quasi</strong></span> <span class='ocrx_word' id='word_1_826' title='bbox 3061 5526 3281 5600; x_wconf 56' lang='lat' dir='ltr'><strong>periculi</strong></span> <span class='ocrx_word' id='word_1_827' title='bbox 3312 5534 3441 5577; x_wconf 82' lang='lat' dir='ltr'><strong>tem-</strong></span> 
     </span>
    </p>
   </div>
   <div class='ocr_carea' id='block_1_114' title="bbox 1882 5596 3439 5672">
    <p class='ocr_par' dir='ltr' id='par_1_114' title="bbox 1882 5596 3439 5672">
     <span class='ocr_line' id='line_1_114' title="bbox 1882 5596 3439 5672; baseline -0.006 -18"><span class='ocrx_word' id='word_1_828' title='bbox 1882 5596 2169 5672; x_wconf 14' lang='lat' dir='ltr'><strong>pus.7Vide</strong></span> <span class='ocrx_word' id='word_1_829' title='bbox 2204 5617 2351 5672; x_wconf 81' lang='lat' dir='ltr'><strong>quos</strong></span> <span class='ocrx_word' id='word_1_830' title='bbox 2399 5602 2498 5654; x_wconf 88' lang='lat' dir='ltr'><strong>hac</strong></span> <span class='ocrx_word' id='word_1_831' title='bbox 2531 5601 2588 5672; x_wconf 91' lang='lat' dir='ltr'><strong>in</strong></span> <span class='ocrx_word' id='word_1_832' title='bbox 2605 5615 2667 5672; x_wconf 84' lang='lat' dir='ltr'><strong>re</strong></span> <span class='ocrx_word' id='word_1_833' title='bbox 2696 5602 2824 5653; x_wconf 86' lang='lat' dir='ltr'><strong>citat</strong></span> <span class='ocrx_word' id='word_1_834' title='bbox 2856 5598 3207 5672; x_wconf 75' lang='lat' dir='ltr'><strong>doctissimus</strong></span> <span class='ocrx_word' id='word_1_835' title='bbox 3237 5596 3439 5672; x_wconf 67' lang='lat' dir='ltr'><strong>Sarano</strong></span> 
     </span>
    </p>
   </div>
   <div class='ocr_carea' id='block_1_115' title="bbox 1887 5666 3442 5739">
    <p class='ocr_par' dir='ltr' id='par_1_115' title="bbox 1887 5666 3442 5739">
     <span class='ocr_line' id='line_1_115' title="bbox 1887 5666 3442 5739; baseline -0.003 -15"><span class='ocrx_word' id='word_1_836' title='bbox 1887 5666 1953 5724; x_wconf 81' lang='lat' dir='ltr'><strong>ad</strong></span> <span class='ocrx_word' id='word_1_837' title='bbox 2007 5666 2415 5739; x_wconf 41' lang='lat' dir='ltr'><strong>Sidonii—epist.</strong></span> <span class='ocrx_word' id='word_1_838' title='bbox 2441 5672 2524 5728; x_wconf 82' lang='grc' dir='ltr'><strong>Η.</strong></span> <span class='ocrx_word' id='word_1_839' title='bbox 2561 5671 2652 5724; x_wconf 90' lang='lat' dir='ltr'><strong>lib.</strong></span> <span class='ocrx_word' id='word_1_840' title='bbox 2678 5686 2795 5733; x_wconf 84' lang='lat' dir='ltr'><strong>vin,</strong></span> <span class='ocrx_word' id='word_1_841' title='bbox 2829 5684 2927 5723; x_wconf 89' lang='lat' dir='ltr'><strong>nec</strong></span> <span class='ocrx_word' id='word_1_842' title='bbox 2957 5685 3065 5722; x_wconf 90' lang='lat' dir='ltr'><strong>non</strong></span> <span class='ocrx_word' id='word_1_843' title='bbox 3096 5670 3194 5722; x_wconf 68' lang='lat' dir='ltr'><strong>Nili</strong></span> <span class='ocrx_word' id='word_1_844' title='bbox 3229 5666 3442 5720; x_wconf 79' lang='lat' dir='ltr'><strong>abbatis</strong></span> 
     </span>
    </p>
   </div>
   <div class='ocr_carea' id='block_1_116' title="bbox 1887 5742 2541 5813">
    <p class='ocr_par' dir='ltr' id='par_1_116' title="bbox 1887 5742 2541 5813">
     <span class='ocr_line' id='line_1_116' title="bbox 1887 5742 2541 5813; baseline -0.002 -17"><span class='ocrx_word' id='word_1_845' title='bbox 1887 5743 2167 5813; x_wconf 85' lang='lat' dir='ltr'><strong>epistolam</strong></span> <span class='ocrx_word' id='word_1_846' title='bbox 2196 5742 2321 5807; x_wconf 73' lang='lat'><strong>258,</strong></span> <span class='ocrx_word' id='word_1_847' title='bbox 2352 5742 2443 5796; x_wconf 82' lang='lat' dir='ltr'><strong>lib.</strong></span> <span class='ocrx_word' id='word_1_848' title='bbox 2480 5757 2541 5795; x_wconf 87' lang='lat' dir='ltr'><strong>Il.</strong></span> 
     </span>
    </p>
   </div>
  </div>
