4030 6342
237 330 261 383 1
285 334 387 394 I09

1490 326 2044 385 RECOGNITIONUM
2081 326 2200 381 LIB.
2249 324 2340 379 IX.

3345 316 3474 372 HIO

234 465 379 503 eum
419 447 599 505 Marte
625 448 670 502 si
702 446 772 502 sit
802 446 856 501 in
884 443 1100 509 Ariete’;
1131 442 1292 498 elIieit
1319 456 1350 497 e
1379 442 1657 495 contrario
1690 457 1811 496 mu-
1838 447 1884 502 Α
1912 438 2073 493 Seres
2101 438 2276 505 legum
2306 442 2481 490 metus
2511 430 2881 487 vehementior
2907 446 2940 500 q
2966 444 3069 482 iam
3095 428 3312 499 genesis
3338 442 3473 480 con-

234 539 418 596 lieres
441 580 459 606 ,
501 541 550 598 si
576 540 647 595 sit
676 539 730 593 in
759 536 1119 607 Capraecornu
1151 541 1247 586 aut
1276 531 1534 602 Aquario.

310 674 521 732 XVIII.
564 676 809 744 Cumque
847 673 1015 727 multa
1059 672 1126 726 de
1169 669 1255 724 his
1292 684 1454 724 senex
1493 676 1815 738 prosecutus

222 776 415 832 esset,
450 775 509 823 et
537 764 954 834 unumquodque
979 762 1199 818 schema
1228 760 1505 819 mathesis.
1537 760 1812 815 stellarum

227 874 474 929 quoque
528 858 823 929 positiones
865 861 1259 915 enumerasset,
1316 853 1502 905 volens
1554 866 1651 921 per
1700 850 1814 905 haec

226 950 562 1010 ostendere.
608 949 736 1018 quia
776 946 939 1000 timor
969 960 1077 998 non
1117 943 1343 998 sulliciat
1374 941 1648 997 refrenare
1676 958 1814 998 eon-

224 1040 650 1109 cupiscentias,
718 1051 821 1106 ego
873 1050 1066 1089 rursus
1112 1031 1366 1102 respondi
1396 1048 1409 1083 :
1439 1031 1599 1097 Vere,
1629 1033 1809 1095 Pater,

220 1128 571 1184 doctissime
619 1136 673 1184 et
714 1125 1081 1182 eruditissime
1126 1132 1449 1195 prosecutus
1486 1139 1577 1187 es,
1611 1134 1663 1179 et
1692 1126 1811 1194 ipsa

220 1234 317 1274 me
370 1220 529 1273 ratio
576 1217 769 1273 invitat
816 1215 1019 1285 aliquid
1063 1213 1131 1269 ad
1177 1229 1239 1269 ea
1270 1229 1390 1284 quae
1430 1228 1460 1267 a
1498 1221 1550 1268 te
1577 1213 1811 1269 disserta

217 1315 361 1363 sunt
422 1306 783 1378 respondere,
842 1304 1095 1375 quoniam
1144 1302 1359 1374 quidem
1407 1303 1633 1357 scientia
1678 1304 1810 1357 mihi

219 1400 516 1455 mathesis
548 1409 675 1454 nota
707 1404 814 1461 est,
843 1404 896 1451 et
920 1396 1150 1449 libenter
1184 1410 1307 1448 cum
1335 1394 1547 1448 erudito
1568 1393 1684 1447 viro
1708 1393 1808 1446 ha-

222 1487 336 1544 beo
386 1504 728 1546 sermonem.
761 1486 961 1556 Accipe
984 1500 1113 1555 ergo
1142 1484 1207 1537 ad
1250 1498 1312 1538 ea
1355 1500 1475 1553 qua
1509 1482 1715 1547 dixisti,
1750 1490 1809 1537 ut

222 1581 531 1636 evidenter
560 1593 827 1651 agnoscas
854 1576 1095 1649 genesim
1143 1590 1207 1628 ex
1251 1576 1422 1629 stellis
1451 1576 1670 1630 omnino
1698 1590 1808 1629 non

223 1687 387 1734 esse,
415 1679 477 1727 et
502 1671 629 1741 quia
661 1668 922 1740 possibile
961 1666 1033 1721 sit
1072 1664 1262 1719 obsisti
1313 1664 1598 1720 adversum
1634 1665 1811 1734 impu-

219 1763 563 1832 gnationem
611 1761 914 1815 daemonum
979 1760 1048 1814 ab
1099 1758 1182 1813 his
1233 1758 1324 1828 qui
1375 1756 1697 1828 confugiunt
1740 1757 1809 1812 ad
1840 1776 1883 1834 Β

225 1852 420 1908 Deum
439 1894 455 1914 ,
489 1868 551 1907 ac
575 1892 590 1916 ,
638 1853 781 1907 sicut
809 1852 1061 1922 praedixi,
1094 1867 1203 1906 non
1231 1852 1404 1906 solum
1436 1866 1531 1919 per
1558 1850 1808 1905 timorem

228 1945 338 2001 Dei
371 1946 661 2000 naturales
704 1944 944 1998 cohiberi
987 1942 1458 2012 concupiscentias
1503 1956 1685 2011 posse,
1714 1942 1814 1997 sed

220 2046 283 2092 et
337 2054 447 2108 per
493 2039 742 2092 timorem
763 2035 1071 2102 hominum,
1111 2035 1253 2090 sicut
1291 2034 1403 2103 jam
1435 2047 1583 2088 nunc
1618 2032 1816 2090 edoce-

222 2129 453 2185 bimus.

305 2259 463 2316 XIX.
496 2259 665 2332 Leges
698 2268 825 2316 sunt
859 2259 970 2332 (89)
1011 2260 1066 2315 in
1107 2275 1434 2333 unaquaque
1475 2263 1696 2332 regione
1725 2261 1812 2318 vel

228 2366 419 2422 regno
455 2351 523 2405 ab
568 2351 880 2407 hominibus
931 2352 1159 2421 positae,
1212 2352 1326 2407 sive
1381 2353 1653 2424 scriptura
1700 2356 1816 2411 sive

225 2442 405 2495 etiam
442 2457 545 2497 usu
568 2442 848 2507 durantes,
877 2458 1012 2514 quas
1041 2459 1199 2499 nemo
1222 2443 1377 2500 facile
1398 2444 1813 2516 transgreditur.

230 2529 495 2603 Denique
544 2533 707 2604 primi
752 2531 938 2599 Seres,
975 2535 1069 2604 qui
1110 2535 1265 2589 initio
1290 2536 1438 2592 orbis
1465 2544 1623 2591 terra:
1655 2537 1813 2591 babi-

226 2630 383 2687 tant,
419 2624 591 2695 legem
635 2624 834 2680 habent
882 2642 1059 2695 neque
1090 2626 1437 2681 homicidium
1482 2627 1594 2695 (90)
1640 2642 1814 2697 neque

234 2712 579 2765 adulterium
601 2727 775 2781 neque
798 2723 1035 2767 scortum
1060 2729 1241 2781 nosse,
1260 2730 1433 2785 neque
1456 2714 1658 2770 furtum
1681 2730 1824 2771 com-

236 2802 486 2864 mittere,
514 2817 688 2872 neque
713 2804 853 2857 idola
877 2806 1120 2858 venerari
1143 2823 1158 2872 ;
1185 2813 1238 2859 et
1277 2806 1330 2859 in
1360 2806 1450 2860 illa
1473 2807 1621 2860 omni
1647 2807 1821 2879 regio—

239 2906 335 2958 ne,
354 2908 481 2962 quae
499 2900 581 2949 est
596 2895 852 2960 maxima,
870 2911 1043 2965 neque
1060 2896 1315 2965 templum
1338 2896 1627 2961 invenitur,
1647 2912 1821 2967 neque

234 2983 626 3048 simulacrum,
652 3001 827 3055 neque
862 2988 1136 3054 meretrix,
1160 3004 1334 3057 neque
1354 2988 1615 3054 adultera,
1646 3004 1819 3058 neque

1916 531 2167 586 stellatio.

1985 621 2101 675 XX.
2134 622 2271 675 Sunt
2298 618 2551 676 similiter
2571 624 2624 672 et
2653 615 2795 687 apud
2827 614 3049 668 Bactros
3079 612 3131 666 in
3163 612 3472 682 regionibus

1914 712 2165 767 Indorum
2202 712 2477 766 immensae
2502 707 2873 762 multitudines
2901 704 3347 774 Bragmanorum,
3378 705 3471 774 qui

1913 812 1967 858 et
1998 804 2100 873 ipsi
2132 819 2197 857 ex
2240 802 2529 857 traditione
2555 799 2844 868 majorum,
2888 797 3130 850 moribus
3157 795 3474 866 legibusque

1912 895 2296 958 concordibus,
2331 910 2506 963 neque
2538 889 2890 945 homicidium
2938 904 3113 957 neque
3145 887 3477 942 adulterium

1912 988 2295 1050 committunt,
2346 1001 2522 1055 neque
2565 984 2857 1038 simulacra
2909 981 3095 1034 colunt
3144 995 3319 1048 neque
3356 982 3472 1040 ani-

1911 1063 2113 1133 mantia
2147 1077 2306 1132 edere
2331 1077 2383 1132 in
2415 1092 2514 1131 usu
2543 1075 2763 1136 habent,
2798 1087 3073 1141 nunquam
3107 1071 3493 1135 inebriantur,‘

1911 1187 2186 1242 nunquam
2214 1170 2481 1225 malitiose
2517 1166 2718 1237 aliquid
2743 1172 2967 1235 gerunt,
2998 1165 3090 1219 sed
3119 1163 3284 1218 Deum
3329 1179 3473 1219 sem-

1911 1279 2006 1334 per
2037 1264 2256 1329 timent;
2280 1270 2333 1317 et
2355 1261 2569 1331 quidem
2602 1259 2717 1311 haec
2745 1257 2839 1320 illi,
2863 1272 2984 1310 cum
3007 1257 3182 1310 caeteri
3219 1255 3473 1309 Indorum

1909 1362 1962 1408 et
1992 1352 2281 1407 homicidia
2311 1363 2365 1407 et
2404 1348 2669 1405 adulteria
2700 1348 3062 1407 committant,
3095 1355 3147 1400 et
3181 1347 3473 1401 simulacra

1909 1446 2108 1508 colant,
2143 1453 2195 1499 et
2219 1443 2573 1504 inebrientur,
2605 1448 2766 1509 atque
2796 1439 2899 1491 alia
2932 1437 3239 1506 hujusmodi
3271 1435 3474 1505 ﬂagitia

1908 1544 2216 1592 exerceant.
2250 1534 2355 1590 Sed
2383 1541 2437 1588 et
2462 1534 2513 1586 in
2546 1533 2719 1602 ipsius
2752 1530 2919 1585 Indiae
2944 1529 3297 1584 nihilominus
3325 1527 3462 1581 occi-

1909 1626 2032 1683 duis
2061 1628 2306 1697 partibus
2343 1626 2493 1694 regio
2536 1622 2782 1693 quaedam
2815 1631 2900 1677 est
2930 1622 3064 1693 (9H,
3094 1621 3185 1675 ubi
3231 1620 3472 1689 hospites

1911 1734 2034 1773 cum
2064 1717 2380 1779 inciderint,
2411 1714 2556 1781 capti
2601 1713 2951 1768 immolantur
2988 1720 3042 1764 et
3091 1710 3470 1771 comeduntur,

1910 1816 1965 1863 et
1998 1823 2172 1877 neque
2205 1806 2359 1861 bona:
2407 1804 2578 1860 stellae
2605 1810 2895 1858 vetuerunt
2924 1816 3019 1855 eus
3053 1801 3120 1852 ab
3163 1797 3470 1866 huiusmodi

1910 1896 2127 1968 flagitiis
2169 1903 2222 1950 et
2271 1896 2339 1949 ab
2386 1892 2735 1951 exsecrandis
2781 1889 2949 1953 cihis,
3004 1903 3177 1958 neque
3227 1885 3479 1956 maligna:

1912 1991 2082 2047 stella:
2109 1987 2491 2058 compulerunt
2520 1985 2873 2054 Bragmanas,
2905 1990 2963 2035 ut
3007 1978 3209 2049 aliquid
3254 1982 3478 2047 agerent

1910 2082 2059 2137 mali.
2100 2079 2196 2137 Est
2220 2096 2409 2135 rursus
2439 2094 2557 2134 mos
2580 2077 2721 2149 apud
2754 2076 2968 2139 Persas,
3002 2081 3204 2128 matres
3233 2072 3478 2140 accipere

1913 2176 1967 2227 in
2002 2171 2311 2240 cohjugium
2336 2180 2389 2226 et
2420 2185 2638 2225 sorores
2670 2176 2723 2223 et
2764 2168 2923 2227 ﬁlias,
2969 2174 3022 2221 et
3068 2165 3169 2219 sub
3201 2163 3294 2217 illo
3325 2161 3475 2215 omni

1913 2278 2013 2318 axe
2038 2264 2242 2319 incesta
2268 2261 2447 2317 Persa:
2467 2261 2659 2315 ineunt
2682 2258 3047 2314 matrimonia.

1982 2350 2122 2406 XXI.
2152 2350 2229 2406 Ac
2255 2367 2323 2406 ne
2358 2349 2495 2405 forte
2518 2350 2676 2403 liceat
2705 2348 2791 2401 his
2812 2347 2904 2417 qui
2931 2344 3214 2399 mathesim
3239 2358 3477 2414 sequun-

1915 2453 2003 2498 tur
2033 2444 2109 2497 uti
2155 2443 2246 2498 illo
2286 2442 2531 2514 perfugio
2572 2455 2679 2511 quo
2721 2439 2930 2499 dicunt,
2976 2446 3159 2491 certas
3211 2433 3473 2506 quasdam

1913 2553 2034 2592 esse
2082 2537 2266 2606 plagas
2299 2534 2445 2596 cceli,
2473 2533 2672 2600 quibus
2718 2531 2939 2603 pr0pria
2986 2529 3229 2600 quaedam
3277 2528 3479 2581 habere

1913 2627 2250 2689 conceditur,
2298 2641 2363 2680 ex
2413 2624 2528 2694 ipsa
2580 2622 2864 2678 Persarum
2911 2627 3069 2691 gente
3112 2617 3373 2687 aliquanti
3410 2616 3477 2669 ad

1916 2716 2205 2788 peregrina
2245 2715 2472 2786 profecti
2517 2722 2679 2777 sunt,
2718 2712 2810 2782 qui
2853 2710 3105 2779 Maguscei
3147 2698 3479 2786 (ἔωσι)ρεί-

1914 2807 2113 2868 lantur,
2153 2821 2214 2859 ex
2250 2805 2447 2874 quibus
2482 2819 2654 2874 usque
2688 2803 2740 2856 in
2767 2800 3091 2855 hodiernum
3130 2805 3257 2853 sunt
3292 2798 3383 2850 alii
3420 2797 3475 2850 in

1915 2895 2110 2959 Media,
2147 2896 2238 2949 alii
2268 2895 2323 2948 in
2358 2893 2597 2954 Parthia,
2629 2890 2724 2947 sed
2758 2898 2811 2944 et
2853 2890 2906 2942 in
2936 2888 3170 2959 Egypto
3206 2885 3476 2950 nonnulli,

1913 2987 2097 3057 plures
2123 2993 2301 3039 autem
2333 2986 2385 3038 in
2413 2982 2623 3037 Galatia
2648 2990 2701 3036 et
2734 2981 2991 3053 Phrygia,
3032 2980 3127 3049 qui
3160 2995 3349 3033 omnes
3395 2978 3481 3031 in-

234 3072 331 3129 fut'
381 3074 463 3167 ad
492 3075 758 3144 judicium
800 3076 1114 3140 deducitur,
1159 3076 1253 3130 sed
1295 3092 1469 3145 neque
1501 3076 1714 3132 occisus
1743 3077 1815 3131 ibi
1842 3106 1886 3167 ο
1917 3084 2079 3132 cesta:
2144 3076 2308 3145 hujus
2373 3073 2688 3127 traditionis
2750 3071 2980 3127 formam
3040 3068 3479 3126 indeclinabilem

234 3165 414 3218 homo
443 3163 613 3220 fertur
640 3165 953 3235 aliquando,
978 3175 1032 3219 et
1052 3175 1229 3220 tamen
1255 3167 1454 3221 nullius
1480 3167 1699 3222 libertas
1728 3185 1817 3222 ar—
1853 3163 1885 3167 ’
1917 3179 2128 3224 servant
2153 3207 2168 3232 ,
2217 3182 2280 3220 ac
2335 3165 2569 3234 posteris
2628 3164 3041 3218 custodiendam
3104 3164 3485 3217 transmittunt

235 3255 394 3311 bitrii
441 3254 719 3323 compulsa
766 3264 849 3309 est
888 3256 1183 3309 secundum
1227 3272 1324 3310 vos
1354 3272 1383 3309 a
1431 3256 1583 3311 stella
1628 3257 1814 3314 Martis

230 3346 439 3419 ignita,
475 3355 533 3400 ut
560 3344 703 3400 ferro
733 3355 975 3400 uteretur
996 3346 1065 3399 ad
1098 3346 1332 3400 hominis
1360 3361 1566 3411 necem,
1589 3363 1689 3404 nec
1718 3346 1816 3405 Ve-

226 3453 336 3492 nus
368 3452 506 3493 cum
536 3435 704 3492 Marte
732 3437 907 3507 posita
948 3436 1183 3491 alienum
1219 3438 1625 3494 matrimonium
1657 3454 1812 3495 com-

226 3527 371 3598 pulit
408 3527 608 3591 vitiari,
641 3542 765 3582 cum
806 3528 993 3598 utique
1014 3527 1158 3598 apud
1186 3543 1282 3583 eos
1306 3543 1400 3598 per
1426 3530 1669 3601 singulos
1694 3532 1812 3589 dies

233 3617 393 3674 Mars
445 3618 681 3674 medium
728 3618 854 3674 caeli
882 3619 1147 3676 circulum
1178 3628 1376 3678 teneat.
1408 3621 1513 3679 Sed
1556 3633 1640 3682 est
1670 3628 1815 3699 apud

1914 3260 2076 3315 etiam
2130 3272 2254 3313 cum
2305 3256 2516 3326 plagam
2546 3256 2668 3309 (εωιί
2707 3255 3068 3321 mutaverint,
3100 3254 3145 3285 “
3176 3268 3275 3307 nec
3298 3260 3483 3307 tamen

1915 3364 2011 3404 eos
2036 3347 2221 3404 Venus
2253 3362 2375 3402 cum
2402 3346 2551 3400 Luna
2579 3347 2633 3400 in
2660 3344 2856 3400 finibus
2877 3354 2930 3401 et
2957 3346 3208 3401 domibus
3235 3344 3482 3408 Saturni,

1916 3459 2040 3498 cum
2077 3441 2313 3495 Saturno
2341 3445 2632 3493 attestante
2670 3438 2835 3493 etiam
2867 3436 3060 3502 Marte,
3094 3438 3357 3508 compulit
3383 3438 3485 3490 ha-

1916 3536 2047 3592 bere
2078 3536 2219 3589 inter
2243 3540 2474 3587 caeteros
2497 3529 2737 3601 genesim
2764 3528 2897 3599 (9'5).

1985 3624 2154 3682 XXII.
2182 3624 2339 3695 Apud
2363 3622 2525 3679 Gelos
2553 3620 2665 3693 (94)
2686 3635 2902 3690 quoque
2934 3636 3054 3676 mos
3076 3630 3178 3687 est,
3208 3629 3263 3675 ut
3290 3620 3479 3678 malie-

306 3762 352 3793 ⁸⁸
367 3757 491 3815 Nec
525 3768 767 3819 lmen...
801 3762 1025 3835 genesim
1053 3778 1163 3818 non
1193 3763 1444 3837 leguntur
1465 3768 1517 3820 in
1544 3766 1707 3823 codd.
1736 3766 1920 3839 Lipss.

1546 3899 1914 3958 COTELERII
1950 3896 2180 3956 NOTz’E.

308 4027 431 4100 (89)
470 4027 629 4103 Leges
658 4039 800 4095 sunt,
842 4039 947 4087 etc.
980 4030 1090 4086 IIoc
1121 4038 1302 4102 caput,
1325 4032 1691 4103 et_sequentia
1718 4031 1808 4089 de-

233 4114 359 4173 cem
413 4102 625 4173 accepit
665 4109 857 4173 auctor
884 4103 965 4173 vel
996 4101 1348 4172 interpolator
1377 4101 1805 4173 Recognitionum

233 4185 303 4250 ex
327 4168 660 4250 Bardesanis
694 4170 1098 4250 Dialogis,__loco
1125 4168 1217 4242 qui
1243 4172 1448 4250 legitur
1468 4168 1804 4250 ap_ud_Euse-

234 4237 396 4311 bium
431 4238 672 4311 Prwpar.
720 4237 1027 4311 euangglib.
1059 4237 1215 4303 vt,'c.
1237 4237 1577 4299 IOYeditionis
1598 4243 1809 4299 Graeco-

236 4305 452 4363 Latinaz
480 4324 510 4362 a
542 4305 594 4378 p.
614 4309 738 4382 27s,
769 4309 830 4372 D,
850 4305 925 4382 ':_id
953 4325 1002 4379 p.
1029 4311 1154 4374 280,
1184 4312 1249 4366 Α.
1269 4311 1346 4365 Ex
1365 4320 1596 4382 utroque
1625 4322 1805 4368 autem

238 4392 411 4455 opere
454 4394 551 4455 sua
600 4381 815 4455 collegit
834 4380 1115 4455 _C:esarius
1141 4385 1440 4455 qua:_stion_e
1473 4380 1570 4455 109
1596 4392 1667 4455 εξ
1680 4385 1804 4448 110,

237 4452 443 4520 enatus
472 4449 635 4520 etiam
677 4465 705 4503 a
741 4449 986 4504 Cedreno
1016 4466 1136 4520 pag.
1160 4449 1295 4516 ηδ,
1330 4452 1452 4515 127,
1482 4454 1611 4508 edit.
1640 4452 1803 4508 Basil.

238 4515 376 4590 Qua:
412 4521 592 4573 omnia
625 4518 765 4573 inter
792 4535 850 4574 se
875 4515 1123 4575 conferre
1152 4515 1327 4589 opera:
1356 4530 1586 4590 pretium
1619 4522 1802 4580 fuerit.

237 4584 350 4643 Nos
398 4604 569 4660 pauca
620 4590 1054 4655 subnutabimus,
1086 4584 1211 4660 quia
1240 4584 1432 4647 doctus
1465 4592 1679 4649 Eusebii
1726 4595 1810 4647 in-

240 4666 457 4740 terpres
487 4659 827 4740 Clazsarianas.
857 4659 1115 4740 lectiones
1159 4660 1256 4740 ad_
1281 4662 1611 4716 Eusebianas
1645 4678 1811 4731 appo-

241 4728 373 4781 suit.
403 4759 470 4771 -η
517 4728 736 4792 Confer,
784 4730 829 4783 si
873 4731 1022 4790 libet.
1067 4738 1198 4785 tom.
1239 4730 1256 4782 I
1293 4740 1492 4785 nostrae
1535 4728 1804 4795 Biblibtlt.,

240 4811 362 4868 pag.
386 4797 637 4862 682—688,
670 4810 720 4853 et
758 4799 1053 4870 Prolegom.
1087 4801 1318 4868 cap.26,
1352 4800 1379 4871 §
1411 4802 1465 4866 3,
1496 4816 1618 4870 pag.
1640 4815 1809 4855 cxxnt

241 4881 362 4921 $80.
738 4884 747 4893 ’

312 4937 447 5009 (90)_
471 4936 636 5009 Primi
669 4936 842 5006 Seres,
868 4940 959 5009 qui
987 4941 1137 4993 initio
1176 4939 1317 4993 orbis
1367 4948 1519 5009 terra:
1548 4937 1807 5003 habitant,

244 5004 637 5079 legem'habent,
677 5004 835 5079 neque
857 5004 1352 5079 homicidiumtetc.
1385 5007 1443 5062 In
1470 5010 1731 5073 Caesarie,
1759 5010 1807 5064 οι

240 5076 496 5150 ῖὸᾼᾶκρσν
524 5076 846 5150 τῆςᾲχέρσου
878 5080 1168 5143 οἰκοῦντες.
1225 5078 1408 5150 Itaque
1431 5081 1537 5150 _sie
1583 5079 1809 5149 intelligi

244 5144 421 5220 debet
455 5144 587 5200 illud
630 5144 975 5220 Bardesanis,
1019 5153 1083 5201 ἐκ
1116 5151 1213 5220 τῆς
1242 5144 1335 5200 τοῦ
1379 5144 1807 5220 κόσμουλάρχῆξ,

243 5213 345 5286 hoc
374 5224 478 5286 est,
509 5233 540 5269 a
568 5219 823 5286 principio
880 5219 1042 5280 orbis,
1075 5213 1181 5274 non
1214 5225 1395 5272 autem
1425 5213 1494 5270 αὗ
1519 5213 1668 5272 0ιύἱέ
1687 5213 1812 5272 Eon-

242 5284 375 5338 dim.
409 5285 561 5341 Patet
588 5284 749 5341 etiam
782 5304 849 5343 ex
883 5288 1059 5343 Plinio
1087 5299 1140 5343 et
1167 5288 1325 5343 Mela.

316 5356 427 5429 (9f)
467 5355 892 5429 Regjogquwdam
922 5368 1019 5413 est.
1056 5358 1362 5429 Ξενοϐόρων
1403 5356 1637 5429 Caesario
1664 5375 1679 5411 :
1707 5357 1813 5429 Νε-

242 5426 535 5497 κροφάγων
554 5426 853 5497 Epiphanio
883 5429 1123 5497 Exposit.
1158 5426 1280 5497 [ἱάξ.
1312 5443 1460 5480 num.
1496 5428 1583 5489 10,
1612 5427 1813 5497 Cedre-

242 5496 494 5568 t‘tttsa'Ev
520 5496 575 5549 δὲ
598 5500 707 5560 τοῖς
742 5496 1033 5568 ὲνδοτέρσις
1065 5498 1252 5568 μέρεσι
1277 5497 1496 5568 τούτων,
1533 5496 1812 5567 ἀνθρωπο-

244 5561 528 5637 6σροῦντες
569 5568 661 5619 καὶ
685 5569 807 5630 τοὺς
831 5561 1256 5637 ὲπιξενωξιέἱθους
1282 5561 1813 5637 ἀναιροῦντ-εξκατε-

248 5635 506 5712 σθίουσιν,
541 5637 615 5712 ᾡς
649 5637 847 5712 Κάᾇες.
875 5639 999 5712 Quo
1046 5635 1481 5712 loeo_unahcum
1504 5708 1511 5712 _
1534 5635 1812 5712 Xglandro

248 5705 689 5775 ignoroquinam
729 5709 836 5760 sint
865 5708 1061 5762 Cabes.
1092 5708 1196 5761 Sed
1229 5724 1293 5761 ex
1322 5705 1552 5775 Georgio
1587 5706 1811 5760 Hamar-

250 5774 358 5830 tolo
385 5774 592 5831 inedito
625 5777 1062 5847 chronograpbo,
1083 5779 1173 5847 qui
1206 5774 1610 5847 manuscriptus
1631 5784 1809 5830 exstat

1910 4034 1967 4088 in
1996 4030 2209 4086 duobus
2237 4026 2516 4083 codicibus
2549 4027 2727 4097 Regia:
2765 4025 3127 4088 bibliothecae,
3153 4022 3319 4097 didici
3357 4036 3482 4097 eor:-

1911 4101 2192 4173 rigendum
2216 4114 2357 4173 esse,
2377 4099 2452 4173 ᾡς
2481 4093 2839 4173 κύνξςῖ-Αῃξιδ
2866 4098 3194 4165 conjicerem
3223 4093 3482 4173 Herodoti

1911 4163 2169 4230 Cillatias
2199 4170 2284 4223 vel
2309 4167 2553 4223 Padaeos.
2581 4166 2712 4222 Vide
2734 4166 2953 4238 Glycam
2972 4163 3140 4238 parte
3173 4180 3319 4238 tlhp.
3356 4163 3477 4238 145.

1982 4242 2093 4314 (92)
2134 4238 2411 4314 Magusgi.
2443 4238 2645 4314 Nomen
2688 4234 3051 4314 azquivocum.
3079 4234 3357 4314 Significat
3398 4236 3483 4287 in-
3576 4304 3583 4309 ‘

1912 4303 2114 4370 cestafn
2148 4303 2289 4364 hanc
2316 4307 2644 4364 Bardesanis
2671 4303 2886 4377 gentem
2918 4326 2933 4361 ε
2966 4306 3124 4377 cujus
3150 4303 3480 4377 mentionem

1911 4397 2128 4454 quoque
2148 4378 2305 4454 facit
2355 4377 2413 4432 S.
2464 4372 2701 4454 Basilius
2728 4378 2976 4454 cpistola
3200 4372 3483 4454 Signiﬁeat

1913 4442 2106 4507 omnes
2147 4449 2369 4512 Persas,
2420 4446 2563 4517 apud
2611 4442 2836 4502 Suida‘in
2882 4447 2934 4500 in
2982 4442 3481 4517 vocibusjoqzeia,

1840 4506 1882 4559 D
1912 4524 2115 4605 Πέρσαι
2147 4506 2479 4605 θῑλνιαγώγξ
2502 4533 2623 4605 'q'uo
2654 4519 2842 4571 ultimo
2875 4518 2994 4605 loco
3048 4529 3168 4605 u‘noL
3205 4506 3371 4605 duc‘t'u
3404 4511 3482 4605 leo

1945 4581 2173 4647 endum:
2194 4581 2475 4658 Μαγὼγξὸ
2502 4581 2738 4659 Πέρσης,
2780 4588 2981 4659 patrata
3013 4588 3106 4659 agi.
3136 4581 3478 4659 ἀστρρξκογςα,

1908 4609 2173 4715 genuum:
2194 4609 2424 4658 Μαγωγ,
2447 4609 2475 4643 o
2503 4609 2738 4659 υερσης,
2780 4609 2981 4657 μαγεισ.
3013 4609 3106 4638 και
3136 4609 3478 4654 αστρυλυῐια,

1948 4662 2016 4715 πὸ
2042 4659 2403 4730 Μαγουσαίωγ
2432 4658 2657 4730 ἤρξατο.»
2676 4659 2751 4730 Ὀἱ
2782 4657 2890 4728 γάρ
2917 4673 3006 4730 τοι.
3033 4654 3237 4730 ῌᾷρσαι
3270 4649 3480 4730 Mla-{6)}:

1910 4730 2016 4784 ὑπὸ
2044 4722 2160 4783 θεῶν’
2187 4722 2482 4797 ἐγχωρίωό
2499 4722 2889 4798 ὁίνομᾴζοντὰζῖ
2908 4725 3021 4798 καὶ
3051 4722 3414 4798 Μὸιγᾳιεισξιίοῂτ.ὲ
3431 4722 3481 4798 pl

1909 4801 2081 4854 αὐτοί.
2116 4792 2315 4867 Atque
2337 4792 2413 4850 ita
2458 4792 2604 4853 codf
2639 4796 2771 4867 Reg.
2802 4796 2986 4867 72080,
3023 4795 3112 4867 ubi
3146 4792 3476 4867 _alter__l5l,

1909 4860 2610 4939 MaytbyJUIIépaqgfust
2632 4860 2867 4939 privam,
2907 4875 3019 4939 etc.
3055 4863 3256 4939 __et
3291 4860 3481 4939 Magn.-

1911 4930 2196 5006 smu'ss'ive
2226 4930 2513 5005 Maguseus
2540 4938 2607 4991 de
2632 4930 2785 5006 Mago
2814 4937 3043 5006 dicitur,
3061 4935 3115 4987 in
3151 4935 3267 5006 Yita

1910 5004 2092 5077 pham’i
2129 5001 2373 5077 capiti,
2414 5018 2467 5061 et
2517 5020 2547 5059 a
2596 5001 2797 5077 Basilio
2840 5003 3175 5077 Seleuciensi
3215 5010 3353 5077 orat.
3388 5001 3478 5061 '58,

1911 5071 2034 5148 pag.
2064 5071 2313 5141 ‘202,'ubt
2346 5078 2547 5133 frustra
2576 5076 2850 5148 corrigere
2891 5083 3064 5131 tentat
3092 5075 3286 5128 doctus
3312 5071 3481 5125 inter-

1950 5164 2055 5201 res.

1910 5165 2093 5286 p“(33.5)
2135 5215 2398 5285 Compulit
2425 5214 2613 5269 habere
2635 5216 2773 5286 inter
2790 5225 3004 5270 «τίεται-οε
3026 5214 3286 5286 έμεηεέᾳςὶηιἒ
3300 5208 3479 5286 Minus

1911 5279 2195 5341 commode
2227 5279 2411 5341 G'rmca
2442 5287 2711 5339 convertit
2734 5285 2982 5347 Rufinus,
3002 5279 3058 5337 tv
3076 5285 3194 5344 ταῖς
3219 5281 3326 5335 τῶν
3346 5279 3481 5333 πάν-

1909 5374 2015 5410 των
2048 5357 2322 5423 γενέσεσιν
2355 5354 2653 5425 εὑρίσκετο.
2685 5355 2797 5411 Hoc
2825 5364 2927 5414 est,
2954 5356 3007 5408 in
3033 5354 3265 5425 omnium
3294 5349 3481 5425 Magu-

1910 5421 2135 5481 sworum
2186 5421 2441 5495 genituris
2489 5436 2689 5492 reperta
2733 5436 2831 5480 est.
2874 5426 3027 5495 Apud
3068 5422 3383 5495 Caesarium,
3417 5421 3478 5473 ὲν

1908 5500 2027 5559 ταῖς
2055 5492 2269 5548 πάντ’ων
2300 5493 2477 5548 αὐτῶν
2510 5495 2784 5565 γενέσεσιν
2817 5492 3161 5565 εὑρίσδεεσθαι
3193 5492 3278 5565 eia
3302 5506 3383 5565 es.

1911 5586 1926 5620 ξ
1984 5566 2099 5636 (94)
2134 5565 2301 5636 Apud,
2338 5560 2531 5619 (ἱερέως.⁷
2558 5564 2825 5636 Corrupte
2874 5560 3162 5636 inAGlAyca,
3190 5560 3475 5636 Annaliun}

1947 5628 2059 5689 arte
2088 5653 2141 5698 ιι,
2250 5635 2384 5693 143,
2418 5635 2545 5704 παρ’
2577 5628 2896 5705 famam.
2929 5628 3103 5688 Scribi
3130 5631 3293 5705 _de_bet
3324 5628 3476 5705 παρὰ

1910 5652 2059 5759 parte
2088 5653 2141 5698 Il,
2162 5652 2214 5705 ρ.
2250 5652 2384 5693 140,
2418 5652 2541 5704 παρ·
2602 5652 2896 5701 ΛγιΑαιοις.
2930 5652 3103 5688 δίτιυι
3132 5652 3293 5686 (leuet
3325 5652 3469 5698 παρα

1922 5705 2121 5776 Ῠήλρις,
2173 5705 2530 5776 utiﬂhabetur
2575 5704 2630 5757 in
2674 5703 2983 5776 Bardesane
3004 5702 3148 5776 apud
3179 5699 3469 5776 Eusebium

1914 5766 1985 5831 P.’
2004 5766 2170 5846 E.,'p.
2199 5773 2419 5842 275,0;
2446 5789 2555 5844 quo
2584 5788 2650 5831 ex
2678 5774 2821 5841 loco,
2846 5781 2899 5828 et
2929 5787 2995 5830 ex
3024 5766 3238 5828 duobus
3269 5766 3475 5826 codici-
