4030 6342
248 336 413 391 (διδ

1440 330 1999 390 RECOGNITIONUM
2041 328 2168 383 LIB.
2211 328 2301 386 IX.

3361 334 3500 389 HM

244 453 440 507 modo
476 467 688 509 summa
717 452 1065 509 observantia
1092 449 1267 506 adhuc
1294 460 1563 521 Spirantes
1588 452 1836 505 homines
1867 460 1910 512 Α
1947 446 2224 515 signorum
2246 486 2259 510 ,
2296 460 2470 513 neque
2502 446 2720 514 triginta
2750 454 2803 499 et
2837 460 2930 499 sex
2962 444 3258 499 secundum
3298 462 3496 502 nmne~

246 544 517 599 canibus
568 544 909 600 devorandos
959 544 1257 612 abjieiunt,
1290 544 1335 574 “
1365 550 1418 597 et
1464 559 1571 597 non
1622 543 1692 595 ob
1736 542 1839 594 hoc

248 628 513 689 Martem
542 651 663 688 cum
692 634 840 689 Luna
870 651 965 705 per
994 635 1242 689 diurnam
1276 634 1515 704 genesim
1546 635 1598 687 iii
1629 632 1840 688 Cancro

247 722 499 790 positos
529 725 745 778 habent.
778 723 891 778 Indi
922 735 1164 779 mortuos
1192 738 1320 778 suos
1352 724 1646 777 incendunt
1667 763 1681 785 ,
1714 738 1837 775 eum

250 813 488 880 quibus
518 822 569 869 et
600 831 796 871 uxores
826 815 1205 871 defunctorum
1244 822 1436 885 sponte
1465 830 1522 868 se
1550 814 1839 868 oﬂerentes

249 912 613 960 exuruntur.
647 903 749 959 Sed
790 922 895 959 non
933 906 1054 959 ideo
1093 922 1280 961 omnes
1318 923 1436 972 qua:
1479 905 1612 959 vivae
1654 904 1840 957 incen-

250 990 490 1047 duntur
518 993 771 1049 Indorum
802 998 1058 1052 mulieres
1080 1038 1093 1061 ,
1129 996 1181 1049 in
1224 1006 1488 1049 nocturna
1520 997 1702 1066 genesi
1736 995 1839 1049 sub

248 1091 413 1137 terra
448 1085 655 1140 habent
687 1084 864 1141 Solem
894 1102 1015 1141 cum
1046 1086 1214 1142 Marte
1253 1090 1303 1141 in
1346 1088 1588 1157 partibus
1628 1085 1836 1140 Martis.

245 1172 677 1230 Germanorum
729 1178 946 1247 plurimi
994 1178 1185 1247 laqueo
1234 1179 1396 1233 vitam
1448 1180 1679 1239 ﬁniunt,
1734 1191 1837 1230 nec

247 1264 493 1321 idcirco
521 1284 710 1323 omnes
739 1268 945 1323 Lunam
977 1285 1101 1323 cum
1132 1271 1297 1333 hora,
1327 1267 1563 1324 Saturno
1590 1277 1643 1323 et
1668 1267 1839 1322 Marte

246 1357 705 1416 circumciiietas
733 1361 949 1415 habent.
970 1360 1075 1415 Sed
1102 1362 1291 1417 nou'in
1321 1361 1464 1415 omni
1496 1369 1673 1431 gente,
1705 1368 1757 1414 et
1784 1359 1841 1413 in

249 1449 420 1503 omni
458 1452 550 1505 die
580 1467 675 1521 per
701 1467 914 1507 omnem
943 1454 1310 1509 diversitatem
1356 1454 1568 1524 genesis
1605 1468 1840 1508 nascun-

248 1547 355 1593 tur
406 1540 709 1597 homines?
748 1542 824 1597 Ex
866 1543 1064 1613 quibus
1101 1546 1357 1599 omnibus
1396 1553 1659 1614 apparet,
1710 1546 1840 1614 quia

251 1640 459 1686 metus
499 1633 672 1703 legum
706 1634 759 1687 in
791 1650 1115 1705 unaquaque
1154 1637 1373 1706 regione
1416 1636 1746 1699 dominatur,
1786 1643 1841 1691 et

252 1727 499 1782 arbitrii
531 1730 753 1783 libertas
781 1745 900 1799 qua:
931 1738 1015 1784 est
1042 1730 1355 1785 hominibus
1386 1732 1548 1786 insita
1589 1746 1685 1799 per
1723 1731 1839 1800 spi-

1942 555 2059 591 rum
2090 540 2419 591 deeanorum
2440 577 2455 600 ,
2490 538 2583 591 sed
2616 546 2741 591 sunt
2772 539 3088 593 innumerae.

2010 627 2222 681 XXVII.
2264 627 2574 682 Meminisse
2618 636 2797 682 autem
2846 628 3106 683 debemus
3156 645 3342 683 eorum
3374 645 3495 699 qua

1942 735 2105 788 supra
2148 726 2461 774 enumerata
2501 728 2649 782 sunt,
2688 720 2831 789 quod
2866 722 2917 774 in
2946 735 3050 773 una
3085 720 3250 773 Indiae
3273 720 3497 789 regione

1941 818 2146 866 suntet
2192 812 2285 881 qui
2328 812 2606 865 hominum
2641 813 2900 867 carnibus
2934 822 3245 875 vescantur,
3278 821 3330 865 et
3370 820 3498 866 sunt

1941 903 2033 970 qui
2064 903 2227 956 etiam
2273 918 2301 955 a
2334 903 2631 971 pecudibus
2671 904 2747 957 vel
2782 905 2973 959 avi-bus
3004 905 3364 975 omnibusque
3386 905 3495 957 ani-

1942 995 2215 1049 mantibus
2245 996 2576 1061 abstineant,
2607 1002 2660 1049 et
2702 996 2827 1065 quia
2872 996 3125 1066 Magiisazi
3175 1013 3284 1051 non
3321 998 3495 1053 solum

1940 1085 1995 1138 in
2023 1084 2245 1140 Perside
2282 1094 2482 1141 matres
2519 1103 2581 1141 ae
2631 1088 2768 1142 ﬁlias
2818 1089 3093 1156 accipiunt
3145 1089 3199 1143 in
3228 1090 3481 1144 matrimo

1939 1176 2111 1236 nium,
2149 1175 2243 1229 sed
2267 1176 2391 1229 etin
2418 1176 2563 1229 omni
2596 1186 2753 1246 gente
2773 1178 3082 1247 ubicunque
3112 1178 3497 1243 habitaverint,

1940 1267 2202 1320 malorum
2235 1283 2455 1322 suorum
2487 1269 2691 1322 incesta
2725 1262 2971 1323 instituta
2996 1270 3333 1325 custodiunt.
3361 1270 3498 1325 Tum

1939 1370 2201 1427 praeterea
2243 1368 2297 1414 et
2354 1361 2669 1414 innumeras
2693 1368 2880 1429 gentes
2910 1366 3350 1425 memoravimus,
3377 1380 3499 1434 qua:

1941 1452 2156 1519 penitus
2187 1450 2365 1505 studia
2396 1452 2644 1505 nesciunt
2679 1450 3007 1505 litterarum.
3034 1450 3141 1506 Sed
3158 1461 3212 1506 et
3235 1455 3500 1524 aliquanti

1941 1542 2215 1611 sapientes
2244 1542 2346 1595 viri
2379 1543 2527 1611 ipsas
2568 1544 2713 1612 leges
2738 1544 2790 1597 in
2822 1544 3101 1598 nonnullis
3134 1557 3501 1602 commutave-

1940 1640 2068 1685 runt
2097 1632 2250 1694 locis,
2285 1631 2402 1685 alia:
2425 1647 2553 1685 vero
2589 1633 2749 1686 etiam
2777 1642 2975 1704 sponte
3011 1648 3106 1702 pro
3148 1635 3231 1688 sui
3286 1637 3366 1690 vel
3398 1637 3500 1690 iui-

1940 1724 2301 1795 possibilitate
2336 1724 2416 1777 vel
2451 1724 2793 1778 inhonestate
2820 1724 3090 1780 derelicue
3136 1734 3281 1781 sunt.
3315 1729 3495 1793 Certe,

252 1819 446 1872 ritum
475 1863 486 1882 ,
518 1822 851 1891 obtemperat
886 1823 1097 1891 legibus
1118 1863 1132 1887 ,
1170 1838 1271 1877 nec
1309 1838 1502 1892 cogere
1538 1830 1715 1893 potest
1747 1837 1835 1891 ge.
1867 1811 1910 1870 Β
1939 1816 2083 1886 quod
2132 1816 2186 1869 in
2240 1823 2487 1885 promptu
2520 1823 2604 1869 est
2636 1831 2880 1878 noscere,
2917 1817 3102 1885 quanti
3147 1818 3501 1887 imperatores

254 1911 430 1965 nesis
464 1920 557 1965 aut
587 1910 745 1967 Seres
773 1914 1127 1967 homicidium
1159 1914 1519 1977 committere,
1552 1920 1643 1968 aut
1674 1913 1840 1981 Brag-

258 2015 480 2055 inanos
516 2002 770 2058 carnibus
806 2003 983 2068 vesci,
1025 2014 1117 2058 aut
1151 2002 1346 2059 Persas
1386 2006 1591 2058 incesta
1629 2005 1835 2067 vitare,

255 2091 354 2145 vel
389 2090 561 2146 Indos
588 2108 695 2145 non
724 2094 908 2157 exuri,
937 2101 1030 2148 aut
1062 2094 1244 2150 Medos
1278 2112 1385 2150 non
1418 2110 1447 2149 a
1480 2096 1708 2151 canibus
1743 2096 1838 2151 de-

258 2180 500 2243 vorari,
548 2179 776 2237 Parthos
818 2199 929 2238 non
973 2185 1170 2241 habere
1219 2188 1403 2255 plures
1455 2201 1688 2249 uxores,
1738 2195 1833 2241 aut

259 2268 545 2324 mulieres
604 2269 1001 2342 Mesopotamia:
1048 2290 1157 2329 non
1207 2275 1793 2351 servare.pudicitiam
1822 2314 1838 2340 ,

267 2357 511 2435 Graecos
550 2378 657 2416 non
694 2366 937 2420 exerceri
967 2366 1265 2436 palaestris,
1309 2365 1585 2419 Gallorum
1637 2380 1834 2434 pueros

262 2463 388 2502 non
426 2450 538 2519 pati
571 2451 886 2516 muliebria,
918 2455 1000 2507 vel
1028 2461 1212 2524 gentes
1240 2454 1500 2508 barbaras
1529 2450 1840 2506 Grecorum

266 2542 488 2597 studiis
516 2542 761 2610 institui,
795 2544 910 2609 sed,
934 2555 999 2599 ut
1023 2546 1294 2609 diximus,
1336 2558 1672 2614 unaquaeque
1707 2557 1838 2612 gens

266 2634 400 2687 suis
439 2635 651 2705 legibus
695 2638 867 2689 utitur
908 2652 1006 2705 pro
1044 2638 1310 2691 libertatis
1350 2637 1608 2699 arbitrio,
1653 2643 1707 2689 et
1746 2633 1841 2689 de—

267 2736 435 2779 creta
469 2729 682 2797 genesis
710 2730 887 2799 legum
919 2731 1207 2799 severitate
1237 2729 1478 2800 depellit.

347 2811 549 2870 XXVI.
585 2816 630 2846 ⁷ο
667 2814 772 2871 Sed
810 2816 951 2871 dicet
990 2818 1185 2888 aliquis
1220 2834 1409 2873 eorum
1448 2819 1538 2888 qui
1579 2819 1633 2873 in
1672 2818 1837 2873 disci-

268 2906 434 2975 plina
486 2909 745 2964 mathesis
792 2909 987 2964 eruditi
1039 2918 1197 2974 sunt,
1250 2912 1489 2982 genesim
1540 2912 1593 2966 in
1632 2922 1838 2983 septem

266 3007 471 3068 partes
512 3000 727 3063 dirimi,
773 3017 893 3071 qua:
933 3002 1011 3056 illi
1074 3004 1292 3058 climata
1337 3006 1610 3075 appellant
1652 3006 1837 3077 (IOO),

266 3089 558 3145 dominari
588 3108 714 3147 vero
743 3094 1039 3164 unicuique
1067 3096 1272 3149 elimati
1315 3113 1476 3150 unam
1522 3113 1587 3151 ex
1626 3106 1835 3168 septem

268 3181 491 3245 stellis,
540 3189 595 3237 et
647 3184 779 3238 istas
830 3200 965 3254 quas
1002 3188 1351 3256 exposuimus
1396 3189 1639 3244 diversas
1692 3191 1837 3260 leges

266 3289 390 3327 non
440 3274 511 3327 ab
559 3275 868 3331 hominibus
909 3279 1145 3347 positas,
1185 3281 1278 3333 sed
1315 3281 1383 3334 ab
1420 3281 1541 3335 istis
1576 3283 1837 3352 principi-

267 3364 382 3418 bus
416 3365 715 3419 secundum
762 3368 1192 3439 uniuscujusque
1231 3370 1600 3436 voluntatem;
1643 3382 1695 3426 et
1732 3373 1835 3429 hoc

267 3457 426 3526 quod
461 3458 630 3512 stellae
659 3459 833 3513 visum
862 3468 945 3515 est
966 3504 980 3526 ,
1014 3461 1183 3530 legem
1215 3446 1283 3515 ab
1314 3461 1622 3518 hominibus
1650 3464 1835 3519 obser-

270 3557 488 3605 vatam.
527 3550 605 3603 Ad
646 3550 759 3605 haec
794 3566 922 3620 ergo
957 3553 1439 3621 respondebimus,
1480 3554 1625 3623 quod
1664 3555 1838 3625 primo

270 3638 506 3707 quidem
536 3656 642 3694 non
672 3649 755 3695 est
783 3641 836 3695 in
866 3650 1069 3710 septem
1101 3650 1281 3712 partes
1313 3644 1463 3697 orbis
1501 3652 1657 3698 terra:
1694 3645 1834 3699 divi-

271 3745 372 3785 sus
394 3771 409 3794 ,
449 3740 563 3784 tum
592 3732 786 3787 deinde
814 3739 867 3787 et
897 3733 943 3787 si
974 3733 1046 3786 ita
1076 3743 1259 3797 esset,
1293 3734 1347 3787 in
1378 3749 1483 3788 una
1513 3742 1666 3805 parte
1698 3742 1751 3791 et
1780 3735 1833 3788 in

272 3838 385 3875 una
424 3823 645 3892 regione
682 3824 986 3878 invenimus
1021 3824 1217 3878 multas
1248 3825 1579 3881 diﬁcrentias
1616 3827 1793 3894 legum
1815 3864 1832 3889 ,

271 3921 329 3966 et
382 3913 513 3967 ideo
563 3930 737 3984 neque
790 3924 992 3984 septem
1041 3923 1168 3971 sunt
1204 3918 1499 3971 secundum
1549 3933 1834 3972 numerum

271 4005 565 4059 stellarum
590 4047 605 4072 ,
648 4022 825 4076 neque
864 4005 1151 4062 duodecim
1198 4009 1499 4063 secundum
1550 4024 1837 4063 numerum

346 4192 391 4223 θ’
414 4189 485 4242 Et
509 4206 654 4244 nar...
680 4185 875 4259 habent
922 4192 1082 4259 atque
1122 4185 1212 4259 illa
1261 4202 1380 4256 qua:
1430 4188 1483 4242 in
1516 4189 1869 4259 sequentibus
1919 4189 1984 4243 ad
2017 4188 2359 4259 astrologiam
2419 4193 2666 4259 spectant
2710 4201 2889 4239 omnia
2938 4186 3029 4259 sed
3072 4203 3242 4241 non...

272 4272 324 4313 et
376 4276 470 4314 nec
518 4260 781 4328 idcirco?
817 4254 1014 4328 Martis
1034 4270 1140 4328 non
1190 4254 1440 4326 leguntur
1471 4260 1526 4312 in
1584 4254 1743 4313 codd.
1770 4259 1944 4328 Lipss.

1941 1910 2183 1979 gentium
2214 1923 2351 1977 quas
2379 1908 2621 1961 vicerant
2651 1908 2795 1977 leges
2824 1916 2876 1962 et
2911 1909 3157 1962 instituta
3198 1921 3498 1978 mutarunt,

1940 2007 1991 2053 et
2023 2000 2137 2054 suis
2174 2014 2268 2053 eas
2318 1999 2528 2069 legibus
2562 1999 2934 2067 subjeeerunt!
2960 2000 3113 2065 Quod
3164 2003 3441 2058 evidenter
3469 2022 3498 2057 a

1940 2091 2201 2145 Romanis
2252 2089 2452 2144 factum
2484 2090 2728 2152 docetur,
2758 2091 2849 2160 qui
2882 2106 3094 2146 omnem
3128 2108 3267 2165 pene
3310 2097 3498 2150 orbem

1940 2197 2238 2251 omnesque
2266 2184 2514 2237 nationes
2547 2184 2777 2252 propriis
2807 2183 2983 2252 primo
3008 2190 3061 2236 et
3092 2186 3257 2241 variis
3290 2187 3500 2254 legibus

1940 2273 2313 2343 institutisque
2343 2275 2602 2338 viventes,
2637 2276 2689 2327 in
2716 2274 3086 2329 Romanorum
3106 2277 3199 2345 jus
3231 2286 3285 2331 et
3316 2280 3498 2335 civilia

1942 2368 2077 2421 scita
2103 2373 2403 2421 verterunt.
2441 2366 2486 2397 '“
2513 2362 2774 2437 Superest
2817 2381 2947 2436 ergo
2987 2374 3045 2421 ut
3077 2378 3131 2421 et
3165 2370 3336 2423 stella:
3368 2386 3500 2440 gen-

1940 2458 2097 2519 tium,
2133 2473 2251 2527 quae
2281 2472 2310 2509 a
2343 2455 2604 2512 Romanis
2633 2458 2789 2512 victa:
2819 2464 2966 2521 sunt,
3000 2459 3216 2513 climata
3244 2477 3343 2515 sua
3378 2477 3501 2531 par-

1939 2558 2129 2617 tesque
2161 2548 2515 2619 perdiderint.

2009 2638 2244 2695 XXVIII.
2287 2639 2494 2693 Addam
2548 2638 2725 2693 adhuc
2777 2653 2913 2705 rem,
2947 2655 3065 2712 quae
3117 2648 3289 2710 possu
3335 2643 3497 2697 etiam

1940 2730 2097 2786 valde
2146 2730 2442 2786 incredulis
2478 2729 2810 2784 satisfacere.
2855 2728 3024 2785 Judazi
3082 2746 3269 2786 omnes
3296 2732 3371 2803 (l)
3404 2733 3498 2802 qui

1939 2824 2042 2879 sub
2069 2826 2184 2894 lege
2212 2823 2380 2895 Moysi
2412 2823 2619 2885 vivunt,
2641 2822 2780 2876 ﬁlios
2810 2837 2940 2877 suos
2967 2832 3156 2877 octava
3186 2824 3270 2877 die
3292 2826 3500 2895 absque

1938 2916 2047 2968 ulla
2071 2915 2331 2969 dilatione
2358 2913 2776 2973 circumcidunt,
2817 2920 2870 2967 et
2901 2912 3126 2968 infantis
3165 2916 3336 2969 teneri
3372 2930 3501 2971 san-

1939 3006 2157 3074 guinem
2200 3004 2466 3069 I'undunt;
2498 3020 2527 3056 a
2576 3004 2774 3057 seculo
2804 3014 2983 3057 autem
3015 3006 3198 3060 nullus
3226 3021 3289 3059 ex
3321 3008 3499 3075 genti-

1941 3096 2042 3150 bus
2070 3096 2172 3150 boe
2201 3095 2289 3150 die
2312 3102 2502 3148 octava
2526 3105 2816 3163 perpessus
2844 3100 2946 3157 est,
2964 3105 3017 3147 et
3042 3104 3264 3149 econtra
3285 3094 3500 3151 JUdEBO-

1940 3204 2059 3242 rum
2089 3187 2269 3241 nullus
2299 3186 2498 3239 omisit.
2531 3183 2812 3249 Quomodo
2841 3200 2970 3254 ergo
3013 3186 3067 3239 in
3116 3187 3217 3240 hoe
3246 3188 3382 3241 ratio
3407 3205 3499 3253 ge-

1940 3278 2089 3332 nesis
2124 3277 2333 3332 stabit?‘
2356 3290 2477 3330 cum
2511 3289 2605 3343 per
2645 3280 2869 3327 cunctas
2921 3276 3072 3330 orbis
3120 3285 3278 3332 terra:
3316 3289 3497 3348 partes

1941 3384 2131 3423 omnes
2179 3367 2349 3421 Judaei
2404 3366 2619 3419 admisti
2666 3364 2912 3433 gentibus
2962 3366 3165 3430 vivant,
3197 3376 3251 3422 et
3306 3380 3497 3423 octava

1931 3460 2140 3516 .ferrum
2161 3458 2435 3530 perferant
2463 3458 2550 3511 die
2578 3457 2739 3512 unius
2763 3460 2816 3512 in
2848 3460 3075 3513 membri
3104 3460 3245 3523 loco,
3264 3469 3316 3514 et
3338 3477 3497 3514 nemo

1941 3552 2243 3623 gentilium,
2269 3550 2363 3605 sed
2390 3551 2493 3620 ipsi
2531 3551 2653 3613 soli,
2686 3560 2746 3605 ut
2777 3551 2909 3613 dixi,
2938 3551 3041 3603 hoc
3074 3551 3363 3614 faciunt,"
3387 3567 3497 3606 non

1938 3647 2097 3702 stella
2121 3653 2349 3715 cogente
2378 3658 2477 3698 nec
2501 3643 2815 3712 perlusione
2844 3645 3129 3713 sanguinis
3150 3654 3491 3715 perurgente,

1938 3737 2035 3792 sed
2065 3737 2181 3806 lege
2225 3736 2503 3805 religionis
2551 3735 2792 3796 adducti,
2824 3743 2877 3788 et
2909 3735 2963 3789 in
2988 3750 3312 3806 quocunque
3345 3737 3493 3791 orbis

1941 3827 2060 3880 loco
2092 3827 2289 3879 fuerint
2318 3825 2419 3878 lioe
2448 3832 2531 3879 est
2560 3825 2639 3880 eis
2662 3825 2875 3894 insigne
2897 3826 3272 3881 vernaculum.
3301 3824 3404 3880 Sed
3437 3834 3492 3879 ct

1941 3918 2084 3989 quod
2135 3932 2299 3970 unum
2350 3931 2542 3969 nomen
2578 3916 2830 3970 omnibus
2861 3916 2999 3970 inest
3048 3917 3353 3985 ubicunque
3384 3917 3493 3971 lue-

1943 4011 2073 4069 rint,
2107 4004 2351 4075 nunquid
2411 4012 2463 4058 et
2507 4006 2608 4058 lioe
2660 4020 2754 4074 per
2787 4008 3025 4075 genesim
3054 4007 3240 4060 venit?
3264 4016 3318 4061 et
3344 4008 3491 4077 quod

2023 4188 2359 4258 astrologiam
2419 4193 2666 4256 spectant
2710 4201 2889 4239 omnia
2940 4186 3029 4239 sed
3072 4203 3242 4241 non...
3296 4186 3488 4239 Martis

2023 4260 2067 4291 7°
2108 4256 2210 4311 Sed
2248 4258 2382 4309 dicet
2414 4300 2450 4311 ..
2487 4258 2730 4326 instituta
2764 4258 3059 4309 custodiunt
3092 4265 3232 4325 (cap.
3260 4256 3351 4326 27)
3392 4256 3490 4309 deo

274 4339 405 4384 sunt
436 4331 493 4382 in
529 4329 689 4383 codd.
722 4327 898 4395 Lipss.
974 4324 1018 4356 '“
1056 4323 1365 4395 Superest...
1404 4327 1721 4396 perdiderint
1742 4323 1939 4384 des-unt
1970 4330 2022 4383 in
2054 4327 2209 4383 codd.
2246 4327 2423 4396 Lipss.
2497 4328 2541 4359 ⁷³
2564 4323 2614 4377 Ν
2621 4342 2685 4379 on
2717 4326 2939 4381 stella...
2960 4336 3049 4379 aut
3080 4323 3246 4380 emere
3274 4323 3382 4381 non
3413 4329 3493 4381 le-

272 4408 480 4469 guntur
505 4400 560 4454 in
580 4399 738 4454 codd.
754 4396 931 4465 Lipss.

1595 4488 1953 4546 COTELERII
1987 4487 2215 4543 NOTE.

350 4620 498 4691 (100)
540 4619 775 4674 Genesim
824 4620 876 4691 in
921 4629 1111 4691 septem

276 4688 495 4746 climata
526 4691 807 4759 appellant.
835 4688 1055 4743 Dillieile
1077 4688 1167 4744 est
1191 4691 1257 4745 de
1283 4692 1395 4753 hoc,
1419 4692 1537 4746 loco
1568 4688 1823 4747 statuere.

274 4762 413 4816 Nam
450 4762 497 4815 si
517 4762 762 4832 exigatur
803 4760 868 4812 ad
907 4760 1221 4832 Caesarium,
1264 4762 1485 4832 mutilus
1515 4762 1825 4832 apparebit;

278 4834 324 4887 si
350 4846 482 4885 vero
503 4831 566 4883 ad
592 4829 972 4899 Bardesancm,
998 4828 1261 4884 videbitur
1283 4830 1509 4885 Ruﬁnus
1533 4828 1724 4899 legisse
1745 4849 1830 4899 γε·

277 4902 421 4954 νέσιν
446 4916 540 4970 pro
561 4901 682 4970 γῆν.
704 4897 883 4970 Verba
914 4900 1106 4969 prioris
1135 4908 1262 4954 sunt
1296 4901 1463 4954 ;Ἀλλ’
1487 4897 1625 4954 ἐπτᾶ
1662 4897 1827 4970 ὄντων

277 4918 421 4954 νεσιν
446 4918 540 4970 pro
561 4918 595 4968 γ
634 4918 682 4952 ν.
718 4918 883 4954 verba
914 4918 1106 4969 prioris
1135 4918 1262 4954 sunt
1296 4920 1309 4954 :
1343 4918 1461 4953 ΑΜ(
1487 4918 1625 4954 ama
1662 4918 1827 4954 οντων

274 4974 345 5042 τῇ
371 4971 579 5042 γενέᾳενι
597 4918 1162 5042 gaudendi/antiit!va
1193 4970 1452 5042 éqtépiov,
1483 4974 1562 5034 εἰς
1589 4970 1727 5023 ἑπτὰ
1753 4969 1831 5022 λέ-

277 5038 444 5111 γόμεν
478 5040 713 5111 κλςμαῄεα
742 5038 859 5111 τὴνλ
880 5038 1342 5111 γῆνδιαλιρελῖσθανιζ
1382 5040 1703 5096 Posterioris
1735 5055 1831 5111 au-

276 5108 384 5180 tem
410 5129 423 5163 :
456 5111 518 5161 Οἱ
550 5108 606 5161 δὲ
638 5108 956 5180 ᾁσῖρσνόμοὶ
982 5108 1233 5180 austrini:
1257 5110 1358 5179 γῆν
1377 5111 1576 5180 ταύτην
1608 5110 1832 5180 μεμερί-

281 5179 400 5231 σθαι
421 5182 499 5241 εἰς
526 5177 665 5250 ἑπτὰ
678 5177 948 5250 κλίματα..
968 5178 1234 5250 Caeterum
1266 5177 1467 5247 septem
1497 5177 1709 5250 quoque
1740 5177 1833 5233 cli-

278 5258 421 5318 niata
468 5249 616 5318 ponit
672 5247 892 5301 Servius
937 5250 1005 5302 ad
1050 5264 1061 5300 I
1106 5248 1407 5318 Georgicon,
1446 5247 1831 5317 enumeratque

276 5315 514 5373 Isidorus
544 5318 818 5384 Originum
848 5318 940 5372 lib.
971 5335 1048 5380 iii,
1078 5334 1198 5386 cap.
1222 5315 1281 5371 41
1321 5333 1334 5367 2
1370 5331 1486 5385 quae
1510 5327 1683 5373 tamen
1709 5315 1830 5373 octo

278 5389 420 5455 leges
448 5390 584 5457 apud
609 5388 933 5457 Martialium
961 5388 1232 5456 Capellam
1265 5388 1360 5441 lib.
1391 5405 1503 5452 vni,
1529 5403 1581 5457 p.
1614 5389 1740 5443 296.

350 5459 425 5527 (1)
463 5456 639 5512 λιιάωὶ
660 5474 853 5511 omnes.
890 5456 1032 5511 Idem
1058 5466 1430 5523 argumentum
1458 5456 1617 5525 vulgo
1639 5466 1831 5527 urgent

279 5530 450 5581 sancti
484 5528 686 5583 Patres.
715 5527 866 5592 Quod
898 5538 1075 5580 autem
1118 5528 1204 5580 liie
1234 5528 1429 5581 dicitur
1454 5530 1657 5581 nullum
1699 5544 1828 5596 gen-

283 5598 449 5668 tilium
489 5614 724 5668 unquam
756 5598 1218 5668 circuiiieisionem
1260 5607 1452 5651 octavo
1488 5598 1574 5651 die
1606 5613 1825 5668 passum

281 5664 462 5728 fuisse.
494 5664 764 5723 confutari
786 5682 941 5736 posse
956 5667 1169 5721 videtur
1199 5682 1293 5735 per
1323 5664 1680 5721 narrationem
1704 5665 1826 5720 Phi-

284 5739 517 5798 iostoriiii
557 5741 623 5795 de
674 5736 959 5793 llomei’itis
1002 5753 1064 5792 ea
1096 5739 1182 5794 die
1245 5738 1558 5794 circumcidi
1606 5736 1780 5793 solitis
1806 5777 1821 5802 ,

1160 4631 1333 4692 partes
1360 4623 1540 4675 dirimi
1560 4662 1574 4685 ,
1605 4638 1721 4692 qua:
1748 4622 1829 4675 illi
1860 4627 1903 4680 D
1932 4622 2023 4676 lib.
2050 4638 2130 4685 in,
2161 4634 2211 4674 e.
2240 4622 2294 4674 4.
2338 4618 2534 4692 Verum
2567 4618 2748 4675 forsan
2780 4619 3065 4673 llomeritte
3092 4626 3214 4692 post
3246 4628 3485 4692 tempora

1932 4692 2105 4745 nostri
2130 4691 2381 4744 Auctoris
2410 4691 2573 4743 ritum
2598 4706 2754 4745 suum
2784 4696 3077 4750 mutavere,
3118 4689 3294 4742 edocti
3332 4703 3360 4741 a
3385 4688 3484 4743 Ju-

1933 4761 2064 4815 dazis
2105 4760 2400 4829 inquilinis.
2436 4759 2643 4813 Etenim
2672 4760 2879 4814 Arabes
2908 4766 3061 4812 erant
3085 4777 3107 4829 ε
3131 4758 3489 4813 circumcide-

1932 4832 2129 4885 bantur
2168 4826 2330 4899 porro
2373 4830 2579 4883 Arabes
2610 4844 2752 4883 anno
2784 4831 2869 4889 15,
2900 4836 3035 4883 teste
3075 4826 3303 4899 Origene
3343 4829 3484 4898 apud

1934 4898 2221 4954 Eusebium
2254 4899 2346 4952 I’r.
2391 4914 2572 4968 evang.
2603 4898 2695 4953 lib.
2729 4916 2804 4960 Vl,
2836 4914 2953 4967 cap.
2990 4899 3076 4963 ll,
3110 4914 3161 4968 p.
3194 4898 3318 4960 295,
3351 4908 3404 4952 et
3430 4901 3483 4952 in

1934 4914 2221 4954 Luscinum
2254 4914 2346 4952 i'r.
2391 4914 2572 4968 evang.
2605 4914 2695 4953 uo.
2729 4916 2804 4960 Vl,
2836 4914 2953 4967 cap.
2990 4914 3076 4963 ii,
3194 4914 3318 4960 zua,
3351 4914 3404 4952 et
3430 4915 3483 4952 in

1930 4968 2239 5023 Pliilocaliae
2275 4984 2394 5037 cap.
2418 4969 2507 5035 2‘2,
2550 4984 2671 5038 pag.
2705 4968 2826 5031 563,
2871 4983 3078 5021 necnon
3154 4968 3393 5022 ustatliio
3428 4970 3483 5022 in

1934 5040 2291 5092 Hexaemeron
2316 5040 2407 5094 ubi
2442 5039 2507 5093 de
2534 5038 2859 5092 Abrahamo.
2900 5038 3053 5091 Μετὰ
3091 5038 3206 5101 ἔτος
3238 5054 3485 5107 τριᾳκαι-

1928 5109 2169 5173 δέκατον,
2212 5118 2325 5177 post
2352 5110 2607 5162 decimum
2651 5111 2860 5163 tertium
2882 5124 3098 5169 annum,
3129 5106 3303 5176 inquit
3329 5106 3484 5161 10se-

1930 5181 2069 5248 phus
2098 5179 2483 5248 Antiquitatum
2510 5179 2604 5233 lib.
2636 5194 2674 5239 ι.
2721 5194 2842 5247 cap.
2874 5179 2960 5241 l3,
2992 5178 3134 5247 quod
3162 5177 3359 5248 eodem
3397 5192 3481 5231 re-

1930 5246 2080 5311 cidit,
2114 5260 2172 5302 ut
2206 5246 2417 5304 constat
2440 5265 2505 5303 ex
2530 5249 2771 5314 ejusdem
2792 5246 2924 5302 libri
2959 5246 3073 5314 cap.
3118 5247 3199 5309 ll,
3233 5246 3333 5299 hoc
3376 5255 3478 5311 est,

1930 5334 2073 5389 anno
2108 5320 2171 5373 l3
2191 5320 2475 5389 completo.
2497 5317 2653 5389 Certe
2657 5317 3006 5389 Ambrosius.
3029 5315 3121 5371 lib.
3149 5332 3185 5389 ii
3210 5315 3286 5369 De
3309 5316 3482 5389 Abra-

1927 5388 2100 5448 hamo,
2135 5404 2185 5442 e.
2221 5386 2509 5447 “(refert
2540 5388 2609 5441 ab
2633 5387 2897 5457 Egyptiis
2923 5388 3272 5457 circumcisos
3313 5386 3481 5441 fuisse

1927 5474 2122 5526 pueros
2148 5474 2345 5511 annum
2378 5466 2598 5527 agentes
2625 5455 3164 5527 quartumdeeimum.
3201 5455 3379 5527 Atque
3414 5472 3474 5510 ex

1926 5524 2010 5584 liis
2050 5538 2360 5595 suspectum
2385 5524 2554 5581 habeo
2576 5524 2748 5581 locum
2782 5526 3027 5595 Proc0pii
3056 5524 3227 5582 ϐίη.κί
3253 5524 3317 5578 ad
3340 5524 3470 5591 Gen.

1926 5612 1965 5660 I,
2018 5599 2082 5652 M
2110 5618 2123 5653 :
2152 5600 2327 5662 Quare
2376 5601 2514 5666 apud
2539 5597 2836 5650 lsmaelitas
2886 5598 3181 5650 sacerdotes
3229 5598 3317 5649 ubi
3366 5606 3477 5650 natt

1924 5669 2118 5737 fuerint
2144 5684 2306 5721 annos
2328 5668 2520 5727 decem,
2547 5668 2940 5723 circumcisione
2962 5668 3277 5736 signantur?
3302 5680 3369 5721 ne
3401 5680 3474 5736 ιγ,

1924 5739 2140 5803 detrito,
2174 5756 2229 5807 γ,
2265 5738 2535 5793 transierit
2573 5739 2626 5791 in
2659 5756 2697 5794 t.
