4030 6342
270 268 426 326 1617
1493 268 1765 326 RECOGN
1771 268 1835 323 IT

1940 268 2054 325 iUM
2106 268 2235 326 LIB.
2275 267 2362 327 IX.
3383 278 3523 335 ωε

264 387 535 459 singulis
563 388 829 444 obsistere
863 399 917 443 et
948 401 1250 458 repugnare
1271 386 1436 440 habet
1464 386 1518 439 in
1552 393 1748 439 natura
1778 400 1876 440 sua
1904 420 1950 475 Α
1980 384 2080 439 tibi
2118 383 2281 439 hodie
2327 383 2617 456 conjugem
2652 394 2807 440 tuam
2859 403 2981 442 eum
3028 388 3204 446 tribus
3250 393 3451 449 vestris
3479 395 3548 450 li-

268 495 475 545 mens,
508 498 635 537 cum
656 481 705 536 ei
728 480 1017 535 obfulserit
1043 478 1293 533 veritatis
1323 476 1551 547 agnitio,
1582 492 1680 545 per
1712 491 1873 546 quam
1978 476 2125 532 Iberis
2176 478 2449 533 viventem
2500 479 2855 550 pudicissime
2898 481 3227 538 traditurum
3258 502 3273 551 ;
3325 494 3379 543 et
3432 487 3541 559 jam

266 572 587 629 scientiam
624 574 787 627 timor
818 572 985 626 futuri
1007 571 1196 639 judicii
1227 571 1409 633 datur,
1440 569 1531 639 qui
1555 570 1626 623 sit
1647 570 1874 623 idoneus
1975 586 2122 624 nunc
2152 571 2339 640 accipe
2366 569 2523 625 ﬁdem
2552 586 2733 625 rerum
2758 588 2825 626 ex
2856 587 2955 637 eo,
2989 573 3133 643 quod
3166 591 3380 633 omnem
3413 595 3545 637 cau-

267 665 495 722 animae
528 667 857 738 gubernator
884 672 939 717 et
967 667 1059 733 qui
1118 679 1236 717 eam
1282 662 1455 733 possit
1511 678 1540 716 a
1588 660 1877 729 concupis-
1974 679 2091 717 sam
2143 664 2314 717 multo
2361 663 2677 735 diligentius
2724 665 2840 719 seio
2887 682 3051 737 quam
3095 675 3190 732 tu,
3235 681 3544 742 cunctaque

266 759 604 814 centiarum
634 756 949 828 prmcipitiis
979 771 1257 810 revocare.
1290 754 1429 821 Quia
1460 769 1590 825 ergo
1621 755 1731 809 sint
1756 754 1873 807 hzec
1958 756 2067 812 tibi
2101 771 2197 827 per
2225 757 2475 811 ordinem
2508 771 2630 826 quae
2668 765 2821 827 gesta
2864 766 2994 813 sunt
3036 763 3343 826 cnarrabo,
3391 773 3451 818 ut
3490 770 3544 819 et

266 851 329 905 in
365 863 574 908 nostra
605 859 892 923 potestate,
924 849 1257 906 sufﬁcienter
1281 849 1486 903 dictum
1516 856 1618 902 est.
1970 856 2027 901 tu
2062 863 2362 917 cognoscas
2388 856 2441 905 et
2470 850 2562 920 qui
2594 858 2891 920 praesentes
2919 860 3047 906 sunt
3074 853 3311 909 discant.

343 944 584 1001 XXXII.
624 944 780 999 Nunc
818 954 870 1000 et
908 952 967 998 tu
1007 959 1171 998 senex
1198 983 1211 1005 ,
1255 943 1299 996 si
1338 941 1466 1012 quid
1504 940 1674 994 habes
1721 938 1869 1009 quod
2040 940 2255 995 XXXV.
2297 942 2361 995 Et
2390 958 2515 998 eum
2549 943 2663 998 haec
2695 944 2959 1008 dixisset,
2989 960 3290 1003 conversus
3323 947 3388 1003 ad
3420 958 3540 1005 tur-

266 1040 344 1094 ad
391 1041 521 1095 haec
568 1038 936 1110 respondeas,
983 1037 1184 1107 incipe.
1230 1033 1407 1089 Senex
1447 1033 1515 1087 ad
1551 1034 1708 1087 haac:
1750 1031 1873 1086 Ple-
1970 1032 2069 1087 bas
2112 1032 2187 1086 ita
2229 1035 2435 1105 etepit:
2478 1034 2576 1090 Hic
2620 1052 2783 1103 quem
2825 1037 3063 1103 videtis,
3092 1054 3124 1093 o
3154 1042 3285 1102 viri.
3341 1042 3395 1096 in
3436 1042 3541 1098 hac

260 1130 550 1197 nissime,
579 1133 688 1195 ait,
716 1130 1035 1193 ostendisti,
1062 1128 1134 1182 ﬁli
1162 1146 1177 1195 ;
1212 1126 1307 1182 sed
1332 1142 1463 1197 ego.
1492 1126 1633 1181 sicut
1660 1124 1772 1178 dixi
1804 1139 1870 1177 ex
1968 1136 2117 1181 veste
2145 1128 2488 1198 pauperrima
2509 1168 2523 1192 ,
2557 1127 2816 1185 Romana:
2848 1132 3000 1187 urbis
3031 1142 3115 1188 est
3148 1135 3315 1201 civis,
3350 1152 3416 1191 ex
3446 1153 3544 1209 ge~

258 1222 473 1289 initio,
510 1224 663 1279 omni
692 1224 819 1278 huic
863 1220 1273 1291 incomparabili
1318 1219 1615 1275 assertioni
1663 1224 1803 1280 tum,
1839 1230 1869 1267 a
1968 1233 2099 1273 nere
2132 1220 2305 1289 ipsius
2332 1219 2569 1276 Caesaris
2600 1221 2985 1291 descendens;
3020 1241 3217 1281 nomen
3246 1227 3295 1282 ei
3326 1225 3542 1284 Fausti-

257 1318 514 1387 propria
558 1316 901 1371 conscientia
949 1313 1248 1385 prohibeor
1288 1310 1702 1366 accommodare
1735 1324 1869 1363 con-
1968 1310 2202 1375 nianus,
2234 1326 2459 1365 uxorem
2497 1328 2714 1383 quoque
2753 1314 3149 1371 nobilissimam
3194 1317 3532 1376 Matthidiam

259 1426 540 1466 sensum.
586 1408 720 1464 Novi
751 1409 898 1463 enim
927 1416 981 1462 et
1013 1422 1187 1461 meam
1231 1403 1476 1475 genesim
1520 1412 1572 1457 et
1616 1400 1869 1472 conjugis
1967 1402 2187 1456 nomine
2230 1403 2456 1458 sortitus
2498 1413 2615 1468 est,
2665 1420 2728 1459 ex
2779 1422 2886 1477 qua
2929 1415 3040 1463 tres
3084 1408 3224 1465 ﬁlios
3264 1414 3535 1483 suscepit,

258 1517 449 1570 mete,
491 1510 548 1557 et
576 1502 691 1556 scio
722 1516 784 1554 ea
830 1516 951 1570 quae
993 1499 1289 1567 unicuique
1332 1503 1583 1550 nostrum
1627 1492 1868 1548 dictabat
1968 1507 2199 1562 quorum
2231 1494 2341 1548 duo
2370 1495 2603 1565 gemini,
2636 1512 2780 1552 unus
2810 1506 2991 1553 autem
3035 1500 3128 1570 qui
3169 1510 3286 1556 erat
3329 1504 3535 1575 junior,

255 1596 513 1664 genesis
563 1594 867 1657 accidisse,
913 1600 968 1646 et
1011 1591 1079 1645 ab
1121 1590 1207 1644 his
1253 1604 1374 1658 qua:
1416 1587 1580 1641 rebus
1604 1594 1659 1640 et
1689 1585 1869 1655 operi-
1967 1586 2056 1639 cui
2087 1600 2287 1640 nomen
2317 1584 2603 1651 Clemens,
2636 1588 2724 1642 hic
2752 1592 2855 1644 est.
2887 1589 2954 1643 Et
2985 1606 3108 1645 cum
3141 1592 3245 1648 hoc
3271 1594 3533 1665 dixisset,

256 1684 377 1740 bus
410 1695 705 1755 comperta
734 1691 861 1741 sunt
886 1684 1219 1747 mihi,nunc
1240 1682 1424 1736 verbis
1447 1679 1733 1735 transferri
1758 1695 1867 1734 non
1967 1679 2138 1749 digito
2185 1694 2270 1734 me
2313 1680 2573 1735 ostendit.
2617 1679 2828 1735 Gemini
2883 1693 3063 1737 autem
3106 1683 3201 1739 ﬁlii
3243 1687 3363 1756 ejus
3406 1699 3536 1744 sunt

255 1793 535 1847 possum.
568 1777 811 1848 Denique
835 1776 1096 1846 quoniam
1128 1782 1181 1830 te
1213 1774 1457 1844 apprime
1486 1772 1757 1827 imbutum
1787 1771 1870 1826 vi-
1898 1778 1941 1832 Β
1971 1770 2060 1825 isti
2080 1810 2095 1832 ,
2127 1770 2313 1825 Niceta
2342 1779 2395 1826 et
2424 1771 2650 1842 Aquila,
2685 1789 2914 1843 quorum
2946 1777 3086 1832 alius
3115 1775 3409 1837 Faustinus
3438 1798 3537 1839 vo«

255 1864 377 1920 deo
411 1866 476 1919 in
513 1865 885 1934 hujuscemodi
916 1864 1260 1933 disciplinis,
1292 1864 1418 1917 audi
1450 1862 1703 1932 conjugis
1733 1877 1866 1917 meae
1966 1860 2194 1915 cabatur
2222 1863 2375 1932 prius
2399 1903 2414 1925 ,
2448 1870 2502 1918 et
2544 1864 2684 1920 alius
2729 1864 2984 1922 Faustus.
3033 1867 3207 1924 Simul
3248 1880 3429 1927 autem
3474 1881 3535 1929 ut

260 1951 475 2007 thema
500 1993 514 2017 ,
562 1961 616 2007 et
656 1953 903 2008 invenies
946 1953 1169 2007 schema
1213 1952 1374 2021 cujus
1417 1952 1599 2007 exitus
1641 1952 1861 2006 accidit.
1966 1954 2191 2009 nomina
2232 1962 2423 2010 nostra
2462 1957 2767 2011 enuntiavit
2806 1957 3035 2025 Penus,
3072 1978 3237 2017 senex
3274 1966 3533 2021 resolutis

262 2040 498 2097 Habuit
526 2044 670 2099 enim
704 2044 930 2099 Martem
978 2060 1103 2099 cum
1135 2042 1347 2099 Venere
1386 2058 1552 2113 super
1592 2053 1861 2108 centrum,
1966 2045 2227 2099 membris
2256 2048 2545 2112 omnibus,
2575 2062 2732 2117 quas:
2768 2048 3103 2122 interceptus
3131 2054 3391 2112 concidit.
3419 2055 3531 2113 Nos

258 2132 500 2189 Lunam
546 2153 677 2191 vero
720 2137 776 2191 in
814 2152 1017 2193 occasu
1064 2137 1122 2192 in
1153 2138 1406 2192 domibus
1436 2137 1626 2192 Martis
1652 2145 1707 2193 et
1737 2136 1862 2191 ﬁni—
1962 2143 2147 2190 autem
2186 2136 2278 2191 ﬁlii
2318 2137 2588 2194 irruentes
2633 2155 2798 2210 super
2834 2156 2993 2204 eum.
3036 2146 3531 2216 eompleetebamur

264 2228 385 2282 bus
427 2226 695 2292 Saturni,
729 2229 874 2299 quod
903 2230 1125 2285 schema
1154 2230 1433 2285 adulteras
1476 2229 1608 2284 facit
1650 2237 1706 2286 et
1745 2244 1864 2286 ser-
1962 2238 2016 2284 et
2047 2230 2452 2300 osculabamur,
2484 2243 2737 2290 verentes
2776 2237 2939 2291 simul
2978 2252 3045 2292 ne
3079 2239 3333 2308 spiritum
3370 2257 3531 2299 revoo

259 2335 375 2376 vos
410 2321 674 2393 proprios
704 2337 890 2377 amare
911 2362 926 2387 ,
959 2323 1014 2376 in
1045 2322 1485 2393 peregrinatione
1528 2330 1585 2377 et
1621 2322 1675 2377 in
1706 2323 1863 2392 aquis
1961 2336 2088 2377 care
2117 2338 2223 2377 non
2255 2335 2461 2395 posset.
2494 2326 2558 2380 Et
2587 2342 2711 2382 cum
2743 2328 2857 2383 haec
2887 2328 3111 2393 ﬁerent,
3146 2333 3379 2403 populus
3408 2336 3528 2405 qui-

259 2412 551 2485 defungi,
584 2414 729 2487 quod
763 2424 819 2470 et
862 2415 937 2469 ita
982 2414 1183 2469 factum
1227 2423 1351 2481 est;
1393 2414 1584 2470 incidit
1625 2429 1862 2485 namque
1959 2413 2082 2468 dem
2112 2412 2474 2471 admiratione
2510 2418 2627 2489 ipsa
2657 2420 3070 2491 obstupefactus
3101 2431 3207 2479 est.

262 2507 325 2561 in
357 2523 613 2563 amorem
646 2507 828 2574 servi,
859 2516 915 2563 et
944 2508 1249 2579 periculum
1278 2507 1443 2562 simul
1474 2514 1635 2577 atque
1660 2521 1861 2578 opproo
2030 2502 2267 2561 XXXVI.
2311 2504 2505 2563 Petrus
2532 2519 2712 2567 autem
2748 2526 2973 2582 surgere
3004 2528 3105 2568 nos
3151 2529 3182 2569 a
3221 2518 3525 2588 complexi-

259 2597 465 2654 brium
498 2609 746 2656 metuens
774 2598 909 2671 fugit
950 2615 1074 2654 cum
1119 2599 1273 2671 ipso,
1318 2607 1372 2654 et
1410 2614 1635 2669 peregre
1677 2598 1860 2669 profe-
1959 2592 2062 2647 bus
2093 2594 2299 2662 patris,
2338 2612 2407 2650 ne
2441 2613 2563 2653 eum
2596 2614 2920 2657 necaremus
2944 2603 3135 2672 jubet,
3183 2613 3238 2660 et
3275 2606 3391 2677 ipse
3430 2623 3528 2680 ap-

261 2697 362 2746 cta
400 2692 499 2746 ubi
531 2689 707 2745 amori
739 2706 842 2747 suo
873 2689 1177 2753 satisfecit,
1209 2690 1370 2760 periit
1399 2689 1457 2743 in
1484 2689 1643 2744 mari.
1958 2683 2223 2752 prehensa
2254 2702 2416 2740 manu
2441 2688 2561 2755 eius
2580 2727 2595 2750 .
2626 2690 2785 2760 quasi
2816 2691 2881 2745 de
2907 2708 3101 2747 somno
3129 2697 3367 2765 quodam
3396 2712 3527 2768 pro.

343 2781 599 2838 XXXIII.
638 2782 703 2838 Et
733 2798 834 2854 ego
865 2782 1122 2853 respondi
1148 2802 1161 2837 :
1204 2781 1356 2837 Unde
1388 2782 1498 2837 seis
1527 2781 1653 2851 quia
1698 2796 1856 2851 pere-

265 2889 372 2944 gre
403 2890 568 2930 servo
598 2890 699 2931 suo
730 2876 939 2930 sociata
967 2881 1053 2929 est
1078 2884 1134 2928 et
1173 2874 1227 2927 in
1274 2873 1393 2942 ejus
1436 2874 1715 2929 consortio
1758 2890 1854 2944 po-

265 2966 383 3023 sita
442 2966 799 3039 defungitur?
847 2968 913 3022 Et
965 2984 1173 3023 senex:
1226 2967 1584 3031 Certissime,
1634 2968 1849 3037 inquit,

266 3062 397 3119 scio
418 3101 434 3125 ,
464 3077 659 3115 revera
691 3077 795 3115 non
828 3062 954 3130 quia
997 3061 1245 3130 nupserit
1290 3075 1478 3124 servo,
1513 3060 1714 3130 quippe
1756 3061 1847 3131 qui

266 3166 461 3222 neque
494 3151 597 3206 hoc
626 3151 843 3221 quidem
875 3151 1021 3220 quod
1067 3167 1190 3205 eum
1236 3158 1443 3205 amaret
1486 3166 1845 3222 agnoveram,

267 3240 373 3294 sed
407 3251 697 3311 postquam
730 3240 971 3311 profecta
1003 3248 1121 3305 est,
1154 3239 1323 3297 frater
1351 3256 1503 3317 meus
1533 3241 1663 3295 mihi
1695 3256 1853 3295 enar-

268 3333 424 3386 ravit
444 3372 461 3398 ,
493 3334 683 3388 dicens
706 3375 719 3399 ,
754 3333 897 3403 quod
929 3333 1103 3402 primo
1132 3332 1347 3401 quidem
1380 3333 1557 3401 ipsum
1602 3332 1855 3387 adamas-

267 3432 401 3490 set;
465 3425 561 3479 sed
613 3426 700 3479 ille
742 3425 869 3494 quia
914 3431 1033 3479 erat
1075 3424 1373 3489 honestus,
1428 3432 1615 3493 utpote
1665 3423 1851 3486 frater,

266 3517 457 3571 noluit
501 3524 679 3571 torum
728 3516 914 3573 fratris
961 3518 1154 3574 incesti
1195 3517 1406 3572 macula
1436 3517 1697 3587 polluere.
1740 3515 1845 3572 Sed

267 3608 366 3664 illa
400 3614 457 3662 et
490 3623 573 3687 me
606 3622 823 3674 verens,
852 3618 905 3664 et
932 3609 1283 3681 approbrium
1315 3625 1423 3664 non
1452 3609 1632 3664 ferens
1662 3610 1848 3665 infelix

268 3699 492 3773 (neque
530 3701 673 3755 enim
714 3702 1088 3771 imputandum
1128 3703 1175 3757 ei
1212 3710 1327 3765 est,
1362 3703 1507 3773 quod
1539 3718 1657 3758 eam
1686 3717 1850 3773 gene-

267 3795 350 3848 sis
386 3795 571 3849 facere
602 3795 921 3866 compulit),
958 3794 1105 3849 ﬁnxit
1140 3795 1411 3849 somnium
1442 3802 1495 3850 et
1523 3796 1598 3849 ait
1625 3795 1691 3848 ad
1724 3809 1842 3849 me:

266 3884 467 3940 Astitit
496 3886 626 3940 mihi
661 3887 883 3956 quidam
917 3902 1013 3957 per
1042 3889 1217 3941 visum
1238 3928 1253 3953 ,
1290 3889 1381 3959 qui
1406 3888 1571 3958 jussit
1601 3903 1685 3944 me
1720 3903 1845 3943 cum

265 3974 493 4031 duobus
523 3974 755 4047 geminis
784 3978 917 4033 meis
947 3979 1065 4033 sine
1093 3993 1244 4033 mora
1275 3993 1341 4033 ex
1371 3978 1516 4034 Urbe
1546 3978 1841 4048 proﬁcisci.

266 4065 406 4123 Haec
436 4085 567 4140 ergo
592 4086 715 4125 cum
747 4071 1055 4136 audissem,
1088 4085 1186 4141 pro
1216 4071 1391 4125 salute
1417 4071 1537 4140 ejus
1583 4072 1845 4126 ﬁliorum-

257 4175 370 4230 que
409 4162 699 4227 sollicitus,
726 4162 1013 4217 confestim
1036 4163 1209 4232 ipsam
1232 4172 1284 4217 et
1313 4163 1515 4217 liberos
1538 4163 1685 4216 exire
1702 4162 1840 4227 feci;

260 4268 443 4308 unum
474 4255 567 4325 qui
598 4262 716 4310 erat
742 4254 949 4323 junior,
983 4255 1112 4308 mihi
1143 4255 1342 4309 retinui
1371 4272 1387 4323 ;
1423 4254 1529 4308 boc
1554 4254 1696 4310 enim
1717 4270 1839 4309 eum

260 4346 355 4416 qui
388 4361 651 4415 responsa
683 4346 739 4400 in
769 4345 977 4400 somnis
1000 4345 1241 4409 dederat,
1265 4346 1578 4415 permisisse
1604 4346 1835 4401 dicebat.

1956 2770 2126 2828 fundo
2148 2776 2367 2833 elevans
2390 2793 2513 2833 eum
2536 2787 2589 2833 et
2606 2781 2883 2850 paululum
2902 2798 3180 2850 recreans,
3199 2787 3385 2841 omnia
3404 2803 3525 2858 qua

1956 2873 2111 2936 gesta
2138 2867 2352 2922 fuerant
2375 2870 2677 2925 secundum
2704 2874 2988 2928 veritatem
3021 2877 3187 2945 erepit
3212 2893 3517 2948 exponere:

1952 2961 2412 3028 quomodofrater
2432 2963 2552 3031 ejus
2574 2963 2627 3017 in
2651 2979 2887 3020 amorem
2914 2966 3165 3022 inciderit
3185 2968 3483 3027 Matthidite
3503 3014 3517 3035 ,

1953 3057 2007 3104 et
2032 3052 2123 3105 Illa
2150 3068 2274 3107 cum
2299 3061 2442 3109 esset
2466 3054 2852 3123 pudicissima,
2885 3058 3133 3113 illicitum
3162 3060 3347 3116 fratris
3371 3078 3523 3117 amo-

1951 3160 2063 3198 rem
2096 3145 2217 3199 viro
2250 3146 2490 3201 indicare
2517 3148 2784 3211 noluerit,
2818 3164 2885 3205 ne
2914 3152 2996 3205 vel
3028 3152 3226 3207 bellum
3260 3153 3518 3210 fratribus

1950 3234 2036 3288 vel
2083 3236 2432 3305 approbrium
2487 3240 2673 3307 generi
2731 3240 3040 3309 indiceret,
3095 3247 3189 3301 sed
3241 3249 3518 3319 sapienter

1951 3329 2222 3383 somnium
2254 3328 2505 3396 ﬁnxerit,
2530 3345 2637 3400 quo
2668 3346 2733 3386 ex
2765 3330 2911 3388 Urbe
2946 3334 3229 3403 juberetur
3257 3344 3517 3399 excedere

1949 3435 2073 3475 cum
2106 3421 2337 3491 geminis
2367 3422 2527 3486 ﬁliis,
2575 3424 2793 3493 juniore
2835 3426 2978 3495 apud
3024 3439 3231 3497 patrem
3278 3434 3513 3502 relicto;

1951 3518 2119 3581 utque
2152 3513 2472 3583 navigantes
2500 3514 2846 3586 naufragium
2874 3518 2924 3571 vi
2954 3524 3297 3590 tempestatis
3329 3525 3516 3581 incur-

1949 3606 2155 3671 rerint,
2184 3613 2238 3662 et
2266 3607 2333 3661 ad
2366 3607 2601 3663 insulam
2633 3609 2971 3666 Antaradum
3002 3615 3223 3669 nomine
3263 3619 3473 3686 expulsi
3495 3660 3509 3680 .

1948 3696 2228 3753 Matthidia
2283 3701 2499 3771 quidem
2559 3718 2724 3774 supra
2778 3721 2969 3761 saxum
3024 3708 3295 3779 quoddam
3344 3712 3511 3767 ﬁuctu

1941 3786 2188 3857 jactante
2237 3790 2480 3859 projerta
2523 3792 2628 3860 sit,
2683 3794 2880 3863 gemini
2923 3811 3052 3851 vero
3101 3796 3258 3853 liberi
3303 3802 3442 3872 rapti
3481 3819 3511 3857 a

1945 3878 2138 3947 piratis
2164 3886 2217 3935 et
2236 3882 2537 3937 Caasaream
2565 3885 2833 3955 perducti,
2872 3887 3140 3958 religiosa
3174 3890 3389 3947 cuidam
3432 3894 3511 3949 fe-

1946 3971 2105 4026 mina:
2159 3975 2453 4028 venundati
2499 3976 2645 4040 sint,
2694 3993 2815 4047 qua:
2857 3994 2953 4035 eos
3003 3981 3061 4036 in
3101 3983 3336 4040 ﬁliorum
3388 3987 3510 4043 loco

1942 4066 2150 4123 habens
2203 4068 2502 4124 liberaliter
2549 4071 2864 4127 educaverit
2915 4081 2971 4128 et
3020 4075 3225 4131 erudiri
3279 4076 3504 4141 fecerit.

1941 4171 2240 4227 eorumque
2272 4157 2491 4213 nomina
2524 4159 2713 4228 pirata:
2747 4162 3153 4219 immutaverint
3180 4174 3234 4221 et
3263 4166 3505 4224 Nicetam

1942 4248 2145 4312 alium,
2200 4250 2367 4303 alium
2419 4248 2672 4320 Aquilam
2727 4254 3124 4322 voeitaverint;
3174 4266 3340 4329 utque
3386 4274 3507 4331 post

1943 4341 2057 4395 haec
2090 4341 2398 4397 studiorum
2430 4351 2485 4398 et
2512 4346 2931 4403 consuetudinis
2956 4363 3127 4404 causa
3159 4348 3371 4406 Simoni
3410 4355 3506 4408 ad-

334 4436 582 4492 XXXIV.
603 4435 741 4491 Tum
773 4451 873 4506 ego
903 4434 1176 4500 Clemens,
1210 4436 1517 4507 intelligens
1547 4435 1690 4505 quod
1720 4435 1837 4504 ipse
1868 4454 1912 4507 ι)
1940 4437 2216 4504 haeserint,
2235 4446 2396 4508 atque
2417 4438 2486 4493 ab
2510 4454 2597 4506 eo,
2624 4441 2716 4494 ubi
2744 4457 2959 4511 magum
2987 4450 3040 4498 et
3065 4443 3403 4516 deceptorem
3425 4450 3505 4501 vi-

264 4531 526 4587 fortassis
549 4538 695 4586 esset
717 4536 871 4599 pater
896 4544 1051 4583 meus
1068 4567 1083 4591 ,
1114 4528 1372 4599 Iacrymis
1397 4528 1649 4597 oppletus
1678 4540 1831 4592 sum;

265 4622 471 4678 fratres
499 4637 716 4692 quoque
756 4635 908 4676 meos
948 4621 1191 4675 volentes
1236 4620 1487 4690 prosilire
1527 4627 1584 4674 et
1624 4617 1835 4687 aperire

266 4730 385 4769 rem
410 4755 426 4779 ,
456 4713 732 4784 prohibuit
761 4711 954 4767 Petrus
993 4710 1180 4765 dicens
1210 4728 1223 4765 :
1255 4710 1530 4776 Quicscite
1557 4708 1835 4778 quoadus-

266 4825 375 4879 que
418 4808 551 4861 mihi
598 4805 883 4876 placuerit.
937 4803 1289 4875 Respondcns
1336 4817 1466 4872 ergo
1514 4800 1711 4855 Petrus
1758 4798 1833 4851 ait

267 4900 334 4953 ad
365 4913 589 4953 senem:
626 4896 777 4962 Quod
810 4911 1003 4950 nomen
1047 4901 1163 4949 erat
1201 4893 1404 4965 juniori
1446 4892 1557 4948 ﬁlio
1600 4893 1737 4947 tuo?
1763 4891 1831 4946 At

268 4995 357 5050 ille
390 4994 466 5047 ait
494 5011 506 5046 :
540 4991 812 5046 Clemens.
856 4990 919 5043 Et
951 4989 1178 5045 Petrus:
1219 4988 1275 5044 Si
1309 4988 1445 5051 tibi,
1482 4989 1697 5058 inquit,
1730 4987 1830 5039 ho-

266 5088 354 5143 die
384 5088 669 5157 conjngem
717 5097 860 5140 tuam
888 5084 1251 5140 castissimam
1280 5082 1673 5152 consignavero
1703 5096 1829 5135 cum

268 5182 445 5235 tribus
491 5180 614 5235 ﬁliis
656 5179 795 5242 tuis,
840 5179 1018 5233 credis
1059 5178 1185 5248 quia
1227 5183 1405 5246 potest
1447 5174 1640 5243 pudica
1672 5188 1828 5228 mens

269 5282 448 5328 tuotus
480 5269 880 5325 irrationabiles
909 5282 1167 5338 superare
1193 5309 1207 5333 ,
1238 5276 1290 5324 et
1318 5266 1464 5336 quod
1492 5266 1674 5319 omnia
1707 5280 1828 5335 quae

269 5380 300 5419 λ
329 5367 487 5421 nobis
529 5364 674 5419 dicta
707 5370 865 5424 sunt,
899 5376 1025 5415 vera
1056 5361 1167 5414 sint
1193 5366 1246 5414 et
1275 5358 1491 5429 genesis
1533 5357 1670 5411 nihil
1714 5358 1828 5413 sit?

270 5457 334 5511 Et
372 5473 536 5515 senex
566 5476 578 5511 :
614 5456 771 5511 Sicut
816 5452 1153 5523 impossibile
1195 5459 1311 5513 est,
1345 5450 1556 5521 inquit,
1586 5456 1641 5504 te
1672 5450 1827 5503 exhi-

270 5544 396 5600 bere
419 5544 563 5613 quod
594 5540 932 5614 promisisti,
965 5540 1038 5593 ita
1066 5538 1404 5608 impossibile
1432 5545 1517 5594 est
1545 5544 1700 5593 extra
1729 5554 1824 5607 ge—

269 5636 436 5691 nesim
467 5634 583 5691 ﬁeri
611 5632 838 5705 aliquid.
871 5630 1010 5686 Tum
1055 5618 1292 5688 Petrtis:
1335 5630 1563 5694 Testes,
1608 5629 1818 5701 inquit,

268 5726 463 5786 habere
508 5729 633 5783 volo
674 5742 866 5781 omnes
907 5726 1009 5781 hos
1043 5726 1135 5796 qui
1176 5732 1473 5797 presentes
1517 5733 1645 5780 sunt
1671 5762 1687 5789 ,
1736 5738 1821 5779 me

545 5820 815 5881 Panos.
864 5818 979 5879 Gtt.
1030 5819 1081 5879 l.

1938 4531 2169 4595 derunt,
2192 4535 2368 4588 aversi
2393 4532 2726 4587 accesserint
2748 4533 2815 4588 ad
2843 4533 3161 4590 Zacchteum
3178 4576 3193 4601 ,
3217 4545 3271 4591 et
3292 4546 3349 4591 ut
3378 4549 3501 4609 post

1938 4622 2051 4675 hrec
2084 4624 2277 4677 sociati
2310 4630 2435 4677 sunt
2464 4622 2568 4677 sibi
2594 4642 2607 4690 ;
2644 4624 2737 4678 sed
2768 4632 2821 4680 et
2849 4624 3103 4682 Clemens
3134 4630 3405 4697 quomodo
3433 4647 3499 4686 ex

1937 4714 2081 4771 Urbe
2104 4715 2461 4785 agnoscenda:
2482 4717 2726 4771 veritatis
2750 4732 2915 4772 causa
2942 4717 3238 4788 profectus,
3260 4737 3356 4793 per
3378 4723 3503 4777 Bar-

1934 4810 2089 4865 naba:
2118 4810 2363 4863 notitiam
2390 4810 2691 4865 Caesaream
2722 4811 2929 4865 venerit
2959 4813 3169 4884 sibique
3201 4813 3499 4872 innotuerit

1932 4908 1983 4955 et
2014 4900 2333 4963 adhaaserit,
2361 4907 2527 4969 utque
2557 4900 2624 4953 ab
2649 4916 2713 4955 eo
2739 4899 2809 4955 sit
2836 4900 2902 4956 de
2931 4900 3033 4956 ﬁde
3062 4903 3342 4972 religionis
3368 4906 3500 4959 edo-

1931 4999 2086 5059 ctus;
2115 4993 2208 5047 sed
2232 5001 2286 5047 et
2307 4994 2543 5063 qualiter
2563 4994 2704 5063 apud
2728 4994 3065 5048 Antaradum
3092 4996 3492 5053 mendicantem

1930 5086 2191 5154 repererit
2220 5094 2273 5139 et
2303 5086 2681 5155 recognoverit
2712 5089 2938 5139 matrem
2957 5128 2973 5152 ,
3007 5093 3174 5156 utque
3203 5088 3385 5143 omnis
3415 5088 3499 5142 in-

1930 5178 2048 5232 sula
2078 5178 2131 5231 in
2156 5178 2277 5246 ejus
2302 5176 2674 5247 recognitione
2704 5178 2888 5246 gavisa
2914 5177 3012 5243 sit,
3036 5186 3089 5233 et
3116 5178 3184 5233 de
3215 5177 3498 5248 pudicissio

1928 5280 2028 5319 ma:
2056 5264 2285 5335 hospita:
2312 5266 2669 5320 contubernio
2698 5275 2858 5335 atque
2879 5266 2997 5333 ejus
3029 5282 3123 5336 per
3142 5270 3494 5341 semetipsum

1927 5358 2127 5411 collata
2160 5359 2392 5414 sanitate
2419 5398 2433 5421 ,
2466 5367 2521 5413 et
2551 5359 2617 5413 de
2646 5359 2971 5414 liberalitate
2994 5358 3287 5415 Clementis
3314 5360 3369 5415 in
3399 5374 3495 5416 eos

1925 5447 2018 5517 qui
2061 5463 2189 5519 erga
2239 5458 2466 5504 matrem
2496 5449 2725 5504 beneﬁci
2768 5452 3125 5517 exstiterant;
3155 5459 3325 5522 utque
3368 5460 3493 5523 post

1924 5540 2040 5596 hac
2064 5539 2253 5596 Niceta
2278 5550 2329 5596 et
2352 5540 2545 5611 Aquila
2576 5543 2916 5611 requirentes
2946 5557 3194 5612 quamam
3225 5551 3371 5600 esset
3397 5559 3491 5614 pe-

1925 5631 2143 5702 regrina
2188 5630 2402 5693 mulier,
2449 5645 2573 5684 cum
2619 5630 2902 5686 audissent
2942 5646 2971 5685 a
3010 5629 3291 5688 Clemente
3330 5647 3492 5688 omne

1929 5724 2242 5796 negotium,
2278 5738 2337 5778 se
2367 5738 2489 5779 esse
2516 5723 2766 5793 geminos
2810 5723 2930 5793 ejus
2977 5722 3115 5780 ﬁlios
3162 5722 3501 5781 Faustinum

3172 5818 3247 5878 ιιὸ
