4030 6342
666 230 803 288 “19

1514 228 1570 283 S.
1610 228 2003 286 CLEMENTIS
2037 230 2055 284 l
2088 231 2255 288 ROM.
2289 234 2491 290 PONT.
2527 231 2754 289 OPERA
2789 233 3007 291 DUBIA.
3669 256 3751 314 Im

663 340 1115 399 exclamaverunt
1139 351 1194 398 et
1234 341 1495 398 Faustum
1518 382 1535 408 ,
1581 356 1908 413 omnemque
1952 343 2237 399 historiam
2268 352 2316 411 Α
2346 347 2610 402 conclave
2658 347 2875 412 clausa,
2920 348 3156 420 eﬂ‘ugato
3200 368 3230 407 a
3271 368 3325 409 se
3355 355 3557 416 damonc
3586 374 3627 418 et
3656 375 3752 431 usus

663 450 786 505 quae
813 449 909 491 eos
938 436 1117 506 egerit
1144 434 1548 506 patefecerint;
1579 444 1747 505 utque
1761 442 1901 505 ,post
1933 435 2049 491 haec
2080 438 2239 493 matri

664 527 905 595 cautius,
922 543 990 583 ne
1023 527 1210 582 subito
1239 528 1441 597 gaudio
1471 527 1914 598 interciperetur,
1947 529 2069 600 ipso
2102 528 2241 583 insi-

665 627 871 674 nuante
894 657 909 684 ,
938 618 1109 674 oblati
1140 618 1463 679 sint,Petro.

735 708 997 765 XXXVII.
1031 710 1137 766 Sed
1164 726 1288 767 cum
1315 712 1432 768 hzee
1457 713 1511 767 in
1537 713 1727 768 auditu
1753 715 1902 771 senis
1925 722 2241 776 narratione

664 805 977 877 gratissima
1011 806 1189 861 turbis
1223 815 1521 873 exponeret
1549 806 1780 872 Petrus,
1815 809 1890 864 ita
1923 818 1983 865 ut
2013 811 2241 866 audien-

667 904 748 953 tes
776 905 1057 968 gestorum
1084 899 1367 955 miraculis
1396 906 1450 955 et
1480 899 1843 959 humanitatis
1885 903 2240 959 miseratione

664 990 1064 1062 Iacrymarent,
1101 993 1289 1047 nescio
1320 992 1463 1047 unde
1491 992 1720 1049 audiens
1754 1004 1929 1050 mater
1971 994 2039 1051 de
2080 1012 2239 1052 reco-

664 1083 910 1152 gnitione
957 1083 1161 1154 patris,
1210 1099 1378 1139 cursu
1426 1086 1646 1141 concito
1689 1088 1852 1141 irruit
1898 1088 1955 1142 in
1997 1089 2238 1143 medium

665 1177 878 1240 nostri,
913 1192 1038 1230 cum
1073 1178 1314 1232 clamore
1361 1178 1598 1233 dicens:
1652 1178 1754 1234 Ubi
1798 1188 1882 1236 est
1927 1197 2082 1236 meus
2132 1183 2236 1247 vir,

668 1260 822 1323 meus
844 1268 1099 1324 dominus
1124 1268 1542 1333 Faustinianus,
1570 1271 1662 1341 qui
1695 1280 1803 1326 tam
1823 1274 2010 1328 multis
2034 1282 2241 1345 tempo-

666 1362 820 1416 ribus
852 1361 1127 1431 aflligitur,
1161 1363 1448 1418 ambulans
1483 1380 1577 1434 per
1606 1365 1772 1420 urbes
1801 1367 2043 1438 singulas
2073 1376 2126 1423 et
2155 1385 2240 1424 me

652 1459 965 1530 “quaerens?
1014 1456 1139 1513 Haec
1175 1475 1299 1515 cum
1333 1460 1425 1514 illa
1449 1461 1606 1530 quasi
1652 1478 1838 1519 amens
1883 1465 2144 1519 clamaret
2186 1472 2239 1520 et

665 1551 1117 1621 circumspiceret
1137 1590 1151 1614 ,
1183 1568 1347 1607 senex
1377 1569 1672 1611 accurrens
1699 1572 1823 1611 cum
1850 1559 2036 1614 multis
2063 1559 2241 1629 lacry-

666 1643 771 1699 mis
803 1643 1058 1712 amplecti
1088 1650 1143 1697 et
1189 1646 1569 1715 constringere
1611 1661 1730 1701 eam
1774 1648 1960 1718 coepit.
2011 1648 2076 1702 Et
2113 1663 2236 1703 cum

2345 436 2636 506 patefactis
2684 454 2806 493 cum
2859 442 3070 497 catenis
3115 442 3229 498 suis
3278 447 3474 507 veniens
3513 457 3684 522 procidit
3713 467 3751 520 ad

2331 527 2510 598 pedes
2541 525 2722 593 Petri,
2754 528 2941 585 dicens
2967 549 2979 584 :
3022 529 3248 586 Rectum
3284 544 3391 600 est,
3425 540 3488 592 mi
3518 542 3699 611 domine,
3721 564 3754 606 ut

2345 633 2474 689 agas
2506 620 2667 676 hodie
2693 621 2782 675 hic
2811 624 3073 678 salutaria
3103 640 3221 679 mea
3250 627 3355 699 (5),
3381 638 3429 683 et
3450 648 3539 687 non
3565 644 3754 700 contristes

2344 734 2524 791 neque
2562 736 2649 776 me
2680 738 2858 794 neque
2890 734 3146 794 parentes
3184 742 3343 783 meos.
3378 728 3517 787 Petro
3546 744 3675 791 autem
3700 758 3751 795 re-

2344 815 2597 885 quirente
2644 824 2963 872 catenarum
3011 834 3413 892 sermonumque
3455 824 3553 893 ejus
3591 844 3752 897 causam,

2342 918 2598 981 parentes
2630 919 2833 981 praeter
2868 927 3021 981 spem
3052 913 3159 966 laeti
3187 912 3354 969 effecti
3382 915 3441 971 de
3465 916 3563 972 filiae
3585 923 3753 991 sanitate,

2342 1005 2494 1058 velut
2532 1013 2758 1075 stupore
2795 1005 3034 1077 quodam
3075 1008 3288 1062 attoniti
3326 1008 3418 1078 ipsi
3449 1013 3621 1081 quidem
3645 1016 3754 1075 dicere

2342 1104 2650 1165 nequeunt,
2706 1106 2955 1153 astantes
3002 1106 3185 1152 autem
3230 1098 3404 1153 famuli
3445 1103 3599 1156 aiunt:
3633 1106 3753 1161 Ilua

2343 1190 2571 1261 septimo
2600 1191 2776 1245 aetatis
2820 1206 2965 1246 anno
3009 1207 3040 1245 a
3082 1192 3327 1248 daemone
3366 1205 3603 1265 occupata,
3635 1215 3755 1256 omnes

2341 1283 2435 1353 qui
2472 1284 2731 1338 accedere
2780 1292 3088 1340 tentassent
3135 1284 3201 1338 ad
3240 1301 3382 1351 eam,
3424 1288 3634 1355 scindere,
3662 1292 3754 1345 dila.

2341 1375 2496 1429 niarc
2527 1375 2806 1431 morsibus
2826 1417 2839 1439 ,
2872 1378 3037 1430 etiam
3069 1377 3428 1446 disrumpere,
3458 1380 3592 1435 ethoc
3612 1398 3673 1452 per
3698 1384 3753 1437 ri-

2340 1468 2476 1538 ginti
2509 1484 2683 1525 annos
2714 1486 2887 1540 usque
2918 1470 2985 1525 ad
3021 1486 3259 1541 praesens
3288 1470 3451 1526 facere
3476 1489 3668 1543 nunquam
3688 1477 3751 1531 de-

2342 1561 2512 1625 stitit,
2562 1577 2664 1616 nec
2716 1563 2783 1616 ab
2834 1562 3020 1632 aliquo
3060 1563 3245 1633 potuit
3292 1565 3488 1628 curari,
3527 1567 3750 1621 sedneac-

2340 1652 2535 1708 cedere
2583 1652 2649 1706 ad
2696 1669 2815 1709 eam
2872 1656 3165 1725 quisquam
3212 1654 3411 1709 valebat
3436 1646 3465 1719 ;’
3490 1658 3635 1711 multos
3663 1659 3750 1711 enim

670 1736 783 1790 haec
808 1744 1156 1807 gererentur,
1185 1734 1390 1791 Petrus
1435 1739 1646 1810 rogavit
1678 1741 1869 1796 turbas
1900 1748 1960 1795 ut
1989 1741 2239 1797 discede—
2270 1725 2311 1779 Β
2341 1743 2563 1799 inutiles
2594 1746 2859 1811 reddidit,
2895 1748 3033 1802 alios
3077 1754 3131 1801 et
3174 1746 3415 1817 peremit,
3447 1748 3637 1802 omnibus
3660 1750 3747 1803 enim

665 1833 817 1889 rent,
857 1827 1046 1883 dicens
1090 1818 1522 1883 inverecunduni
1563 1846 1686 1886 esse
1732 1834 1877 1886 ultra
1911 1835 2235 1904 persistere,

664 1918 759 1972 sed
792 1918 1031 1973 dandum
1060 1920 1144 1973 eis
1180 1920 1360 1975 locum
1404 1921 1731 1980 familiarius
1776 1924 2009 1979 invicem
2059 1941 2117 1981 se
2156 1927 2240 1981 vi-

664 2008 828 2063 dendi
855 2026 869 2076 ;
899 2012 1144 2067 crastino
1180 2023 1359 2068 autem
1393 2014 1482 2069 hic
1503 2056 1517 2079 ,
1552 2016 1764 2086 inquit,
1799 2018 1845 2072 si
1872 2018 1965 2087 qui
1993 2028 2236 2073 vestrum

664 2104 893 2167 volunt,
927 2106 1258 2161 conveniant
1291 2106 1358 2161 ad
1390 2108 1724 2164 audiendum
1756 2112 2003 2166 verbum.

735 2195 1025 2253 XXXVIII.
1067 2197 1164 2255 His
1198 2215 1228 2252 a
1258 2200 1419 2256 Petro
1446 2202 1611 2257 dictis
1644 2214 1996 2260 secesserunt
2027 2208 2232 2273 turbat,

664 2298 716 2344 et
742 2305 865 2345 cum
894 2292 1156 2347 vellemus
1186 2308 1287 2349 nos
1320 2309 1537 2364 quoque
1569 2297 1648 2350 ire
1676 2296 1741 2351 ad
1773 2297 2105 2367 hospitium,
2139 2301 2237 2356 do-

664 2382 850 2437 minus
895 2382 1091 2439 domus
1132 2386 1207 2438 ait
1251 2385 1319 2440 ad
1360 2402 1506 2443 nos:
1555 2386 1737 2458 Turpe
1780 2398 1865 2446 est
1911 2398 1966 2446 et
2010 2392 2234 2463 impium

662 2473 803 2529 tales
834 2489 898 2529 ac
932 2482 1115 2530 tantos
1144 2477 1293 2533 viros
1331 2494 1553 2534 manere
1592 2479 1646 2534 in
1688 2483 1937 2548 stabulo,
1975 2498 2099 2538 cum
2136 2501 2237 2556 ego

668 2580 885 2623 omnem
917 2583 1054 2638 pene
1088 2569 1309 2625 domum
1340 2578 1625 2627 vacantem
1660 2572 1884 2628 habeam
1905 2617 1919 2640 ,
1952 2574 2236 2646 lectosque

664 2667 871 2715 stratos
905 2664 1339 2732 quamplurimos
1378 2673 1433 2721 et
1473 2681 1593 2736 quae
1624 2668 1935 2723 necessaria
1975 2680 2103 2725 sunt
2140 2686 2238 2740 pa—

663 2757 804 2806 rata.
839 2749 945 2807 Sed
977 2751 1140 2808 Petro
1171 2756 1584 2812 contradicente
1604 2796 1619 2821 ,
1652 2773 1792 2813 uxor
1825 2758 2235 2828 patrisfamilias

666 2858 775 2897 una
828 2859 953 2898 cum
1007 2845 1195 2900 liberis
1237 2847 1354 2901 suis
1393 2849 1707 2917 prostrabat
1746 2865 1805 2904 se
1849 2858 1974 2905 ante
2016 2866 2139 2906 eum
2183 2859 2237 2907 et

667 2933 927 2989 exorabat
959 2936 1190 2993 dicens:
1224 2936 1466 2993 Obsecro
1495 2950 1574 3004 te,
1611 2955 1770 2995 mane
1799 2940 1942 3010 apud
1972 2957 2092 2998 nos.
2128 2940 2237 3000 Sed

664 3040 732 3079 ne
761 3023 842 3079 sic
868 3025 1087 3094 quidem
1122 3029 1503 3098 acquiescebat
1533 3029 1759 3095 Petrus,
1790 3030 1964 3087 donec
1996 3031 2105 3088 filia
2137 3050 2232 3090 eo-

2340 1839 2474 1893 viris
2503 1838 2732 1893 validior
2755 1847 2892 1905 erat,
2920 1840 3039 1895 sine
3063 1840 3229 1895 dubio
3249 1841 3437 1896 viribus
3456 1842 3747 1895 daamouisnisa.

2338 1928 2496 1985 Nunc
2547 1937 2750 1995 autem,
2800 1938 2859 1984 ut
2906 1931 3097 1997 vides,
3151 1948 3219 1987 ex
3255 1932 3507 2001 praesentia
3536 1939 3602 1985 tua
3623 1931 3746 1986 damon

2339 2022 2559 2093 quidem
2590 2021 2763 2093 fugit,
2797 2023 2941 2077 ostia
2977 2038 3114 2079 vero
3143 2039 3263 2093 qua:
3296 2039 3484 2079 summo
3516 2040 3607 2077 cum
3638 2023 3746 2075 mutti-

2339 2120 2524 2168 mento
2554 2114 2741 2168 clausa
2788 2110 3040 2176 fuerant,
3083 2123 3268 2183 aperta
3310 2122 3454 2177 sunt,
3493 2120 3534 2166 et
3566 2113 3646 2180 ipsa
3668 2125 3747 2164 satu

2339 2213 2447 2265 stat
2478 2214 2621 2261 tante
2654 2213 2717 2261 te
2754 2222 2990 2278 rogans,
3042 2215 3101 2260 ut
3152 2208 3289 2262 diem
3318 2206 3581 2261 salutarium
3609 2218 3746 2257 suom

2336 2296 2519 2351 laetum
2553 2303 2606 2352 et
2637 2297 2742 2368 ipsi
2765 2306 2819 2351 et
2846 2297 3166 2367 parentibus
3201 2296 3387 2363 facias,
3415 2303 3458 2349 et
3484 2306 3639 2347 manus
3661 2290 3744 2360 apud

2336 2404 2453 2444 eos.
2497 2388 2621 2443 Haec
2657 2405 2779 2444 cum
2820 2391 2892 2444 ita
2923 2406 3066 2445 unus
3106 2406 3170 2445 ex
3212 2389 3414 2443 famulis
3443 2389 3746 2445 enarrasset,ct

2338 2480 2470 2552 ipsae
2512 2488 2719 2535 catenae
2747 2481 2815 2535 de
2856 2482 3114 2536 manibus
3143 2482 3262 2551 ejus
3300 2494 3359 2533 ac
3391 2477 3572 2548 pedibus
3602 2474 3745 2528 fuissent

2339 2581 2533 2644 sponte
2579 2575 2839 2630 resoluta:
2859 2614 2873 2638 ,
2920 2573 3120 2630 Petrus
3168 2582 3345 2628 certus
3378 2571 3505 2640 quod
3535 2583 3603 2637 per
3632 2568 3744 2635 ipsum

2337 2666 2546 2723 sanitas
2590 2666 2706 2721 haec
2745 2666 2957 2721 reddita
3001 2667 3075 2723 sit
3116 2666 3335 2738 puellae,
3370 2661 3583 2733 acquievit
3603 2668 3745 2711 manete

2337 2759 2483 2830 apud
2509 2774 2621 2814 eos.
2662 2757 2769 2814 Sed
2798 2767 2851 2814 et
2881 2759 3003 2814 illos
3036 2759 3129 2829 qui
3160 2762 3500 2813 remanserant
3521 2755 3561 2806 in
3589 2747 3740 2816 hospitio

2336 2868 2445 2908 una
2495 2869 2619 2908 cum
2659 2869 2829 2910 uxore
2869 2869 2967 2911 sua
3009 2843 3742 2927 transiret-jussit,etunusquis-

2335 2959 2443 3014 que
2471 2945 2713 3017 acceptis
2744 2961 2992 3002 seorsum
3034 2945 3306 3000 cubiculis
3346 2942 3597 3001 mansimus,
3628 2940 3740 3000 atque

2337 3052 2407 3094 ex
2454 3054 2605 3093 more
2656 3038 2780 3093 cibo
2819 3046 3039 3109 sumpto
3083 3041 3407 3112 redditisque
3440 3034 3611 3094 laudibus
3639 3029 3736 3084 θεον

664 3130 786 3169 rum
817 3116 911 3184 qui
941 3117 1225 3186 rogabant,
1259 3119 1327 3173 ab
1358 3119 1640 3176 immundo
1667 3122 1859 3191 spiritu
1892 3126 2229 3195 temporibus
2256 3139 2300 3196 ο
2335 3130 2453 3187 suis
2481 3130 2682 3202 singuli
2720 3131 3095 3203 requievimus
3122 3135 3276 3191 locis.

645 3208 850 3262 inuitis
885 3217 1079 3264 vexata
1113 3222 1167 3265 et
1204 3212 1415 3269 catenis
1447 3216 1629 3268 vincta
1650 3251 1667 3279 ,
1703 3230 1825 3284 quae
1863 3215 2040 3271 fuerat
2081 3217 2225 3273 intra

681 3427 3691 3464 ...__._____.___________._____________________________________

1781 3577 2142 3666 LIBER
2223 3578 2779 3673 DECIMUS.

723 3829 768 3887 Ι.
809 3829 965 3887 Mane
999 3840 1201 3897 autem,
1233 3840 1424 3887 exorto
1453 3833 1599 3899 sole,
1630 3847 1730 3904 ego
1766 3834 2019 3893 Clemens
2050 3846 2105 3894 et
2132 3837 2228 3894 Ni-

654 3930 777 3986 ceta
804 3933 969 3998 atque
992 3924 1187 3995 Aquila
1216 3939 1323 3977 una
1350 3939 1474 3979 cum
1496 3924 1659 3981 Petro
1677 3927 1931 3983 venimus
1954 3929 2022 3984 ad
2046 3930 2224 3986 locum

655 4024 711 4078 in
758 4037 867 4093 quo
912 4028 1068 4092 pater
1109 4018 1272 4074 simul
1317 4032 1440 4072 cum
1492 4026 1664 4074 matre
1708 4022 2121 4091 requiescebat;
2170 4030 2224 4079 et

642 4131 777 4172 cum
808 4113 985 4170 adhuc
1011 4127 1106 4168 eos
1143 4110 1477 4167 dormientes
1509 4113 1926 4181 reperissemus,
1947 4129 2055 4183 pro
2090 4115 2221 4171 fori-

648 4210 756 4265 bus
776 4205 1125 4263 consedimus
1148 4243 1162 4268 ,
1195 4203 1289 4258 ubi
1316 4202 1515 4259 Petrus
1536 4205 1746 4260 talibus
1775 4205 1919 4275 apud
1955 4223 2059 4262 nos
2106 4225 2222 4264 ser—

652 4301 909 4359 monibus
964 4299 1173 4354 utitur:
1199 4295 1397 4352 Audite
1432 4313 1540 4365 me,
1573 4298 1915 4353 dilectissimi
1944 4303 2216 4367 conservi,

2333 3839 2551 3912 cipere,
2584 3850 2901 3911 permaneat
2932 3845 3167 3902 amicus.
3206 3844 3268 3900 Hi
3299 3845 3425 3901 enim
3450 3842 3525 3914 qui
3560 3853 3637 3894 non
3656 3835 3741 3889 idet

2333 3933 2497 3989 corde
2525 3934 2868 4005 suscipiunt,
2902 3952 3026 3992 cum
3066 3940 3325 4010 coeperint
3368 3938 3489 3993 ferre
3512 3949 3593 3989 non
3618 3942 3739 4002 posse.

2332 4041 2442 4081 non
2472 4027 2647 4082 solum
2680 4029 2946 4099 abjiciunt
2988 4033 3135 4102 quod
3177 4037 3517 4102 susceperant.
3549 4025 3617 4081 Sed
3647 4019 3741 4091 φιλεῖ

2328 4130 2429 4185 pro
2471 4119 2827 4175 excusatione
2874 4120 3209 4177 infirmitatis
3251 4136 3384 4184 suae,
3417 4117 3623 4187 incipiunt
3655 4122 3740 4165 tum

2326 4208 2611 4282 religionis
2642 4214 3023 4284 blasphemare
3045 4256 3062 4280 ,
3097 4224 3151 4271 et
3183 4217 3314 4271 male
3339 4213 3466 4284 loqui
3496 4210 3550 4265 de
3576 4208 3638 4263 bis
3658 4216 3741 4273 quos

2326 4324 2670 4380 nequaquam
2698 4309 2852 4379 sequi
2882 4318 2975 4364 aut
3000 4309 3202 4365 imitari
3229 4313 3502 4380 potuerunt.

652 4395 768 4451 scio
803 4393 932 4464 quia
972 4390 1232 4463 grandem
1284 4389 1496 4445 habetis
1537 4389 1788 4445 affectum
1831 4406 1959 4461 erga
2011 4403 2220 4462 patrem
2253 4377 2298 4433 D
2398 4377 2465 4455 II.
2507 4377 2589 4455 Ᾱιι
2638 4400 2753 4455 haec
2777 4377 2982 4455 —Niceta
3014 4377 3290 4473 reSpondit
3321 4416 3333 4451 :
3361 4397 3462 4455 Non
3490 4387 3738 4473 contradicat

649 4495 892 4544 vestrum
911 4529 927 4554 ,
958 4501 1149 4541 vereor
1178 4500 1307 4556 ergo
1346 4500 1413 4540 ne
1461 4494 1588 4541 ante
1620 4492 1833 4557 tempus
1861 4502 1984 4541 eum
2025 4504 2219 4558 perur-

649 4579 820 4651 geatis
864 4579 1055 4647 jugum
1104 4574 1382 4646 religionis
1424 4576 1743 4645 suscipere,
1776 4578 2019 4632 nondum
2055 4580 2123 4634 ad
2166 4582 2220 4637 id

651 4678 903 4741 paratum
927 4706 943 4733 ,
976 4666 1042 4722 ad
1078 4666 1223 4737 quod
1266 4666 1405 4721 forte
1434 4681 1534 4736 pro
1560 4667 1727 4722 vestri
1766 4668 1943 4737 gratia
1970 4667 2223 4725 videatur

651 4763 1021 4832 acquiescere.
1056 4758 1160 4814 Sed
1193 4760 1294 4815 hoc
1334 4775 1442 4813 non
1474 4768 1560 4813 est
1604 4760 1849 4828 firmum;
1897 4763 2041 4833 quod
2073 4763 2219 4818 enim

650 4858 871 4923 propter
897 4850 1147 4906 homines
1177 4849 1235 4903 fit
1254 4891 1269 4915 ,
1300 4849 1579 4919 probabile
1607 4865 1717 4905 non
1748 4860 1834 4906 est
1860 4861 1913 4907 et
1943 4853 2054 4909 cito
2081 4854 2220 4908 dila-

648 4945 816 4998 bitur.
848 4940 1083 5012 Ideoque
1117 4940 1333 4996 videtur
1361 4941 1493 4995 mihi
1515 4981 1529 5005 ,
1559 4948 1617 4994 ut
1651 4942 1964 4998 concedatis
1991 4945 2042 5000 ei
2074 4961 2219 5001 anno

648 5050 757 5089 uno
782 5034 963 5089 vivere
995 5048 1102 5103 pro
1131 5034 1359 5088 arbitrio
1385 5075 1400 5100 ,
1437 5034 1492 5088 in
1524 5048 1633 5103 quo
1673 5042 1854 5103 potest
1902 5036 2006 5090 iter
2052 5052 2218 5108 agens

645 5129 957 5195 nobiscum,
990 5126 1121 5182 dum
1146 5142 1247 5183 nos
1274 5127 1411 5183 alios
1436 5126 1715 5191 docemus,
1751 5129 1914 5184 etiam
1948 5129 2065 5201 ipse
2086 5132 2220 5187 sim-

646 5220 860 5289 pliciter
887 5220 1113 5288 audire;
1161 5228 1218 5276 et
1244 5220 1503 5285 audiens,
1535 5221 1803 5291 siquidem
1855 5226 2217 5293 agnoscenda:

644 5310 891 5366 veritatis
927 5318 1135 5365 rectum
1182 5308 1518 5380 propositum
1552 5308 1720 5380 gerit,
1759 5308 1879 5379 ipse
1910 5312 2124 5381 rogabit
2159 5322 2217 5367 ut

646 5402 911 5474 suscipiat
940 5401 1218 5474 religionis
1237 5401 1449 5472 iugum,
1482 5406 1575 5455 aut
1605 5401 1653 5457 si
1678 5416 1789 5456 non
1819 5402 2000 5473 placet
2039 5404 2089 5461 ei
2130 5422 2217 5461 re-

2315 4491 2546 4554 domine
2585 4491 2659 4545 mi
2695 4490 2885 4554 Petre,
2913 4493 3084 4547 rectis
3113 4501 3166 4548 et
3193 4492 3336 4547 bonis
3359 4485 3557 4543 consiliis
3574 4480 3663 4541 tuis.
3683 4470 3739 4529 sed

2328 4582 2509 4639 dicere
2531 4581 2736 4653 aliquid
2766 4582 2909 4646 volo,
2943 4592 3005 4636 ut
3027 4599 3126 4653 per
3150 4585 3248 4638 hoc
3270 4584 3451 4638 discam
3472 4573 3586 4647 quod
3606 4578 3736 4624 nescw.

2326 4673 2466 4741 Quid
2495 4674 2540 4729 si
2565 4675 2708 4728 intra
2738 4688 2943 4728 annum
2975 4674 3157 4741 hunc,
3181 4689 3283 4745 quo
3308 4668 3482 4726 differri
3512 4655 3737 4727 eumjubcsi

2326 4767 2593 4822 moriatur
2626 4775 2784 4836 pater
2808 4768 3041 4822 noster?
3078 4765 3354 4823 descendet
3381 4764 3427 4817 in
3454 4756 3658 4813 infernum
3682 4758 3738 4796 η’

2326 4876 2464 4917 cuus
2494 4869 2546 4917 et
2583 4859 2918 4916 cruciandus
2944 4862 2995 4914 in
3019 4870 3294 4916 aeternum.
3325 4857 3441 4911 Tum
3460 4840 3737 4942 Petruszdmj

2325 4952 2554 5021 plector,
2579 4951 2791 5022 inquit,
2832 4952 3128 5022 benignum
3155 4967 3274 5023 erga
3296 4957 3483 5020 patrem
3502 4939 3735 5029 ρτορίξείίφ

2323 5052 2495 5107 ιυυιη.
2529 5051 2583 5099 et
2606 5044 2832 5113 ignosco
2850 5044 2950 5098 tibi
2976 5044 3042 5099 de
3067 5045 3151 5100 Itis
3178 5058 3291 5115 quae
3317 5024 3735 5111 ignorasouidenim

2321 5149 2533 5199 censes,
2570 5134 2698 5204 quia
2731 5136 2776 5190 si
2803 5136 2927 5207 quis
2948 5146 3171 5207 putatur
3188 5135 3325 5205 juste
3350 5126 3533 5183 vixisse,
3559 5119 3635 5207 iste
3654 5120 3735 5207 con:

2323 5226 2475 5279 tinuo
2502 5195 2839 5281 salvabitur‘.3
2879 5195 2999 5283 Ndn
3039 5237 3196 5298 putas
3217 5238 3330 5281 eum
3362 5195 3734 5296 discutiendum?

2321 5332 2385 5372 eo
2414 5316 2507 5387 qui
2536 5319 2750 5373 occulta
2781 5319 3063 5375 hominum
3095 5320 3269 5382 novit,
3296 5306 3525 5405 quomodo
3548 5300 3731 5405 iuste":

2320 5412 2496 5474 xerit,
2521 5427 2591 5467 ne
2622 5409 2763 5468 forte
2800 5413 2908 5470 ritu
2938 5414 3218 5487 gentilium
3247 5408 3339 5481 (ϐ),
3367 5394 3583 5461 institutis
3607 5390 3729 5443 eorum

1959 5543 2318 5604 COTELERII
2352 5549 2583 5607 NOTE.

714 5681 791 5753 {5)
824 5680 1107 5753 S_alut_qria
1136 5697 1268 5753 mea.
1289 5680 1368 5734 Τὰ
1392 5683 1649 5753 omnem,
1678 5681 1789 5740 Res
1814 5685 1954 5753 satis
1975 5694 2105 5753 nota
2126 5688 2208 5743 vel
2242 5689 2595 5745 mediocriter
2625 5688 2871 5744 eruditis.

714 5752 795 5817 (6)
831 5750 1140 5816 Gentilium,
1176 5752 1281 5805 hoc
1304 5762 1388 5806 est
1417 5750 1711 5822 ὁμοέθνῶν.
1738 5768 1844 5809 non
1885 5750 2168 5821 Ἑλλήνων.
