  <div class='ocr_page' id='page_1' title='image "/cluster/home/n/w/nwhite01/storage/ocr_20150623/1/hvd.32044073501405/720.png"; bbox 0 0 4030 6342; ppageno 0'>
   <div class='ocr_carea' id='block_1_1' title="bbox 254 274 395 332">
    <p class='ocr_par' dir='ltr' id='par_1_1' title="bbox 254 274 395 332">
     <span class='ocr_line' id='line_1_1' title="bbox 254 274 395 332; baseline 0.035 -5"><span class='ocrx_word' id='word_1_1' title='bbox 254 274 282 327; x_wconf 73' lang='grc' dir='ltr'>ι</span> <span class='ocrx_word' id='word_1_2' title='bbox 293 274 395 332; x_wconf 64' lang='grc'><strong>421</strong></span> 
     </span>
    </p>
   </div>
   <div class='ocr_carea' id='block_1_2' title="bbox 1505 274 2335 336">
    <p class='ocr_par' dir='ltr' id='par_1_2' title="bbox 1505 274 2335 336">
     <span class='ocr_line' id='line_1_2' title="bbox 1505 274 2335 336; baseline 0.006 -5"><span class='ocrx_word' id='word_1_3' title='bbox 1505 274 2068 334; x_wconf 73' lang='lat' dir='ltr'><strong>BECOGNITIONUM</strong></span> <span class='ocrx_word' id='word_1_4' title='bbox 2105 276 2231 334; x_wconf 84' lang='lat' dir='ltr'><strong>LIB.</strong></span> <span class='ocrx_word' id='word_1_5' title='bbox 2269 275 2335 336; x_wconf 72' lang='grc' dir='ltr'><strong>Χ.</strong></span> 
     </span>
    </p>
   </div>
   <div class='ocr_carea' id='block_1_3' title="bbox 3390 280 3527 337">
    <p class='ocr_par' dir='ltr' id='par_1_3' title="bbox 3390 280 3527 337">
     <span class='ocr_line' id='line_1_3' title="bbox 3390 280 3527 337; baseline 0.007 -1"><span class='ocrx_word' id='word_1_6' title='bbox 3390 280 3527 337; x_wconf 66' lang='grc' dir='ltr'><strong>14Ξέ</strong></span> 
     </span>
    </p>
   </div>
   <div class='ocr_carea' id='block_1_4' title="bbox 253 391 3530 467">
    <p class='ocr_par' dir='ltr' id='par_1_4' title="bbox 253 391 3530 467">
     <span class='ocr_line' id='line_1_4' title="bbox 253 391 3530 467; baseline 0.002 -20"><span class='ocrx_word' id='word_1_7' title='bbox 253 399 315 447; x_wconf 87' lang='lat' dir='ltr'><strong>et</strong></span> <span class='ocrx_word' id='word_1_8' title='bbox 346 392 574 463; x_wconf 85' lang='lat' dir='ltr'><strong>legibus</strong></span> <span class='ocrx_word' id='word_1_9' title='bbox 603 405 804 464; x_wconf 90' lang='lat' dir='ltr'><strong>parens</strong></span> <span class='ocrx_word' id='word_1_10' title='bbox 822 432 836 455; x_wconf 94' lang='lat'><strong>,</strong></span> <span class='ocrx_word' id='word_1_11' title='bbox 865 392 948 447; x_wconf 94' lang='lat' dir='ltr'><strong>vel</strong></span> <span class='ocrx_word' id='word_1_12' title='bbox 977 407 1077 462; x_wconf 90' lang='lat' dir='ltr'><strong>pro</strong></span> <span class='ocrx_word' id='word_1_13' title='bbox 1106 392 1365 447; x_wconf 78' lang='lat' dir='ltr'><strong>amicitiis</strong></span> <span class='ocrx_word' id='word_1_14' title='bbox 1400 393 1681 448; x_wconf 85' lang='lat' dir='ltr'><strong>hominum</strong></span> <span class='ocrx_word' id='word_1_15' title='bbox 1705 435 1718 457; x_wconf 94' lang='lat'><strong>,</strong></span> <span class='ocrx_word' id='word_1_16' title='bbox 1753 402 1845 448; x_wconf 91' lang='lat' dir='ltr'><strong>aut</strong></span> <span class='ocrx_word' id='word_1_17' title='bbox 1874 400 1922 458; x_wconf 81' lang='grc' dir='ltr'>Α</span> <span class='ocrx_word' id='word_1_18' title='bbox 1950 394 2093 449; x_wconf 88' lang='lat' dir='ltr'><strong>sicut</strong></span> <span class='ocrx_word' id='word_1_19' title='bbox 2117 393 2271 465; x_wconf 89' lang='lat' dir='ltr'><strong>prius</strong></span> <span class='ocrx_word' id='word_1_20' title='bbox 2296 392 2447 457; x_wconf 78' lang='lat' dir='ltr'><strong>dixi,</strong></span> <span class='ocrx_word' id='word_1_21' title='bbox 2472 391 2769 462; x_wconf 89' lang='lat' dir='ltr'><strong>permittite</strong></span> <span class='ocrx_word' id='word_1_22' title='bbox 2790 408 2914 447; x_wconf 88' lang='lat' dir='ltr'><strong>cum</strong></span> <span class='ocrx_word' id='word_1_23' title='bbox 2944 393 3047 449; x_wconf 89' lang='lat' dir='ltr'><strong>iter</strong></span> <span class='ocrx_word' id='word_1_24' title='bbox 3069 403 3317 467; x_wconf 86' lang='lat' dir='ltr'><strong>agentem</strong></span> <span class='ocrx_word' id='word_1_25' title='bbox 3338 399 3530 453; x_wconf 85' lang='lat' dir='ltr'><strong>nobis-</strong></span> 
     </span>
    </p>
   </div>
   <div class='ocr_carea' id='block_1_5' title="bbox 255 483 1855 555">
    <p class='ocr_par' dir='ltr' id='par_1_5' title="bbox 255 483 1855 555">
     <span class='ocr_line' id='line_1_5' title="bbox 255 483 1855 555; baseline 0.002 -17"><span class='ocrx_word' id='word_1_26' title='bbox 255 497 369 554; x_wconf 84' lang='lat' dir='ltr'><strong>pro</strong></span> <span class='ocrx_word' id='word_1_27' title='bbox 416 483 543 539; x_wconf 89' lang='lat' dir='ltr'><strong>sola</strong></span> <span class='ocrx_word' id='word_1_28' title='bbox 582 484 981 540; x_wconf 86' lang='lat' dir='ltr'><strong>consuetudine</strong></span> <span class='ocrx_word' id='word_1_29' title='bbox 1020 493 1115 539; x_wconf 90' lang='lat' dir='ltr'><strong>aut</strong></span> <span class='ocrx_word' id='word_1_30' title='bbox 1153 485 1399 555; x_wconf 89' lang='lat' dir='ltr'><strong>qualibet</strong></span> <span class='ocrx_word' id='word_1_31' title='bbox 1436 487 1543 541; x_wconf 87' lang='lat' dir='ltr'><strong>alia</strong></span> <span class='ocrx_word' id='word_1_32' title='bbox 1582 503 1648 542; x_wconf 86' lang='lat' dir='ltr'><strong>ex</strong></span> <span class='ocrx_word' id='word_1_33' title='bbox 1687 502 1855 541; x_wconf 89' lang='lat' dir='ltr'><strong>causa</strong></span> 
     </span>
    </p>
   </div>
   <div class='ocr_carea' id='block_1_6' title="bbox 256 576 1854 653">
    <p class='ocr_par' dir='ltr' id='par_1_6' title="bbox 256 576 1854 653">
     <span class='ocr_line' id='line_1_6' title="bbox 256 576 1854 653; baseline 0.003 -23"><span class='ocrx_word' id='word_1_34' title='bbox 256 576 355 631; x_wconf 85' lang='lat' dir='ltr'><strong>vel</strong></span> <span class='ocrx_word' id='word_1_35' title='bbox 405 579 774 641; x_wconf 83' lang='lat' dir='ltr'><strong>necessitate,</strong></span> <span class='ocrx_word' id='word_1_36' title='bbox 826 586 880 632; x_wconf 91' lang='lat' dir='ltr'><strong>ct</strong></span> <span class='ocrx_word' id='word_1_37' title='bbox 932 595 1043 633; x_wconf 94' lang='lat' dir='ltr'><strong>non</strong></span> <span class='ocrx_word' id='word_1_38' title='bbox 1096 588 1317 653; x_wconf 84' lang='lat' dir='ltr'><strong>propter</strong></span> <span class='ocrx_word' id='word_1_39' title='bbox 1366 582 1537 651; x_wconf 81' lang='lat' dir='ltr'><strong>ipsam</strong></span> <span class='ocrx_word' id='word_1_40' title='bbox 1583 581 1854 651; x_wconf 85' lang='lat' dir='ltr'><strong>justitiam</strong></span> 
     </span>
    </p>
   </div>
   <div class='ocr_carea' id='block_1_7' title="bbox 256 668 1855 746">
    <p class='ocr_par' dir='ltr' id='par_1_7' title="bbox 256 668 1855 746">
     <span class='ocr_line' id='line_1_7' title="bbox 256 668 1855 746; baseline 0.004 -26"><span class='ocrx_word' id='word_1_41' title='bbox 256 682 457 739; x_wconf 79' lang='lat' dir='ltr'><strong>neque</strong></span> <span class='ocrx_word' id='word_1_42' title='bbox 514 677 739 742; x_wconf 82' lang='lat' dir='ltr'><strong>propter</strong></span> <span class='ocrx_word' id='word_1_43' title='bbox 792 668 1012 725; x_wconf 89' lang='lat' dir='ltr'><strong>Deum?</strong></span> <span class='ocrx_word' id='word_1_44' title='bbox 1062 672 1165 738; x_wconf 88' lang='lat' dir='ltr'><strong>Qui</strong></span> <span class='ocrx_word' id='word_1_45' title='bbox 1214 674 1360 728; x_wconf 91' lang='lat' dir='ltr'><strong>enim</strong></span> <span class='ocrx_word' id='word_1_46' title='bbox 1406 682 1629 746; x_wconf 84' lang='lat' dir='ltr'><strong>prepter</strong></span> <span class='ocrx_word' id='word_1_47' title='bbox 1678 674 1855 729; x_wconf 89' lang='lat' dir='ltr'><strong>solum</strong></span> 
     </span>
    </p>
   </div>
   <div class='ocr_carea' id='block_1_8' title="bbox 257 756 1858 837">
    <p class='ocr_par' dir='ltr' id='par_1_8' title="bbox 257 756 1858 837">
     <span class='ocr_line' id='line_1_8' title="bbox 257 756 1858 837; baseline 0.005 -25"><span class='ocrx_word' id='word_1_48' title='bbox 257 756 450 815; x_wconf 84' lang='lat' dir='ltr'><strong>Deum</strong></span> <span class='ocrx_word' id='word_1_49' title='bbox 512 771 569 817; x_wconf 93' lang='lat' dir='ltr'><strong>et</strong></span> <span class='ocrx_word' id='word_1_50' title='bbox 613 762 886 831; x_wconf 81' lang='lat' dir='ltr'><strong>justitiam</strong></span> <span class='ocrx_word' id='word_1_51' title='bbox 941 764 1061 833; x_wconf 87' lang='lat' dir='ltr'><strong>ejus</strong></span> <span class='ocrx_word' id='word_1_52' title='bbox 1106 765 1253 835; x_wconf 90' lang='lat' dir='ltr'><strong>juste</strong></span> <span class='ocrx_word' id='word_1_53' title='bbox 1305 767 1580 830; x_wconf 89' lang='lat' dir='ltr'><strong>vixerint,</strong></span> <span class='ocrx_word' id='word_1_54' title='bbox 1638 767 1740 837; x_wconf 85' lang='lat' dir='ltr'><strong>ipsi</strong></span> <span class='ocrx_word' id='word_1_55' title='bbox 1791 766 1858 820; x_wconf 93' lang='lat' dir='ltr'><strong>ad</strong></span> 
     </span>
    </p>
   </div>
   <div class='ocr_carea' id='block_1_9' title="bbox 262 856 1858 931">
    <p class='ocr_par' dir='ltr' id='par_1_9' title="bbox 262 856 1858 931">
     <span class='ocr_line' id='line_1_9' title="bbox 262 856 1858 931; baseline 0.004 -23"><span class='ocrx_word' id='word_1_56' title='bbox 262 861 547 909; x_wconf 64' lang='lat' dir='ltr'><strong>cternam</strong></span> <span class='ocrx_word' id='word_1_57' title='bbox 594 856 836 925; x_wconf 88' lang='lat' dir='ltr'><strong>requiem</strong></span> <span class='ocrx_word' id='word_1_58' title='bbox 876 856 1096 911; x_wconf 77' lang='lat' dir='ltr'><strong>venient</strong></span> <span class='ocrx_word' id='word_1_59' title='bbox 1142 865 1195 911; x_wconf 77' lang='lat' dir='ltr'><strong>et</strong></span> <span class='ocrx_word' id='word_1_60' title='bbox 1239 860 1650 929; x_wconf 82' lang='lat' dir='ltr'><strong>perpetuitatem</strong></span> <span class='ocrx_word' id='word_1_61' title='bbox 1702 861 1858 931; x_wconf 88' lang='lat' dir='ltr'><strong>regni</strong></span> 
     </span>
    </p>
   </div>
   <div class='ocr_carea' id='block_1_10' title="bbox 260 946 1854 1024">
    <p class='ocr_par' dir='ltr' id='par_1_10' title="bbox 260 946 1854 1024">
     <span class='ocr_line' id='line_1_10' title="bbox 260 946 1854 1024; baseline 0.004 -23"><span class='ocrx_word' id='word_1_62' title='bbox 260 948 529 1004; x_wconf 73' lang='lat' dir='ltr'><strong>cmlestis</strong></span> <span class='ocrx_word' id='word_1_63' title='bbox 571 948 860 1017; x_wconf 85' lang='lat' dir='ltr'><strong>accipient.</strong></span> <span class='ocrx_word' id='word_1_64' title='bbox 896 946 1056 1004; x_wconf 89' lang='lat' dir='ltr'><strong>Salus</strong></span> <span class='ocrx_word' id='word_1_65' title='bbox 1093 951 1236 1004; x_wconf 88' lang='lat' dir='ltr'><strong>enim</strong></span> <span class='ocrx_word' id='word_1_66' title='bbox 1278 968 1385 1006; x_wconf 94' lang='lat' dir='ltr'><strong>non</strong></span> <span class='ocrx_word' id='word_1_67' title='bbox 1423 954 1476 1007; x_wconf 89' lang='lat' dir='ltr'><strong>vi</strong></span> <span class='ocrx_word' id='word_1_68' title='bbox 1526 954 1854 1024; x_wconf 85' lang='lat' dir='ltr'><strong>acquiritur,</strong></span> 
     </span>
    </p>
   </div>
   <div class='ocr_carea' id='block_1_11' title="bbox 262 1039 1859 1116">
    <p class='ocr_par' dir='ltr' id='par_1_11' title="bbox 262 1039 1859 1116">
     <span class='ocr_line' id='line_1_11' title="bbox 262 1039 1859 1116; baseline 0.002 -20"><span class='ocrx_word' id='word_1_69' title='bbox 262 1039 373 1096; x_wconf 82' lang='lat' dir='ltr'><strong>sed</strong></span> <span class='ocrx_word' id='word_1_70' title='bbox 417 1040 710 1106; x_wconf 82' lang='lat' dir='ltr'><strong>libertate,</strong></span> <span class='ocrx_word' id='word_1_71' title='bbox 754 1056 853 1095; x_wconf 91' lang='lat' dir='ltr'><strong>nec</strong></span> <span class='ocrx_word' id='word_1_72' title='bbox 892 1057 989 1111; x_wconf 88' lang='lat' dir='ltr'><strong>per</strong></span> <span class='ocrx_word' id='word_1_73' title='bbox 1018 1043 1299 1097; x_wconf 83' lang='lat' dir='ltr'><strong>hominum</strong></span> <span class='ocrx_word' id='word_1_74' title='bbox 1333 1044 1586 1114; x_wconf 78' lang='lat' dir='ltr'><strong>gratiam,</strong></span> <span class='ocrx_word' id='word_1_75' title='bbox 1634 1046 1727 1101; x_wconf 89' lang='lat' dir='ltr'><strong>sed</strong></span> <span class='ocrx_word' id='word_1_76' title='bbox 1762 1061 1859 1116; x_wconf 91' lang='lat' dir='ltr'><strong>per</strong></span> 
     </span>
    </p>
   </div>
   <div class='ocr_carea' id='block_1_12' title="bbox 261 1132 1859 1209">
    <p class='ocr_par' dir='ltr' id='par_1_12' title="bbox 261 1132 1859 1209">
     <span class='ocr_line' id='line_1_12' title="bbox 261 1132 1859 1209; baseline 0.006 -24"><span class='ocrx_word' id='word_1_77' title='bbox 261 1132 367 1187; x_wconf 88' lang='lat' dir='ltr'><strong>Dei</strong></span> <span class='ocrx_word' id='word_1_78' title='bbox 401 1132 596 1189; x_wconf 85' lang='lat' dir='ltr'><strong>fidem.</strong></span> <span class='ocrx_word' id='word_1_79' title='bbox 622 1132 761 1188; x_wconf 87' lang='lat' dir='ltr'><strong>Tum</strong></span> <span class='ocrx_word' id='word_1_80' title='bbox 787 1144 1047 1204; x_wconf 67' lang='lat' dir='ltr'><strong>prmterca</strong></span> <span class='ocrx_word' id='word_1_81' title='bbox 1076 1138 1314 1207; x_wconf 89' lang='lat' dir='ltr'><strong>cogitare</strong></span> <span class='ocrx_word' id='word_1_82' title='bbox 1338 1138 1532 1203; x_wconf 88' lang='lat' dir='ltr'><strong>debes,</strong></span> <span class='ocrx_word' id='word_1_83' title='bbox 1559 1138 1687 1209; x_wconf 89' lang='lat' dir='ltr'><strong>quia</strong></span> <span class='ocrx_word' id='word_1_84' title='bbox 1714 1138 1859 1194; x_wconf 91' lang='lat' dir='ltr'><strong>Deus</strong></span> 
     </span>
    </p>
   </div>
   <div class='ocr_carea' id='block_1_13' title="bbox 261 1227 1859 1302">
    <p class='ocr_par' dir='ltr' id='par_1_13' title="bbox 261 1227 1859 1302">
     <span class='ocr_line' id='line_1_13' title="bbox 261 1227 1859 1302; baseline 0.003 -21"><span class='ocrx_word' id='word_1_85' title='bbox 261 1227 552 1294; x_wconf 70' lang='lat' dir='ltr'><strong>pnescius</strong></span> <span class='ocrx_word' id='word_1_86' title='bbox 580 1234 664 1283; x_wconf 90' lang='lat' dir='ltr'><strong>est</strong></span> <span class='ocrx_word' id='word_1_87' title='bbox 704 1236 758 1283; x_wconf 92' lang='lat' dir='ltr'><strong>et</strong></span> <span class='ocrx_word' id='word_1_88' title='bbox 796 1229 948 1283; x_wconf 89' lang='lat' dir='ltr'><strong>novit</strong></span> <span class='ocrx_word' id='word_1_89' title='bbox 979 1229 1026 1286; x_wconf 90' lang='lat' dir='ltr'><strong>si</strong></span> <span class='ocrx_word' id='word_1_90' title='bbox 1056 1229 1147 1285; x_wconf 90' lang='lat' dir='ltr'><strong>hic</strong></span> <span class='ocrx_word' id='word_1_91' title='bbox 1178 1247 1313 1287; x_wconf 91' lang='lat' dir='ltr'><strong>suus</strong></span> <span class='ocrx_word' id='word_1_92' title='bbox 1344 1238 1468 1297; x_wconf 85' lang='lat' dir='ltr'><strong>est;</strong></span> <span class='ocrx_word' id='word_1_93' title='bbox 1504 1231 1650 1302; x_wconf 91' lang='lat' dir='ltr'><strong>quod</strong></span> <span class='ocrx_word' id='word_1_94' title='bbox 1682 1232 1727 1287; x_wconf 89' lang='lat' dir='ltr'><strong>si</strong></span> <span class='ocrx_word' id='word_1_95' title='bbox 1759 1248 1859 1286; x_wconf 90' lang='lat' dir='ltr'><strong>no-</strong></span> 
     </span>
    </p>
   </div>
   <div class='ocr_carea' id='block_1_14' title="bbox 262 1318 1857 1395">
    <p class='ocr_par' dir='ltr' id='par_1_14' title="bbox 262 1318 1857 1395">
     <span class='ocr_line' id='line_1_14' title="bbox 262 1318 1857 1395; baseline 0.005 -23"><span class='ocrx_word' id='word_1_96' title='bbox 262 1318 349 1372; x_wconf 89' lang='lat' dir='ltr'><strong>vit</strong></span> <span class='ocrx_word' id='word_1_97' title='bbox 392 1336 531 1375; x_wconf 92' lang='lat' dir='ltr'><strong>eum</strong></span> <span class='ocrx_word' id='word_1_98' title='bbox 574 1337 684 1375; x_wconf 94' lang='lat' dir='ltr'><strong>non</strong></span> <span class='ocrx_word' id='word_1_99' title='bbox 717 1337 880 1387; x_wconf 90' lang='lat' dir='ltr'><strong>esse,</strong></span> <span class='ocrx_word' id='word_1_100' title='bbox 930 1323 1061 1394; x_wconf 89' lang='lat' dir='ltr'><strong>quid</strong></span> <span class='ocrx_word' id='word_1_101' title='bbox 1102 1324 1368 1380; x_wconf 80' lang='lat' dir='ltr'><strong>faciemus</strong></span> <span class='ocrx_word' id='word_1_102' title='bbox 1411 1324 1479 1380; x_wconf 89' lang='lat' dir='ltr'><strong>ad</strong></span> <span class='ocrx_word' id='word_1_103' title='bbox 1522 1340 1586 1380; x_wconf 92' lang='lat' dir='ltr'><strong>ea</strong></span> <span class='ocrx_word' id='word_1_104' title='bbox 1629 1340 1749 1395; x_wconf 85' lang='lat' dir='ltr'><strong>qua:</strong></span> <span class='ocrx_word' id='word_1_105' title='bbox 1790 1340 1857 1380; x_wconf 87' lang='lat' dir='ltr'><strong>ex</strong></span> 
     </span>
    </p>
   </div>
   <div class='ocr_carea' id='block_1_15' title="bbox 264 1410 1859 1487">
    <p class='ocr_par' dir='ltr' id='par_1_15' title="bbox 264 1410 1859 1487">
     <span class='ocr_line' id='line_1_15' title="bbox 264 1410 1859 1487; baseline 0.003 -22"><span class='ocrx_word' id='word_1_106' title='bbox 264 1410 440 1467; x_wconf 89' lang='lat' dir='ltr'><strong>initio</strong></span> <span class='ocrx_word' id='word_1_107' title='bbox 476 1420 686 1469; x_wconf 90' lang='lat' dir='ltr'><strong>statuta</strong></span> <span class='ocrx_word' id='word_1_108' title='bbox 723 1424 851 1469; x_wconf 89' lang='lat' dir='ltr'><strong>sunt</strong></span> <span class='ocrx_word' id='word_1_109' title='bbox 879 1415 947 1469; x_wconf 89' lang='lat' dir='ltr'><strong>ab</strong></span> <span class='ocrx_word' id='word_1_110' title='bbox 978 1416 1085 1469; x_wconf 85' lang='lat' dir='ltr'><strong>eo?</strong></span> <span class='ocrx_word' id='word_1_111' title='bbox 1121 1414 1183 1469; x_wconf 93' lang='lat' dir='ltr'><strong>ln</strong></span> <span class='ocrx_word' id='word_1_112' title='bbox 1227 1432 1337 1486; x_wconf 89' lang='lat' dir='ltr'><strong>quo</strong></span> <span class='ocrx_word' id='word_1_113' title='bbox 1377 1424 1561 1471; x_wconf 87' lang='lat' dir='ltr'><strong>autem</strong></span> <span class='ocrx_word' id='word_1_114' title='bbox 1598 1431 1859 1487; x_wconf 85' lang='lat' dir='ltr'><strong>possum,</strong></span> 
     </span>
    </p>
   </div>
   <div class='ocr_carea' id='block_1_16' title="bbox 265 1506 1863 1577">
    <p class='ocr_par' dir='ltr' id='par_1_16' title="bbox 265 1506 1863 1577">
     <span class='ocr_line' id='line_1_16' title="bbox 265 1506 1863 1577; baseline 0.004 -18"><span class='ocrx_word' id='word_1_115' title='bbox 265 1506 583 1561; x_wconf 87' lang='lat' dir='ltr'><strong>consilium</strong></span> <span class='ocrx_word' id='word_1_116' title='bbox 616 1507 723 1574; x_wconf 85' lang='lat' dir='ltr'><strong>do;</strong></span> <span class='ocrx_word' id='word_1_117' title='bbox 757 1522 879 1561; x_wconf 89' lang='lat' dir='ltr'><strong>cum</strong></span> <span class='ocrx_word' id='word_1_118' title='bbox 912 1508 1254 1577; x_wconf 85' lang='lat' dir='ltr'><strong>evigilaverit</strong></span> <span class='ocrx_word' id='word_1_119' title='bbox 1295 1517 1349 1564; x_wconf 92' lang='lat' dir='ltr'><strong>et</strong></span> <span class='ocrx_word' id='word_1_120' title='bbox 1395 1510 1731 1575; x_wconf 89' lang='lat' dir='ltr'><strong>sederimus,</strong></span> <span class='ocrx_word' id='word_1_121' title='bbox 1765 1525 1863 1565; x_wconf 88' lang='lat' dir='ltr'><strong>vos</strong></span> 
     </span>
    </p>
   </div>
   <div class='ocr_carea' id='block_1_17' title="bbox 266 1599 1861 1673">
    <p class='ocr_par' dir='ltr' id='par_1_17' title="bbox 266 1599 1861 1673">
     <span class='ocr_line' id='line_1_17' title="bbox 266 1599 1861 1673; baseline 0.004 -21"><span class='ocrx_word' id='word_1_122' title='bbox 266 1600 447 1670; x_wconf 91' lang='lat' dir='ltr'><strong>quasi</strong></span> <span class='ocrx_word' id='word_1_123' title='bbox 496 1599 706 1670; x_wconf 88' lang='lat' dir='ltr'><strong>aliquid</strong></span> <span class='ocrx_word' id='word_1_124' title='bbox 748 1599 963 1656; x_wconf 89' lang='lat' dir='ltr'><strong>discere</strong></span> <span class='ocrx_word' id='word_1_125' title='bbox 999 1602 1280 1666; x_wconf 86' lang='lat' dir='ltr'><strong>volentes,</strong></span> <span class='ocrx_word' id='word_1_126' title='bbox 1328 1601 1621 1673; x_wconf 83' lang='lat' dir='ltr'><strong>proponite</strong></span> <span class='ocrx_word' id='word_1_127' title='bbox 1664 1618 1729 1657; x_wconf 85' lang='lat' dir='ltr'><strong>ex</strong></span> <span class='ocrx_word' id='word_1_128' title='bbox 1774 1602 1861 1658; x_wconf 88' lang='lat' dir='ltr'><strong>his</strong></span> 
     </span>
    </p>
   </div>
   <div class='ocr_carea' id='block_1_18' title="bbox 266 1688 1862 1763">
    <p class='ocr_par' dir='ltr' id='par_1_18' title="bbox 266 1688 1862 1763">
     <span class='ocr_line' id='line_1_18' title="bbox 266 1688 1862 1763; baseline -0.001 -17"><span class='ocrx_word' id='word_1_129' title='bbox 266 1689 559 1747; x_wconf 79' lang='lat' dir='ltr'><strong>duntaxat</strong></span> <span class='ocrx_word' id='word_1_130' title='bbox 588 1688 709 1763; x_wconf 72' lang='lat' dir='ltr'><strong>quae</strong></span> <span class='ocrx_word' id='word_1_131' title='bbox 740 1692 817 1747; x_wconf 90' lang='lat' dir='ltr'><strong>illi</strong></span> <span class='ocrx_word' id='word_1_132' title='bbox 848 1692 1067 1763; x_wconf 88' lang='lat' dir='ltr'><strong>expedit</strong></span> <span class='ocrx_word' id='word_1_133' title='bbox 1098 1692 1340 1756; x_wconf 89' lang='lat' dir='ltr'><strong>discere,</strong></span> <span class='ocrx_word' id='word_1_134' title='bbox 1373 1700 1427 1746; x_wconf 88' lang='lat' dir='ltr'><strong>et</strong></span> <span class='ocrx_word' id='word_1_135' title='bbox 1457 1692 1586 1747; x_wconf 92' lang='lat' dir='ltr'><strong>dum</strong></span> <span class='ocrx_word' id='word_1_136' title='bbox 1631 1707 1732 1746; x_wconf 84' lang='lat' dir='ltr'><strong>nos</strong></span> <span class='ocrx_word' id='word_1_137' title='bbox 1782 1693 1862 1746; x_wconf 92' lang='lat' dir='ltr'><strong>lo-</strong></span> 
     </span>
    </p>
   </div>
   <div class='ocr_carea' id='block_1_19' title="bbox 1958 483 3528 557">
    <p class='ocr_par' dir='ltr' id='par_1_19' title="bbox 1958 483 3528 557">
     <span class='ocr_line' id='line_1_19' title="bbox 1958 483 3528 557; baseline 0.001 -17"><span class='ocrx_word' id='word_1_138' title='bbox 1958 501 2083 540; x_wconf 92' lang='lat' dir='ltr'><strong>cum</strong></span> <span class='ocrx_word' id='word_1_139' title='bbox 2124 485 2313 540; x_wconf 91' lang='lat' dir='ltr'><strong>audire</strong></span> <span class='ocrx_word' id='word_1_140' title='bbox 2351 498 2454 539; x_wconf 89' lang='lat' dir='ltr'><strong>nos</strong></span> <span class='ocrx_word' id='word_1_141' title='bbox 2484 484 2688 554; x_wconf 84' lang='lat' dir='ltr'><strong>aliquid</strong></span> <span class='ocrx_word' id='word_1_142' title='bbox 2728 483 3104 553; x_wconf 83' lang='lat' dir='ltr'><strong>disputantes;</strong></span> <span class='ocrx_word' id='word_1_143' title='bbox 3145 485 3241 541; x_wconf 90' lang='lat' dir='ltr'><strong>sed</strong></span> <span class='ocrx_word' id='word_1_144' title='bbox 3269 487 3528 557; x_wconf 89' lang='lat' dir='ltr'><strong>quoniam</strong></span> 
     </span>
    </p>
   </div>
   <div class='ocr_carea' id='block_1_20' title="bbox 1959 575 3528 648">
    <p class='ocr_par' dir='ltr' id='par_1_20' title="bbox 1959 575 3528 648">
     <span class='ocr_line' id='line_1_20' title="bbox 1959 575 3528 648; baseline 0.001 -18"><span class='ocrx_word' id='word_1_145' title='bbox 1959 576 2284 633; x_wconf 80' lang='lat' dir='ltr'><strong>festinantes</strong></span> <span class='ocrx_word' id='word_1_146' title='bbox 2326 592 2427 631; x_wconf 88' lang='lat' dir='ltr'><strong>vos</strong></span> <span class='ocrx_word' id='word_1_147' title='bbox 2470 576 2615 643; x_wconf 90' lang='lat' dir='ltr'><strong>vidi,</strong></span> <span class='ocrx_word' id='word_1_148' title='bbox 2662 576 2870 630; x_wconf 89' lang='lat' dir='ltr'><strong>idcirco</strong></span> <span class='ocrx_word' id='word_1_149' title='bbox 2904 575 3017 631; x_wconf 89' lang='lat' dir='ltr'><strong>dixi</strong></span> <span class='ocrx_word' id='word_1_150' title='bbox 3064 580 3528 648; x_wconf 80' lang='lat' dir='ltr'><strong>Opportunitatem</strong></span> 
     </span>
    </p>
   </div>
   <div class='ocr_carea' id='block_1_21' title="bbox 1960 668 3531 741">
    <p class='ocr_par' dir='ltr' id='par_1_21' title="bbox 1960 668 3531 741">
     <span class='ocr_line' id='line_1_21' title="bbox 1960 668 3531 741; baseline 0.001 -16"><span class='ocrx_word' id='word_1_151' title='bbox 1960 670 2343 741; x_wconf 63' lang='lat' dir='ltr'><strong>quaerendam;</strong></span> <span class='ocrx_word' id='word_1_152' title='bbox 2378 686 2541 740; x_wconf 89' lang='lat' dir='ltr'><strong>quam</strong></span> <span class='ocrx_word' id='word_1_153' title='bbox 2571 685 2695 723; x_wconf 93' lang='lat' dir='ltr'><strong>cum</strong></span> <span class='ocrx_word' id='word_1_154' title='bbox 2731 668 2943 724; x_wconf 90' lang='lat' dir='ltr'><strong>dederit</strong></span> <span class='ocrx_word' id='word_1_155' title='bbox 2973 668 3145 733; x_wconf 86' lang='lat' dir='ltr'><strong>Deus,</strong></span> <span class='ocrx_word' id='word_1_156' title='bbox 3176 686 3276 725; x_wconf 90' lang='lat' dir='ltr'><strong>vos</strong></span> <span class='ocrx_word' id='word_1_157' title='bbox 3308 687 3531 741; x_wconf 89' lang='lat' dir='ltr'><strong>quoque</strong></span> 
     </span>
    </p>
   </div>
   <div class='ocr_carea' id='block_1_22' title="bbox 1959 761 3531 831">
    <p class='ocr_par' dir='ltr' id='par_1_22' title="bbox 1959 761 3531 831">
     <span class='ocr_line' id='line_1_22' title="bbox 1959 761 3531 831; baseline 0.002 -15"><span class='ocrx_word' id='word_1_158' title='bbox 1959 762 2029 816; x_wconf 89' lang='lat' dir='ltr'><strong>ad</strong></span> <span class='ocrx_word' id='word_1_159' title='bbox 2075 779 2139 817; x_wconf 90' lang='lat' dir='ltr'><strong>ea</strong></span> <span class='ocrx_word' id='word_1_160' title='bbox 2190 778 2310 831; x_wconf 77' lang='lat' dir='ltr'><strong>qua:</strong></span> <span class='ocrx_word' id='word_1_161' title='bbox 2363 762 2557 816; x_wconf 78' lang='lat' dir='ltr'><strong>dixero</strong></span> <span class='ocrx_word' id='word_1_162' title='bbox 2594 762 2968 831; x_wconf 88' lang='lat' dir='ltr'><strong>obtemperate</strong></span> <span class='ocrx_word' id='word_1_163' title='bbox 3006 762 3159 817; x_wconf 86' lang='lat' dir='ltr'><strong>mihi.</strong></span> <span class='ocrx_word' id='word_1_164' title='bbox 3199 761 3323 817; x_wconf 66' lang='grc' dir='ltr'><strong>Βαξο</strong></span> <span class='ocrx_word' id='word_1_165' title='bbox 3375 764 3531 819; x_wconf 92' lang='lat' dir='ltr'><strong>nobis</strong></span> 
     </span>
    </p>
   </div>
   <div class='ocr_carea' id='block_1_23' title="bbox 1961 854 3534 927">
    <p class='ocr_par' dir='ltr' id='par_1_23' title="bbox 1961 854 3534 927">
     <span class='ocr_line' id='line_1_23' title="bbox 1961 854 3534 927; baseline -0.001 -16"><span class='ocrx_word' id='word_1_166' title='bbox 1961 855 2480 918; x_wconf 86' lang='lat' dir='ltr'><strong>sermocinantibus,</strong></span> <span class='ocrx_word' id='word_1_167' title='bbox 2513 855 2656 910; x_wconf 85' lang='lat' dir='ltr'><strong>venit</strong></span> <span class='ocrx_word' id='word_1_168' title='bbox 2683 870 2817 924; x_wconf 89' lang='lat' dir='ltr'><strong>puer</strong></span> <span class='ocrx_word' id='word_1_169' title='bbox 2842 854 3031 909; x_wconf 90' lang='lat' dir='ltr'><strong>dicens</strong></span> <span class='ocrx_word' id='word_1_170' title='bbox 3054 856 3282 926; x_wconf 87' lang='lat' dir='ltr'><strong>vigilare</strong></span> <span class='ocrx_word' id='word_1_171' title='bbox 3303 858 3414 927; x_wconf 88' lang='lat' dir='ltr'><strong>jam</strong></span> <span class='ocrx_word' id='word_1_172' title='bbox 3446 873 3534 926; x_wconf 89' lang='lat' dir='ltr'><strong>pa-</strong></span> 
     </span>
    </p>
   </div>
   <div class='ocr_carea' id='block_1_24' title="bbox 1960 944 3533 1015">
    <p class='ocr_par' dir='ltr' id='par_1_24' title="bbox 1960 944 3533 1015">
     <span class='ocr_line' id='line_1_24' title="bbox 1960 944 3533 1015; baseline -0.002 -15"><span class='ocrx_word' id='word_1_173' title='bbox 1960 954 2097 1002; x_wconf 91' lang='lat' dir='ltr'><strong>trem</strong></span> <span class='ocrx_word' id='word_1_174' title='bbox 2124 965 2138 1015; x_wconf 91' lang='lat'><strong>;</strong></span> <span class='ocrx_word' id='word_1_175' title='bbox 2171 957 2224 1001; x_wconf 91' lang='lat' dir='ltr'><strong>et</strong></span> <span class='ocrx_word' id='word_1_176' title='bbox 2254 962 2378 1001; x_wconf 85' lang='lat' dir='ltr'><strong>cum</strong></span> <span class='ocrx_word' id='word_1_177' title='bbox 2407 946 2668 1000; x_wconf 83' lang='lat' dir='ltr'><strong>vellemus</strong></span> <span class='ocrx_word' id='word_1_178' title='bbox 2698 944 2908 1015; x_wconf 83' lang='lat' dir='ltr'><strong>ingredi</strong></span> <span class='ocrx_word' id='word_1_179' title='bbox 2942 944 3009 998; x_wconf 90' lang='lat' dir='ltr'><strong>ad</strong></span> <span class='ocrx_word' id='word_1_180' title='bbox 3038 960 3161 999; x_wconf 92' lang='lat' dir='ltr'><strong>eum</strong></span> <span class='ocrx_word' id='word_1_181' title='bbox 3184 983 3201 1009; x_wconf 92' lang='lat'><strong>,</strong></span> <span class='ocrx_word' id='word_1_182' title='bbox 3239 946 3357 1015; x_wconf 91' lang='lat' dir='ltr'><strong>ipse</strong></span> <span class='ocrx_word' id='word_1_183' title='bbox 3386 947 3533 999; x_wconf 85' lang='lat' dir='ltr'><strong>venit</strong></span> 
     </span>
    </p>
   </div>
   <div class='ocr_carea' id='block_1_25' title="bbox 1961 1038 3531 1104">
    <p class='ocr_par' dir='ltr' id='par_1_25' title="bbox 1961 1038 3531 1104">
     <span class='ocr_line' id='line_1_25' title="bbox 1961 1038 3531 1104; baseline 0 -11"><span class='ocrx_word' id='word_1_184' title='bbox 1961 1041 2028 1095; x_wconf 90' lang='lat' dir='ltr'><strong>ad</strong></span> <span class='ocrx_word' id='word_1_185' title='bbox 2059 1054 2182 1103; x_wconf 91' lang='lat' dir='ltr'><strong>nos,</strong></span> <span class='ocrx_word' id='word_1_186' title='bbox 2214 1045 2267 1093; x_wconf 90' lang='lat' dir='ltr'><strong>et</strong></span> <span class='ocrx_word' id='word_1_187' title='bbox 2291 1039 2479 1093; x_wconf 90' lang='lat' dir='ltr'><strong>osculo</strong></span> <span class='ocrx_word' id='word_1_188' title='bbox 2503 1052 2603 1092; x_wconf 91' lang='lat' dir='ltr'><strong>nos</strong></span> <span class='ocrx_word' id='word_1_189' title='bbox 2634 1042 2909 1103; x_wconf 88' lang='lat' dir='ltr'><strong>salutans,</strong></span> <span class='ocrx_word' id='word_1_190' title='bbox 2944 1052 3066 1091; x_wconf 89' lang='lat' dir='ltr'><strong>cum</strong></span> <span class='ocrx_word' id='word_1_191' title='bbox 3102 1038 3496 1093; x_wconf 85' lang='lat' dir='ltr'><strong>resedissemus</strong></span> <span class='ocrx_word' id='word_1_192' title='bbox 3516 1078 3531 1104; x_wconf 97' lang='lat'><strong>,</strong></span> 
     </span>
    </p>
   </div>
   <div class='ocr_carea' id='block_1_26' title="bbox 1963 1130 3533 1201">
    <p class='ocr_par' dir='ltr' id='par_1_26' title="bbox 1963 1130 3533 1201">
     <span class='ocr_line' id='line_1_26' title="bbox 1963 1130 3533 1201; baseline -0.001 -14"><span class='ocrx_word' id='word_1_193' title='bbox 1963 1133 2072 1188; x_wconf 91' lang='lat' dir='ltr'><strong>ait:</strong></span> <span class='ocrx_word' id='word_1_194' title='bbox 2111 1131 2333 1186; x_wconf 86' lang='lat' dir='ltr'><strong>Licetne</strong></span> <span class='ocrx_word' id='word_1_195' title='bbox 2376 1130 2770 1199; x_wconf 88' lang='lat' dir='ltr'><strong>percunctari,</strong></span> <span class='ocrx_word' id='word_1_196' title='bbox 2816 1130 2862 1185; x_wconf 92' lang='lat' dir='ltr'><strong>si</strong></span> <span class='ocrx_word' id='word_1_197' title='bbox 2907 1130 3039 1201; x_wconf 90' lang='lat' dir='ltr'><strong>quid</strong></span> <span class='ocrx_word' id='word_1_198' title='bbox 3080 1130 3222 1184; x_wconf 85' lang='lat' dir='ltr'><strong>volet</strong></span> <span class='ocrx_word' id='word_1_199' title='bbox 3262 1132 3417 1201; x_wconf 89' lang='lat' dir='ltr'><strong>quis,</strong></span> <span class='ocrx_word' id='word_1_200' title='bbox 3464 1147 3533 1186; x_wconf 90' lang='lat' dir='ltr'><strong>an</strong></span> 
     </span>
    </p>
   </div>
   <div class='ocr_carea' id='block_1_27' title="bbox 1963 1222 3537 1295">
    <p class='ocr_par' dir='ltr' id='par_1_27' title="bbox 1963 1222 3537 1295">
     <span class='ocr_line' id='line_1_27' title="bbox 1963 1222 3537 1295; baseline 0 -15"><span class='ocrx_word' id='word_1_201' title='bbox 1963 1225 2262 1280; x_wconf 84' lang='lat' dir='ltr'><strong>secundum</strong></span> <span class='ocrx_word' id='word_1_202' title='bbox 2304 1224 2697 1295; x_wconf 75' lang='lat' dir='ltr'><strong>Pythagoricos</strong></span> <span class='ocrx_word' id='word_1_203' title='bbox 2736 1223 3028 1279; x_wconf 86' lang='lat' dir='ltr'><strong>tacendum</strong></span> <span class='ocrx_word' id='word_1_204' title='bbox 3066 1239 3278 1293; x_wconf 91' lang='lat' dir='ltr'><strong>semper</strong></span> <span class='ocrx_word' id='word_1_205' title='bbox 3315 1226 3439 1279; x_wconf 84' lang='lat' dir='ltr'><strong>est?</strong></span> <span class='ocrx_word' id='word_1_206' title='bbox 3468 1222 3537 1280; x_wconf 83' lang='lat' dir='ltr'><strong>Et</strong></span> 
     </span>
    </p>
   </div>
   <div class='ocr_carea' id='block_1_28' title="bbox 1963 1312 3535 1385">
    <p class='ocr_par' dir='ltr' id='par_1_28' title="bbox 1963 1312 3535 1385">
     <span class='ocr_line' id='line_1_28' title="bbox 1963 1312 3535 1385; baseline 0.003 -20"><span class='ocrx_word' id='word_1_207' title='bbox 1963 1313 2195 1368; x_wconf 81' lang='lat' dir='ltr'><strong>Petrus:</strong></span> <span class='ocrx_word' id='word_1_208' title='bbox 2231 1312 2341 1367; x_wconf 85' lang='lat' dir='ltr'><strong>Nos</strong></span> <span class='ocrx_word' id='word_1_209' title='bbox 2375 1328 2476 1369; x_wconf 82' lang='lat' dir='ltr'><strong>nec</strong></span> <span class='ocrx_word' id='word_1_210' title='bbox 2516 1315 2677 1369; x_wconf 90' lang='lat' dir='ltr'><strong>silere</strong></span> <span class='ocrx_word' id='word_1_211' title='bbox 2715 1329 2947 1384; x_wconf 87' lang='lat' dir='ltr'><strong>semper,</strong></span> <span class='ocrx_word' id='word_1_212' title='bbox 2982 1329 3158 1384; x_wconf 90' lang='lat' dir='ltr'><strong>neque</strong></span> <span class='ocrx_word' id='word_1_213' title='bbox 3190 1318 3535 1385; x_wconf 84' lang='lat' dir='ltr'><strong>percunctari</strong></span> 
     </span>
    </p>
   </div>
   <div class='ocr_carea' id='block_1_29' title="bbox 1963 1401 3535 1474">
    <p class='ocr_par' dir='ltr' id='par_1_29' title="bbox 1963 1401 3535 1474">
     <span class='ocr_line' id='line_1_29' title="bbox 1963 1401 3535 1474; baseline 0.001 -17"><span class='ocrx_word' id='word_1_214' title='bbox 1963 1403 2210 1473; x_wconf 83' lang='lat' dir='ltr'><strong>cogimus</strong></span> <span class='ocrx_word' id='word_1_215' title='bbox 2233 1401 2551 1458; x_wconf 85' lang='lat' dir='ltr'><strong>accedentes</strong></span> <span class='ocrx_word' id='word_1_216' title='bbox 2568 1403 2633 1456; x_wconf 87' lang='lat' dir='ltr'><strong>ad</strong></span> <span class='ocrx_word' id='word_1_217' title='bbox 2652 1417 2774 1466; x_wconf 89' lang='lat' dir='ltr'><strong>nos,</strong></span> <span class='ocrx_word' id='word_1_218' title='bbox 2794 1403 2888 1457; x_wconf 86' lang='lat' dir='ltr'><strong>sed</strong></span> <span class='ocrx_word' id='word_1_219' title='bbox 2911 1403 3271 1473; x_wconf 87' lang='lat' dir='ltr'><strong>relinquimus</strong></span> <span class='ocrx_word' id='word_1_220' title='bbox 3293 1407 3535 1474; x_wconf 88' lang='lat' dir='ltr'><strong>ipsorum</strong></span> 
     </span>
    </p>
   </div>
   <div class='ocr_carea' id='block_1_30' title="bbox 1963 1492 3536 1566">
    <p class='ocr_par' dir='ltr' id='par_1_30' title="bbox 1963 1492 3536 1566">
     <span class='ocr_line' id='line_1_30' title="bbox 1963 1492 3536 1566; baseline 0.004 -21"><span class='ocrx_word' id='word_1_221' title='bbox 1963 1492 2203 1546; x_wconf 88' lang='lat' dir='ltr'><strong>libertati</strong></span> <span class='ocrx_word' id='word_1_222' title='bbox 2233 1494 2409 1548; x_wconf 87' lang='lat' dir='ltr'><strong>lacere</strong></span> <span class='ocrx_word' id='word_1_223' title='bbox 2436 1504 2494 1548; x_wconf 92' lang='lat' dir='ltr'><strong>ut</strong></span> <span class='ocrx_word' id='word_1_224' title='bbox 2516 1494 2725 1558; x_wconf 87' lang='lat' dir='ltr'><strong>volunt,</strong></span> <span class='ocrx_word' id='word_1_225' title='bbox 2764 1494 3001 1551; x_wconf 85' lang='lat' dir='ltr'><strong>scientes</strong></span> <span class='ocrx_word' id='word_1_226' title='bbox 3031 1494 3177 1565; x_wconf 89' lang='lat' dir='ltr'><strong>quod</strong></span> <span class='ocrx_word' id='word_1_227' title='bbox 3212 1497 3306 1566; x_wconf 90' lang='lat' dir='ltr'><strong>qui</strong></span> <span class='ocrx_word' id='word_1_228' title='bbox 3347 1512 3536 1551; x_wconf 89' lang='lat' dir='ltr'><strong>curam</strong></span> 
     </span>
    </p>
   </div>
   <div class='ocr_carea' id='block_1_31' title="bbox 1966 1584 3539 1656">
    <p class='ocr_par' dir='ltr' id='par_1_31' title="bbox 1966 1584 3539 1656">
     <span class='ocr_line' id='line_1_31' title="bbox 1966 1584 3539 1656; baseline 0.002 -17"><span class='ocrx_word' id='word_1_229' title='bbox 1966 1584 2103 1655; x_wconf 81' lang='lat' dir='ltr'><strong>gerit</strong></span> <span class='ocrx_word' id='word_1_230' title='bbox 2132 1584 2326 1640; x_wconf 91' lang='lat' dir='ltr'><strong>salutis</strong></span> <span class='ocrx_word' id='word_1_231' title='bbox 2353 1600 2487 1649; x_wconf 66' lang='lat' dir='ltr'><strong>suae,</strong></span> <span class='ocrx_word' id='word_1_232' title='bbox 2543 1586 2589 1639; x_wconf 91' lang='lat' dir='ltr'><strong>si</strong></span> <span class='ocrx_word' id='word_1_233' title='bbox 2636 1586 2691 1639; x_wconf 91' lang='lat' dir='ltr'><strong>in</strong></span> <span class='ocrx_word' id='word_1_234' title='bbox 2730 1594 2885 1655; x_wconf 88' lang='lat' dir='ltr'><strong>parte</strong></span> <span class='ocrx_word' id='word_1_235' title='bbox 2929 1587 3112 1656; x_wconf 90' lang='lat' dir='ltr'><strong>aliqua</strong></span> <span class='ocrx_word' id='word_1_236' title='bbox 3154 1588 3317 1643; x_wconf 90' lang='lat' dir='ltr'><strong>sentit</strong></span> <span class='ocrx_word' id='word_1_237' title='bbox 3344 1590 3539 1642; x_wconf 76' lang='lat' dir='ltr'><strong>animae</strong></span> 
     </span>
    </p>
   </div>
   <div class='ocr_carea' id='block_1_32' title="bbox 1968 1675 3541 1750">
    <p class='ocr_par' dir='ltr' id='par_1_32' title="bbox 1968 1675 3541 1750">
     <span class='ocr_line' id='line_1_32' title="bbox 1968 1675 3541 1750; baseline 0.003 -20"><span class='ocrx_word' id='word_1_238' title='bbox 1968 1690 2082 1730; x_wconf 67' lang='lat' dir='ltr'><strong>sua:</strong></span> <span class='ocrx_word' id='word_1_239' title='bbox 2116 1675 2357 1731; x_wconf 88' lang='lat' dir='ltr'><strong>dolorem</strong></span> <span class='ocrx_word' id='word_1_240' title='bbox 2376 1716 2393 1741; x_wconf 91' lang='lat'><strong>,</strong></span> <span class='ocrx_word' id='word_1_241' title='bbox 2424 1686 2607 1731; x_wconf 89' lang='lat' dir='ltr'><strong>tacere</strong></span> <span class='ocrx_word' id='word_1_242' title='bbox 2634 1693 2744 1732; x_wconf 93' lang='lat' dir='ltr'><strong>non</strong></span> <span class='ocrx_word' id='word_1_243' title='bbox 2775 1678 3000 1748; x_wconf 90' lang='lat' dir='ltr'><strong>patitur.</strong></span> <span class='ocrx_word' id='word_1_244' title='bbox 3028 1677 3131 1744; x_wconf 88' lang='lat' dir='ltr'><strong>Qui</strong></span> <span class='ocrx_word' id='word_1_245' title='bbox 3163 1695 3289 1734; x_wconf 90' lang='lat' dir='ltr'><strong>vero</strong></span> <span class='ocrx_word' id='word_1_246' title='bbox 3315 1680 3541 1750; x_wconf 83' lang='lat' dir='ltr'><strong>negligit</strong></span> 
     </span>
    </p>
   </div>
   <div class='ocr_carea' id='block_1_33' title="bbox 267 1769 1873 1855">
    <p class='ocr_par' dir='ltr' id='par_1_33' title="bbox 267 1784 1867 1855">
     <span class='ocr_line' id='line_1_33' title="bbox 267 1784 1867 1855; baseline 0 -16"><span class='ocrx_word' id='word_1_247' title='bbox 267 1785 515 1855; x_wconf 89' lang='lat' dir='ltr'><strong>quimur</strong></span> <span class='ocrx_word' id='word_1_248' title='bbox 545 1786 687 1841; x_wconf 89' lang='lat' dir='ltr'><strong>inter</strong></span> <span class='ocrx_word' id='word_1_249' title='bbox 710 1800 809 1841; x_wconf 92' lang='lat' dir='ltr'><strong>nos</strong></span> <span class='ocrx_word' id='word_1_250' title='bbox 831 1826 845 1848; x_wconf 96' lang='lat'><strong>,</strong></span> <span class='ocrx_word' id='word_1_251' title='bbox 871 1785 958 1840; x_wconf 90' lang='lat' dir='ltr'><strong>ille</strong></span> <span class='ocrx_word' id='word_1_252' title='bbox 988 1785 1311 1841; x_wconf 87' lang='lat' dir='ltr'><strong>instruetur.</strong></span> <span class='ocrx_word' id='word_1_253' title='bbox 1350 1784 1453 1838; x_wconf 89' lang='lat' dir='ltr'><strong>Sed</strong></span> <span class='ocrx_word' id='word_1_254' title='bbox 1484 1792 1662 1839; x_wconf 89' lang='lat' dir='ltr'><strong>tamen</strong></span> <span class='ocrx_word' id='word_1_255' title='bbox 1692 1785 1867 1855; x_wconf 90' lang='lat' dir='ltr'><strong>primo</strong></span> 
     </span>
    </p>
   </div>
   <div class='ocr_carea' id='block_1_34' title="bbox 1976 1769 3538 1855">
    <p class='ocr_par' dir='ltr' id='par_1_34' title="bbox 1976 1769 3538 1841">
     <span class='ocr_line' id='line_1_34' title="bbox 1976 1769 3538 1841; baseline 0.003 -18"><span class='ocrx_word' id='word_1_256' title='bbox 1976 1769 2203 1824; x_wconf 85' lang='lat' dir='ltr'><strong>salutem</strong></span> <span class='ocrx_word' id='word_1_257' title='bbox 2234 1784 2413 1835; x_wconf 84' lang='lat' dir='ltr'><strong>suam,</strong></span> <span class='ocrx_word' id='word_1_258' title='bbox 2448 1772 2495 1827; x_wconf 90' lang='lat' dir='ltr'><strong>si</strong></span> <span class='ocrx_word' id='word_1_259' title='bbox 2540 1771 2877 1840; x_wconf 84' lang='lat' dir='ltr'><strong>interrogare</strong></span> <span class='ocrx_word' id='word_1_260' title='bbox 2907 1780 3152 1841; x_wconf 82' lang='lat' dir='ltr'><strong>cogatur,</strong></span> <span class='ocrx_word' id='word_1_261' title='bbox 3184 1772 3321 1826; x_wconf 91' lang='lat' dir='ltr'><strong>nihil</strong></span> <span class='ocrx_word' id='word_1_262' title='bbox 3347 1790 3412 1827; x_wconf 88' lang='lat' dir='ltr'><strong>ex</strong></span> <span class='ocrx_word' id='word_1_263' title='bbox 3436 1773 3538 1828; x_wconf 84' lang='lat' dir='ltr'><strong>hoc</strong></span> 
     </span>
    </p>
   </div>
   <div class='ocr_carea' id='block_1_35' title="bbox 270 1877 1865 1949">
    <p class='ocr_par' dir='ltr' id='par_1_35' title="bbox 270 1877 1865 1949">
     <span class='ocr_line' id='line_1_35' title="bbox 270 1877 1865 1949; baseline 0.001 -18"><span class='ocrx_word' id='word_1_264' title='bbox 270 1877 562 1947; x_wconf 90' lang='lat' dir='ltr'><strong>quiescite</strong></span> <span class='ocrx_word' id='word_1_265' title='bbox 584 1917 599 1941; x_wconf 95' lang='lat'><strong>,</strong></span> <span class='ocrx_word' id='word_1_266' title='bbox 633 1889 693 1931; x_wconf 92' lang='lat' dir='ltr'><strong>ut</strong></span> <span class='ocrx_word' id='word_1_267' title='bbox 721 1878 768 1933; x_wconf 91' lang='lat' dir='ltr'><strong>si</strong></span> <span class='ocrx_word' id='word_1_268' title='bbox 800 1877 939 1934; x_wconf 88' lang='lat' dir='ltr'><strong>forte</strong></span> <span class='ocrx_word' id='word_1_269' title='bbox 970 1880 1085 1949; x_wconf 87' lang='lat' dir='ltr'><strong>ipse</strong></span> <span class='ocrx_word' id='word_1_270' title='bbox 1117 1878 1365 1933; x_wconf 89' lang='lat' dir='ltr'><strong>videatur</strong></span> <span class='ocrx_word' id='word_1_271' title='bbox 1394 1879 1600 1949; x_wconf 89' lang='lat' dir='ltr'><strong>aliquid</strong></span> <span class='ocrx_word' id='word_1_272' title='bbox 1632 1879 1865 1933; x_wconf 87' lang='lat' dir='ltr'><strong>interro-</strong></span> 
     </span>
    </p>
   </div>
   <div class='ocr_carea' id='block_1_36' title="bbox 272 1969 1866 2041">
    <p class='ocr_par' dir='ltr' id='par_1_36' title="bbox 272 1969 1866 2041">
     <span class='ocr_line' id='line_1_36' title="bbox 272 1969 1866 2041; baseline 0.001 -18"><span class='ocrx_word' id='word_1_273' title='bbox 272 1985 417 2041; x_wconf 88' lang='lat' dir='ltr'><strong>gare</strong></span> <span class='ocrx_word' id='word_1_274' title='bbox 448 1988 465 2038; x_wconf 89' lang='lat'><strong>;</strong></span> <span class='ocrx_word' id='word_1_275' title='bbox 499 1970 646 2039; x_wconf 92' lang='lat' dir='ltr'><strong>quod</strong></span> <span class='ocrx_word' id='word_1_276' title='bbox 676 1970 722 2025; x_wconf 91' lang='lat' dir='ltr'><strong>si</strong></span> <span class='ocrx_word' id='word_1_277' title='bbox 757 1969 977 2034; x_wconf 82' lang='lat' dir='ltr'><strong>fecerit,</strong></span> <span class='ocrx_word' id='word_1_278' title='bbox 1028 1971 1207 2041; x_wconf 86' lang='lat' dir='ltr'><strong>aptior</strong></span> <span class='ocrx_word' id='word_1_279' title='bbox 1247 1970 1353 2025; x_wconf 90' lang='lat' dir='ltr'><strong>erit</strong></span> <span class='ocrx_word' id='word_1_280' title='bbox 1391 1970 1664 2026; x_wconf 87' lang='lat' dir='ltr'><strong>sermonis</strong></span> <span class='ocrx_word' id='word_1_281' title='bbox 1702 1986 1866 2025; x_wconf 90' lang='lat' dir='ltr'><strong>occa-</strong></span> 
     </span>
    </p>
   </div>
   <div class='ocr_carea' id='block_1_37' title="bbox 274 2062 1863 2133">
    <p class='ocr_par' dir='ltr' id='par_1_37' title="bbox 274 2062 1863 2133">
     <span class='ocr_line' id='line_1_37' title="bbox 274 2062 1863 2133; baseline -0.001 -16"><span class='ocrx_word' id='word_1_282' title='bbox 274 2062 406 2130; x_wconf 85' lang='lat' dir='ltr'><strong>sio;</strong></span> <span class='ocrx_word' id='word_1_283' title='bbox 446 2063 498 2117; x_wconf 93' lang='lat' dir='ltr'><strong>si</strong></span> <span class='ocrx_word' id='word_1_284' title='bbox 532 2078 661 2117; x_wconf 90' lang='lat' dir='ltr'><strong>vero</strong></span> <span class='ocrx_word' id='word_1_285' title='bbox 700 2062 819 2133; x_wconf 90' lang='lat' dir='ltr'><strong>ipse</strong></span> <span class='ocrx_word' id='word_1_286' title='bbox 859 2063 997 2116; x_wconf 82' lang='lat' dir='ltr'><strong>nihil</strong></span> <span class='ocrx_word' id='word_1_287' title='bbox 1036 2062 1262 2133; x_wconf 67' lang='lat' dir='ltr'><strong>quierit,</strong></span> <span class='ocrx_word' id='word_1_288' title='bbox 1311 2079 1413 2119; x_wconf 91' lang='lat' dir='ltr'><strong>nos</strong></span> <span class='ocrx_word' id='word_1_289' title='bbox 1458 2062 1526 2117; x_wconf 86' lang='lat' dir='ltr'><strong>ab</strong></span> <span class='ocrx_word' id='word_1_290' title='bbox 1569 2063 1863 2130; x_wconf 88' lang='lat' dir='ltr'><strong>alterutro,</strong></span> 
     </span>
    </p>
   </div>
   <div class='ocr_carea' id='block_1_38' title="bbox 276 2154 1869 2226">
    <p class='ocr_par' dir='ltr' id='par_1_38' title="bbox 276 2154 1869 2226">
     <span class='ocr_line' id='line_1_38' title="bbox 276 2154 1869 2226; baseline -0.003 -13"><span class='ocrx_word' id='word_1_291' title='bbox 276 2155 439 2213; x_wconf 89' lang='lat' dir='ltr'><strong>sicut</strong></span> <span class='ocrx_word' id='word_1_292' title='bbox 484 2155 626 2218; x_wconf 86' lang='lat' dir='ltr'><strong>dixi,</strong></span> <span class='ocrx_word' id='word_1_293' title='bbox 671 2154 884 2211; x_wconf 89' lang='lat' dir='ltr'><strong>discere</strong></span> <span class='ocrx_word' id='word_1_294' title='bbox 934 2156 1138 2226; x_wconf 87' lang='lat' dir='ltr'><strong>aliquid</strong></span> <span class='ocrx_word' id='word_1_295' title='bbox 1188 2157 1432 2211; x_wconf 88' lang='lat' dir='ltr'><strong>volentes</strong></span> <span class='ocrx_word' id='word_1_296' title='bbox 1487 2170 1742 2225; x_wconf 83' lang='lat' dir='ltr'><strong>rogemus</strong></span> <span class='ocrx_word' id='word_1_297' title='bbox 1788 2155 1869 2209; x_wconf 85' lang='lat' dir='ltr'><strong>vi-</strong></span> 
     </span>
    </p>
   </div>
   <div class='ocr_carea' id='block_1_39' title="bbox 275 2246 1868 2320">
    <p class='ocr_par' dir='ltr' id='par_1_39' title="bbox 275 2246 1868 2320">
     <span class='ocr_line' id='line_1_39' title="bbox 275 2246 1868 2320; baseline -0.001 -19"><span class='ocrx_word' id='word_1_298' title='bbox 275 2247 507 2303; x_wconf 89' lang='lat' dir='ltr'><strong>cissim.</strong></span> <span class='ocrx_word' id='word_1_299' title='bbox 552 2246 683 2302; x_wconf 81' lang='lat' dir='ltr'><strong>Mihi</strong></span> <span class='ocrx_word' id='word_1_300' title='bbox 728 2248 801 2303; x_wconf 89' lang='lat' dir='ltr'><strong>ita</strong></span> <span class='ocrx_word' id='word_1_301' title='bbox 840 2247 1076 2314; x_wconf 88' lang='lat' dir='ltr'><strong>videtur,</strong></span> <span class='ocrx_word' id='word_1_302' title='bbox 1104 2248 1271 2303; x_wconf 89' lang='lat' dir='ltr'><strong>etiam</strong></span> <span class='ocrx_word' id='word_1_303' title='bbox 1306 2248 1461 2304; x_wconf 86' lang='lat' dir='ltr'><strong>vobis</strong></span> <span class='ocrx_word' id='word_1_304' title='bbox 1490 2247 1620 2319; x_wconf 82' lang='lat' dir='ltr'><strong>quid</strong></span> <span class='ocrx_word' id='word_1_305' title='bbox 1655 2248 1868 2320; x_wconf 82' lang='lat' dir='ltr'><strong>placeat</strong></span> 
     </span>
    </p>
   </div>
   <div class='ocr_carea' id='block_1_40' title="bbox 278 2336 489 2394">
    <p class='ocr_par' dir='ltr' id='par_1_40' title="bbox 278 2336 489 2394">
     <span class='ocr_line' id='line_1_40' title="bbox 278 2336 489 2394; baseline 0.014 -3"><span class='ocrx_word' id='word_1_306' title='bbox 278 2336 489 2394; x_wconf 68' lang='lat' dir='ltr'><strong>dicite.</strong></span> 
     </span>
    </p>
   </div>
   <div class='ocr_carea' id='block_1_41' title="bbox 357 2428 1871 2501">
    <p class='ocr_par' dir='ltr' id='par_1_41' title="bbox 357 2428 1871 2501">
     <span class='ocr_line' id='line_1_41' title="bbox 357 2428 1871 2501; baseline 0.001 -18"><span class='ocrx_word' id='word_1_307' title='bbox 357 2430 457 2487; x_wconf 88' lang='lat' dir='ltr'><strong>lll.</strong></span> <span class='ocrx_word' id='word_1_308' title='bbox 496 2428 747 2501; x_wconf 90' lang='lat' dir='ltr'><strong>Cumque</strong></span> <span class='ocrx_word' id='word_1_309' title='bbox 799 2430 1268 2487; x_wconf 89' lang='lat' dir='ltr'><strong>collaudassemus</strong></span> <span class='ocrx_word' id='word_1_310' title='bbox 1308 2431 1426 2501; x_wconf 82' lang='lat' dir='ltr'><strong>eius</strong></span> <span class='ocrx_word' id='word_1_311' title='bbox 1475 2439 1685 2488; x_wconf 88' lang='lat' dir='ltr'><strong>rectum</strong></span> <span class='ocrx_word' id='word_1_312' title='bbox 1737 2446 1871 2485; x_wconf 89' lang='lat' dir='ltr'><strong>con-</strong></span> 
     </span>
    </p>
   </div>
   <div class='ocr_carea' id='block_1_42' title="bbox 284 2522 1871 2596">
    <p class='ocr_par' dir='ltr' id='par_1_42' title="bbox 284 2522 1871 2596">
     <span class='ocr_line' id='line_1_42' title="bbox 284 2522 1871 2596; baseline 0.002 -20"><span class='ocrx_word' id='word_1_313' title='bbox 284 2522 485 2576; x_wconf 84' lang='lat' dir='ltr'><strong>silium</strong></span> <span class='ocrx_word' id='word_1_314' title='bbox 511 2562 524 2586; x_wconf 91' lang='lat'><strong>,</strong></span> <span class='ocrx_word' id='word_1_315' title='bbox 557 2539 660 2593; x_wconf 88' lang='lat' dir='ltr'><strong>ego</strong></span> <span class='ocrx_word' id='word_1_316' title='bbox 692 2522 946 2579; x_wconf 88' lang='lat' dir='ltr'><strong>Clemens</strong></span> <span class='ocrx_word' id='word_1_317' title='bbox 985 2524 1073 2577; x_wconf 89' lang='lat' dir='ltr'><strong>aio</strong></span> <span class='ocrx_word' id='word_1_318' title='bbox 1105 2543 1116 2578; x_wconf 95' lang='lat'><strong>:</strong></span> <span class='ocrx_word' id='word_1_319' title='bbox 1161 2523 1220 2579; x_wconf 86' lang='lat' dir='ltr'><strong>ln</strong></span> <span class='ocrx_word' id='word_1_320' title='bbox 1258 2524 1513 2579; x_wconf 91' lang='lat' dir='ltr'><strong>omnibus</strong></span> <span class='ocrx_word' id='word_1_321' title='bbox 1548 2525 1713 2580; x_wconf 91' lang='lat' dir='ltr'><strong>rebus</strong></span> <span class='ocrx_word' id='word_1_322' title='bbox 1751 2525 1871 2596; x_wconf 90' lang='lat' dir='ltr'><strong>plu-</strong></span> 
     </span>
    </p>
   </div>
   <div class='ocr_carea' id='block_1_43' title="bbox 282 2613 1873 2687">
    <p class='ocr_par' dir='ltr' id='par_1_43' title="bbox 282 2613 1873 2687">
     <span class='ocr_line' id='line_1_43' title="bbox 282 2613 1873 2687; baseline 0.003 -21"><span class='ocrx_word' id='word_1_323' title='bbox 282 2613 436 2666; x_wconf 88' lang='lat' dir='ltr'><strong>rima</strong></span> <span class='ocrx_word' id='word_1_324' title='bbox 471 2629 538 2668; x_wconf 86' lang='lat' dir='ltr'><strong>ex</strong></span> <span class='ocrx_word' id='word_1_325' title='bbox 570 2624 724 2685; x_wconf 90' lang='lat' dir='ltr'><strong>parte</strong></span> <span class='ocrx_word' id='word_1_326' title='bbox 755 2614 823 2669; x_wconf 89' lang='lat' dir='ltr'><strong>ad</strong></span> <span class='ocrx_word' id='word_1_327' title='bbox 856 2616 1072 2671; x_wconf 92' lang='lat' dir='ltr'><strong>initium</strong></span> <span class='ocrx_word' id='word_1_328' title='bbox 1103 2617 1331 2687; x_wconf 86' lang='lat' dir='ltr'><strong>respicit</strong></span> <span class='ocrx_word' id='word_1_329' title='bbox 1365 2616 1491 2673; x_wconf 88' lang='lat' dir='ltr'><strong>linis</strong></span> <span class='ocrx_word' id='word_1_330' title='bbox 1514 2658 1527 2683; x_wconf 93' lang='lat'><strong>,</strong></span> <span class='ocrx_word' id='word_1_331' title='bbox 1561 2617 1873 2687; x_wconf 89' lang='lat' dir='ltr'><strong>similisque</strong></span> 
     </span>
    </p>
   </div>
   <div class='ocr_carea' id='block_1_44' title="bbox 284 2704 1872 2781">
    <p class='ocr_par' dir='ltr' id='par_1_44' title="bbox 284 2704 1872 2781">
     <span class='ocr_line' id='line_1_44' title="bbox 284 2704 1872 2781; baseline 0.004 -23"><span class='ocrx_word' id='word_1_332' title='bbox 284 2704 589 2776; x_wconf 89' lang='lat' dir='ltr'><strong>principiis</strong></span> <span class='ocrx_word' id='word_1_333' title='bbox 632 2723 815 2763; x_wconf 89' lang='lat' dir='ltr'><strong>rerum</strong></span> <span class='ocrx_word' id='word_1_334' title='bbox 868 2710 1049 2765; x_wconf 78' lang='lat' dir='ltr'><strong>exitus</strong></span> <span class='ocrx_word' id='word_1_335' title='bbox 1090 2709 1290 2775; x_wconf 89' lang='lat' dir='ltr'><strong>datur;</strong></span> <span class='ocrx_word' id='word_1_336' title='bbox 1347 2725 1509 2781; x_wconf 90' lang='lat' dir='ltr'><strong>spero</strong></span> <span class='ocrx_word' id='word_1_337' title='bbox 1551 2725 1682 2780; x_wconf 86' lang='lat' dir='ltr'><strong>ergo</strong></span> <span class='ocrx_word' id='word_1_338' title='bbox 1709 2711 1872 2766; x_wconf 90' lang='lat' dir='ltr'><strong>etiam</strong></span> 
     </span>
    </p>
   </div>
   <div class='ocr_carea' id='block_1_45' title="bbox 287 2798 1873 2871">
    <p class='ocr_par' dir='ltr' id='par_1_45' title="bbox 287 2798 1873 2871">
     <span class='ocr_line' id='line_1_45' title="bbox 287 2798 1873 2871; baseline 0.004 -21"><span class='ocrx_word' id='word_1_339' title='bbox 287 2798 453 2852; x_wconf 85' lang='lat' dir='ltr'><strong>circa</strong></span> <span class='ocrx_word' id='word_1_340' title='bbox 485 2810 692 2868; x_wconf 88' lang='lat' dir='ltr'><strong>patrem</strong></span> <span class='ocrx_word' id='word_1_341' title='bbox 729 2807 978 2854; x_wconf 90' lang='lat' dir='ltr'><strong>nostrum</strong></span> <span class='ocrx_word' id='word_1_342' title='bbox 1007 2842 1021 2863; x_wconf 89' lang='lat'><strong>,</strong></span> <span class='ocrx_word' id='word_1_343' title='bbox 1057 2803 1317 2871; x_wconf 90' lang='lat' dir='ltr'><strong>quoniam</strong></span> <span class='ocrx_word' id='word_1_344' title='bbox 1349 2816 1447 2871; x_wconf 91' lang='lat' dir='ltr'><strong>per</strong></span> <span class='ocrx_word' id='word_1_345' title='bbox 1477 2811 1528 2855; x_wconf 94' lang='lat' dir='ltr'><strong>te</strong></span> <span class='ocrx_word' id='word_1_346' title='bbox 1556 2800 1701 2857; x_wconf 90' lang='lat' dir='ltr'><strong>Deus</strong></span> <span class='ocrx_word' id='word_1_347' title='bbox 1730 2803 1873 2857; x_wconf 88' lang='lat' dir='ltr'><strong>bona</strong></span> 
     </span>
    </p>
   </div>
   <div class='ocr_carea' id='block_1_46' title="bbox 290 2889 1877 2967">
    <p class='ocr_par' dir='ltr' id='par_1_46' title="bbox 290 2889 1877 2967">
     <span class='ocr_line' id='line_1_46' title="bbox 290 2889 1877 2967; baseline 0.004 -24"><span class='ocrx_word' id='word_1_348' title='bbox 290 2889 462 2944; x_wconf 85' lang='lat' dir='ltr'><strong>initia</strong></span> <span class='ocrx_word' id='word_1_349' title='bbox 501 2890 690 2957; x_wconf 87' lang='lat' dir='ltr'><strong>dedit,</strong></span> <span class='ocrx_word' id='word_1_350' title='bbox 722 2891 808 2947; x_wconf 89' lang='lat' dir='ltr'><strong>his</strong></span> <span class='ocrx_word' id='word_1_351' title='bbox 840 2907 1139 2964; x_wconf 86' lang='lat' dir='ltr'><strong>congruum</strong></span> <span class='ocrx_word' id='word_1_352' title='bbox 1170 2909 1335 2963; x_wconf 90' lang='lat' dir='ltr'><strong>seque</strong></span> <span class='ocrx_word' id='word_1_353' title='bbox 1362 2894 1585 2964; x_wconf 89' lang='lat' dir='ltr'><strong>dignum</strong></span> <span class='ocrx_word' id='word_1_354' title='bbox 1612 2895 1877 2967; x_wconf 79' lang='lat' dir='ltr'><strong>largietur</strong></span> 
     </span>
    </p>
   </div>
   <div class='ocr_carea' id='block_1_47' title="bbox 289 2980 1878 3058">
    <p class='ocr_par' dir='ltr' id='par_1_47' title="bbox 289 2980 1878 3058">
     <span class='ocr_line' id='line_1_47' title="bbox 289 2980 1878 3058; baseline 0.006 -23"><span class='ocrx_word' id='word_1_355' title='bbox 289 2988 345 3035; x_wconf 89' lang='lat' dir='ltr'><strong>et</strong></span> <span class='ocrx_word' id='word_1_356' title='bbox 374 2980 560 3038; x_wconf 79' lang='lat' dir='ltr'><strong>ﬁnem.</strong></span> <span class='ocrx_word' id='word_1_357' title='bbox 586 2981 968 3041; x_wconf 84' lang='lat' dir='ltr'><strong>Verumtamen</strong></span> <span class='ocrx_word' id='word_1_358' title='bbox 992 2986 1156 3040; x_wconf 90' lang='lat' dir='ltr'><strong>etiam</strong></span> <span class='ocrx_word' id='word_1_359' title='bbox 1182 2987 1315 3041; x_wconf 89' lang='lat' dir='ltr'><strong>illud</strong></span> <span class='ocrx_word' id='word_1_360' title='bbox 1344 3004 1598 3058; x_wconf 80' lang='lat' dir='ltr'><strong>suggero,</strong></span> <span class='ocrx_word' id='word_1_361' title='bbox 1616 2990 1685 3054; x_wconf 90' lang='lat' dir='ltr'><strong>si,</strong></span> <span class='ocrx_word' id='word_1_362' title='bbox 1711 2997 1769 3044; x_wconf 92' lang='lat' dir='ltr'><strong>ut</strong></span> <span class='ocrx_word' id='word_1_363' title='bbox 1792 2990 1878 3045; x_wconf 91' lang='lat' dir='ltr'><strong>di-</strong></span> 
     </span>
    </p>
   </div>
   <div class='ocr_carea' id='block_1_48' title="bbox 288 3069 1875 3148">
    <p class='ocr_par' dir='ltr' id='par_1_48' title="bbox 288 3069 1875 3148">
     <span class='ocr_line' id='line_1_48' title="bbox 288 3069 1875 3148; baseline 0.008 -25"><span class='ocrx_word' id='word_1_364' title='bbox 288 3069 465 3138; x_wconf 85' lang='lat' dir='ltr'><strong>xisti,</strong></span> <span class='ocrx_word' id='word_1_365' title='bbox 497 3075 855 3143; x_wconf 63' lang='lat' dir='ltr'><strong>coeperimus,</strong></span> <span class='ocrx_word' id='word_1_366' title='bbox 890 3085 1157 3144; x_wconf 67' lang='lat' dir='ltr'><strong>praesente</strong></span> <span class='ocrx_word' id='word_1_367' title='bbox 1192 3086 1379 3146; x_wconf 88' lang='lat' dir='ltr'><strong>patre,</strong></span> <span class='ocrx_word' id='word_1_368' title='bbox 1413 3080 1570 3148; x_wconf 85' lang='lat' dir='ltr'><strong>quasi</strong></span> <span class='ocrx_word' id='word_1_369' title='bbox 1600 3079 1744 3133; x_wconf 89' lang='lat' dir='ltr'><strong>inter</strong></span> <span class='ocrx_word' id='word_1_370' title='bbox 1773 3096 1875 3136; x_wconf 90' lang='lat' dir='ltr'><strong>nos</strong></span> 
     </span>
    </p>
   </div>
   <div class='ocr_carea' id='block_1_49' title="bbox 1967 1862 3541 1932">
    <p class='ocr_par' dir='ltr' id='par_1_49' title="bbox 1967 1862 3541 1932">
     <span class='ocr_line' id='line_1_49' title="bbox 1967 1862 3541 1932; baseline 0.003 -16"><span class='ocrx_word' id='word_1_371' title='bbox 1967 1862 2187 1917; x_wconf 88' lang='lat' dir='ltr'><strong>utilitati</strong></span> <span class='ocrx_word' id='word_1_372' title='bbox 2211 1863 2330 1932; x_wconf 86' lang='lat' dir='ltr'><strong>ejus</strong></span> <span class='ocrx_word' id='word_1_373' title='bbox 2361 1862 2665 1928; x_wconf 83' lang='lat' dir='ltr'><strong>confertur,</strong></span> <span class='ocrx_word' id='word_1_374' title='bbox 2688 1863 2793 1917; x_wconf 91' lang='lat' dir='ltr'><strong>nisi</strong></span> <span class='ocrx_word' id='word_1_375' title='bbox 2823 1862 2925 1916; x_wconf 89' lang='lat' dir='ltr'><strong>hoc</strong></span> <span class='ocrx_word' id='word_1_376' title='bbox 2951 1862 3234 1932; x_wconf 38' lang='lat' dir='ltr'><strong>solum,.ut</strong></span> <span class='ocrx_word' id='word_1_377' title='bbox 3259 1865 3541 1920; x_wconf 75' lang='lat' dir='ltr'><strong>studiosus</strong></span> 
     </span>
    </p>
   </div>
   <div class='ocr_carea' id='block_1_50' title="bbox 1967 1954 3540 2029">
    <p class='ocr_par' dir='ltr' id='par_1_50' title="bbox 1967 1954 3540 2029">
     <span class='ocr_line' id='line_1_50' title="bbox 1967 1954 3540 2029; baseline 0.002 -20"><span class='ocrx_word' id='word_1_378' title='bbox 1967 1969 2091 2010; x_wconf 89' lang='lat' dir='ltr'><strong>esse</strong></span> <span class='ocrx_word' id='word_1_379' title='bbox 2141 1954 2394 2010; x_wconf 88' lang='lat' dir='ltr'><strong>videatur</strong></span> <span class='ocrx_word' id='word_1_380' title='bbox 2427 1963 2481 2010; x_wconf 89' lang='lat' dir='ltr'><strong>et</strong></span> <span class='ocrx_word' id='word_1_381' title='bbox 2533 1955 2785 2026; x_wconf 85' lang='lat' dir='ltr'><strong>diligens.</strong></span> <span class='ocrx_word' id='word_1_382' title='bbox 2817 1956 3179 2022; x_wconf 85' lang='lat' dir='ltr'><strong>Quamobrem</strong></span> <span class='ocrx_word' id='word_1_383' title='bbox 3220 1964 3279 2011; x_wconf 92' lang='lat' dir='ltr'><strong>tu</strong></span> <span class='ocrx_word' id='word_1_384' title='bbox 3324 1957 3371 2013; x_wconf 87' lang='lat' dir='ltr'><strong>si</strong></span> <span class='ocrx_word' id='word_1_385' title='bbox 3407 1956 3540 2029; x_wconf 87' lang='lat' dir='ltr'><strong>quid</strong></span> 
     </span>
    </p>
   </div>
   <div class='ocr_carea' id='block_1_51' title="bbox 1968 2047 2582 2119">
    <p class='ocr_par' dir='ltr' id='par_1_51' title="bbox 1968 2047 2582 2119">
     <span class='ocr_line' id='line_1_51' title="bbox 1968 2047 2582 2119; baseline 0.002 -15"><span class='ocrx_word' id='word_1_386' title='bbox 1968 2047 2182 2104; x_wconf 88' lang='lat' dir='ltr'><strong>discere</strong></span> <span class='ocrx_word' id='word_1_387' title='bbox 2209 2048 2314 2114; x_wconf 84' lang='lat' dir='ltr'><strong>vis,</strong></span> <span class='ocrx_word' id='word_1_388' title='bbox 2346 2048 2582 2119; x_wconf 89' lang='lat' dir='ltr'><strong>require.</strong></span> 
     </span>
    </p>
   </div>
   <div class='ocr_carea' id='block_1_52' title="bbox 2038 2139 3543 2215">
    <p class='ocr_par' dir='ltr' id='par_1_52' title="bbox 2038 2139 3543 2215">
     <span class='ocr_line' id='line_1_52' title="bbox 2038 2139 3543 2215; baseline 0.005 -20"><span class='ocrx_word' id='word_1_389' title='bbox 2038 2139 2104 2197; x_wconf 72' lang='grc' dir='ltr'><strong>ν.</strong></span> <span class='ocrx_word' id='word_1_390' title='bbox 2140 2140 2204 2194; x_wconf 82' lang='lat' dir='ltr'><strong>Et</strong></span> <span class='ocrx_word' id='word_1_391' title='bbox 2230 2157 2395 2196; x_wconf 87' lang='lat' dir='ltr'><strong>senex</strong></span> <span class='ocrx_word' id='word_1_392' title='bbox 2432 2142 2505 2195; x_wconf 90' lang='lat' dir='ltr'><strong>ait</strong></span> <span class='ocrx_word' id='word_1_393' title='bbox 2538 2157 2550 2192; x_wconf 91' lang='lat'><strong>:</strong></span> <span class='ocrx_word' id='word_1_394' title='bbox 2585 2140 2677 2194; x_wconf 78' lang='lat' dir='ltr'><strong>Est</strong></span> <span class='ocrx_word' id='word_1_395' title='bbox 2705 2141 2927 2212; x_wconf 88' lang='lat' dir='ltr'><strong>quidam</strong></span> <span class='ocrx_word' id='word_1_396' title='bbox 2954 2159 3135 2200; x_wconf 88' lang='lat' dir='ltr'><strong>sermo</strong></span> <span class='ocrx_word' id='word_1_397' title='bbox 3158 2144 3299 2215; x_wconf 89' lang='lat' dir='ltr'><strong>apud</strong></span> <span class='ocrx_word' id='word_1_398' title='bbox 3324 2143 3543 2202; x_wconf 67' lang='lat' dir='ltr'><strong>Graeco-</strong></span> 
     </span>
    </p>
   </div>
   <div class='ocr_carea' id='block_1_53' title="bbox 1971 2234 3541 2309">
    <p class='ocr_par' dir='ltr' id='par_1_53' title="bbox 1971 2234 3541 2309">
     <span class='ocr_line' id='line_1_53' title="bbox 1971 2234 3541 2309; baseline 0.004 -22"><span class='ocrx_word' id='word_1_399' title='bbox 1971 2249 2090 2287; x_wconf 92' lang='lat' dir='ltr'><strong>rum</strong></span> <span class='ocrx_word' id='word_1_400' title='bbox 2124 2234 2480 2304; x_wconf 89' lang='lat' dir='ltr'><strong>philosophos</strong></span> <span class='ocrx_word' id='word_1_401' title='bbox 2505 2234 2581 2305; x_wconf 81' lang='lat'><strong>(7)</strong></span> <span class='ocrx_word' id='word_1_402' title='bbox 2622 2236 2918 2291; x_wconf 88' lang='lat' dir='ltr'><strong>vehemens</strong></span> <span class='ocrx_word' id='word_1_403' title='bbox 2957 2237 3137 2301; x_wconf 84' lang='lat' dir='ltr'><strong>valde,</strong></span> <span class='ocrx_word' id='word_1_404' title='bbox 3171 2238 3266 2309; x_wconf 83' lang='lat' dir='ltr'><strong>qui</strong></span> <span class='ocrx_word' id='word_1_405' title='bbox 3297 2238 3453 2306; x_wconf 89' lang='lat' dir='ltr'><strong>dicit,</strong></span> <span class='ocrx_word' id='word_1_406' title='bbox 3487 2241 3541 2295; x_wconf 91' lang='lat' dir='ltr'><strong>in</strong></span> 
     </span>
    </p>
   </div>
   <div class='ocr_carea' id='block_1_54' title="bbox 1969 2328 3542 2400">
    <p class='ocr_par' dir='ltr' id='par_1_54' title="bbox 1969 2328 3542 2400">
     <span class='ocr_line' id='line_1_54' title="bbox 1969 2328 3542 2400; baseline 0.002 -16"><span class='ocrx_word' id='word_1_407' title='bbox 1969 2328 2081 2384; x_wconf 86' lang='lat' dir='ltr'><strong>vita</strong></span> <span class='ocrx_word' id='word_1_408' title='bbox 2121 2328 2404 2383; x_wconf 89' lang='lat' dir='ltr'><strong>hominum</strong></span> <span class='ocrx_word' id='word_1_409' title='bbox 2455 2345 2512 2383; x_wconf 90' lang='lat' dir='ltr'><strong>re</strong></span> <span class='ocrx_word' id='word_1_410' title='bbox 2556 2329 2675 2399; x_wconf 88' lang='lat' dir='ltr'><strong>ipsa</strong></span> <span class='ocrx_word' id='word_1_411' title='bbox 2704 2345 2882 2400; x_wconf 92' lang='lat' dir='ltr'><strong>neque</strong></span> <span class='ocrx_word' id='word_1_412' title='bbox 2924 2330 3127 2385; x_wconf 88' lang='lat' dir='ltr'><strong>bonum</strong></span> <span class='ocrx_word' id='word_1_413' title='bbox 3162 2347 3287 2388; x_wconf 89' lang='lat' dir='ltr'><strong>esse</strong></span> <span class='ocrx_word' id='word_1_414' title='bbox 3312 2333 3542 2399; x_wconf 81' lang='lat' dir='ltr'><strong>aliquid,</strong></span> 
     </span>
    </p>
   </div>
   <div class='ocr_carea' id='block_1_55' title="bbox 1971 2421 3547 2493">
    <p class='ocr_par' dir='ltr' id='par_1_55' title="bbox 1971 2421 3547 2493">
     <span class='ocr_line' id='line_1_55' title="bbox 1971 2421 3547 2493; baseline 0.003 -16"><span class='ocrx_word' id='word_1_415' title='bbox 1971 2437 2149 2493; x_wconf 90' lang='lat' dir='ltr'><strong>neque</strong></span> <span class='ocrx_word' id='word_1_416' title='bbox 2180 2423 2418 2489; x_wconf 88' lang='lat' dir='ltr'><strong>malum;</strong></span> <span class='ocrx_word' id='word_1_417' title='bbox 2450 2421 2545 2477; x_wconf 83' lang='lat' dir='ltr'><strong>sed</strong></span> <span class='ocrx_word' id='word_1_418' title='bbox 2576 2438 2697 2493; x_wconf 83' lang='lat' dir='ltr'><strong>quae</strong></span> <span class='ocrx_word' id='word_1_419' title='bbox 2732 2423 2989 2478; x_wconf 86' lang='lat' dir='ltr'><strong>videntur</strong></span> <span class='ocrx_word' id='word_1_420' title='bbox 3021 2424 3335 2480; x_wconf 87' lang='lat' dir='ltr'><strong>hominibus</strong></span> <span class='ocrx_word' id='word_1_421' title='bbox 3361 2442 3465 2481; x_wconf 91' lang='lat' dir='ltr'><strong>usu</strong></span> <span class='ocrx_word' id='word_1_422' title='bbox 3493 2434 3547 2481; x_wconf 92' lang='lat' dir='ltr'><strong>et</strong></span> 
     </span>
    </p>
   </div>
   <div class='ocr_carea' id='block_1_56' title="bbox 1973 2514 3549 2585">
    <p class='ocr_par' dir='ltr' id='par_1_56' title="bbox 1973 2514 3549 2585">
     <span class='ocr_line' id='line_1_56' title="bbox 1973 2514 3549 2585; baseline 0.004 -16"><span class='ocrx_word' id='word_1_423' title='bbox 1973 2514 2372 2570; x_wconf 87' lang='lat' dir='ltr'><strong>consuetudine</strong></span> <span class='ocrx_word' id='word_1_424' title='bbox 2400 2516 2693 2585; x_wconf 71' lang='lat' dir='ltr'><strong>przcvcntis</strong></span> <span class='ocrx_word' id='word_1_425' title='bbox 2719 2517 2864 2582; x_wconf 66' lang='lat' dir='ltr'><strong>vitas,</strong></span> <span class='ocrx_word' id='word_1_426' title='bbox 2901 2517 3014 2572; x_wconf 65' lang='lat' dir='ltr'><strong>haec</strong></span> <span class='ocrx_word' id='word_1_427' title='bbox 3057 2526 3151 2571; x_wconf 89' lang='lat' dir='ltr'><strong>aut</strong></span> <span class='ocrx_word' id='word_1_428' title='bbox 3184 2520 3324 2573; x_wconf 88' lang='lat' dir='ltr'><strong>mala</strong></span> <span class='ocrx_word' id='word_1_429' title='bbox 3356 2520 3549 2575; x_wconf 86' lang='lat' dir='ltr'><strong>dicunt</strong></span> 
     </span>
    </p>
   </div>
   <div class='ocr_carea' id='block_1_57' title="bbox 1972 2606 3548 2677">
    <p class='ocr_par' dir='ltr' id='par_1_57' title="bbox 1972 2606 3548 2677">
     <span class='ocr_line' id='line_1_57' title="bbox 1972 2606 3548 2677; baseline 0.004 -16"><span class='ocrx_word' id='word_1_430' title='bbox 1972 2614 2067 2661; x_wconf 89' lang='lat' dir='ltr'><strong>aut</strong></span> <span class='ocrx_word' id='word_1_431' title='bbox 2110 2606 2270 2661; x_wconf 89' lang='lat' dir='ltr'><strong>bona.</strong></span> <span class='ocrx_word' id='word_1_432' title='bbox 2312 2606 2447 2661; x_wconf 88' lang='lat' dir='ltr'><strong>Nam</strong></span> <span class='ocrx_word' id='word_1_433' title='bbox 2492 2623 2667 2677; x_wconf 89' lang='lat' dir='ltr'><strong>neque</strong></span> <span class='ocrx_word' id='word_1_434' title='bbox 2709 2608 3063 2664; x_wconf 87' lang='lat' dir='ltr'><strong>homicidium</strong></span> <span class='ocrx_word' id='word_1_435' title='bbox 3105 2626 3296 2666; x_wconf 81' lang='lat' dir='ltr'><strong>revera</strong></span> <span class='ocrx_word' id='word_1_436' title='bbox 3343 2613 3548 2669; x_wconf 86' lang='lat' dir='ltr'><strong>malum</strong></span> 
     </span>
    </p>
   </div>
   <div class='ocr_carea' id='block_1_58' title="bbox 1973 2696 3548 2774">
    <p class='ocr_par' dir='ltr' id='par_1_58' title="bbox 1973 2696 3548 2774">
     <span class='ocr_line' id='line_1_58' title="bbox 1973 2696 3548 2774; baseline 0.004 -21"><span class='ocrx_word' id='word_1_437' title='bbox 1973 2704 2076 2761; x_wconf 89' lang='lat' dir='ltr'><strong>est,</strong></span> <span class='ocrx_word' id='word_1_438' title='bbox 2110 2696 2237 2767; x_wconf 90' lang='lat' dir='ltr'><strong>quia</strong></span> <span class='ocrx_word' id='word_1_439' title='bbox 2261 2698 2497 2750; x_wconf 89' lang='lat' dir='ltr'><strong>animam</strong></span> <span class='ocrx_word' id='word_1_440' title='bbox 2521 2698 2756 2754; x_wconf 85' lang='lat' dir='ltr'><strong>vinculis</strong></span> <span class='ocrx_word' id='word_1_441' title='bbox 2786 2701 2968 2755; x_wconf 88' lang='lat' dir='ltr'><strong>carnis</strong></span> <span class='ocrx_word' id='word_1_442' title='bbox 2999 2700 3267 2769; x_wconf 88' lang='lat' dir='ltr'><strong>absolvit;</strong></span> <span class='ocrx_word' id='word_1_443' title='bbox 3292 2703 3548 2774; x_wconf 88' lang='lat' dir='ltr'><strong>denique,</strong></span> 
     </span>
    </p>
   </div>
   <div class='ocr_carea' id='block_1_59' title="bbox 1975 2788 3549 2863">
    <p class='ocr_par' dir='ltr' id='par_1_59' title="bbox 1975 2788 3549 2863">
     <span class='ocr_line' id='line_1_59' title="bbox 1975 2788 3549 2863; baseline 0.006 -21"><span class='ocrx_word' id='word_1_444' title='bbox 1975 2789 2147 2853; x_wconf 91' lang='lat' dir='ltr'><strong>aiunt,</strong></span> <span class='ocrx_word' id='word_1_445' title='bbox 2181 2800 2235 2843; x_wconf 88' lang='lat' dir='ltr'><strong>et</strong></span> <span class='ocrx_word' id='word_1_446' title='bbox 2272 2788 2407 2857; x_wconf 90' lang='lat' dir='ltr'><strong>justi</strong></span> <span class='ocrx_word' id='word_1_447' title='bbox 2439 2788 2641 2860; x_wconf 89' lang='lat' dir='ltr'><strong>quique</strong></span> <span class='ocrx_word' id='word_1_448' title='bbox 2677 2789 2892 2859; x_wconf 87' lang='lat' dir='ltr'><strong>judices</strong></span> <span class='ocrx_word' id='word_1_449' title='bbox 2932 2800 3222 2861; x_wconf 84' lang='lat' dir='ltr'><strong>peccantes</strong></span> <span class='ocrx_word' id='word_1_450' title='bbox 3255 2794 3549 2863; x_wconf 80' lang='lat' dir='ltr'><strong>perimunt.</strong></span> 
     </span>
    </p>
   </div>
   <div class='ocr_carea' id='block_1_60' title="bbox 1974 2878 3552 2951">
    <p class='ocr_par' dir='ltr' id='par_1_60' title="bbox 1974 2878 3552 2951">
     <span class='ocr_line' id='line_1_60' title="bbox 1974 2878 3552 2951; baseline 0.005 -17"><span class='ocrx_word' id='word_1_451' title='bbox 1974 2878 2132 2948; x_wconf 88' lang='lat' dir='ltr'><strong>Quod</strong></span> <span class='ocrx_word' id='word_1_452' title='bbox 2165 2880 2211 2935; x_wconf 89' lang='lat' dir='ltr'><strong>si</strong></span> <span class='ocrx_word' id='word_1_453' title='bbox 2238 2880 2595 2935; x_wconf 85' lang='lat' dir='ltr'><strong>homicidium</strong></span> <span class='ocrx_word' id='word_1_454' title='bbox 2629 2883 2835 2937; x_wconf 90' lang='lat' dir='ltr'><strong>scirent</strong></span> <span class='ocrx_word' id='word_1_455' title='bbox 2871 2885 3075 2938; x_wconf 89' lang='lat' dir='ltr'><strong>malum</strong></span> <span class='ocrx_word' id='word_1_456' title='bbox 3115 2900 3269 2951; x_wconf 90' lang='lat' dir='ltr'><strong>esse,</strong></span> <span class='ocrx_word' id='word_1_457' title='bbox 3300 2902 3412 2941; x_wconf 90' lang='lat' dir='ltr'><strong>non</strong></span> <span class='ocrx_word' id='word_1_458' title='bbox 3442 2889 3552 2942; x_wconf 88' lang='lat' dir='ltr'><strong>uti-</strong></span> 
     </span>
    </p>
   </div>
   <div class='ocr_carea' id='block_1_61' title="bbox 1974 2971 3550 3063">
    <p class='ocr_par' dir='ltr' id='par_1_61' title="bbox 1974 2971 3550 3063">
     <span class='ocr_line' id='line_1_61' title="bbox 1974 2971 3550 3063; baseline 0.006 -38"><span class='ocrx_word' id='word_1_459' title='bbox 1974 2987 2081 3042; x_wconf 87' lang='lat' dir='ltr'><strong>que</strong></span> <span class='ocrx_word' id='word_1_460' title='bbox 2124 2971 2179 3025; x_wconf 92' lang='lat' dir='ltr'><strong>id</strong></span> <span class='ocrx_word' id='word_1_461' title='bbox 2218 2971 2356 3041; x_wconf 88' lang='lat' dir='ltr'><strong>justi</strong></span> <span class='ocrx_word' id='word_1_462' title='bbox 2389 2972 2641 3029; x_wconf 90' lang='lat' dir='ltr'><strong>homines</strong></span> <span class='ocrx_word' id='word_1_463' title='bbox 2684 2972 2946 3030; x_wconf 91' lang='lat' dir='ltr'><strong>facerent.</strong></span> <span class='ocrx_word' id='word_1_464' title='bbox 2986 2975 3172 3047; x_wconf 84' lang='lat' dir='ltr'><strong>Neque</strong></span> <span class='ocrx_word' id='word_1_465' title='bbox 3220 2978 3550 3063; x_wconf 56' lang='lat' dir='ltr'><strong>adultegium</strong></span> 
     </span>
    </p>
   </div>
   <div class='ocr_carea' id='block_1_62' title="bbox 1977 3066 3553 3140">
    <p class='ocr_par' dir='ltr' id='par_1_62' title="bbox 1977 3066 3553 3140">
     <span class='ocr_line' id='line_1_62' title="bbox 1977 3066 3553 3140; baseline 0.007 -22"><span class='ocrx_word' id='word_1_466' title='bbox 1977 3066 2183 3119; x_wconf 90' lang='lat' dir='ltr'><strong>malum</strong></span> <span class='ocrx_word' id='word_1_467' title='bbox 2207 3080 2329 3121; x_wconf 88' lang='lat' dir='ltr'><strong>esse</strong></span> <span class='ocrx_word' id='word_1_468' title='bbox 2355 3066 2546 3120; x_wconf 89' lang='lat' dir='ltr'><strong>dicunt</strong></span> <span class='ocrx_word' id='word_1_469' title='bbox 2571 3085 2583 3121; x_wconf 88' lang='lat'><strong>:</strong></span> <span class='ocrx_word' id='word_1_470' title='bbox 2614 3068 2661 3121; x_wconf 91' lang='lat' dir='ltr'><strong>si</strong></span> <span class='ocrx_word' id='word_1_471' title='bbox 2684 3068 2828 3122; x_wconf 92' lang='lat' dir='ltr'><strong>enim</strong></span> <span class='ocrx_word' id='word_1_472' title='bbox 2859 3068 3071 3140; x_wconf 86' lang='lat' dir='ltr'><strong>ignoret</strong></span> <span class='ocrx_word' id='word_1_473' title='bbox 3086 3071 3170 3126; x_wconf 79' lang='lat' dir='ltr'><strong>vir</strong></span> <span class='ocrx_word' id='word_1_474' title='bbox 3194 3081 3288 3127; x_wconf 88' lang='lat' dir='ltr'><strong>aut</strong></span> <span class='ocrx_word' id='word_1_475' title='bbox 3320 3088 3430 3128; x_wconf 84' lang='lat' dir='ltr'><strong>non</strong></span> <span class='ocrx_word' id='word_1_476' title='bbox 3455 3089 3553 3128; x_wconf 89' lang='lat' dir='ltr'><strong>cu-</strong></span> 
     </span>
    </p>
   </div>
   <div class='ocr_carea' id='block_1_63' title="bbox 291 3146 3555 3242">
    <p class='ocr_par' dir='ltr' id='par_1_63' title="bbox 291 3146 3555 3242">
     <span class='ocr_line' id='line_1_63' title="bbox 291 3146 3555 3242; baseline 0.006 -28"><span class='ocrx_word' id='word_1_477' title='bbox 291 3162 512 3232; x_wconf 89' lang='lat' dir='ltr'><strong>aliquid</strong></span> <span class='ocrx_word' id='word_1_478' title='bbox 546 3164 815 3220; x_wconf 89' lang='lat' dir='ltr'><strong>tractandi</strong></span> <span class='ocrx_word' id='word_1_479' title='bbox 848 3166 932 3221; x_wconf 90' lang='lat' dir='ltr'><strong>vel</strong></span> <span class='ocrx_word' id='word_1_480' title='bbox 968 3168 1211 3223; x_wconf 83' lang='lat' dir='ltr'><strong>discendi</strong></span> <span class='ocrx_word' id='word_1_481' title='bbox 1250 3146 1445 3239; x_wconf 63' lang='lat' dir='ltr'><strong>gratia</strong></span> <span class='ocrx_word' id='word_1_482' title='bbox 1463 3171 1608 3242; x_wconf 90' lang='lat' dir='ltr'><strong>loqui</strong></span> <span class='ocrx_word' id='word_1_483' title='bbox 1635 3212 1652 3235; x_wconf 94' lang='lat'><strong>,</strong></span> <span class='ocrx_word' id='word_1_484' title='bbox 1702 3179 1758 3227; x_wconf 92' lang='lat' dir='ltr'><strong>tu</strong></span> <span class='ocrx_word' id='word_1_485' title='bbox 1800 3176 1873 3229; x_wconf 87' lang='lat' dir='ltr'><strong>mi</strong></span> <span class='ocrx_word' id='word_1_486' title='bbox 1902 3146 1948 3210; x_wconf 62' lang='grc' dir='ltr'>ϐ</span> <span class='ocrx_word' id='word_1_487' title='bbox 1980 3165 2086 3221; x_wconf 61' lang='lat' dir='ltr'><strong>Telo</strong></span> <span class='ocrx_word' id='word_1_488' title='bbox 2116 3158 2277 3222; x_wconf 64' lang='lat' dir='ltr'><strong>nihil»</strong></span> <span class='ocrx_word' id='word_1_489' title='bbox 2312 3158 2485 3222; x_wconf 58' lang='lat' dir='ltr'><strong>“ium:</strong></span> <span class='ocrx_word' id='word_1_490' title='bbox 2520 3158 2649 3212; x_wconf 63' lang='lat' dir='ltr'><strong>m3“</strong></span> <span class='ocrx_word' id='word_1_491' title='bbox 2682 3170 2787 3215; x_wconf 63' lang='grc' dir='ltr'><strong>δεῖ·</strong></span> <span class='ocrx_word' id='word_1_492' title='bbox 2829 3158 2934 3215; x_wconf 68' lang='lat' dir='ltr'><strong>sed</strong></span> <span class='ocrx_word' id='word_1_493' title='bbox 2973 3178 3152 3233; x_wconf 74' lang='grc' dir='ltr'><strong>ιιθίιυε</strong></span> <span class='ocrx_word' id='word_1_494' title='bbox 3188 3162 3394 3218; x_wconf 53' lang='lat' dir='ltr'><strong>{unum</strong></span> <span class='ocrx_word' id='word_1_495' title='bbox 3438 3181 3555 3221; x_wconf 64' lang='grc' dir='ltr'><strong>τπδ’</strong></span> 
     </span>
    </p>
   </div>
   <div class='ocr_carea' id='block_1_64' title="bbox 292 3253 1877 3336">
    <p class='ocr_par' dir='ltr' id='par_1_64' title="bbox 292 3253 1877 3336">
     <span class='ocr_line' id='line_1_64' title="bbox 292 3253 1877 3336; baseline 0.009 -27"><span class='ocrx_word' id='word_1_496' title='bbox 292 3253 527 3311; x_wconf 90' lang='lat' dir='ltr'><strong>domine</strong></span> <span class='ocrx_word' id='word_1_497' title='bbox 559 3256 721 3313; x_wconf 86' lang='lat' dir='ltr'><strong>Petre</strong></span> <span class='ocrx_word' id='word_1_498' title='bbox 742 3298 757 3323; x_wconf 94' lang='lat'><strong>,</strong></span> <span class='ocrx_word' id='word_1_499' title='bbox 790 3274 898 3313; x_wconf 91' lang='lat' dir='ltr'><strong>non</strong></span> <span class='ocrx_word' id='word_1_500' title='bbox 938 3259 1107 3315; x_wconf 89' lang='lat' dir='ltr'><strong>debes</strong></span> <span class='ocrx_word' id='word_1_501' title='bbox 1131 3277 1254 3316; x_wconf 91' lang='lat' dir='ltr'><strong>eum</strong></span> <span class='ocrx_word' id='word_1_502' title='bbox 1284 3262 1462 3317; x_wconf 84' lang='lat' dir='ltr'><strong>locum</strong></span> <span class='ocrx_word' id='word_1_503' title='bbox 1493 3280 1688 3335; x_wconf 87' lang='lat' dir='ltr'><strong>agere,</strong></span> <span class='ocrx_word' id='word_1_504' title='bbox 1717 3271 1877 3336; x_wconf 86' lang='lat' dir='ltr'><strong>quasi</strong></span> 
     </span>
    </p>
   </div>
   <div class='ocr_carea' id='block_1_65' title="bbox 294 3344 1879 3421">
    <p class='ocr_par' dir='ltr' id='par_1_65' title="bbox 294 3344 1879 3421">
     <span class='ocr_line' id='line_1_65' title="bbox 294 3344 1879 3421; baseline 0.008 -25"><span class='ocrx_word' id='word_1_505' title='bbox 294 3345 395 3414; x_wconf 90' lang='lat' dir='ltr'><strong>qui</strong></span> <span class='ocrx_word' id='word_1_506' title='bbox 419 3344 634 3401; x_wconf 89' lang='lat' dir='ltr'><strong>discere</strong></span> <span class='ocrx_word' id='word_1_507' title='bbox 659 3347 863 3417; x_wconf 87' lang='lat' dir='ltr'><strong>aliquid</strong></span> <span class='ocrx_word' id='word_1_508' title='bbox 887 3348 1089 3405; x_wconf 89' lang='lat' dir='ltr'><strong>debeas</strong></span> <span class='ocrx_word' id='word_1_509' title='bbox 1112 3369 1128 3418; x_wconf 88' lang='lat'><strong>;</strong></span> <span class='ocrx_word' id='word_1_510' title='bbox 1150 3351 1254 3404; x_wconf 85' lang='lat' dir='ltr'><strong>hoc</strong></span> <span class='ocrx_word' id='word_1_511' title='bbox 1275 3352 1419 3407; x_wconf 91' lang='lat' dir='ltr'><strong>enim</strong></span> <span class='ocrx_word' id='word_1_512' title='bbox 1446 3354 1492 3408; x_wconf 91' lang='lat' dir='ltr'><strong>si</strong></span> <span class='ocrx_word' id='word_1_513' title='bbox 1518 3354 1732 3421; x_wconf 91' lang='lat' dir='ltr'><strong>videat,</strong></span> <span class='ocrx_word' id='word_1_514' title='bbox 1765 3355 1879 3412; x_wconf 86' lang='lat' dir='ltr'><strong>for-</strong></span> 
     </span>
    </p>
   </div>
   <div class='ocr_carea' id='block_1_66' title="bbox 294 3438 1879 3509">
    <p class='ocr_par' dir='ltr' id='par_1_66' title="bbox 294 3438 1879 3509">
     <span class='ocr_line' id='line_1_66' title="bbox 294 3438 1879 3509; baseline 0.007 -17"><span class='ocrx_word' id='word_1_515' title='bbox 294 3446 452 3494; x_wconf 90' lang='lat' dir='ltr'><strong>tasse</strong></span> <span class='ocrx_word' id='word_1_516' title='bbox 483 3438 658 3509; x_wconf 86' lang='lat' dir='ltr'><strong>magis</strong></span> <span class='ocrx_word' id='word_1_517' title='bbox 693 3440 999 3496; x_wconf 80' lang='lat' dir='ltr'><strong>oll‘endetur</strong></span> <span class='ocrx_word' id='word_1_518' title='bbox 1024 3484 1039 3508; x_wconf 92' lang='lat'><strong>,</strong></span> <span class='ocrx_word' id='word_1_519' title='bbox 1084 3452 1269 3500; x_wconf 89' lang='lat' dir='ltr'><strong>certus</strong></span> <span class='ocrx_word' id='word_1_520' title='bbox 1305 3453 1389 3501; x_wconf 90' lang='lat' dir='ltr'><strong>est</strong></span> <span class='ocrx_word' id='word_1_521' title='bbox 1427 3447 1571 3501; x_wconf 91' lang='lat' dir='ltr'><strong>enim</strong></span> <span class='ocrx_word' id='word_1_522' title='bbox 1608 3455 1661 3501; x_wconf 92' lang='lat' dir='ltr'><strong>te</strong></span> <span class='ocrx_word' id='word_1_523' title='bbox 1699 3450 1879 3503; x_wconf 84' lang='lat' dir='ltr'><strong>omnia</strong></span> 
     </span>
    </p>
   </div>
   <div class='ocr_carea' id='block_1_67' title="bbox 296 3532 1878 3610">
    <p class='ocr_par' dir='ltr' id='par_1_67' title="bbox 296 3532 1878 3610">
     <span class='ocr_line' id='line_1_67' title="bbox 296 3532 1878 3610; baseline 0.006 -24"><span class='ocrx_word' id='word_1_524' title='bbox 296 3532 450 3588; x_wconf 89' lang='lat' dir='ltr'><strong>scire</strong></span> <span class='ocrx_word' id='word_1_525' title='bbox 479 3532 788 3603; x_wconf 81' lang='lat' dir='ltr'><strong>diligenter,</strong></span> <span class='ocrx_word' id='word_1_526' title='bbox 822 3536 968 3590; x_wconf 90' lang='lat' dir='ltr'><strong>sicut</strong></span> <span class='ocrx_word' id='word_1_527' title='bbox 999 3544 1052 3591; x_wconf 90' lang='lat' dir='ltr'><strong>et</strong></span> <span class='ocrx_word' id='word_1_528' title='bbox 1083 3553 1211 3592; x_wconf 91' lang='lat' dir='ltr'><strong>vere</strong></span> <span class='ocrx_word' id='word_1_529' title='bbox 1236 3547 1340 3594; x_wconf 89' lang='lat' dir='ltr'><strong>est.</strong></span> <span class='ocrx_word' id='word_1_530' title='bbox 1374 3538 1543 3605; x_wconf 90' lang='lat' dir='ltr'><strong>Quale</strong></span> <span class='ocrx_word' id='word_1_531' title='bbox 1578 3555 1709 3610; x_wconf 87' lang='lat' dir='ltr'><strong>ergo</strong></span> <span class='ocrx_word' id='word_1_532' title='bbox 1739 3541 1878 3608; x_wconf 89' lang='lat' dir='ltr'><strong>erit,</strong></span> 
     </span>
    </p>
   </div>
   <div class='ocr_carea' id='block_1_68' title="bbox 296 3625 1881 3697">
    <p class='ocr_par' dir='ltr' id='par_1_68' title="bbox 296 3625 1881 3697">
     <span class='ocr_line' id='line_1_68' title="bbox 296 3625 1881 3697; baseline 0.005 -18"><span class='ocrx_word' id='word_1_533' title='bbox 296 3625 347 3679; x_wconf 91' lang='lat' dir='ltr'><strong>si</strong></span> <span class='ocrx_word' id='word_1_534' title='bbox 378 3633 436 3680; x_wconf 92' lang='lat' dir='ltr'><strong>te</strong></span> <span class='ocrx_word' id='word_1_535' title='bbox 466 3625 649 3681; x_wconf 89' lang='lat' dir='ltr'><strong>videat</strong></span> <span class='ocrx_word' id='word_1_536' title='bbox 677 3628 1040 3697; x_wconf 87' lang='lat' dir='ltr'><strong>ignorantiam</strong></span> <span class='ocrx_word' id='word_1_537' title='bbox 1070 3630 1462 3687; x_wconf 87' lang='lat' dir='ltr'><strong>simulantem?</strong></span> <span class='ocrx_word' id='word_1_538' title='bbox 1491 3631 1605 3685; x_wconf 81' lang='lat' dir='ltr'><strong>Hoc</strong></span> <span class='ocrx_word' id='word_1_539' title='bbox 1632 3648 1793 3697; x_wconf 88' lang='lat' dir='ltr'><strong>eum,</strong></span> <span class='ocrx_word' id='word_1_540' title='bbox 1822 3642 1881 3687; x_wconf 93' lang='lat' dir='ltr'><strong>ut</strong></span> 
     </span>
    </p>
   </div>
   <div class='ocr_carea' id='block_1_69' title="bbox 297 3714 1881 3790">
    <p class='ocr_par' dir='ltr' id='par_1_69' title="bbox 297 3714 1881 3790">
     <span class='ocr_line' id='line_1_69' title="bbox 297 3714 1881 3790; baseline 0.004 -21"><span class='ocrx_word' id='word_1_541' title='bbox 297 3714 450 3780; x_wconf 86' lang='lat' dir='ltr'><strong>dixi,</strong></span> <span class='ocrx_word' id='word_1_542' title='bbox 500 3717 674 3789; x_wconf 88' lang='lat' dir='ltr'><strong>magis</strong></span> <span class='ocrx_word' id='word_1_543' title='bbox 721 3718 916 3774; x_wconf 67' lang='lat' dir='ltr'><strong>lzedere</strong></span> <span class='ocrx_word' id='word_1_544' title='bbox 949 3720 1179 3790; x_wconf 89' lang='lat' dir='ltr'><strong>poterit,</strong></span> <span class='ocrx_word' id='word_1_545' title='bbox 1218 3721 1556 3776; x_wconf 88' lang='lat' dir='ltr'><strong>nescientem</strong></span> <span class='ocrx_word' id='word_1_546' title='bbox 1591 3723 1881 3778; x_wconf 92' lang='lat' dir='ltr'><strong>consilium</strong></span> 
     </span>
    </p>
   </div>
   <div class='ocr_carea' id='block_1_70' title="bbox 295 3806 1880 3880">
    <p class='ocr_par' dir='ltr' id='par_1_70' title="bbox 295 3806 1880 3880">
     <span class='ocr_line' id='line_1_70' title="bbox 295 3806 1880 3880; baseline 0.004 -19"><span class='ocrx_word' id='word_1_547' title='bbox 295 3814 484 3863; x_wconf 89' lang='lat' dir='ltr'><strong>tuum.</strong></span> <span class='ocrx_word' id='word_1_548' title='bbox 514 3806 620 3864; x_wconf 90' lang='lat' dir='ltr'><strong>Sed</strong></span> <span class='ocrx_word' id='word_1_549' title='bbox 646 3826 743 3865; x_wconf 92' lang='lat' dir='ltr'><strong>nos</strong></span> <span class='ocrx_word' id='word_1_550' title='bbox 773 3810 993 3880; x_wconf 89' lang='lat' dir='ltr'><strong>quidem</strong></span> <span class='ocrx_word' id='word_1_551' title='bbox 1030 3811 1228 3869; x_wconf 83' lang='lat' dir='ltr'><strong>fratres</strong></span> <span class='ocrx_word' id='word_1_552' title='bbox 1258 3813 1399 3868; x_wconf 90' lang='lat' dir='ltr'><strong>inter</strong></span> <span class='ocrx_word' id='word_1_553' title='bbox 1435 3828 1538 3869; x_wconf 92' lang='lat' dir='ltr'><strong>nos</strong></span> <span class='ocrx_word' id='word_1_554' title='bbox 1569 3828 1880 3870; x_wconf 90' lang='lat' dir='ltr'><strong>sermonem</strong></span> 
     </span>
    </p>
   </div>
   <div class='ocr_carea' id='block_1_71' title="bbox 298 3901 1882 3978">
    <p class='ocr_par' dir='ltr' id='par_1_71' title="bbox 298 3901 1882 3978">
     <span class='ocr_line' id='line_1_71' title="bbox 298 3901 1882 3978; baseline 0.004 -23"><span class='ocrx_word' id='word_1_555' title='bbox 298 3901 607 3963; x_wconf 85' lang='lat' dir='ltr'><strong>habentes.</strong></span> <span class='ocrx_word' id='word_1_556' title='bbox 646 3903 691 3957; x_wconf 90' lang='lat' dir='ltr'><strong>si</strong></span> <span class='ocrx_word' id='word_1_557' title='bbox 723 3903 775 3957; x_wconf 92' lang='lat' dir='ltr'><strong>in</strong></span> <span class='ocrx_word' id='word_1_558' title='bbox 811 3906 995 3975; x_wconf 90' lang='lat' dir='ltr'><strong>aliquo</strong></span> <span class='ocrx_word' id='word_1_559' title='bbox 1034 3903 1383 3971; x_wconf 88' lang='lat' dir='ltr'><strong>dubitemus,</strong></span> <span class='ocrx_word' id='word_1_560' title='bbox 1421 3922 1453 3961; x_wconf 89' lang='lat' dir='ltr'><strong>a</strong></span> <span class='ocrx_word' id='word_1_561' title='bbox 1494 3915 1549 3963; x_wconf 88' lang='lat' dir='ltr'><strong>te</strong></span> <span class='ocrx_word' id='word_1_562' title='bbox 1592 3909 1882 3978; x_wconf 82' lang='lat' dir='ltr'><strong>quaestioni</strong></span> 
     </span>
    </p>
   </div>
   <div class='ocr_carea' id='block_1_72' title="bbox 299 3993 1884 4066">
    <p class='ocr_par' dir='ltr' id='par_1_72' title="bbox 299 3993 1884 4066">
     <span class='ocr_line' id='line_1_72' title="bbox 299 3993 1884 4066; baseline 0.004 -18"><span class='ocrx_word' id='word_1_563' title='bbox 299 4003 510 4050; x_wconf 79' lang='lat' dir='ltr'><strong>nostra:</strong></span> <span class='ocrx_word' id='word_1_564' title='bbox 562 3993 687 4050; x_wconf 82' lang='lat' dir='ltr'><strong>linis</strong></span> <span class='ocrx_word' id='word_1_565' title='bbox 734 4010 1010 4066; x_wconf 90' lang='lat' dir='ltr'><strong>congruus</strong></span> <span class='ocrx_word' id='word_1_566' title='bbox 1058 3997 1263 4065; x_wconf 88' lang='lat' dir='ltr'><strong>detur;</strong></span> <span class='ocrx_word' id='word_1_567' title='bbox 1295 4013 1421 4052; x_wconf 88' lang='lat' dir='ltr'><strong>nam</strong></span> <span class='ocrx_word' id='word_1_568' title='bbox 1461 4006 1516 4053; x_wconf 87' lang='lat' dir='ltr'><strong>et</strong></span> <span class='ocrx_word' id='word_1_569' title='bbox 1561 3999 1610 4053; x_wconf 89' lang='lat' dir='ltr'><strong>si</strong></span> <span class='ocrx_word' id='word_1_570' title='bbox 1655 4006 1708 4054; x_wconf 91' lang='lat' dir='ltr'><strong>te</strong></span> <span class='ocrx_word' id='word_1_571' title='bbox 1746 4015 1884 4054; x_wconf 87' lang='lat' dir='ltr'><strong>cun-</strong></span> 
     </span>
    </p>
   </div>
   <div class='ocr_carea' id='block_1_73' title="bbox 299 4085 1879 4161">
    <p class='ocr_par' dir='ltr' id='par_1_73' title="bbox 299 4085 1879 4161">
     <span class='ocr_line' id='line_1_73' title="bbox 299 4085 1879 4161; baseline 0.003 -21"><span class='ocrx_word' id='word_1_572' title='bbox 299 4092 549 4140; x_wconf 88' lang='lat' dir='ltr'><strong>ctantem</strong></span> <span class='ocrx_word' id='word_1_573' title='bbox 576 4085 755 4142; x_wconf 90' lang='lat' dir='ltr'><strong>videat</strong></span> <span class='ocrx_word' id='word_1_574' title='bbox 786 4094 878 4141; x_wconf 91' lang='lat' dir='ltr'><strong>aut</strong></span> <span class='ocrx_word' id='word_1_575' title='bbox 905 4086 1242 4144; x_wconf 89' lang='lat' dir='ltr'><strong>dubitantem</strong></span> <span class='ocrx_word' id='word_1_576' title='bbox 1268 4130 1283 4155; x_wconf 94' lang='lat'><strong>,</strong></span> <span class='ocrx_word' id='word_1_577' title='bbox 1319 4099 1449 4144; x_wconf 91' lang='lat' dir='ltr'><strong>tunc</strong></span> <span class='ocrx_word' id='word_1_578' title='bbox 1476 4105 1604 4146; x_wconf 85' lang='lat' dir='ltr'><strong>vere</strong></span> <span class='ocrx_word' id='word_1_579' title='bbox 1631 4090 1879 4161; x_wconf 87' lang='lat' dir='ltr'><strong>putabit,</strong></span> 
     </span>
    </p>
   </div>
   <div class='ocr_carea' id='block_1_74' title="bbox 299 4177 1575 4249">
    <p class='ocr_par' dir='ltr' id='par_1_74' title="bbox 299 4177 1575 4249">
     <span class='ocr_line' id='line_1_74' title="bbox 299 4177 1575 4249; baseline 0.005 -18"><span class='ocrx_word' id='word_1_580' title='bbox 299 4177 459 4246; x_wconf 82' lang='lat' dir='ltr'><strong>quod</strong></span> <span class='ocrx_word' id='word_1_581' title='bbox 492 4178 635 4249; x_wconf 90' lang='lat' dir='ltr'><strong>apud</strong></span> <span class='ocrx_word' id='word_1_582' title='bbox 667 4179 877 4234; x_wconf 91' lang='lat' dir='ltr'><strong>nullum</strong></span> <span class='ocrx_word' id='word_1_583' title='bbox 908 4180 1015 4236; x_wconf 91' lang='lat' dir='ltr'><strong>erit</strong></span> <span class='ocrx_word' id='word_1_584' title='bbox 1047 4182 1278 4237; x_wconf 87' lang='lat' dir='ltr'><strong>scientia</strong></span> <span class='ocrx_word' id='word_1_585' title='bbox 1307 4182 1575 4238; x_wconf 90' lang='lat' dir='ltr'><strong>veritatis.</strong></span> 
     </span>
    </p>
   </div>
   <div class='ocr_carea' id='block_1_75' title="bbox 370 4269 1882 4345">
    <p class='ocr_par' dir='ltr' id='par_1_75' title="bbox 370 4269 1882 4345">
     <span class='ocr_line' id='line_1_75' title="bbox 370 4269 1882 4345; baseline 0.001 -19"><span class='ocrx_word' id='word_1_586' title='bbox 370 4269 473 4326; x_wconf 75' lang='grc' dir='ltr'><strong>ιν.</strong></span> <span class='ocrx_word' id='word_1_587' title='bbox 524 4270 591 4324; x_wconf 83' lang='grc' dir='ltr'><strong>Ει</strong></span> <span class='ocrx_word' id='word_1_588' title='bbox 641 4271 836 4328; x_wconf 89' lang='lat' dir='ltr'><strong>Petrus</strong></span> <span class='ocrx_word' id='word_1_589' title='bbox 884 4272 951 4327; x_wconf 91' lang='lat' dir='ltr'><strong>ad</strong></span> <span class='ocrx_word' id='word_1_590' title='bbox 1001 4274 1117 4329; x_wconf 64' lang='lat' dir='ltr'><strong>haec</strong></span> <span class='ocrx_word' id='word_1_591' title='bbox 1173 4273 1503 4345; x_wconf 87' lang='lat' dir='ltr'><strong>respondit:</strong></span> <span class='ocrx_word' id='word_1_592' title='bbox 1551 4273 1882 4329; x_wconf 86' lang='lat' dir='ltr'><strong>Omittamus</strong></span> 
     </span>
    </p>
   </div>
   <div class='ocr_carea' id='block_1_76' title="bbox 299 4363 1881 4438">
    <p class='ocr_par' dir='ltr' id='par_1_76' title="bbox 299 4363 1881 4438">
     <span class='ocr_line' id='line_1_76' title="bbox 299 4363 1881 4438; baseline 0.001 -19"><span class='ocrx_word' id='word_1_593' title='bbox 299 4363 427 4419; x_wconf 78' lang='lat' dir='ltr'><strong>haec</strong></span> <span class='ocrx_word' id='word_1_594' title='bbox 449 4404 463 4428; x_wconf 93' lang='lat'><strong>,</strong></span> <span class='ocrx_word' id='word_1_595' title='bbox 493 4372 547 4420; x_wconf 91' lang='lat' dir='ltr'><strong>et</strong></span> <span class='ocrx_word' id='word_1_596' title='bbox 578 4364 625 4419; x_wconf 91' lang='lat' dir='ltr'><strong>si</strong></span> <span class='ocrx_word' id='word_1_597' title='bbox 654 4365 874 4437; x_wconf 89' lang='lat' dir='ltr'><strong>quidem</strong></span> <span class='ocrx_word' id='word_1_598' title='bbox 906 4364 1132 4436; x_wconf 90' lang='lat' dir='ltr'><strong>dignum</strong></span> <span class='ocrx_word' id='word_1_599' title='bbox 1188 4376 1273 4423; x_wconf 90' lang='lat' dir='ltr'><strong>est</strong></span> <span class='ocrx_word' id='word_1_600' title='bbox 1310 4375 1371 4421; x_wconf 91' lang='lat' dir='ltr'><strong>ut</strong></span> <span class='ocrx_word' id='word_1_601' title='bbox 1410 4367 1749 4438; x_wconf 82' lang='lat' dir='ltr'><strong>ingrediatur</strong></span> <span class='ocrx_word' id='word_1_602' title='bbox 1792 4366 1881 4437; x_wconf 89' lang='lat' dir='ltr'><strong>ja-</strong></span> 
     </span>
    </p>
   </div>
   <div class='ocr_carea' id='block_1_77' title="bbox 301 4456 1879 4532">
    <p class='ocr_par' dir='ltr' id='par_1_77' title="bbox 301 4456 1879 4532">
     <span class='ocr_line' id='line_1_77' title="bbox 301 4456 1879 4532; baseline 0.002 -20"><span class='ocrx_word' id='word_1_603' title='bbox 301 4471 476 4512; x_wconf 88' lang='lat' dir='ltr'><strong>nuam</strong></span> <span class='ocrx_word' id='word_1_604' title='bbox 506 4460 658 4522; x_wconf 79' lang='lat' dir='ltr'><strong>vitae,</strong></span> <span class='ocrx_word' id='word_1_605' title='bbox 695 4456 840 4514; x_wconf 87' lang='lat' dir='ltr'><strong>Deus</strong></span> <span class='ocrx_word' id='word_1_606' title='bbox 868 4460 1216 4515; x_wconf 89' lang='lat' dir='ltr'><strong>occasionem</strong></span> <span class='ocrx_word' id='word_1_607' title='bbox 1255 4469 1655 4532; x_wconf 89' lang='lat' dir='ltr'><strong>competentem</strong></span> <span class='ocrx_word' id='word_1_608' title='bbox 1691 4460 1879 4526; x_wconf 87' lang='lat' dir='ltr'><strong>dabit,</strong></span> 
     </span>
    </p>
   </div>
   <div class='ocr_carea' id='block_1_78' title="bbox 1981 3249 3555 3321">
    <p class='ocr_par' dir='ltr' id='par_1_78' title="bbox 1981 3249 3555 3321">
     <span class='ocr_line' id='line_1_78' title="bbox 1981 3249 3555 3321; baseline 0.006 -19"><span class='ocrx_word' id='word_1_609' title='bbox 1981 3249 2091 3303; x_wconf 93' lang='lat' dir='ltr'><strong>lum</strong></span> <span class='ocrx_word' id='word_1_610' title='bbox 2136 3264 2301 3305; x_wconf 86' lang='lat' dir='ltr'><strong>esse:</strong></span> <span class='ocrx_word' id='word_1_611' title='bbox 2335 3251 2483 3321; x_wconf 87' lang='lat' dir='ltr'><strong>quod</strong></span> <span class='ocrx_word' id='word_1_612' title='bbox 2511 3250 2657 3306; x_wconf 88' lang='lat' dir='ltr'><strong>enim</strong></span> <span class='ocrx_word' id='word_1_613' title='bbox 2702 3251 2853 3306; x_wconf 86' lang='lat' dir='ltr'><strong>deest</strong></span> <span class='ocrx_word' id='word_1_614' title='bbox 2892 3254 3079 3321; x_wconf 90' lang='lat' dir='ltr'><strong>alicui,</strong></span> <span class='ocrx_word' id='word_1_615' title='bbox 3129 3257 3307 3310; x_wconf 89' lang='lat' dir='ltr'><strong>aufert</strong></span> <span class='ocrx_word' id='word_1_616' title='bbox 3338 3257 3404 3312; x_wconf 81' lang='lat' dir='ltr'><strong>al:</strong></span> <span class='ocrx_word' id='word_1_617' title='bbox 3445 3259 3555 3312; x_wconf 91' lang='lat' dir='ltr'><strong>alio</strong></span> 
     </span>
    </p>
   </div>
   <div class='ocr_carea' id='block_1_79' title="bbox 1980 3342 3555 3415">
    <p class='ocr_par' dir='ltr' id='par_1_79' title="bbox 1980 3342 3555 3415">
     <span class='ocr_line' id='line_1_79' title="bbox 1980 3342 3555 3415; baseline 0.007 -20"><span class='ocrx_word' id='word_1_618' title='bbox 1980 3343 2073 3411; x_wconf 90' lang='lat' dir='ltr'><strong>qui</strong></span> <span class='ocrx_word' id='word_1_619' title='bbox 2123 3342 2317 3406; x_wconf 76' lang='lat' dir='ltr'><strong>habet,</strong></span> <span class='ocrx_word' id='word_1_620' title='bbox 2350 3343 2496 3413; x_wconf 88' lang='lat' dir='ltr'><strong>quod</strong></span> <span class='ocrx_word' id='word_1_621' title='bbox 2540 3343 2758 3414; x_wconf 92' lang='lat' dir='ltr'><strong>quidem</strong></span> <span class='ocrx_word' id='word_1_622' title='bbox 2799 3347 3084 3415; x_wconf 82' lang='lat' dir='ltr'><strong>oportebat</strong></span> <span class='ocrx_word' id='word_1_623' title='bbox 3123 3348 3292 3405; x_wconf 90' lang='lat' dir='ltr'><strong>libere</strong></span> <span class='ocrx_word' id='word_1_624' title='bbox 3324 3352 3464 3404; x_wconf 91' lang='lat' dir='ltr'><strong>sumi</strong></span> <span class='ocrx_word' id='word_1_625' title='bbox 3501 3359 3555 3406; x_wconf 85' lang='lat' dir='ltr'><strong>et</strong></span> 
     </span>
    </p>
   </div>
   <div class='ocr_carea' id='block_1_80' title="bbox 1980 3435 3555 3512">
    <p class='ocr_par' dir='ltr' id='par_1_80' title="bbox 1980 3435 3555 3512">
     <span class='ocr_line' id='line_1_80' title="bbox 1980 3435 3555 3512; baseline 0.006 -22"><span class='ocrx_word' id='word_1_626' title='bbox 1980 3435 2230 3508; x_wconf 87' lang='lat' dir='ltr'><strong>publice;</strong></span> <span class='ocrx_word' id='word_1_627' title='bbox 2265 3436 2361 3490; x_wconf 89' lang='lat' dir='ltr'><strong>sed</strong></span> <span class='ocrx_word' id='word_1_628' title='bbox 2391 3437 2520 3506; x_wconf 89' lang='lat' dir='ltr'><strong>quia</strong></span> <span class='ocrx_word' id='word_1_629' title='bbox 2552 3438 2767 3492; x_wconf 86' lang='lat' dir='ltr'><strong>occulte</strong></span> <span class='ocrx_word' id='word_1_630' title='bbox 2792 3438 2870 3501; x_wconf 87' lang='lat' dir='ltr'><strong>lit,</strong></span> <span class='ocrx_word' id='word_1_631' title='bbox 2904 3439 2958 3493; x_wconf 90' lang='lat' dir='ltr'><strong>in</strong></span> <span class='ocrx_word' id='word_1_632' title='bbox 2996 3440 3098 3494; x_wconf 90' lang='lat' dir='ltr'><strong>hoc</strong></span> <span class='ocrx_word' id='word_1_633' title='bbox 3140 3442 3315 3512; x_wconf 88' lang='lat' dir='ltr'><strong>magis</strong></span> <span class='ocrx_word' id='word_1_634' title='bbox 3348 3443 3493 3498; x_wconf 91' lang='lat' dir='ltr'><strong>illius</strong></span> <span class='ocrx_word' id='word_1_635' title='bbox 3523 3458 3555 3498; x_wconf 87' lang='lat' dir='ltr'><strong>a</strong></span> 
     </span>
    </p>
   </div>
   <div class='ocr_carea' id='block_1_81' title="bbox 1980 3529 3555 3602">
    <p class='ocr_par' dir='ltr' id='par_1_81' title="bbox 1980 3529 3555 3602">
     <span class='ocr_line' id='line_1_81' title="bbox 1980 3529 3555 3602; baseline 0.002 -18"><span class='ocrx_word' id='word_1_636' title='bbox 1980 3545 2090 3599; x_wconf 90' lang='lat' dir='ltr'><strong>quo</strong></span> <span class='ocrx_word' id='word_1_637' title='bbox 2120 3530 2258 3584; x_wconf 89' lang='lat' dir='ltr'><strong>clam</strong></span> <span class='ocrx_word' id='word_1_638' title='bbox 2295 3529 2541 3583; x_wconf 89' lang='lat' dir='ltr'><strong>aufertur</strong></span> <span class='ocrx_word' id='word_1_639' title='bbox 2574 3530 2949 3585; x_wconf 80' lang='lat' dir='ltr'><strong>inhumanitas</strong></span> <span class='ocrx_word' id='word_1_640' title='bbox 2986 3532 3354 3602; x_wconf 88' lang='lat' dir='ltr'><strong>redarguitur.</strong></span> <span class='ocrx_word' id='word_1_641' title='bbox 3391 3532 3555 3588; x_wconf 81' lang='lat' dir='ltr'><strong>Com-</strong></span> 
     </span>
    </p>
   </div>
   <div class='ocr_carea' id='block_1_82' title="bbox 1982 3623 3553 3694">
    <p class='ocr_par' dir='ltr' id='par_1_82' title="bbox 1982 3623 3553 3694">
     <span class='ocr_line' id='line_1_82' title="bbox 1982 3623 3553 3694; baseline 0.002 -16"><span class='ocrx_word' id='word_1_642' title='bbox 1982 3624 2167 3679; x_wconf 88' lang='lat' dir='ltr'><strong>munis</strong></span> <span class='ocrx_word' id='word_1_643' title='bbox 2198 3623 2344 3677; x_wconf 90' lang='lat' dir='ltr'><strong>enim</strong></span> <span class='ocrx_word' id='word_1_644' title='bbox 2378 3639 2509 3677; x_wconf 91' lang='lat' dir='ltr'><strong>usus</strong></span> <span class='ocrx_word' id='word_1_645' title='bbox 2540 3623 2783 3677; x_wconf 89' lang='lat' dir='ltr'><strong>omnium</strong></span> <span class='ocrx_word' id='word_1_646' title='bbox 2809 3639 2928 3692; x_wconf 71' lang='lat' dir='ltr'><strong>qua:</strong></span> <span class='ocrx_word' id='word_1_647' title='bbox 2955 3633 3084 3680; x_wconf 89' lang='lat' dir='ltr'><strong>sunt</strong></span> <span class='ocrx_word' id='word_1_648' title='bbox 3109 3626 3163 3680; x_wconf 90' lang='lat' dir='ltr'><strong>in</strong></span> <span class='ocrx_word' id='word_1_649' title='bbox 3193 3626 3297 3681; x_wconf 88' lang='lat' dir='ltr'><strong>hoc</strong></span> <span class='ocrx_word' id='word_1_650' title='bbox 3327 3628 3553 3694; x_wconf 92' lang='lat' dir='ltr'><strong>mundo,</strong></span> 
     </span>
    </p>
   </div>
   <div class='ocr_carea' id='block_1_83' title="bbox 1982 3715 3554 3789">
    <p class='ocr_par' dir='ltr' id='par_1_83' title="bbox 1982 3715 3554 3789">
     <span class='ocr_line' id='line_1_83' title="bbox 1982 3715 3554 3789; baseline 0.004 -21"><span class='ocrx_word' id='word_1_651' title='bbox 1982 3715 2235 3769; x_wconf 90' lang='lat' dir='ltr'><strong>omnibus</strong></span> <span class='ocrx_word' id='word_1_652' title='bbox 2257 3730 2379 3769; x_wconf 90' lang='lat' dir='ltr'><strong>esse</strong></span> <span class='ocrx_word' id='word_1_653' title='bbox 2405 3715 2715 3770; x_wconf 87' lang='lat' dir='ltr'><strong>hominibus</strong></span> <span class='ocrx_word' id='word_1_654' title='bbox 2737 3715 2955 3784; x_wconf 89' lang='lat' dir='ltr'><strong>debuit;</strong></span> <span class='ocrx_word' id='word_1_655' title='bbox 2979 3718 3073 3772; x_wconf 90' lang='lat' dir='ltr'><strong>sed</strong></span> <span class='ocrx_word' id='word_1_656' title='bbox 3096 3734 3192 3787; x_wconf 83' lang='lat' dir='ltr'><strong>per</strong></span> <span class='ocrx_word' id='word_1_657' title='bbox 3216 3720 3554 3789; x_wconf 82' lang='lat' dir='ltr'><strong>iniquitatem</strong></span> 
     </span>
    </p>
   </div>
   <div class='ocr_carea' id='block_1_84' title="bbox 1982 3807 3557 3877">
    <p class='ocr_par' dir='ltr' id='par_1_84' title="bbox 1982 3807 3557 3877">
     <span class='ocr_line' id='line_1_84' title="bbox 1982 3807 3557 3877; baseline 0.005 -17"><span class='ocrx_word' id='word_1_658' title='bbox 1982 3807 2122 3862; x_wconf 91' lang='lat' dir='ltr'><strong>alius</strong></span> <span class='ocrx_word' id='word_1_659' title='bbox 2151 3807 2253 3861; x_wconf 92' lang='lat' dir='ltr'><strong>hoc</strong></span> <span class='ocrx_word' id='word_1_660' title='bbox 2283 3823 2441 3862; x_wconf 91' lang='lat' dir='ltr'><strong>suum</strong></span> <span class='ocrx_word' id='word_1_661' title='bbox 2471 3808 2604 3862; x_wconf 83' lang='lat' dir='ltr'><strong>dicit</strong></span> <span class='ocrx_word' id='word_1_662' title='bbox 2630 3823 2778 3876; x_wconf 88' lang='lat' dir='ltr'><strong>esse,</strong></span> <span class='ocrx_word' id='word_1_663' title='bbox 2801 3818 2853 3862; x_wconf 90' lang='lat' dir='ltr'><strong>et</strong></span> <span class='ocrx_word' id='word_1_664' title='bbox 2875 3810 3014 3864; x_wconf 91' lang='lat' dir='ltr'><strong>alius</strong></span> <span class='ocrx_word' id='word_1_665' title='bbox 3041 3811 3195 3877; x_wconf 88' lang='lat' dir='ltr'><strong>illud,</strong></span> <span class='ocrx_word' id='word_1_666' title='bbox 3223 3820 3275 3867; x_wconf 89' lang='lat' dir='ltr'><strong>et</strong></span> <span class='ocrx_word' id='word_1_667' title='bbox 3304 3815 3383 3866; x_wconf 91' lang='lat' dir='ltr'><strong>sic</strong></span> <span class='ocrx_word' id='word_1_668' title='bbox 3416 3817 3557 3868; x_wconf 87' lang='lat' dir='ltr'><strong>inter</strong></span> 
     </span>
    </p>
   </div>
   <div class='ocr_carea' id='block_1_85' title="bbox 1986 3899 3557 3976">
    <p class='ocr_par' dir='ltr' id='par_1_85' title="bbox 1986 3899 3557 3976">
     <span class='ocr_line' id='line_1_85' title="bbox 1986 3899 3557 3976; baseline 0.004 -23"><span class='ocrx_word' id='word_1_669' title='bbox 1986 3900 2245 3955; x_wconf 87' lang='lat' dir='ltr'><strong>mortales</strong></span> <span class='ocrx_word' id='word_1_670' title='bbox 2274 3900 2476 3955; x_wconf 90' lang='lat' dir='ltr'><strong>divisio</strong></span> <span class='ocrx_word' id='word_1_671' title='bbox 2516 3899 2659 3955; x_wconf 91' lang='lat' dir='ltr'><strong>facta</strong></span> <span class='ocrx_word' id='word_1_672' title='bbox 2696 3908 2798 3959; x_wconf 82' lang='lat' dir='ltr'><strong>est.</strong></span> <span class='ocrx_word' id='word_1_673' title='bbox 2833 3900 3075 3972; x_wconf 87' lang='lat' dir='ltr'><strong>Denique</strong></span> <span class='ocrx_word' id='word_1_674' title='bbox 3107 3903 3417 3959; x_wconf 77' lang='lat' dir='ltr'><strong>Graecnrum</strong></span> <span class='ocrx_word' id='word_1_675' title='bbox 3442 3906 3557 3976; x_wconf 87' lang='lat' dir='ltr'><strong>qui—</strong></span> 
     </span>
    </p>
   </div>
   <div class='ocr_carea' id='block_1_86' title="bbox 1987 3994 3552 4067">
    <p class='ocr_par' dir='ltr' id='par_1_86' title="bbox 1987 3994 3552 4067">
     <span class='ocr_line' id='line_1_86' title="bbox 1987 3994 3552 4067; baseline 0.005 -19"><span class='ocrx_word' id='word_1_676' title='bbox 1987 3994 2111 4049; x_wconf 86' lang='lat' dir='ltr'><strong>dam</strong></span> <span class='ocrx_word' id='word_1_677' title='bbox 2167 3994 2610 4065; x_wconf 78' lang='lat' dir='ltr'><strong>sapientissimus</strong></span> <span class='ocrx_word' id='word_1_678' title='bbox 2655 3994 2731 4067; x_wconf 91' lang='lat'><strong>(8)</strong></span> <span class='ocrx_word' id='word_1_679' title='bbox 2777 3996 2891 4049; x_wconf 71' lang='lat' dir='ltr'><strong>hazc</strong></span> <span class='ocrx_word' id='word_1_680' title='bbox 2937 3997 3009 4050; x_wconf 89' lang='lat' dir='ltr'><strong>ita</strong></span> <span class='ocrx_word' id='word_1_681' title='bbox 3043 3998 3225 4054; x_wconf 90' lang='lat' dir='ltr'><strong>sciens</strong></span> <span class='ocrx_word' id='word_1_682' title='bbox 3264 4015 3421 4065; x_wconf 90' lang='lat' dir='ltr'><strong>esse,</strong></span> <span class='ocrx_word' id='word_1_683' title='bbox 3455 4002 3552 4065; x_wconf 89' lang='lat' dir='ltr'><strong>ait,</strong></span> 
     </span>
    </p>
   </div>
   <div class='ocr_carea' id='block_1_87' title="bbox 1985 4090 3557 4161">
    <p class='ocr_par' dir='ltr' id='par_1_87' title="bbox 1985 4090 3557 4161">
     <span class='ocr_line' id='line_1_87' title="bbox 1985 4090 3557 4161; baseline 0.004 -18"><span class='ocrx_word' id='word_1_684' title='bbox 1985 4091 2296 4144; x_wconf 92' lang='lat' dir='ltr'><strong>communia</strong></span> <span class='ocrx_word' id='word_1_685' title='bbox 2328 4090 2525 4145; x_wconf 88' lang='lat' dir='ltr'><strong>debere</strong></span> <span class='ocrx_word' id='word_1_686' title='bbox 2548 4104 2670 4144; x_wconf 89' lang='lat' dir='ltr'><strong>esse</strong></span> <span class='ocrx_word' id='word_1_687' title='bbox 2702 4090 3005 4146; x_wconf 83' lang='lat' dir='ltr'><strong>amicorum</strong></span> <span class='ocrx_word' id='word_1_688' title='bbox 3038 4092 3258 4161; x_wconf 88' lang='lat' dir='ltr'><strong>omnia;</strong></span> <span class='ocrx_word' id='word_1_689' title='bbox 3294 4096 3347 4148; x_wconf 90' lang='lat' dir='ltr'><strong>in</strong></span> <span class='ocrx_word' id='word_1_690' title='bbox 3379 4097 3557 4150; x_wconf 87' lang='lat' dir='ltr'><strong>omni-</strong></span> 
     </span>
    </p>
   </div>
   <div class='ocr_carea' id='block_1_88' title="bbox 1985 4186 3557 4259">
    <p class='ocr_par' dir='ltr' id='par_1_88' title="bbox 1985 4186 3557 4259">
     <span class='ocr_line' id='line_1_88' title="bbox 1985 4186 3557 4259; baseline 0.001 -18"><span class='ocrx_word' id='word_1_691' title='bbox 1985 4186 2091 4242; x_wconf 89' lang='lat' dir='ltr'><strong>bus</strong></span> <span class='ocrx_word' id='word_1_692' title='bbox 2129 4195 2310 4241; x_wconf 90' lang='lat' dir='ltr'><strong>autem</strong></span> <span class='ocrx_word' id='word_1_693' title='bbox 2350 4195 2479 4241; x_wconf 88' lang='lat' dir='ltr'><strong>sunt</strong></span> <span class='ocrx_word' id='word_1_694' title='bbox 2521 4188 2639 4241; x_wconf 91' lang='lat' dir='ltr'><strong>sine</strong></span> <span class='ocrx_word' id='word_1_695' title='bbox 2683 4187 2848 4242; x_wconf 89' lang='lat' dir='ltr'><strong>dubio</strong></span> <span class='ocrx_word' id='word_1_696' title='bbox 2877 4198 2931 4243; x_wconf 91' lang='lat' dir='ltr'><strong>et</strong></span> <span class='ocrx_word' id='word_1_697' title='bbox 2976 4187 3256 4259; x_wconf 85' lang='lat' dir='ltr'><strong>eonjuges.</strong></span> <span class='ocrx_word' id='word_1_698' title='bbox 3300 4187 3365 4243; x_wconf 86' lang='lat' dir='ltr'><strong>Et</strong></span> <span class='ocrx_word' id='word_1_699' title='bbox 3413 4189 3557 4243; x_wconf 91' lang='lat' dir='ltr'><strong>sicut</strong></span> 
     </span>
    </p>
   </div>
   <div class='ocr_carea' id='block_1_89' title="bbox 1985 4277 3554 4349">
    <p class='ocr_par' dir='ltr' id='par_1_89' title="bbox 1985 4277 3554 4349">
     <span class='ocr_line' id='line_1_89' title="bbox 1985 4277 3554 4349; baseline 0.002 -17"><span class='ocrx_word' id='word_1_700' title='bbox 1985 4294 2095 4333; x_wconf 91' lang='lat' dir='ltr'><strong>non</strong></span> <span class='ocrx_word' id='word_1_701' title='bbox 2128 4285 2327 4348; x_wconf 87' lang='lat' dir='ltr'><strong>potest,</strong></span> <span class='ocrx_word' id='word_1_702' title='bbox 2363 4277 2560 4347; x_wconf 87' lang='lat' dir='ltr'><strong>inquit,</strong></span> <span class='ocrx_word' id='word_1_703' title='bbox 2590 4277 2757 4331; x_wconf 84' lang='lat' dir='ltr'><strong>dividi</strong></span> <span class='ocrx_word' id='word_1_704' title='bbox 2788 4293 2882 4332; x_wconf 89' lang='lat' dir='ltr'><strong>aer</strong></span> <span class='ocrx_word' id='word_1_705' title='bbox 2905 4294 3081 4348; x_wconf 90' lang='lat' dir='ltr'><strong>neque</strong></span> <span class='ocrx_word' id='word_1_706' title='bbox 3115 4278 3372 4349; x_wconf 80' lang='lat' dir='ltr'><strong>Splendor</strong></span> <span class='ocrx_word' id='word_1_707' title='bbox 3400 4279 3554 4343; x_wconf 92' lang='lat' dir='ltr'><strong>solis,</strong></span> 
     </span>
    </p>
   </div>
   <div class='ocr_carea' id='block_1_90' title="bbox 1985 4370 3556 4441">
    <p class='ocr_par' dir='ltr' id='par_1_90' title="bbox 1985 4370 3556 4441">
     <span class='ocr_line' id='line_1_90' title="bbox 1985 4370 3556 4441; baseline 0 -16"><span class='ocrx_word' id='word_1_708' title='bbox 1985 4372 2061 4425; x_wconf 88' lang='lat' dir='ltr'><strong>ita</strong></span> <span class='ocrx_word' id='word_1_709' title='bbox 2086 4386 2188 4427; x_wconf 89' lang='lat' dir='ltr'><strong>nec</strong></span> <span class='ocrx_word' id='word_1_710' title='bbox 2221 4371 2429 4441; x_wconf 88' lang='lat' dir='ltr'><strong>reliqua</strong></span> <span class='ocrx_word' id='word_1_711' title='bbox 2461 4385 2582 4440; x_wconf 71' lang='lat' dir='ltr'><strong>qua:</strong></span> <span class='ocrx_word' id='word_1_712' title='bbox 2611 4372 2978 4426; x_wconf 84' lang='lat' dir='ltr'><strong>communiter</strong></span> <span class='ocrx_word' id='word_1_713' title='bbox 3002 4371 3058 4425; x_wconf 91' lang='lat' dir='ltr'><strong>in</strong></span> <span class='ocrx_word' id='word_1_714' title='bbox 3084 4372 3184 4425; x_wconf 89' lang='lat' dir='ltr'><strong>hoc</strong></span> <span class='ocrx_word' id='word_1_715' title='bbox 3206 4370 3409 4425; x_wconf 92' lang='lat' dir='ltr'><strong>mundo</strong></span> <span class='ocrx_word' id='word_1_716' title='bbox 3431 4372 3556 4426; x_wconf 80' lang='lat' dir='ltr'><strong>data</strong></span> 
     </span>
    </p>
   </div>
   <div class='ocr_carea' id='block_1_91' title="bbox 1988 4461 3556 4527">
    <p class='ocr_par' dir='ltr' id='par_1_91' title="bbox 1988 4461 3556 4527">
     <span class='ocr_line' id='line_1_91' title="bbox 1988 4461 3556 4527; baseline -0.001 -9"><span class='ocrx_word' id='word_1_717' title='bbox 1988 4470 2119 4518; x_wconf 90' lang='lat' dir='ltr'><strong>sunt</strong></span> <span class='ocrx_word' id='word_1_718' title='bbox 2170 4462 2429 4518; x_wconf 91' lang='lat' dir='ltr'><strong>omnibus</strong></span> <span class='ocrx_word' id='word_1_719' title='bbox 2480 4463 2547 4517; x_wconf 92' lang='lat' dir='ltr'><strong>ad</strong></span> <span class='ocrx_word' id='word_1_720' title='bbox 2600 4461 2950 4527; x_wconf 84' lang='lat' dir='ltr'><strong>habendum,</strong></span> <span class='ocrx_word' id='word_1_721' title='bbox 2993 4461 3163 4517; x_wconf 88' lang='lat' dir='ltr'><strong>dividi</strong></span> <span class='ocrx_word' id='word_1_722' title='bbox 3205 4461 3424 4527; x_wconf 88' lang='lat' dir='ltr'><strong>debere,</strong></span> <span class='ocrx_word' id='word_1_723' title='bbox 3460 4462 3556 4518; x_wconf 89' lang='lat' dir='ltr'><strong>sed</strong></span> 
     </span>
    </p>
   </div>
   <div class='ocr_carea' id='block_1_92' title="bbox 305 4529 3553 4622">
    <p class='ocr_par' dir='ltr' id='par_1_92' title="bbox 305 4529 3553 4622">
     <span class='ocr_line' id='line_1_92' title="bbox 305 4529 3553 4622; baseline 0 -16"><span class='ocrx_word' id='word_1_724' title='bbox 305 4550 527 4622; x_wconf 89' lang='lat' dir='ltr'><strong>eritque</strong></span> <span class='ocrx_word' id='word_1_725' title='bbox 554 4540 771 4607; x_wconf 90' lang='lat' dir='ltr'><strong>initium</strong></span> <span class='ocrx_word' id='word_1_726' title='bbox 800 4567 868 4609; x_wconf 85' lang='lat' dir='ltr'><strong>ex</strong></span> <span class='ocrx_word' id='word_1_727' title='bbox 896 4551 1011 4609; x_wconf 86' lang='lat' dir='ltr'><strong>Deo</strong></span> <span class='ocrx_word' id='word_1_728' title='bbox 1036 4561 1092 4608; x_wconf 91' lang='lat' dir='ltr'><strong>et</strong></span> <span class='ocrx_word' id='word_1_729' title='bbox 1121 4568 1231 4609; x_wconf 91' lang='lat' dir='ltr'><strong>non</strong></span> <span class='ocrx_word' id='word_1_730' title='bbox 1267 4569 1332 4610; x_wconf 88' lang='lat' dir='ltr'><strong>ex</strong></span> <span class='ocrx_word' id='word_1_731' title='bbox 1363 4554 1604 4611; x_wconf 89' lang='lat' dir='ltr'><strong>homine.</strong></span> <span class='ocrx_word' id='word_1_732' title='bbox 1641 4553 1707 4608; x_wconf 79' lang='lat' dir='ltr'><strong>Et</strong></span> <span class='ocrx_word' id='word_1_733' title='bbox 1739 4554 1880 4618; x_wconf 87' lang='lat' dir='ltr'><strong>ideo,</strong></span> <span class='ocrx_word' id='word_1_734' title='bbox 1914 4529 1959 4583; x_wconf 76' lang='grc' dir='ltr'>Ῑ)</span> <span class='ocrx_word' id='word_1_735' title='bbox 1988 4553 2236 4610; x_wconf 91' lang='lat' dir='ltr'><strong>habenda</strong></span> <span class='ocrx_word' id='word_1_736' title='bbox 2268 4569 2391 4609; x_wconf 91' lang='lat' dir='ltr'><strong>esse</strong></span> <span class='ocrx_word' id='word_1_737' title='bbox 2416 4554 2747 4609; x_wconf 90' lang='lat' dir='ltr'><strong>communia.</strong></span> <span class='ocrx_word' id='word_1_738' title='bbox 2783 4553 2909 4608; x_wconf 75' lang='lat' dir='ltr'><strong>Haec</strong></span> <span class='ocrx_word' id='word_1_739' title='bbox 2953 4561 3133 4609; x_wconf 88' lang='lat' dir='ltr'><strong>autem</strong></span> <span class='ocrx_word' id='word_1_740' title='bbox 3179 4553 3359 4609; x_wconf 88' lang='lat' dir='ltr'><strong>dicere</strong></span> <span class='ocrx_word' id='word_1_741' title='bbox 3384 4553 3553 4617; x_wconf 92' lang='lat' dir='ltr'><strong>volui,</strong></span> 
     </span>
    </p>
   </div>
   <div class='ocr_carea' id='block_1_93' title="bbox 1648 4732 2289 4790">
    <p class='ocr_par' dir='ltr' id='par_1_93' title="bbox 1648 4732 2289 4790">
     <span class='ocr_line' id='line_1_93' title="bbox 1648 4732 2289 4790; baseline -0.005 0"><span class='ocrx_word' id='word_1_742' title='bbox 1648 4733 2012 4790; x_wconf 81' lang='lat' dir='ltr'><strong>COTELERII</strong></span> <span class='ocrx_word' id='word_1_743' title='bbox 2055 4732 2265 4788; x_wconf 73' lang='lat' dir='ltr'><strong>NOTAE</strong></span> <span class='ocrx_word' id='word_1_744' title='bbox 2278 4777 2289 4787; x_wconf 93' lang='lat'><strong>.</strong></span> 
     </span>
    </p>
   </div>
   <div class='ocr_carea' id='block_1_94' title="bbox 391 4913 1881 4987">
    <p class='ocr_par' dir='ltr' id='par_1_94' title="bbox 391 4913 1881 4987">
     <span class='ocr_line' id='line_1_94' title="bbox 391 4913 1881 4987; baseline 0.003 -20"><span class='ocrx_word' id='word_1_745' title='bbox 391 4914 471 4987; x_wconf 69' lang='grc'><strong>(7)</strong></span> <span class='ocrx_word' id='word_1_746' title='bbox 499 4913 602 4987; x_wconf 75' lang='lat' dir='ltr'><strong>Est</strong></span> <span class='ocrx_word' id='word_1_747' title='bbox 621 4914 836 4987; x_wconf 59' lang='lat' dir='ltr'><strong>quidam</strong></span> <span class='ocrx_word' id='word_1_748' title='bbox 865 4930 1032 4987; x_wconf 79' lang='lat' dir='ltr'><strong>sermo</strong></span> <span class='ocrx_word' id='word_1_749' title='bbox 1051 4913 1189 4987; x_wconf 60' lang='lat' dir='ltr'><strong>apud</strong></span> <span class='ocrx_word' id='word_1_750' title='bbox 1208 4913 1881 4987; x_wconf 64' lang='lat' dir='ltr'><strong>Graecorumyhilosophos.</strong></span> 
     </span>
    </p>
   </div>
   <div class='ocr_carea' id='block_1_95' title="bbox 315 4984 1887 5057">
    <p class='ocr_par' dir='ltr' id='par_1_95' title="bbox 315 4984 1887 5057">
     <span class='ocr_line' id='line_1_95' title="bbox 315 4984 1887 5057; baseline 0.001 -20"><span class='ocrx_word' id='word_1_751' title='bbox 315 4984 664 5057; x_wconf 58' lang='lat' dir='ltr'><strong>Archelaum,</strong></span> <span class='ocrx_word' id='word_1_752' title='bbox 695 4985 1046 5057; x_wconf 72' lang='lat' dir='ltr'><strong>Cyrenaicos,</strong></span> <span class='ocrx_word' id='word_1_753' title='bbox 1076 4984 1421 5057; x_wconf 86' lang='lat' dir='ltr'><strong>Theodorum</strong></span> <span class='ocrx_word' id='word_1_754' title='bbox 1461 4984 1639 5047; x_wconf 75' lang='grc' dir='ltr'><strong>ἄθεον,</strong></span> <span class='ocrx_word' id='word_1_755' title='bbox 1670 4984 1887 5057; x_wconf 60' lang='grc' dir='ltr'><strong>εἱργν-</strong></span> 
     </span>
    </p>
   </div>
   <div class='ocr_carea' id='block_1_96' title="bbox 317 5055 1880 5126">
    <p class='ocr_par' dir='ltr' id='par_1_96' title="bbox 317 5055 1880 5126">
     <span class='ocr_line' id='line_1_96' title="bbox 317 5055 1880 5126; baseline 0.001 -18"><span class='ocrx_word' id='word_1_756' title='bbox 317 5056 542 5110; x_wconf 87' lang='lat' dir='ltr'><strong>rbonios</strong></span> <span class='ocrx_word' id='word_1_757' title='bbox 573 5075 586 5110; x_wconf 91' lang='lat'><strong>:</strong></span> <span class='ocrx_word' id='word_1_758' title='bbox 617 5055 848 5126; x_wconf 76' lang='lat' dir='ltr'><strong>quorum</strong></span> <span class='ocrx_word' id='word_1_759' title='bbox 876 5055 1140 5110; x_wconf 88' lang='lat' dir='ltr'><strong>insaniam</strong></span> <span class='ocrx_word' id='word_1_760' title='bbox 1172 5056 1344 5111; x_wconf 88' lang='lat' dir='ltr'><strong>secuti</strong></span> <span class='ocrx_word' id='word_1_761' title='bbox 1375 5064 1502 5126; x_wconf 89' lang='lat' dir='ltr'><strong>sunt</strong></span> <span class='ocrx_word' id='word_1_762' title='bbox 1532 5066 1716 5124; x_wconf 89' lang='lat' dir='ltr'><strong>postea</strong></span> <span class='ocrx_word' id='word_1_763' title='bbox 1740 5055 1880 5110; x_wconf 50' lang='lat' dir='ltr'><strong>Gno.</strong></span> 
     </span>
    </p>
   </div>
   <div class='ocr_carea' id='block_1_97' title="bbox 318 5125 1887 5196">
    <p class='ocr_par' dir='ltr' id='par_1_97' title="bbox 318 5125 1887 5196">
     <span class='ocr_line' id='line_1_97' title="bbox 318 5125 1887 5196; baseline 0 -15"><span class='ocrx_word' id='word_1_764' title='bbox 318 5126 439 5181; x_wconf 85' lang='lat' dir='ltr'><strong>stici</strong></span> <span class='ocrx_word' id='word_1_765' title='bbox 452 5125 645 5195; x_wconf 82' lang='lat' dir='ltr'><strong>.Atque</strong></span> <span class='ocrx_word' id='word_1_766' title='bbox 663 5128 766 5181; x_wconf 90' lang='lat' dir='ltr'><strong>huc</strong></span> <span class='ocrx_word' id='word_1_767' title='bbox 781 5126 1069 5195; x_wconf 84' lang='lat' dir='ltr'><strong>pertinebit</strong></span> <span class='ocrx_word' id='word_1_768' title='bbox 1095 5126 1314 5196; x_wconf 83' lang='lat' dir='ltr'><strong>elegans</strong></span> <span class='ocrx_word' id='word_1_769' title='bbox 1331 5125 1738 5196; x_wconf 80' lang='lat' dir='ltr'><strong>Apoplithegnia</strong></span> <span class='ocrx_word' id='word_1_770' title='bbox 1760 5126 1887 5181; x_wconf 84' lang='lat' dir='ltr'><strong>llic-</strong></span> 
     </span>
    </p>
   </div>
   <div class='ocr_carea' id='block_1_98' title="bbox 318 5195 1886 5266">
    <p class='ocr_par' dir='ltr' id='par_1_98' title="bbox 318 5195 1886 5266">
     <span class='ocr_line' id='line_1_98' title="bbox 318 5195 1886 5266; baseline 0.003 -19"><span class='ocrx_word' id='word_1_771' title='bbox 318 5197 485 5250; x_wconf 90' lang='lat' dir='ltr'><strong>roclis</strong></span> <span class='ocrx_word' id='word_1_772' title='bbox 510 5200 735 5251; x_wconf 84' lang='lat' dir='ltr'><strong>relatum</strong></span> <span class='ocrx_word' id='word_1_773' title='bbox 772 5196 827 5250; x_wconf 90' lang='lat' dir='ltr'><strong>in</strong></span> <span class='ocrx_word' id='word_1_774' title='bbox 859 5197 1045 5266; x_wconf 84' lang='lat' dir='ltr'><strong>Agellii</strong></span> <span class='ocrx_word' id='word_1_775' title='bbox 1095 5195 1350 5251; x_wconf 73' lang='lat' dir='ltr'><strong>Noctibus</strong></span> <span class='ocrx_word' id='word_1_776' title='bbox 1378 5195 1487 5252; x_wconf 84' lang='lat' dir='ltr'><strong>lib.</strong></span> <span class='ocrx_word' id='word_1_777' title='bbox 1522 5212 1596 5259; x_wconf 82' lang='lat' dir='ltr'><strong>Ix,</strong></span> <span class='ocrx_word' id='word_1_778' title='bbox 1628 5195 1679 5251; x_wconf 80' lang='lat' dir='ltr'><strong>c.</strong></span> <span class='ocrx_word' id='word_1_779' title='bbox 1714 5198 1765 5257; x_wconf 80' lang='lat'><strong>5.</strong></span> <span class='ocrx_word' id='word_1_780' title='bbox 1799 5199 1886 5252; x_wconf 88' lang='lat' dir='ltr'><strong>bis</strong></span> 
     </span>
    </p>
   </div>
   <div class='ocr_carea' id='block_1_99' title="bbox 319 5266 1885 5336">
    <p class='ocr_par' dir='ltr' id='par_1_99' title="bbox 319 5266 1885 5336">
     <span class='ocr_line' id='line_1_99' title="bbox 319 5266 1885 5336; baseline 0 -17"><span class='ocrx_word' id='word_1_781' title='bbox 319 5267 500 5336; x_wconf 83' lang='lat' dir='ltr'><strong>verbis</strong></span> <span class='ocrx_word' id='word_1_782' title='bbox 530 5286 543 5321; x_wconf 90' lang='lat'><strong>:</strong></span> <span class='ocrx_word' id='word_1_783' title='bbox 572 5268 779 5322; x_wconf 78' lang='lat' dir='ltr'><strong>Taurus</strong></span> <span class='ocrx_word' id='word_1_784' title='bbox 828 5277 1000 5321; x_wconf 83' lang='lat' dir='ltr'><strong>autem</strong></span> <span class='ocrx_word' id='word_1_785' title='bbox 1045 5268 1462 5336; x_wconf 79' lang='lat' dir='ltr'><strong>noster,quoties</strong></span> <span class='ocrx_word' id='word_1_786' title='bbox 1510 5266 1654 5335; x_wconf 79' lang='lat' dir='ltr'><strong>facta</strong></span> <span class='ocrx_word' id='word_1_787' title='bbox 1692 5270 1885 5321; x_wconf 81' lang='lat' dir='ltr'><strong>mentio</strong></span> 
     </span>
    </p>
   </div>
   <div class='ocr_carea' id='block_1_100' title="bbox 322 5335 1889 5409">
    <p class='ocr_par' dir='ltr' id='par_1_100' title="bbox 322 5335 1889 5409">
     <span class='ocr_line' id='line_1_100' title="bbox 322 5335 1889 5409; baseline 0 -19"><span class='ocrx_word' id='word_1_788' title='bbox 322 5335 539 5409; x_wconf 66' lang='lat' dir='ltr'><strong>Epicuri</strong></span> <span class='ocrx_word' id='word_1_789' title='bbox 583 5347 737 5409; x_wconf 76' lang='lat' dir='ltr'><strong>esset,</strong></span> <span class='ocrx_word' id='word_1_790' title='bbox 765 5338 822 5409; x_wconf 72' lang='lat' dir='ltr'><strong>in</strong></span> <span class='ocrx_word' id='word_1_791' title='bbox 867 5354 955 5391; x_wconf 84' lang='lat' dir='ltr'><strong>ore</strong></span> <span class='ocrx_word' id='word_1_792' title='bbox 988 5347 1141 5405; x_wconf 81' lang='lat' dir='ltr'><strong>atque</strong></span> <span class='ocrx_word' id='word_1_793' title='bbox 1170 5340 1223 5391; x_wconf 86' lang='lat' dir='ltr'><strong>in</strong></span> <span class='ocrx_word' id='word_1_794' title='bbox 1252 5335 1435 5409; x_wconf 85' lang='lat' dir='ltr'><strong>lingua</strong></span> <span class='ocrx_word' id='word_1_795' title='bbox 1476 5336 1697 5391; x_wconf 80' lang='lat' dir='ltr'><strong>habebat</strong></span> <span class='ocrx_word' id='word_1_796' title='bbox 1736 5339 1889 5392; x_wconf 82' lang='lat' dir='ltr'><strong>verba</strong></span> 
     </span>
    </p>
   </div>
   <div class='ocr_carea' id='block_1_101' title="bbox 321 5406 1888 5480">
    <p class='ocr_par' dir='ltr' id='par_1_101' title="bbox 321 5406 1888 5480">
     <span class='ocr_line' id='line_1_101' title="bbox 321 5406 1888 5480; baseline 0.001 -21"><span class='ocrx_word' id='word_1_797' title='bbox 321 5407 431 5480; x_wconf 61' lang='lat' dir='ltr'><strong>luga</strong></span> <span class='ocrx_word' id='word_1_798' title='bbox 468 5406 723 5480; x_wconf 74' lang='lat' dir='ltr'><strong>Hieroclis</strong></span> <span class='ocrx_word' id='word_1_799' title='bbox 757 5406 940 5480; x_wconf 70' lang='lat' dir='ltr'><strong>Stoici,</strong></span> <span class='ocrx_word' id='word_1_800' title='bbox 975 5408 1069 5480; x_wconf 64' lang='lat' dir='ltr'><strong>tfiri</strong></span> <span class='ocrx_word' id='word_1_801' title='bbox 1110 5409 1281 5480; x_wconf 71' lang='lat' dir='ltr'><strong>sancti</strong></span> <span class='ocrx_word' id='word_1_802' title='bbox 1318 5406 1366 5461; x_wconf 71' lang='lat' dir='ltr'><strong>et</strong></span> <span class='ocrx_word' id='word_1_803' title='bbox 1406 5409 1626 5480; x_wconf 61' lang='lat' dir='ltr'><strong>gravis;</strong></span> <span class='ocrx_word' id='word_1_804' title='bbox 1669 5409 1888 5480; x_wconf 77' lang='grc' dir='ltr'><strong>Ἡδονῆς</strong></span> 
     </span>
    </p>
   </div>
   <div class='ocr_carea' id='block_1_102' title="bbox 320 5476 1891 5551">
    <p class='ocr_par' dir='ltr' id='par_1_102' title="bbox 320 5476 1891 5551">
     <span class='ocr_line' id='line_1_102' title="bbox 320 5476 1891 5551; baseline 0.002 -23"><span class='ocrx_word' id='word_1_805' title='bbox 320 5477 472 5551; x_wconf 51' lang='lat' dir='ltr'><strong>gito;</strong></span> <span class='ocrx_word' id='word_1_806' title='bbox 513 5478 715 5551; x_wconf 74' lang='grc' dir='ltr'><strong>πρρνης</strong></span> <span class='ocrx_word' id='word_1_807' title='bbox 753 5478 947 5551; x_wconf 74' lang='grc' dir='ltr'><strong>δόγμα.</strong></span> <span class='ocrx_word' id='word_1_808' title='bbox 978 5479 1093 5532; x_wconf 76' lang='grc' dir='ltr'><strong>Οὐκ</strong></span> <span class='ocrx_word' id='word_1_809' title='bbox 1120 5478 1235 5531; x_wconf 76' lang='grc' dir='ltr'><strong>ἐστι</strong></span> <span class='ocrx_word' id='word_1_810' title='bbox 1260 5476 1658 5551; x_wconf 62' lang='grc' dir='ltr'><strong>πορνὲίαρὺδὲγ</strong></span> <span class='ocrx_word' id='word_1_811' title='bbox 1688 5476 1891 5550; x_wconf 66' lang='lat' dir='ltr'><strong>nopqu</strong></span> 
     </span>
    </p>
   </div>
   <div class='ocr_carea' id='block_1_103' title="bbox 321 5547 1886 5619">
    <p class='ocr_par' dir='ltr' id='par_1_103' title="bbox 321 5547 1886 5619">
     <span class='ocr_line' id='line_1_103' title="bbox 321 5547 1886 5619; baseline 0.003 -18"><span class='ocrx_word' id='word_1_812' title='bbox 321 5547 515 5619; x_wconf 64' lang='grc' dir='ltr'><strong>ᾂόγμα.</strong></span> <span class='ocrx_word' id='word_1_813' title='bbox 550 5547 864 5605; x_wconf 69' lang='grc' dir='ltr'><strong>Πιιηὶηιοόσ</strong></span> <span class='ocrx_word' id='word_1_814' title='bbox 898 5564 966 5603; x_wconf 88' lang='lat' dir='ltr'><strong>ex</strong></span> <span class='ocrx_word' id='word_1_815' title='bbox 1016 5562 1136 5619; x_wconf 87' lang='lat' dir='ltr'><strong>mea</strong></span> <span class='ocrx_word' id='word_1_816' title='bbox 1194 5547 1448 5619; x_wconf 79' lang='lat' dir='ltr'><strong>Opinione</strong></span> <span class='ocrx_word' id='word_1_817' title='bbox 1496 5550 1569 5601; x_wconf 86' lang='lat' dir='ltr'><strong>ita</strong></span> <span class='ocrx_word' id='word_1_818' title='bbox 1632 5547 1886 5619; x_wconf 78' lang='lat' dir='ltr'><strong>legatur:</strong></span> 
     </span>
    </p>
   </div>
   <div class='ocr_carea' id='block_1_104' title="bbox 334 5616 1891 5702">
    <p class='ocr_par' dir='ltr' id='par_1_104' title="bbox 334 5616 1891 5702">
     <span class='ocr_line' id='line_1_104' title="bbox 334 5616 1891 5702; baseline 0.001 -31"><span class='ocrx_word' id='word_1_819' title='bbox 334 5616 968 5702; x_wconf 41' lang='grc' dir='ltr'><strong>τέλοςβόρνης</strong></span> <span class='ocrx_word' id='word_1_820' title='bbox 993 5616 1334 5702; x_wconf 64' lang='grc' dir='ltr'><strong>βόγμα.</strong></span> <span class='ocrx_word' id='word_1_821' title='bbox 1375 5618 1490 5671; x_wconf 79' lang='grc' dir='ltr'><strong>ἐστι</strong></span> <span class='ocrx_word' id='word_1_822' title='bbox 1513 5616 1762 5702; x_wconf 25' lang='grc' dir='ltr'><strong>Δτῖορνέξα</strong></span> <span class='ocrx_word' id='word_1_823' title='bbox 1800 5622 1891 5673; x_wconf 82' lang='grc' dir='ltr'><strong>οὐ-</strong></span> 
     </span>
    </p>
   </div>
   <div class='ocr_carea' id='block_1_105' title="bbox 322 5687 1889 5761">
    <p class='ocr_par' dir='ltr' id='par_1_105' title="bbox 322 5687 1889 5761">
     <span class='ocr_line' id='line_1_105' title="bbox 322 5687 1889 5761; baseline 0.001 -20"><span class='ocrx_word' id='word_1_824' title='bbox 322 5687 437 5761; x_wconf 67' lang='grc' dir='ltr'><strong>ᾃέψ</strong></span> <span class='ocrx_word' id='word_1_825' title='bbox 472 5687 681 5761; x_wconf 74' lang='grc' dir='ltr'>πόρνης</span> <span class='ocrx_word' id='word_1_826' title='bbox 701 5687 894 5761; x_wconf 44' lang='grc' dir='ltr'><strong>δόγμὶ</strong></span> <span class='ocrx_word' id='word_1_827' title='bbox 915 5687 1165 5758; x_wconf 74' lang='lat' dir='ltr'><strong>Voluptas</strong></span> <span class='ocrx_word' id='word_1_828' title='bbox 1192 5692 1313 5759; x_wconf 78' lang='lat' dir='ltr'><strong>ﬁnis</strong></span> <span class='ocrx_word' id='word_1_829' title='bbox 1331 5707 1348 5741; x_wconf 88' lang='lat'><strong>:</strong></span> <span class='ocrx_word' id='word_1_830' title='bbox 1366 5687 1649 5761; x_wconf 78' lang='lat' dir='ltr'><strong>meretricis</strong></span> <span class='ocrx_word' id='word_1_831' title='bbox 1676 5688 1889 5761; x_wconf 86' lang='lat' dir='ltr'><strong>dogma.</strong></span> 
     </span>
    </p>
   </div>
   <div class='ocr_carea' id='block_1_106' title="bbox 326 5755 1891 5829">
    <p class='ocr_par' dir='ltr' id='par_1_106' title="bbox 326 5755 1891 5829">
     <span class='ocr_line' id='line_1_106' title="bbox 326 5755 1891 5829; baseline 0.001 -17"><span class='ocrx_word' id='word_1_832' title='bbox 326 5755 578 5820; x_wconf 76' lang='lat' dir='ltr'><strong>Stuprunt</strong></span> <span class='ocrx_word' id='word_1_833' title='bbox 606 5755 738 5815; x_wconf 68' lang='lat' dir='ltr'><strong>nihil</strong></span> <span class='ocrx_word' id='word_1_834' title='bbox 765 5755 844 5815; x_wconf 55' lang='lat' dir='ltr'><strong>is:</strong></span> <span class='ocrx_word' id='word_1_835' title='bbox 866 5778 883 5814; x_wconf 89' lang='lat'><strong>:</strong></span> <span class='ocrx_word' id='word_1_836' title='bbox 909 5755 1202 5815; x_wconf 61' lang='grc' dir='ltr'><strong>Μενεὶτὶσίἐ</strong></span> <span class='ocrx_word' id='word_1_837' title='bbox 1219 5760 1431 5829; x_wconf 80' lang='lat' dir='ltr'><strong>dogma.</strong></span> <span class='ocrx_word' id='word_1_838' title='bbox 1466 5763 1532 5813; x_wconf 86' lang='lat' dir='ltr'><strong>At</strong></span> <span class='ocrx_word' id='word_1_839' title='bbox 1562 5760 1681 5815; x_wconf 88' lang='lat' dir='ltr'><strong>viro</strong></span> <span class='ocrx_word' id='word_1_840' title='bbox 1712 5755 1891 5829; x_wconf 74' lang='lat' dir='ltr'><strong>magni</strong></span> 
     </span>
    </p>
   </div>
   <div class='ocr_carea' id='block_1_107' title="bbox 1991 4911 3562 4985">
    <p class='ocr_par' dir='ltr' id='par_1_107' title="bbox 1991 4911 3562 4985">
     <span class='ocr_line' id='line_1_107' title="bbox 1991 4911 3562 4985; baseline 0.001 -17"><span class='ocrx_word' id='word_1_841' title='bbox 1991 4914 2191 4985; x_wconf 82' lang='lat' dir='ltr'><strong>ingenii</strong></span> <span class='ocrx_word' id='word_1_842' title='bbox 2225 4929 2539 4984; x_wconf 55' lang='lat' dir='ltr'><strong>magnaeque</strong></span> <span class='ocrx_word' id='word_1_843' title='bbox 2559 4912 2819 4967; x_wconf 68' lang='lat' dir='ltr'><strong>doctrinm</strong></span> <span class='ocrx_word' id='word_1_844' title='bbox 2840 4911 3034 4985; x_wconf 81' lang='lat' dir='ltr'><strong>Joanni</strong></span> <span class='ocrx_word' id='word_1_845' title='bbox 3057 4913 3332 4968; x_wconf 86' lang='lat' dir='ltr'><strong>Pearsono</strong></span> <span class='ocrx_word' id='word_1_846' title='bbox 3350 4914 3402 4969; x_wconf 91' lang='lat' dir='ltr'><strong>in</strong></span> <span class='ocrx_word' id='word_1_847' title='bbox 3425 4914 3562 4971; x_wconf 87' lang='lat' dir='ltr'><strong>Pro-</strong></span> 
     </span>
    </p>
   </div>
   <div class='ocr_carea' id='block_1_108' title="bbox 1991 4983 3556 5055">
    <p class='ocr_par' dir='ltr' id='par_1_108' title="bbox 1991 4983 3556 5055">
     <span class='ocr_line' id='line_1_108' title="bbox 1991 4983 3556 5055; baseline 0.001 -16"><span class='ocrx_word' id='word_1_848' title='bbox 1991 4983 2289 5055; x_wconf 80' lang='lat' dir='ltr'><strong>legomenis</strong></span> <span class='ocrx_word' id='word_1_849' title='bbox 2323 4983 2403 5038; x_wconf 28' lang='lat' dir='ltr'><strong>’ad</strong></span> <span class='ocrx_word' id='word_1_850' title='bbox 2456 4983 2764 5039; x_wconf 83' lang='lat' dir='ltr'><strong>Hieroclem</strong></span> <span class='ocrx_word' id='word_1_851' title='bbox 2802 4983 3017 5038; x_wconf 89' lang='lat' dir='ltr'><strong>videtur</strong></span> <span class='ocrx_word' id='word_1_852' title='bbox 3064 4986 3264 5055; x_wconf 76' lang='lat' dir='ltr'><strong>corrigi</strong></span> <span class='ocrx_word' id='word_1_853' title='bbox 3312 4985 3556 5041; x_wconf 83' lang='lat' dir='ltr'><strong>debere:</strong></span> 
     </span>
    </p>
   </div>
   <div class='ocr_carea' id='block_1_109' title="bbox 1999 5054 3555 5127">
    <p class='ocr_par' dir='ltr' id='par_1_109' title="bbox 1999 5054 3555 5127">
     <span class='ocr_line' id='line_1_109' title="bbox 1999 5054 3555 5127; baseline 0.003 -20"><span class='ocrx_word' id='word_1_854' title='bbox 1999 5054 2186 5127; x_wconf 81' lang='grc' dir='ltr'>Ἡδονὴ</span> <span class='ocrx_word' id='word_1_855' title='bbox 2212 5055 2361 5127; x_wconf 62' lang='grc' dir='ltr'><strong>τέλος</strong></span> <span class='ocrx_word' id='word_1_856' title='bbox 2380 5073 2392 5084; x_wconf 92' lang='grc'>·</span> <span class='ocrx_word' id='word_1_857' title='bbox 2413 5056 2617 5127; x_wconf 51' lang='grc' dir='ltr'><strong>ῃόρνης</strong></span> <span class='ocrx_word' id='word_1_858' title='bbox 2643 5056 2835 5127; x_wconf 60' lang='grc' dir='ltr'><strong>δόγμα.</strong></span> <span class='ocrx_word' id='word_1_859' title='bbox 2856 5054 2968 5108; x_wconf 78' lang='grc' dir='ltr'><strong>Οὐκ</strong></span> <span class='ocrx_word' id='word_1_860' title='bbox 2996 5055 3110 5108; x_wconf 75' lang='grc' dir='ltr'><strong>ἔστι</strong></span> <span class='ocrx_word' id='word_1_861' title='bbox 3132 5054 3352 5126; x_wconf 76' lang='grc' dir='ltr'><strong>πρόνοια</strong></span> <span class='ocrx_word' id='word_1_862' title='bbox 3377 5058 3555 5127; x_wconf 67' lang='grc' dir='ltr'><strong>οὐδέν·</strong></span> 
     </span>
    </p>
   </div>
   <div class='ocr_carea' id='block_1_110' title="bbox 1988 5125 3559 5197">
    <p class='ocr_par' dir='ltr' id='par_1_110' title="bbox 1988 5125 3559 5197">
     <span class='ocr_line' id='line_1_110' title="bbox 1988 5125 3559 5197; baseline 0.001 -18"><span class='ocrx_word' id='word_1_863' title='bbox 1988 5125 2191 5197; x_wconf 68' lang='grc' dir='ltr'><strong>πόρνης</strong></span> <span class='ocrx_word' id='word_1_864' title='bbox 2214 5125 2662 5197; x_wconf 67' lang='grc' dir='ltr'><strong>δόγμα.Ε]υε(ιυθ</strong></span> <span class='ocrx_word' id='word_1_865' title='bbox 2694 5125 2978 5180; x_wconf 87' lang='lat' dir='ltr'><strong>lectionem</strong></span> <span class='ocrx_word' id='word_1_866' title='bbox 3010 5125 3187 5179; x_wconf 81' lang='lat' dir='ltr'><strong>lirinat</strong></span> <span class='ocrx_word' id='word_1_867' title='bbox 3218 5129 3389 5182; x_wconf 89' lang='lat' dir='ltr'><strong>codex</strong></span> <span class='ocrx_word' id='word_1_868' title='bbox 3419 5126 3559 5182; x_wconf 79' lang='lat' dir='ltr'><strong>Tor-</strong></span> 
     </span>
    </p>
   </div>
   <div class='ocr_carea' id='block_1_111' title="bbox 1985 5212 2278 5251">
    <p class='ocr_par' dir='ltr' id='par_1_111' title="bbox 1985 5212 2278 5251">
     <span class='ocr_line' id='line_1_111' title="bbox 1985 5212 2278 5251; baseline 0.003 -1"><span class='ocrx_word' id='word_1_869' title='bbox 1985 5212 2278 5251; x_wconf 61' lang='lat' dir='ltr'><strong>natsranus.</strong></span> 
     </span>
    </p>
   </div>
   <div class='ocr_carea' id='block_1_112' title="bbox 2060 5266 3560 5339">
    <p class='ocr_par' dir='ltr' id='par_1_112' title="bbox 2060 5266 3560 5339">
     <span class='ocr_line' id='line_1_112' title="bbox 2060 5266 3560 5339; baseline 0.001 -17"><span class='ocrx_word' id='word_1_870' title='bbox 2060 5269 2134 5339; x_wconf 84' lang='lat'><strong>(8)</strong></span> <span class='ocrx_word' id='word_1_871' title='bbox 2176 5266 2477 5339; x_wconf 63' lang='lat' dir='ltr'><strong>Gra’corum</strong></span> <span class='ocrx_word' id='word_1_872' title='bbox 2538 5266 2754 5339; x_wconf 87' lang='lat' dir='ltr'><strong>quidam</strong></span> <span class='ocrx_word' id='word_1_873' title='bbox 2803 5267 3241 5339; x_wconf 66' lang='lat' dir='ltr'><strong>sapientissimus.</strong></span> <span class='ocrx_word' id='word_1_874' title='bbox 3273 5267 3560 5339; x_wconf 81' lang='lat' dir='ltr'><strong>_Socrates</strong></span> 
     </span>
    </p>
   </div>
   <div class='ocr_carea' id='block_1_113' title="bbox 1990 5336 3562 5409">
    <p class='ocr_par' dir='ltr' id='par_1_113' title="bbox 1990 5336 3562 5409">
     <span class='ocr_line' id='line_1_113' title="bbox 1990 5336 3562 5409; baseline 0.003 -19"><span class='ocrx_word' id='word_1_875' title='bbox 1990 5336 2132 5409; x_wconf 77' lang='lat' dir='ltr'><strong>aphd</strong></span> <span class='ocrx_word' id='word_1_876' title='bbox 2189 5337 2468 5393; x_wconf 87' lang='lat' dir='ltr'><strong>Platonem</strong></span> <span class='ocrx_word' id='word_1_877' title='bbox 2520 5336 2576 5393; x_wconf 84' lang='lat' dir='ltr'><strong>in</strong></span> <span class='ocrx_word' id='word_1_878' title='bbox 2634 5352 2797 5407; x_wconf 90' lang='lat' dir='ltr'><strong>opere</strong></span> <span class='ocrx_word' id='word_1_879' title='bbox 2827 5336 2904 5391; x_wconf 83' lang='lat' dir='ltr'><strong>De</strong></span> <span class='ocrx_word' id='word_1_880' title='bbox 2942 5336 3225 5405; x_wconf 47' lang='lat' dir='ltr'><strong>republica.</strong></span> <span class='ocrx_word' id='word_1_881' title='bbox 3260 5336 3410 5404; x_wconf 87' lang='lat' dir='ltr'><strong>Quos</strong></span> <span class='ocrx_word' id='word_1_882' title='bbox 3440 5340 3562 5394; x_wconf 84' lang='lat' dir='ltr'><strong>ideo</strong></span> 
     </span>
    </p>
   </div>
   <div class='ocr_carea' id='block_1_114' title="bbox 1989 5409 3561 5479">
    <p class='ocr_par' dir='ltr' id='par_1_114' title="bbox 1989 5409 3561 5479">
     <span class='ocr_line' id='line_1_114' title="bbox 1989 5409 3561 5479; baseline 0.001 -18"><span class='ocrx_word' id='word_1_883' title='bbox 1989 5418 2226 5479; x_wconf 76' lang='lat' dir='ltr'><strong>arguunt</strong></span> <span class='ocrx_word' id='word_1_884' title='bbox 2258 5410 2470 5479; x_wconf 86' lang='lat' dir='ltr'><strong>plurimi</strong></span> <span class='ocrx_word' id='word_1_885' title='bbox 2503 5428 2517 5463; x_wconf 88' lang='lat'><strong>:</strong></span> <span class='ocrx_word' id='word_1_886' title='bbox 2552 5409 2843 5463; x_wconf 77' lang='lat' dir='ltr'><strong>defendere</strong></span> <span class='ocrx_word' id='word_1_887' title='bbox 2872 5424 2999 5463; x_wconf 90' lang='lat' dir='ltr'><strong>vero</strong></span> <span class='ocrx_word' id='word_1_888' title='bbox 3039 5416 3307 5462; x_wconf 88' lang='lat' dir='ltr'><strong>conantur</strong></span> <span class='ocrx_word' id='word_1_889' title='bbox 3342 5412 3469 5476; x_wconf 85' lang='lat' dir='ltr'><strong>alii;</strong></span> <span class='ocrx_word' id='word_1_890' title='bbox 3504 5419 3561 5464; x_wconf 92' lang='lat' dir='ltr'><strong>ut</strong></span> 
     </span>
    </p>
   </div>
   <div class='ocr_carea' id='block_1_115' title="bbox 1994 5479 3558 5536">
    <p class='ocr_par' dir='ltr' id='par_1_115' title="bbox 1994 5479 3558 5536">
     <span class='ocr_line' id='line_1_115' title="bbox 1994 5479 3558 5536; baseline 0.001 -2"><span class='ocrx_word' id='word_1_891' title='bbox 1994 5481 2207 5535; x_wconf 89' lang='lat' dir='ltr'><strong>discere</strong></span> <span class='ocrx_word' id='word_1_892' title='bbox 2228 5488 2311 5534; x_wconf 89' lang='lat' dir='ltr'><strong>est</strong></span> <span class='ocrx_word' id='word_1_893' title='bbox 2337 5496 2402 5533; x_wconf 83' lang='lat' dir='ltr'><strong>ex</strong></span> <span class='ocrx_word' id='word_1_894' title='bbox 2425 5480 2654 5534; x_wconf 87' lang='lat' dir='ltr'><strong>lectione</strong></span> <span class='ocrx_word' id='word_1_895' title='bbox 2670 5480 2966 5533; x_wconf 62' lang='lat' dir='ltr'><strong>(lenientis</strong></span> <span class='ocrx_word' id='word_1_896' title='bbox 2988 5479 3339 5533; x_wconf 82' lang='lat' dir='ltr'><strong>Alexandrini</strong></span> <span class='ocrx_word' id='word_1_897' title='bbox 3357 5479 3558 5536; x_wconf 84' lang='lat' dir='ltr'><strong>Strom.</strong></span> 
     </span>
    </p>
   </div>
   <div class='ocr_carea' id='block_1_116' title="bbox 1995 5548 3560 5632">
    <p class='ocr_par' dir='ltr' id='par_1_116' title="bbox 1995 5548 3560 5632">
     <span class='ocr_line' id='line_1_116' title="bbox 1995 5548 3560 5632; baseline 0.001 -29"><span class='ocrx_word' id='word_1_898' title='bbox 1995 5566 2079 5632; x_wconf 56' lang='grc' dir='ltr'><strong>εει,</strong></span> <span class='ocrx_word' id='word_1_899' title='bbox 2112 5566 2232 5632; x_wconf 78' lang='lat' dir='ltr'><strong>pag.</strong></span> <span class='ocrx_word' id='word_1_900' title='bbox 2256 5549 2391 5632; x_wconf 39' lang='grc' dir='ltr'><strong>,λίῦρξ</strong></span> <span class='ocrx_word' id='word_1_901' title='bbox 2550 5569 2569 5632; x_wconf 53' lang='grc' dir='ltr'><strong>ί</strong></span> <span class='ocrx_word' id='word_1_902' title='bbox 2595 5549 2821 5632; x_wconf 59' lang='lat' dir='ltr'><strong>Arriani</strong></span> <span class='ocrx_word' id='word_1_903' title='bbox 2925 5548 3162 5632; x_wconf 57' lang='lat' dir='ltr'><strong>Epicteto</strong></span> <span class='ocrx_word' id='word_1_904' title='bbox 3187 5551 3278 5605; x_wconf 90' lang='lat' dir='ltr'><strong>lib.</strong></span> <span class='ocrx_word' id='word_1_905' title='bbox 3311 5566 3379 5632; x_wconf 54' lang='lat' dir='ltr'><strong>tt,</strong></span> <span class='ocrx_word' id='word_1_906' title='bbox 3406 5567 3455 5607; x_wconf 92' lang='lat' dir='ltr'><strong>c.</strong></span> <span class='ocrx_word' id='word_1_907' title='bbox 3487 5550 3560 5619; x_wconf 69' lang='lat'><strong>4;</strong></span> 
     </span>
    </p>
   </div>
   <div class='ocr_carea' id='block_1_117' title="bbox 1997 5618 3560 5693">
    <p class='ocr_par' dir='ltr' id='par_1_117' title="bbox 1997 5618 3560 5693">
     <span class='ocr_line' id='line_1_117' title="bbox 1997 5618 3560 5693; baseline 0 -18"><span class='ocrx_word' id='word_1_908' title='bbox 1997 5618 2307 5693; x_wconf 83' lang='lat' dir='ltr'><strong>Lueiani_i_n</strong></span> <span class='ocrx_word' id='word_1_909' title='bbox 2338 5618 2632 5693; x_wconf 57' lang='lat' dir='ltr'><strong>Fugitipis;</strong></span> <span class='ocrx_word' id='word_1_910' title='bbox 2664 5619 3294 5693; x_wconf 10' lang='lat' dir='ltr'><strong>EusebiiiPra:p.reaan;.</strong></span> <span class='ocrx_word' id='word_1_911' title='bbox 3329 5622 3457 5677; x_wconf 86' lang='lat' dir='ltr'><strong>lib.x</strong></span> <span class='ocrx_word' id='word_1_912' title='bbox 3477 5618 3560 5684; x_wconf 75' lang='lat' dir='ltr'><strong>nr,</strong></span> 
     </span>
    </p>
   </div>
   <div class='ocr_carea' id='block_1_118' title="bbox 1998 5689 3563 5763">
    <p class='ocr_par' dir='ltr' id='par_1_118' title="bbox 1998 5689 3563 5763">
     <span class='ocr_line' id='line_1_118' title="bbox 1998 5689 3563 5763; baseline 0.001 -15"><span class='ocrx_word' id='word_1_913' title='bbox 1998 5707 2049 5763; x_wconf 84' lang='lat' dir='ltr'><strong>c.</strong></span> <span class='ocrx_word' id='word_1_914' title='bbox 2088 5692 2187 5758; x_wconf 85' lang='lat' dir='ltr'><strong>l9;</strong></span> <span class='ocrx_word' id='word_1_915' title='bbox 2218 5689 2556 5763; x_wconf 47' lang='lat' dir='ltr'><strong>Theoderitr</strong></span> <span class='ocrx_word' id='word_1_916' title='bbox 2572 5689 2836 5763; x_wconf 85' lang='lat' dir='ltr'><strong>Sermone</strong></span> <span class='ocrx_word' id='word_1_917' title='bbox 2876 5692 2953 5763; x_wconf 64' lang='lat' dir='ltr'><strong>De</strong></span> <span class='ocrx_word' id='word_1_918' title='bbox 2998 5691 3216 5763; x_wconf 69' lang='lat' dir='ltr'><strong>legibus,</strong></span> <span class='ocrx_word' id='word_1_919' title='bbox 3245 5689 3317 5750; x_wconf 73' lang='lat' dir='ltr'><strong>ac</strong></span> <span class='ocrx_word' id='word_1_920' title='bbox 3362 5693 3563 5751; x_wconf 76' lang='lat' dir='ltr'><strong>Niceta</strong></span> 
     </span>
    </p>
   </div>
   <div class='ocr_carea' id='block_1_119' title="bbox 1998 5761 2999 5826">
    <p class='ocr_par' dir='ltr' id='par_1_119' title="bbox 1998 5761 2999 5826">
     <span class='ocr_line' id='line_1_119' title="bbox 1998 5761 2999 5826; baseline 0 -9"><span class='ocrx_word' id='word_1_921' title='bbox 1998 5762 2276 5819; x_wconf 72' lang='lat' dir='ltr'><strong>Choniatze</strong></span> <span class='ocrx_word' id='word_1_922' title='bbox 2302 5762 2393 5818; x_wconf 88' lang='lat' dir='ltr'><strong>lib.</strong></span> <span class='ocrx_word' id='word_1_923' title='bbox 2429 5779 2481 5817; x_wconf 81' lang='lat' dir='ltr'><strong>IV</strong></span> <span class='ocrx_word' id='word_1_924' title='bbox 2515 5761 2791 5826; x_wconf 81' lang='lat' dir='ltr'><strong>Thesauri,</strong></span> <span class='ocrx_word' id='word_1_925' title='bbox 2820 5777 2871 5817; x_wconf 83' lang='lat' dir='ltr'><strong>r.</strong></span> <span class='ocrx_word' id='word_1_926' title='bbox 2910 5761 2999 5821; x_wconf 68' lang='lat'><strong>10.</strong></span> 
     </span>
    </p>
   </div>
  </div>
