4030 6342
663 218 804 273 Ηίὶδ

1519 212 1573 267 S.
1609 207 1999 266 CLEMENTIS
2035 207 2052 260 l
2086 204 2252 258 ROM.
2289 200 2490 257 PONT.
2527 198 2753 254 OPERA
2788 198 3009 254 DUBIA.

3658 215 3745 268 ιιιι

645 332 903 404 quoniam
929 330 1148 401 quidem
1177 328 1340 396 cupio
1361 341 1449 382 me
1485 325 1749 380 inclinare
1775 324 1841 377 ad
1878 323 2016 379 bene
2048 336 2210 391 agen-
2240 323 2288 379 Α
2342 331 2465 386 quae
2499 316 2638 368 mala
2663 330 2784 370 esse
2819 314 2959 384 apud
2984 315 3247 368 neminem
3273 315 3666 380 dubitantur.Non
3689 332 3748 387 tibi

644 428 798 489 dum,
826 430 880 479 et
911 439 1019 477 non
1056 433 1279 491 possum
1312 417 1451 473 bene
1497 432 1678 488 agere,
1727 417 1832 473 nisi
1885 416 2036 487 prius
2069 413 2213 470 didi—

644 530 772 570 cero
806 511 935 583 quid
972 511 1043 566 sit
1080 510 1317 575 bonum;
1347 508 1491 578 quod
1537 509 1582 562 si
1629 508 1930 577 intelligere
1964 511 2212 577 potuero,

643 624 712 662 ex
740 609 857 678 ipso
884 605 1046 660 etiam
1070 602 1202 674 quid
1233 602 1308 657 sit
1336 601 1561 665 malum,
1595 602 1701 655 hoc
1735 609 1818 656 est
1842 601 1969 656 huic
1995 607 2216 654 contra-

644 701 811 763 rium,
836 697 1138 751 advertam.
1755 769 1757 771 ι

714 787 807 845 VI.
833 787 1035 842 Verum
1075 787 1139 841 ad
1190 785 1306 842 haec
1337 802 1458 856 qua:
1486 785 1619 850 dixi,
1668 799 1834 839 unum
1865 798 1894 837 e
1934 781 2088 837 vobis
2125 796 2214 834 re-

645 880 911 951 spondere
947 881 1087 944 volo,
1112 893 1222 932 non
1251 876 1503 942 Petrum;
1539 891 1649 930 non
1674 876 1819 931 enim
1858 875 2080 946 dignum
2111 882 2216 939 est,

646 973 716 1028 ab
763 971 857 1025 illo
903 971 1068 1024 verba
1100 976 1155 1023 et
1183 967 1488 1023 doctrinam
1533 982 1656 1020 cum
1701 966 2098 1034 quaestionibus
2126 981 2218 1019 ca.

648 1080 795 1135 pere,
827 1062 924 1118 sed
966 1062 1057 1116 ille
1093 1061 1140 1115 si
1185 1059 1319 1130 quid
1369 1059 1836 1130 pronuntiaverit,
1869 1058 1974 1112 hoc
2007 1059 2217 1126 absque

646 1155 825 1224 aliqua
873 1151 1262 1208 retractatione
1308 1158 1578 1204 teneatur.
1614 1149 1679 1202 Et
1728 1148 1850 1203 ideo
1899 1149 2013 1218 ipse
2058 1147 2218 1202 nobis

645 1252 895 1301 servetur
922 1243 1080 1314 quasi
1119 1241 1346 1307 arbiter,
1379 1251 1438 1295 ut
1476 1241 1652 1295 sicubi
1698 1239 1990 1310 disputatio
2032 1248 2219 1293 nostra

647 1339 853 1394 exitum
889 1351 994 1389 non
1031 1333 1328 1397 invenerit,
1364 1332 1480 1403 ipse
1518 1332 1662 1402 quod
1701 1333 1806 1387 sibi
1843 1331 2020 1386 visum
2057 1330 2219 1383 fuerit

647 1429 1045 1500 pronuntians,
1093 1426 1459 1480 indubitatum
1501 1425 1664 1480 ﬁnem
1692 1425 1858 1479 rebus
1906 1424 2085 1478 dubiis
2115 1423 2220 1476 im—

648 1526 832 1588 ponat.
866 1516 933 1571 Et
979 1532 1127 1571 nunc
1173 1531 1302 1586 ergo
1355 1531 1570 1585 possem
1622 1520 1740 1570 sola
1790 1515 1910 1584 ejus
1947 1514 2216 1570 sententia

643 1618 937 1667 contentus
972 1610 1213 1674 credere,
1248 1609 1294 1662 si
1322 1608 1452 1678 quid
1493 1610 1542 1662 ei
1573 1608 1866 1674 videretur,
1898 1608 2042 1679 quod
2066 1615 2122 1663 et
2151 1608 2218 1662 ad

2313 407 2539 463 videtur
2565 408 2764 460 malum
2792 421 2914 460 esse
2948 405 3144 470 febris,
3175 406 3472 473 incendium,
3495 413 3658 482 seditio,
3677 424 3748 475 rui.

2327 516 2421 566 na,
2457 502 2635 555 caedes
2656 540 2669 563 ,
2699 499 2913 553 vincula
2937 538 2950 563 ,
2994 499 3272 568 supplicia,
3303 500 3520 567 dolores,
3553 506 3698 573 luctus,
3722 524 3753 568 et

2326 593 2413 650 his
2457 594 2695 650 similia?
2740 591 2804 646 Et
2834 605 2986 662 pater
3013 611 3026 647 :
3055 591 3250 648 Verum
3276 608 3379 659 est,
3407 598 3569 669 inquit,
3589 602 3654 666 liii,
3679 607 3746 662 hac

2325 687 2468 740 mala
2497 702 2618 741 esse
2656 695 2711 740 et
2753 686 2910 740 valde
2949 686 3122 752 mala;
3155 695 3245 741 aut
3278 697 3408 743 certe
3439 693 3519 761 qui
3546 708 3662 766 negat
3681 697 3750 750 hec

2325 793 2448 832 esse
2473 779 2634 842 mala,
2663 778 2902 848 patiatur
2928 792 3009 832 ea.

2395 874 2484 929 IX.
2516 874 2583 929 Et
2608 890 2707 945 ego
2733 873 2990 944 respondi
3019 891 3032 926 :
3059 871 3196 938 Quia
3220 888 3340 943 ergo
3359 889 3466 928 cum
3494 891 3547 929 eo
3572 876 3745 933 miliiser-

2326 982 2416 1022 mo
2439 976 2543 1032 est,
2580 967 2674 1037 qui
2717 967 2770 1020 in
2809 965 3138 1036 astrologiea
3185 963 3447 1034 disciplina
3475 966 3659 1023 eruditus
3681 977 3743 1032 est,

2323 1061 2631 1117 secundum
2677 1061 2850 1132 ipsam
2873 1067 3065 1114 tecum
3115 1073 3266 1129 agam
3284 1099 3298 1122 ,
3323 1069 3376 1112 ut
3404 1060 3461 1114 de
3486 1059 3556 1113 bis
3584 1078 3667 1131 que
3686 1063 3743 1117 tibi

2300 1153 2380 1215 in
2410 1170 2511 1209 usu
2548 1160 2679 1208 sunt
2726 1153 2999 1222 accipiens
3043 1152 3323 1216 rationem,
3355 1151 3497 1208 citius
3518 1154 3743 1224 acquiescas.

2323 1243 2465 1299 Audi
2508 1259 2655 1298 nunc
2697 1260 2848 1312 ergo.
2899 1243 3198 1299 Confessus
3229 1259 3286 1299 es
3325 1245 3450 1297 mala
3488 1260 3637 1299 esseea
3664 1262 3744 1315 qua:

2325 1350 2491 1404 supra
2526 1335 2789 1398 diximus,
2822 1335 2873 1388 id
2898 1343 2980 1390 est
3015 1335 3213 1397 febres,
3243 1334 3487 1396 imendia,
3508 1342 3546 1388 et
3571 1335 3743 1391 hissimi-

2324 1429 2427 1496 lia;
2458 1430 2573 1484 haec
2621 1430 2921 1485 secundum
2967 1443 3064 1484 vos
3104 1444 3133 1481 a
3166 1428 3433 1482 malitiosis
3456 1428 3580 1482 stellis
3596 1429 3671 1482 ﬁeri
3689 1429 3743 1482 di-

2324 1531 2550 1586 cuntur,
2604 1520 2659 1575 id
2703 1530 2788 1577 est
2820 1522 2888 1575 ab
2936 1519 3160 1576 humido
3212 1517 3430 1574 Saturno
3469 1519 3529 1588 (9)
3553 1529 3590 1575 et
3625 1520 3742 1575 calido

2327 1615 2528 1684 Marte;
2557 1616 2750 1672 horum
2783 1632 2912 1673 vero
2935 1617 3211 1671 contraria
3237 1630 3265 1668 a
3285 1614 3503 1684 benignis
3527 1613 3605 1668 ﬁeri
3619 1615 3742 1679 stellis,

645 1703 896 1757 ultimum
944 1700 1176 1768 faciam;
1224 1702 1348 1755 volo
1373 1709 1566 1755 tamen
1603 1701 1755 1772 prius
1800 1678 2005 1768 videre,
2043 1700 2090 1755 si
2136 1710 2220 1755 est
2252 1678 2294 1731 Β
2324 1706 2377 1762 id
2417 1678 2557 1762 est'a
2590 1713 2889 1775 temperato
2915 1702 3051 1760 Jove
3070 1712 3123 1759 et
3153 1703 3360 1758 humida
3383 1678 3661 1769 Venereuut
3676 1718 3741 1757 non

641 1792 905 1862 pOssibiIe
945 1790 1276 1862 disputando
1307 1791 1551 1845 invenire
1585 1791 1733 1860 quod
1768 1791 2051 1862 quaeritur.
2086 1789 2218 1844 *Pla-

639 1891 728 1939 cet
763 1898 893 1954 ergo
927 1891 986 1936 ut
1019 1881 1272 1938 Clemens
1315 1883 1524 1954 primus
1554 1883 1811 1953 incipiat,
1841 1892 1895 1937 et
1940 1883 2212 1949 ostendat,

643 1976 690 2032 si
717 1982 801 2032 est
834 1975 1040 2046 aliquid
1087 1976 1140 2030 in
1189 1976 1498 2032 substantia
1533 1984 1586 2032 et
1621 1977 1836 2033 actibus
1879 1977 2081 2032 bonum
2132 1978 2218 2033 vel

637 2069 868 2123 malum.

715 2159 822 2214 VII.
861 2159 940 2213 Ad
976 2159 1092 2214 haec
1134 2175 1238 2230 ego
1275 2160 1533 2231 respondi
1568 2176 1582 2212 :
1614 2161 1881 2227 Quoniam
1926 2161 2146 2233 quidem
2173 2177 2212 2216 ~a

643 2269 731 2308 me
764 2254 846 2307 vis
875 2252 1111 2318 discere,
1141 2252 1187 2307 si
1223 2261 1308 2308 est
1352 2252 1558 2324 aliquid
1602 2261 1795 2307 natura
1831 2261 1922 2308 aut
1957 2263 2081 2307 actu
2116 2253 2214 2307 bo—

637 2363 769 2402 num
797 2347 880 2402 vel
904 2347 1129 2411 malum,
1157 2362 1226 2400 an
1254 2346 1436 2416 potius
1463 2363 1566 2402 usu
1590 2349 1876 2417 prreventis
1901 2348 2212 2402 hominibus

630 2439 779 2496 bona
801 2439 1047 2508 quaedam
1081 2445 1134 2493 et
1177 2439 1283 2494 alia
1328 2439 1584 2494 videntur
1621 2440 1784 2504 mala,
1829 2455 1931 2510 pro
1975 2456 2039 2495 eo
2065 2441 2211 2510 quod

636 2533 958 2590 divisionem
985 2532 1127 2588 inter
1161 2548 1219 2588 se
1246 2549 1436 2589 rerum
1465 2533 1641 2588 fecere
1675 2534 2065 2598 communium,
2090 2550 2211 2606 quae

635 2623 919 2691 deberent,
973 2634 1032 2678 ut
1076 2625 1178 2690 ais,
1227 2626 1301 2681 ita
1349 2641 1472 2682 esse
1513 2628 1850 2690 communia,
1900 2635 1959 2681 ut
2011 2642 2104 2681 aer
2158 2636 2211 2682 et

637 2718 898 2788 splendor
930 2719 1096 2786 solis;
1133 2724 1265 2788 puto
1298 2717 1443 2788 quod
1480 2733 1590 2774 non
1619 2718 1966 2774 debeamtibi
1992 2721 2210 2775 aliunde

633 2810 968 2864 assertiones
1003 2808 1283 2874 adhibere,
1320 2809 1424 2864 nisi
1453 2824 1519 2863 ex
1561 2808 1645 2862 his
1679 2808 1985 2879 disciplinis
2011 2809 2209 2878 quibus

628 2900 754 2970 ipse
788 2901 961 2956 uteris
996 2907 1048 2955 et
1081 2915 1219 2970 quas
1269 2899 1385 2970 ipse
1440 2898 1764 2963 conﬁrmas,
1802 2908 1855 2954 et
1903 2900 2208 2955 indubitata

2324 1800 2397 1854 ita
2421 1798 2539 1854 est?
2568 1797 2634 1851 Et
2661 1803 2817 1868 pater
2847 1796 3132 1866 respondit
3176 1812 3190 1848 :
3230 1794 3302 1848 Ita
3329 1804 3421 1861 est,
3445 1795 3522 1858 tili,
3547 1810 3622 1848 nec
3644 1797 3740 1848 aliter

2322 1885 2440 1941 ﬁeri
2471 1893 2672 1956 potest.
2717 1884 2856 1940 Tum
2895 1901 2997 1956 ego
3033 1903 3046 1939 :
3080 1884 3216 1952 Quia
3254 1900 3374 1956 ergo
3416 1900 3440 1936 a
3479 1885 3601 1940 bonis
3622 1885 3738 1945 stellis.

2316 1977 2450 2036 Jove
2496 1980 2620 2036 dico
2665 1987 2720 2036 et
2748 1978 2992 2044 Venere,
3041 1980 3184 2036 bona
3230 1979 3339 2033 ﬁeri
3371 1977 3740 2039 dicitis,videamus

2323 2089 2665 2144 unaquaque
2697 2074 2964 2128 malarum
2998 2073 3278 2128 stellarum
3307 2088 3417 2126 cum
3445 2071 3620 2125 admista
3642 2070 3740 2126 fuerit

2316 2166 2497 2232 bonis,
2524 2166 2656 2237 quid
2684 2173 2768 2222 est
2795 2166 2938 2236 quod
2963 2164 3162 2232 eiﬁcit;
3194 2174 3247 2222 et
3278 2166 3397 2220 illud
3434 2181 3532 2221 esse
3566 2164 3740 2234 intellig:-

2319 2275 2444 2315 mus
2475 2259 2702 2314 malum.
2733 2258 2946 2313 Etenim
2993 2259 3216 2329 nuptias
3260 2258 3422 2313 facere
3461 2256 3652 2311 Venerem
3683 2271 3740 2325 po-

2316 2353 2481 2422 nitis;
2521 2369 2644 2424 quae
2675 2354 2720 2410 si
2767 2352 2956 2408 Jovem
2987 2352 3189 2408 habeat
3232 2352 3285 2407 in
3315 2352 3545 2407 schemate
3574 2364 3658 2412 suo,
3677 2363 3738 2418 pn-

2314 2447 2467 2504 dicas
2492 2447 2718 2514 eﬁiciat,
2753 2445 2887 2503 Jove
2929 2455 3115 2502 autem
3169 2461 3279 2501 non
3321 2444 3605 2516 respiciente,
3633 2440 3739 2495 siad-

2315 2542 2478 2598 I'uerit
2510 2541 2675 2607 Mars,
2709 2541 2986 2611 corrumpi
3029 2541 3251 2611 nuptias
3283 2555 3371 2609 per
3395 2536 3638 2592 adulterium
3658 2547 3737 2601 pro~

2313 2633 2601 2689 nuntiatis.
2636 2632 2700 2687 Et
2728 2641 2883 2704 pater
2911 2651 2924 2686 :
2951 2630 3029 2685 Ita
3065 2648 3156 2697 se,
3185 2631 3386 2701 inquit,
3421 2629 3560 2683 habet.
3591 2625 3664 2694 Ego
3685 2637 3738 2676 re-

2313 2726 2508 2796 εβοηάί
2545 2745 2558 2780 ε
2591 2724 2736 2796 Ergo
2779 2724 2982 2777 malum
3019 2732 3106 2779 est
3150 2722 3481 2785 adulterium,
3505 2714 3737 2789 quandoqui-

2311 2817 2432 2870 dem
2457 2832 2522 2871 ει
2548 2818 2813 2871 malarum
2835 2817 3119 2872 stellarum
3149 2816 3453 2871 admistione
3469 2810 3733 2869 committitur;

2311 2917 2365 2964 et
2393 2917 2451 2964 ut
2480 2910 2927 2980 compendiosius
2953 2909 3314 2980 explicemus,
3342 2909 3487 2964 omnia
3505 2919 3586 2976 qua!
3610 2900 3729 2954 dicitis

637 2991 881 3045 tibi'sint
925 3006 1047 3061 qua:
1093 2990 1374 3045 dicuntur.
1403 2988 1658 3044 Omnium
1705 2992 2098 3048 elementorum
2153 3001 2207 3048 et
2233 3018 2276 3076 ο
2308 3019 2376 3058 ει
2427 3003 2695 3056 malarum
2757 3001 3088 3057 admistione
3129 3002 3398 3058 stellarum
3439 3001 3555 3054 bonas
3588 2990 3727 3061 perpeti

632 3082 913 3136 stellarum
954 3088 1131 3137 certos
1167 3081 1372 3152 ponitis
1408 3080 1564 3144 ﬁnes,
1609 3096 1855 3151 quasque
1900 3084 2085 3140 stellas
2119 3083 2205 3140 di-

630 3175 755 3229 citis
788 3175 843 3229 in
880 3174 1203 3246 quibusdam
1232 3175 1440 3240 absque
1468 3189 1608 3228 noxa
1630 3175 1779 3229 coire
1807 3176 1948 3230 sicut
1983 3176 2040 3231 in
2075 3193 2198 3232 con-

624 3267 814 3338 jugiis,
848 3267 900 3320 in
923 3262 1047 3321 aliis
1075 3281 1203 3321 vero
1224 3267 1386 3321 noxie
1412 3267 1629 3321 misceri
1656 3268 1796 3322 sicut
1822 3268 1872 3322 in
1899 3268 2203 3329 adulteriis.

631 3356 700 3411 Et
746 3357 930 3414 dicitis
963 3358 1213 3430 quzedam
1250 3360 1538 3430 generalia
1573 3376 1694 3416 esse
1737 3362 1981 3418 omnium
2004 3404 2018 3427 ,
2055 3381 2204 3436 qua:-

631 3451 755 3506 dam
803 3468 934 3508 vero
977 3469 1083 3508 non
1129 3455 1373 3507 omnium
1426 3471 1601 3525 neque
1646 3459 1937 3527 generalia.
1980 3458 2086 3515 Sed
2135 3478 2203 3516 ne

628 3543 838 3612 prolixa
876 3544 1177 3615 disputatio
1228 3544 1355 3610 ﬁat,
1407 3545 1647 3603 breviter
1684 3557 1738 3602 et
1787 3551 1853 3605 de
1909 3567 1968 3606 re
1999 3553 2198 3611 dicam.

625 3632 796 3692 Terra
823 3653 945 3708 quae
970 3638 1121 3693 arida
1155 3646 1261 3702 est,
1289 3640 1544 3711 conjugio
1567 3650 1621 3696 et
1644 3643 1970 3702 admistione
1995 3646 2202 3719 indiget

627 3744 799 3799 aqum,
830 3739 888 3783 ut
921 3731 1097 3800 possit
1141 3747 1403 3802 generare
1441 3733 1680 3802 fructus,
1718 3737 1836 3794 sine
1854 3740 2062 3811 quibus
2091 3742 2200 3798 vita

626 3821 940 3878 hominibus
975 3839 1086 3878 non
1120 3831 1239 3892 est;
1268 3833 1354 3880 est
1387 3842 1518 3900 ergo
1543 3827 1659 3884 haec
1696 3830 1933 3902 legitima
1967 3835 2200 3906 conjun-

624 3914 752 3968 ctio.
781 3914 1020 3970 Econtra
1056 3918 1102 3972 si
1139 3929 1233 3974 aut
1255 3921 1469 3989 pruina:
1494 3920 1678 3992 frigus
1715 3934 1871 3980 terrae
1905 3927 2199 3984 misceatur

620 4013 717 4061 aut
749 4008 900 4061 calor
935 4011 1113 4081 aquis,
1143 4012 1457 4082 hujusmodi
1487 4015 1802 4086 conjunctio
1827 4021 2196 4091 corruptelam

618 4097 786 4162 facit;
814 4105 867 4152 et
903 4099 1005 4154 hoc
1032 4101 1084 4154 in
1118 4102 1318 4158 talibus
1343 4105 1672 4161 adulterium
1700 4116 1804 4164 est.

690 4186 827 4246 VIII.
856 4189 923 4244 Et
957 4202 1110 4264 pater
1135 4196 1415 4266 respondit
1455 4214 1467 4250 :
1499 4199 1605 4254 Sed
1632 4200 1776 4256 sicut
1796 4203 2192 4259 elementbrum

611 4282 702 4334 vel
729 4282 1011 4337 stellarum
1064 4285 1380 4344 inconsonae
1412 4291 1817 4361 conjunotionis
1852 4295 2037 4350 statim
2066 4312 2193 4367 pro-

2302 3096 2517 3161 stellas,
2550 3095 2694 3148 mala
2730 3109 2866 3150 esse
2899 3094 3028 3150 sine
3077 3095 3245 3150 dubio
3283 3090 3597 3164 pronuntianda
3629 3092 3727 3139 sunt.

2308 3185 2428 3241 Istm
2454 3201 2585 3256 ergo
2615 3185 2788 3240 stellae
2813 3201 3045 3256 «piarum
3075 3185 3390 3241 admistione
3406 3182 3585 3236 diximus
3601 3176 3728 3236 (chres,

2308 3280 2580 3346 incendia,
2614 3287 2668 3334 et
2707 3289 2900 3335 czetern
2926 3279 3012 3334 his
3049 3279 3255 3334 similia
3287 3277 3410 3332 eﬁici
3434 3272 3730 3339 mala,ips'ese-

2307 3372 2544 3427 cundum
2575 3388 2674 3426 vos
2704 3371 2868 3427 etiam
2895 3371 3221 3437 homicidia,
3256 3368 3506 3428 adulteria,
3533 3363 3628 3416 furta
3646 3370 3729 3428 ope-

2309 3473 2518 3530 rantur,
2542 3473 2830 3534 protervos
2857 3466 3021 3518 etiam
3045 3473 3100 3521 et
3132 3464 3354 3520 stolidos
3383 3464 3494 3534 ipsa:
3511 3456 3686 3514 elﬁciunl-

2372 3556 2440 3612 Χ.
2475 3558 2542 3611 Ει
2576 3567 2768 3630 pater:
2802 3557 2973 3626 Vere,
3009 3559 3218 3630 inquit,
3251 3558 3467 3615 breviter
3487 3562 3528 3609 et
3550 3552 3730 3614 incompti.

2304 3652 2557 3708 rabiliter
2578 3653 2886 3716 ostendisti,
2925 3654 3052 3722 quia
3095 3655 3208 3709 sint
3238 3652 3369 3706 mala
3405 3651 3453 3704 in
3479 3635 3731 3703 actibus,sed

2299 3744 2407 3799 hoc
2459 3745 2641 3799 adhuc
2684 3746 2844 3800 velim
2892 3745 3127 3813 discere,
3167 3742 3422 3816 qbomodo
3459 3739 3576 3809 juste
3600 3729 3735 3800 iudicat

2293 3837 2447 3893 Deus
2472 3854 2568 3894 eos
2591 3838 2684 3909 qui
2717 3847 2979 3908 peccant,
3006 3841 3151 3895 sicut
3185 3854 3281 3896 vos
3311 3836 3496 3897 dicitis,
3529 3831 3564 3885 si
3586 3835 3734 3898 peccare

2286 3944 2394 3985 eos
2426 3929 2645 4002 genesis
2691 3931 2873 4000 cogit?
2899 3929 3036 3984 Tum
3069 3946 3171 4001 ego
3211 3926 3444 4000 respondi
3471 3943 3482 3977 :
3513 3921 3656 3975 Vereor
3679 3911 3732 3965 di-

2285 4038 2422 4078 cere
2471 4023 2565 4078 tibi
2601 4024 2829 4094 aliquid,
2857 4030 3034 4095 pater,
3061 4024 3204 4095 quia
3250 4024 3304 4078 in
3349 4019 3477 4076 omni
3526 4024 3565 4068 te
3601 4012 3734 4064 honore

2288 4115 2484 4170 haberi
2517 4131 2548 4170 a
2587 4132 2674 4172 me
2711 4117 2900 4184 decet,
2935 4118 3180 4188 alioquin
3214 4124 3324 4172 erat
3364 4114 3484 4184 quod
3516 4105 3662 4181 possim
3684 4098 3735 4152 di-

2297 4220 2420 4261 cere
2451 4207 2496 4262 si
2526 4208 2763 4263 deceret.
2797 4208 2865 4263 Et
2890 4218 3047 4280 pater
3076 4210 3156 4265 ait
3199 4229 3211 4265 :
3246 4209 3335 4263 Dic
3363 4205 3482 4277 quod
3511 4199 3584 4254 tibi
3607 4202 3734 4250 oecur-

2297 4299 2390 4362 rit,
2417 4297 2530 4366 ﬁli,
2559 4300 2775 4356 etiamsi
2822 4302 3155 4370 iniuriosum
3182 4302 3413 4366 videtur;
3440 4310 3530 4352 non
3556 4289 3659 4346 enim
3681 4292 3730 4337 tu.

616 4371 766 4427 ditur
793 4390 957 4439 noxa,
984 4378 1058 4430 ita
1084 4379 1306 4434 deberet
1328 4391 1381 4436 et
1408 4382 1740 4439 adulterium
1770 4388 1952 4442 statim
1975 4388 2190 4443 ostendi
2223 4369 2267 4424 θ
2291 4390 2393 4446 sed
2440 4393 2760 4461 quaestionis
2801 4369 2942 4447 ratio
2979 4394 3242 4464 injuriam
3275 4393 3423 4452 facit,
3464 4387 3576 4442 sicut
3604 4374 3730 4448 pudiﬂ

617 4478 781 4534 quam
816 4468 1016 4522 malum
1041 4483 1144 4525 est.
1178 4471 1244 4525 Et
1272 4488 1372 4544 ego
1397 4475 1482 4529 aio
1511 4491 1524 4527 :
1557 4476 1670 4533 Hoc
1702 4479 1837 4533 mihi
1863 4481 2038 4550 primo
2064 4497 2193 4538 con-

621 4553 804 4619 ﬁrma,
833 4557 901 4621 si,
932 4567 991 4613 ut
1014 4563 1176 4615 etiam
1205 4565 1321 4632 ipse
1354 4566 1643 4624 confessus
1681 4583 1762 4633 es,
1795 4585 1861 4625 ex
1887 4570 2189 4641 incongrua

614 4653 669 4698 et
693 4646 995 4704 inconsona
1036 4652 1366 4713 admistione
1401 4657 1712 4715 elﬁciuntur
1752 4663 1918 4728 mala,
1948 4670 2001 4718 et
2035 4664 2186 4719 istud

614 4736 669 4790 in
705 4743 1169 4811 consequentibus
1203 4750 1531 4818 requiretur.
1560 4751 1623 4805 Et
1668 4760 1830 4823 .pater
1875 4754 1950 4807 ait
1980 4773 1992 4808 :
2021 4753 2092 4810 Ut
2126 4771 2185 4811 se

612 4829 776 4886 habet
800 4833 878 4888 rei
926 4843 1143 4913 natura,
1173 4838 1249 4893 ita
1297 4840 1400 4904 ais,
1439 4841 1534 4898 ﬁli.
1564 4842 1700 4898 Tum
1739 4861 1839 4916 ego
1875 4847 2133 4918 respondi
2167 4867 2179 4901 :

607 4920 750 4987 Quia
790 4941 922 4996 ergo
956 4927 1170 4986 discere
1214 4934 1368 5002 cupis
1415 4935 1480 4990 de
1508 4935 1616 5004 his,
1664 4939 1790 4994 vide
1835 4948 2040 5010 quanta
2074 4941 2184 4996 sint

2296 4483 2492 4538 mulier
2521 4483 2901 4553 intemperanti
2933 4484 3071 4548 viro,
3106 4487 3151 4540 si
3194 4501 3288 4556 pro
3340 4484 3488 4537 salute
3517 4474 3731 4541 indigne!"r

2284 4583 2349 4631 et
2371 4575 2675 4630 honestate.
2727 4575 2791 4628 Et
2835 4592 2938 4647 ego
2985 4579 3241 4647 respondi
3276 4597 3286 4630 :
3319 4575 3370 4630 Si
3412 4572 3551 4642 prima
3578 4569 3731 4633 qlia/5‘1ue

2296 4668 2439 4723 inter
2462 4683 2564 4723 nos
2592 4669 2912 4723 conﬁrmata
2937 4679 2991 4725 et
3020 4672 3270 4727 confessa
3311 4683 3408 4724 non
3435 4666 3546 4720 bene
3567 4654 3728 4712 retinea-

2295 4776 2439 4828 mus,
2474 4762 2571 4816 sed
2602 4777 2816 4833 semper
2851 4779 2972 4834 quae
2999 4765 3222 4820 deﬁnita
3247 4770 3363 4819 sunt
3387 4755 3730 4815 resolvanturpr

2293 4850 2642 4916 oblivionem,
2677 4852 2982 4908 videbimur
3022 4857 3183 4911 telam
3228 4863 3394 4913 texere
3425 4844 3727 4911 Penelopes,ea

2289 4956 2409 5011 quae
2436 4941 2707 4998 texuimus
2736 4946 3098 5013 resolventes;
3128 4954 3182 5004 et
3200 4945 3313 5001 ideo
3330 4942 3548 4998 debemus
3569 4934 3636 4984 aut
3659 4935 3727 4976 ιιοίι

1902 5184 2271 5244 COTELERII
2303 5189 2533 5245 NOTAE.

676 5371 751 5496 φ)
793 5373 1028 5430 Humido
1055 5374 1312 5436 Saturno.
1342 5380 1487 5437 Idem
1515 5385 1582 5440 de
1613 5386 1869 5452 Saturno,
1898 5391 2174 5445 humidam

676 5460 686 5496 ι
712 5445 814 5496 lam
841 5461 983 5496 esse.
1004 5449 1246 5496 sentiunt
1264 5449 1516 5496 Clemnne
1548 5457 1946 5496 Διρνςιηιινςηιω
1974 5459 2147 5496 cm...

604 5445 814 5498 stellam
841 5461 983 5513 esse,
1004 5449 1246 5505 sentiunt
1264 5449 1516 5510 Clemens
1541 5445 1949 5516 Alexandrinus
1972 5459 2170 5515 Strom.

604 5530 657 5576 v,
700 5531 751 5580 p.
789 5515 924 5580 564;
970 5517 1197 5575 Nonnus
1227 5524 1588 5579 Διονυσιακῶν
1622 5530 1714 5580 lib.
1744 5547 1899 5580 xvm-
1953 5549 2003 5580 n-
2036 5533 2166 5580 500:

602 5530 657 5576 ν,
700 5531 754 5595 p._
789 5530 924 5583 tam;
970 5530 1197 5575 monitus
1227 5530 1588 5579 Διονυσιακῶν
1622 5530 1714 5582 lib.
1744 5547 1899 5591 xvnr.
1953 5549 2003 5602 p.
2036 5533 2166 5587 500;

604 5582 828 5673 _5_cf‘;":§
877 5588 943 5642 ad
964 5587 1222 5673 ,(ἓεονςζξς.
1261 5593 1919 5673 l._12.._13,etPlatunici
1952 5602 2170 5673 quidam

605 5655 746 5724 apud
777 5655 1232 5717 Macrobium'lib.
1267 5655 1294 5718 ι⁷
1316 5664 1369 5718 in
1402 5655 1676 5724 Somnium
1708 5655 2050 5745 Scipionis}.
2087 5672 2170 5726 II.

2281 5391 2481 5447 Verum
2513 5393 2658 5450 Julio
2689 5395 2924 5453 Firmico
2971 5399 3064 5454 lib.
3101 5416 3160 5464 ιι,
3205 5417 3251 5454 c.
3285 5400 3362 5463 10,
3393 5403 3462 5449 est
3492 5384 3717 5464 :_Saturhttt

2278 5475 2475 5516 natura
2514 5467 2719 5536 quidem
2744 5467 2970 5537 frigidus
3011 5481 3060 5523 et
3104 5460 3282 5528 siccus.
3313 5460 3369 5522 ei:
3407 5460 3715 5537 accideﬁlﬂuff

2275 5515 2598 5613 quand
2912 5515 3146 5613 nni
3499 5531 3587 5613 1"!"

2278 5587 3213 5686 ίιετριὼαἷξρον
3241 5587 3556 5668 ’Ῠὲξιᾶδὶἒιυηι
3596 5587 3713 5648 Ptole-

2275 5676 2394 5730 ιιιεεί
2425 5692 2474 5732 c.
2504 5676 2558 5732 ι
