4030 6342
643 343 775 399 Hi?

1434 294 1518 394 AS.
1561 332 1961 395 CLEMENTIS
1992 335 2013 390 1
2050 336 2218 392 ROM.
2252 335 2455 391 ΡΟΝΤ.
2493 333 2717 391 OPERA
2752 333 2951 390 DUBlA

3627 344 3716 401 lli!

709 460 823 516 Xll.
859 461 1011 516 Sicut
1040 460 1183 514 enim
1216 458 1331 514 ﬁeri
1360 458 1498 515 solet
1520 456 1612 512 ubi
1636 455 1847 511 somnia
1879 453 2100 524 obliqua
2137 452 2209 507 vi-
2238 456 2284 514 Α
2312 450 2439 507 fecit
2462 451 2668 505 omnia.
2695 448 2752 504 Si
2769 449 2913 505 enim
2944 447 3190 519 Magister
3208 457 3371 503 noster
3390 449 3506 506 diem
3519 462 3560 509 et
3577 454 3716 525 horam,

637 555 817 610 derint
842 551 1112 615 homines,
1133 558 1186 606 et
1203 548 1493 620 nihiljcerti
1514 547 1844 618 intelligunt,
1866 560 1990 600 cum
2008 545 2206 613 aliquis

639 646 940 701 occurrerit
959 644 1138 699 exitus
1163 658 1365 707 rerum,
1398 649 1528 695 tunc
1558 638 1625 694 ad
1654 654 1717 694 ea
1746 654 1868 709 qua:
1906 636 2206 692 acciderint

638 743 826 807 aptant
865 736 1027 791 etiam
1073 735 1272 792 somnii
1322 734 1525 798 visum,
1560 733 1633 785 ita
1672 739 1757 786 est
1797 738 1852 786 et
1900 728 2203 794 mathesis;

637 840 928 899 antequam
978 828 1183 899 aliquid
1236 827 1354 891 ﬁat,
1412 825 1545 881 certi
1600 824 1738 878 nihil
1796 822 2201 893 pronuntiatur,

637 928 826 991 postea
872 936 1003 976 vero
1038 936 1200 992 quam
1233 920 1437 991 aliquid
1478 917 1760 978 acciderit,
1786 916 1867 970 rei
1894 916 2006 985 jam
2042 918 2207 984 gistae

635 1014 902 1084 colligunt
937 1028 1153 1069 causas.
1189 1013 1431 1082 Denique
1476 1010 1788 1081 frequenter
1823 1024 1946 1061 eum
1984 1021 2206 1060 errave-

638 1106 748 1162 rint
768 1114 822 1162 et
859 1106 1015 1162 aliter
1047 1122 1136 1163 res
1154 1105 1436 1170 acciderit,
1470 1104 1790 1172 semetipsos
1815 1100 2099 1168 increpant
2130 1096 2210 1151 di-

638 1206 824 1254 centes
854 1198 981 1267 quia
1023 1198 1114 1252 illa
1142 1198 1243 1252 fuit
1273 1197 1427 1253 stella
1466 1212 1586 1267 quae
1624 1193 1925 1265 impedivit,
1966 1207 2086 1262 qua:
2114 1205 2208 1243 oc-

638 1292 836 1356 currit,
861 1298 915 1346 et
937 1306 1045 1344 non
1075 1290 1661 1359 vidimus,ignorantes
1676 1287 1804 1357 quia
1835 1300 1992 1340 error
2018 1298 2206 1339 eorum

639 1399 747 1438 non
783 1399 850 1438 ex
891 1383 1024 1437 artis
1056 1381 1445 1452 imprudentia,
1476 1380 1570 1437 sed
1600 1396 1665 1436 ex
1710 1379 1879 1434 totius
1909 1392 2093 1433 causa:
2123 1375 2209 1430 in-

640 1474 1016 1529 convenientia
1060 1472 1382 1529 descendit:
1422 1473 1672 1542 ignorant
1717 1472 1861 1526 enim
1907 1485 2028 1540 quae
2076 1469 2208 1536 sint,

639 1583 760 1638 quae
781 1566 959 1623 facere
988 1567 1204 1637 quidem
1240 1567 1718 1637 concupiscamus,
1748 1579 1856 1619 non
1897 1572 2078 1618 tamen
2126 1565 2211 1617 in—

641 1662 961 1731 dulgeamus
987 1660 1470 1729 concupiscentiis.
1499 1656 1611 1713 Nos
1634 1666 1816 1713 autem
1848 1656 1939 1726 qui
1964 1656 2210 1726 mysterii

642 1751 805 1821 hujus
840 1749 1130 1805 didicimus
1158 1748 1449 1811 rationem,
1480 1748 1685 1803 scimus
1723 1754 1776 1801 et
1808 1761 2053 1809 causam,
2080 1743 2209 1815 quia

2319 544 2487 614 cujus
2518 544 2682 599 etiam
2696 544 2851 614 signa
2870 540 3136 614 praedixit,
3159 541 3355 597 nescire
3368 558 3418 598 se
3431 546 3715 616 prolessusest,

2308 642 2369 688 ut
2404 643 2577 689 totum
2614 642 2894 690 revocaret
2921 632 2986 687 ad
3008 631 3235 697 Patrem,
3265 635 3498 703 quomodo
3529 654 3604 695 nos
3618 649 3718 712 turpe

2308 726 2594 791 ducemus,
2620 726 2666 780 si
2689 726 2869 796 aliqua
2899 739 2998 779 nos
3023 724 3261 795 ignorare
3287 724 3527 791 fateamur,
3550 746 3638 785 cum
3653 732 3719 786 lla-

2309 821 2464 892 gistri
2488 820 2543 874 in
2558 820 2659 874 hoc
2684 820 2980 874 habeamus
3006 818 3327 888 exemplum?
3346 818 3441 875 Hoc
3454 831 3593 877 tamen
3615 841 3719 884 unum

2310 914 2627 984 proﬁtemur
2658 927 2721 966 ea
2744 927 2845 966 nos
2870 911 3030 974 scire,
3064 926 3183 981 quae
3208 926 3237 964 a
3272 927 3386 967 vero
3403 915 3605 984 propheta
3633 918 3719 972 didi-

2308 1008 2520 1073 cimus;
2554 1020 2617 1061 ea
2638 1015 2815 1061 autem
2837 1020 2866 1058 a
2886 1020 3016 1060 vero
3038 1005 3286 1075 propheta
3312 1006 3448 1063 nobis
3466 1023 3560 1065 esse
3578 1012 3717 1079 tradita,

2309 1116 2428 1171 quae
2452 1098 2706 1154 sufﬁcere
2733 1097 2983 1152 humanae
3012 1098 3245 1151 scientia:
3265 1098 3507 1167 judicavit.

2380 1190 2497 1247 XV.
2535 1191 2671 1246 Tum
2719 1207 2819 1263 ego
2858 1191 3109 1247 Clemens
3151 1191 3320 1247 dicere
3357 1192 3422 1246 ita
3457 1196 3563 1263 arpi
3589 1197 3719 1268 :Apud

2311 1283 2575 1354 Tripolim
2624 1299 2748 1337 cum
2791 1290 2985 1337 contra
3036 1282 3258 1352 gentiles
3285 1282 3555 1351 disputares,
3573 1285 3717 1342 domine

2310 1376 2386 1431 mi
2416 1374 2596 1441 Petre,
2628 1374 2784 1430 valde
2807 1375 3038 1428 miratus
3060 1389 3177 1428 sum
3209 1382 3279 1438 te,
3304 1374 3389 1444 qui
3415 1390 3439 1428 a
3463 1376 3627 1446 patribus
3646 1377 3718 1433 lle-

2310 1470 2455 1524 braeo
2503 1468 2611 1522 ritu
2634 1454 2705 1522 et
2751 1468 3115 1523 ohservantiis
3144 1468 3360 1537 propriae
3400 1469 3507 1537 legis
3541 1470 3717 1535 imbutus,

2309 1559 2514 1615 Graeca:
2544 1560 2872 1616 eruditionis
2911 1559 3110 1614 studiis
3147 1560 3201 1612 in
3238 1559 3377 1613 nullo
3410 1558 3719 1628 inquinatuses,

2310 1651 2585 1724 quomodo
2628 1660 2739 1705 tam
2787 1650 3075 1722 magniﬁce
3118 1657 3171 1704 et
3220 1657 3321 1703 tam
3367 1650 3722 1719 incomparabiliter

2313 1751 2633 1817 prosecutus
2679 1744 2777 1809 sis,
2825 1743 2901 1797 ita
2943 1743 3210 1801 utetiam
3239 1741 3457 1813 quaedam
3482 1742 3535 1796 de
3570 1742 3722 1797 historiis

644 1844 947 1899 libertatem
975 1841 1237 1896 habentes
1260 1840 1474 1895 arbitrii
1507 1839 1780 1894 interdum
1811 1838 2206 1907 concupiscen-
2236 1856 2280 1910 Β
2308 1839 2537 1894 deorum
2569 1842 2691 1907 qitaa
2720 1837 2775 1891 in
2801 1836 3033 1891 theatris
3067 1834 3335 1890 decantari
3354 1836 3516 1896 solent,
3542 1837 3723 1903 continge-

640 1933 734 1988 tiis
775 1932 1120 1997 obsistimus,
1153 1930 1424 1986 interdum
1451 1931 1731 1986 cedimus:
1770 1937 1823 1985 et
1854 1928 1976 1984 ideo
2017 1928 2209 1982 burna-

644 2039 835 2079 norum
868 2031 1143 2093 gestorum
1182 2021 1289 2094 (l7)
1332 2023 1576 2076 incertus
1612 2028 1696 2075 est
1745 2019 1945 2085 exitus,
1978 2018 2106 2088 quia
2154 2017 2207 2070 in

643 2117 891 2172 libertate
920 2115 1115 2185 pendet
1142 2114 1373 2169 arbitrii.
1401 2112 1535 2166 Nam
1564 2111 2061 2181 concupiscentiam
2088 2110 2207 2179 qui-

644 2210 787 2272 dem,
810 2222 971 2278 quam
999 2214 1254 2276 operatur
1282 2206 1517 2277 maligna
1544 2206 1738 2272 virtus,
1769 2211 1946 2275 potest
1970 2204 2211 2258 indicare

643 2301 1091 2366 mathematicos;
1133 2300 1227 2354 sed
1256 2299 1305 2354 si
1341 2296 1797 2367 concupiscentiae
1840 2296 2006 2365 hujus
2056 2302 2210 2350 actus

642 2392 729 2448 vel
757 2392 935 2447 exitus
968 2390 1179 2460 impleri
1223 2391 1396 2460 possit
1425 2405 1615 2455 necne,
1659 2390 1785 2460 quia
1817 2388 1870 2442 in
1910 2387 2119 2442 arbitrii
2149 2387 2212 2440 Ii-

646 2486 854 2541 bertate
879 2490 985 2547 est,
1010 2482 1139 2538 sciri
1171 2492 1295 2537 ante
1323 2482 1574 2537 effectum
1608 2481 1685 2536 rei
1710 2499 1739 2534 a
1762 2481 1913 2536 nullo
1934 2476 2213 2550 potest.,Et

646 2577 749 2633 hoc
772 2584 855 2632 est
883 2576 1026 2647 quod
1046 2576 1359 2646 ignorantes
1390 2573 1649 2644 astrologi
1680 2573 2003 2627 invenerunt
2025 2570 2128 2623 sibi
2156 2576 2215 2622 ιιι

643 2671 984 2724 climacteras
1000 2668 1267 2728 dicerent,
1284 2666 1361 2720 rei
1374 2666 1580 2721 scilicet
1592 2665 1809 2718 incertae
1824 2660 2064 2731 perfugia
2080 2659 2211 2730 (l8),

645 2765 787 2821 sicut
819 2763 1072 2817 hesterno
1108 2760 1420 2829 plenissime
1441 2758 1800 2813 ostendimus.

716 2853 851 2909 XIII.
878 2855 955 2907 Ad
979 2854 1093 2907 haec
1111 2853 1155 2906 si
1186 2851 1317 2921 quid
1339 2850 1433 2904 tibi
1456 2848 1743 2903 dicemlum
1760 2847 1993 2910 videtur,
2025 2845 2211 2900 dicito.

647 2946 712 3000 Et
740 2953 929 3016 pater:
964 2943 1109 2996 Nihil
1146 2944 1347 3004 verius,
1395 2941 1590 3010 inquit,
1632 2939 1727 3005 ﬁli,
1761 2939 1847 2993 his
1876 2954 2000 3009 qua:
2027 2952 2217 3006 prose-

646 3046 806 3093 cutus
854 3052 913 3093 es
945 3036 1075 3108 (l9).
1116 3034 1362 3106 Cumque
1393 3033 1505 3088 haec
1540 3033 1893 3104 loqueremur.
1929 3031 2070 3086 inter
2093 3045 2213 3095 nos,

647 3130 918 3186 nuntiavit
947 3128 1167 3199 quidam
1198 3126 1489 3197 plurimum
1510 3135 1655 3180 stare
1680 3126 1939 3195 pepulum
1964 3123 2097 3179 foris
2123 3123 2217 3195 qui

2311 1946 2419 1986 res.
2446 1928 2645 1985 Verum
2670 1929 2927 2002 quoniam
2958 1929 3110 1984 sensi
3132 1928 3229 1984 tibi
3246 1928 3380 1999 ipsas
3401 1927 3567 1983 fabulas
3586 1927 3724 1982 etbhs-

2310 2024 2557 2098 phemias
2587 2040 2774 2079 eorum
2806 2024 2987 2079 minus
3014 2040 3136 2080 esse
3164 2031 3333 2090 notas,
3353 2021 3410 2076 de
3430 2022 3516 2086 his,
3538 2021 3574 2076 si
3600 2021 3724 2090 placet,

2310 2120 2489 2190 aliqua
2514 2120 2567 2174 in
2592 2120 2778 2174 auditu
2810 2126 2903 2173 tuo
2935 2126 3187 2189 repetens
3215 2117 3278 2172 ab
3312 2118 3412 2188 ipsa
3435 2114 3593 2185 origine
3613 2114 3723 2167 disse-

2312 2223 2449 2261 ram.
2482 2205 2545 2260 Et
2569 2206 2764 2263 Petrus
2799 2222 2812 2259 :
2842 2206 2957 2273 Dic,
2980 2206 3178 2277 inquit,
3202 2206 3329 2261 bene
3357 2203 3471 2259 facis
3491 2205 3630 2271 juvare
3644 2213 3728 2268 pm-

2312 2299 2637 2354 dicationem
2678 2308 2945 2356 nostram.
2979 2299 3242 2379 Tum‘ego
3282 2316 3293 2349 :
3338 2296 3493 2352 Dicam
3518 2293 3634 2363 igitur
3651 2290 3728 2359 quia

2308 2390 2500 2460 jubes,
2552 2407 2663 2446 non
2710 2398 2769 2445 ut
2813 2391 3039 2459 docens,
3093 2378 3187 2447 sed
3221 2404 3369 2461 quam
3409 2387 3561 2443 stultas
3589 2383 3634 2436 de
3657 2378 3722 2432 diis

2316 2482 2431 2538 suis
2471 2484 2757 2554 opiniones
2784 2484 3023 2539 habeant
3076 2484 3318 2555 gentiles,
3346 2481 3395 2535 in
3419 2477 3596 2534 medium
3617 2469 3729 2543 prole.

2316 2590 2463 2629 rens.

2388 2666 2524 2723 XVI.
2563 2668 2807 2739 Cumque
2831 2672 3019 2725 vellem
3053 2671 3252 2732 dicere,
3281 2667 3443 2721 Niceta
3469 2661 3620 2718 labrum
3641 2672 3730 2714 mor-

2317 2759 2474 2815 dicus
2516 2760 2813 2832 stringens,
2857 2760 3123 2815 innuebat
3159 2759 3376 2829 mihi,ut
3399 2765 3599 2816 tacerem;
3625 2763 3729 2820 quem

2318 2868 2443 2908 cum
2476 2852 2698 2908 vidisset
2726 2852 2940 2916 Petrus,
2966 2852 3045 2905 ait
3070 2871 3083 2906 :
3115 2850 3224 2906 Cur
3254 2849 3489 2922 ingenium
3525 2843 3673 2899 liberale
3694 2846 3729 2893 rt

2319 2960 2638 3017 generosam
2668 2943 2858 2999 laedere
2883 2946 2965 2999 vis
2995 2953 3269 3008 naturam,
3297 2951 3352 2997 ut
3378 2943 3424 2995 in
3440 2941 3616 2994 honorem
3637 2930 3725 2993 mei,

2320 3037 2414 3106 qui
2449 3036 2637 3091 nullus
2666 3043 2781 3099 est,
2827 3045 3005 3091 tacere
3035 3051 3161 3090 eum
3183 3034 3349 3089 velis?
3382 3032 3464 3087 Aut
3483 3027 3619 3085 nescis.
3638 3020 3729 3091 quia

2322 3128 2369 3184 si
2404 3143 2594 3183 omnes
2622 3135 2834 3199 gentes,
2866 3135 3155 3198 postquam
3190 3125 3441 3180 audierint
3467 3137 3489 3174 a
3524 3133 3583 3172 me
3600 3110 3732 3184 praedi.

648 3220 901 3276 audiendi
931 3219 1103 3289 gratia
1129 3216 1505 3278 convenerint,
1534 3221 1588 3268 et
1617 3211 1992 3281 Petrusjussit
2028 3212 2112 3265 bis
2135 3210 2215 3263 in-
2244 3205 2285 3260 C
2319 3217 2590 3271 cationem
2619 3216 2865 3272 veritatis
2911 3225 2966 3272 et
3011 3215 3358 3281 crediderint,
3395 3204 3647 3267 velintsead
3666 3201 3729 3255 do-

646 3315 923 3387 grediendi
954 3315 1167 3384 copiam
1188 3312 1305 3367 dari
1329 3328 1343 3377 ;
1372 3318 1491 3366 erat
1516 3311 1663 3365 enim
1694 3309 1847 3364 locus
1877 3316 2218 3378 opportunus

648 3418 701 3463 et
724 3409 958 3479 amplus.
989 3406 1234 3477 Cumque
1261 3404 1493 3474 ingressi
1526 3402 1779 3467 fuissent,
1805 3402 1881 3455 ait
1905 3401 1970 3455 ad
1999 3416 2099 3455 nos
2120 3399 2219 3455 Pe-

649 3511 767 3556 trus
796 3516 810 3552 :
839 3498 897 3554 Si
929 3500 1054 3570 quis
1074 3500 1475 3560 vultvestrum,
1511 3496 1674 3551 faciat
1714 3495 1781 3549 ad
1815 3494 2073 3565 populum
2106 3507 2221 3548 ser-

650 3608 863 3648 monem
897 3600 951 3647 et
986 3592 1053 3647 de
1085 3590 1394 3645 idololatria
1423 3588 1677 3644 disserat.
1710 3586 1811 3641 Cui
1839 3602 1937 3657 ego
1966 3584 2220 3653 Clemens

650 3686 907 3758 respondi
940 3706 953 3740 :
986 3684 1153 3739 Multa
1175 3664 1484 3752 benignitas
1511 3689 1602 3734 tua
1633 3688 1687 3735 et
1713 3695 1841 3751 erga
1865 3694 2053 3734 omnes
2082 3678 2221 3732 leni-

651 3787 737 3835 tas
776 3794 841 3835 ac
872 3778 1129 3849 patientia
1164 3775 1408 3845 indulget
1439 3772 1616 3835 nobis,
1644 3778 1705 3824 ut
1742 3770 2038 3824 audeamus
2072 3768 2220 3839 loqui

650 3884 835 3924 coram
865 3879 917 3924 te
944 3876 997 3923 et
1036 3882 1226 3938 rogare
1258 3880 1378 3935 qua
1406 3864 1694 3926 volumus;
1721 3872 1774 3916 et
1806 3861 1951 3924 ideo,
1994 3867 2054 3915 ut
2086 3860 2219 3923 dixi,

654 3978 868 4019 morum
899 3971 1116 4016 tuorum
1140 3956 1504 4016 mansuetudo
1524 3956 1717 4010 invitat
1740 3968 1928 4008 omnes
1945 3960 1998 4008 et
2021 3953 2224 4007 adhor-

653 4067 799 4116 tatur
820 4055 1075 4113 salutaris
1101 4054 1359 4108 doctrinae
1376 4056 1642 4121 praecepta
1670 4045 1967 4115 suscipere.
1988 4042 2102 4099 Hoc
2126 4059 2225 4115 ego

606 4136 619 4147 ’
652 4166 826 4220 usque
856 4148 921 4203 ad
942 4163 1180 4218 praesens
1203 4145 1345 4215 apud
1368 4142 1575 4199 nullum
1604 4140 1770 4193 alium
1795 4136 1924 4200 vidi,
1951 4137 2057 4191 nisi
2081 4137 2224 4206 apud

653 4252 707 4300 te
722 4245 917 4309 solum,
935 4241 1076 4314 apud
1101 4255 1259 4311 quem
1288 4235 1485 4292 invidia
1511 4232 1658 4287 nulla
1675 4240 1757 4287 est
1778 4245 1952 4300 neque
1974 4228 2223 4300 indigna-

655 4336 759 4401 tio;
792 4345 884 4390 aut
912 4334 1042 4406 quid
1072 4333 1169 4387 tibi
1200 4330 1447 4385 videtur?

724 4428 865 4484 XIV.
900 4428 965 4484 Et
995 4427 1191 4483 Petrus
1227 4442 1238 4476 :
1278 4424 1397 4478 Non
1437 4424 1614 4478 solum
1656 4421 1770 4474 hac
1797 4434 1862 4473 ex
1904 4415 2105 4470 invidia
2133 4421 2227 4469 aut

2321 3311 2555 3366 cendum
2597 3312 2870 3379 conferre,
2902 3312 3038 3366 mihi
3083 3313 3338 3383 majorem
3383 3309 3551 3380 pariunt
3568 3301 3728 3373 gloriam.

2321 3401 2591 3472 siquidem
2622 3402 2808 3472 gloria:
2825 3418 2909 3457 me
2932 3403 3190 3473 cupidum
3222 3401 3400 3474 putas?
3424 3395 3533 3465 Quid
3550 3394 3642 3450 enim
3659 3397 3732 3441 lant

2317 3494 2618 3565 gloriosum
2637 3510 2801 3564 quam
2830 3495 3053 3550 Christo
3082 3495 3367 3565 discipulos
3388 3493 3736 3561 praeparauerant

2325 3587 2417 3656 qui
2462 3594 2678 3642 taceant
2713 3594 2767 3641 et
2807 3588 2909 3642 soli
2948 3588 3089 3643 salvi
3142 3587 3290 3652 ﬁant,
3326 3583 3413 3639 sed
3444 3579 3517 3652 qui
3549 3577 3740 3645 loquantur

2322 3694 2444 3749 quae
2481 3678 2809 3742 didicerunt,
2842 3688 2895 3735 et
2922 3680 3113 3736 multis
3155 3677 3386 3751 prosint!
3411 3673 3580 3728 Utinam
3598 3662 3739 3737 quid!“

2322 3779 2377 3830 et
2397 3779 2478 3836 tu,
2496 3772 2701 3837 Niceta,
2736 3772 2831 3827 sed
2857 3784 2910 3828 et
2938 3781 3017 3835 tu,
3047 3773 3352 3829 dulcissime
3378 3765 3553 3838 Aquila,
3574 3751 3743 3829 iurarelis

2326 3877 2411 3917 me
2441 3866 2508 3919 ad
2544 3864 2945 3934 praedicandum
2983 3864 3207 3919 verbum
3242 3862 3350 3928 Dei,
3384 3872 3440 3914 eo
3470 3852 3744 3921 ωδεῑειιυοθι

2328 3956 2381 4010 in
2400 3956 2600 4026 quibus
2616 3962 2804 4011 errant
2832 3955 3085 4026 gentiles,
3118 3956 3253 4009 bene
3273 3952 3412 4009 vobis
3426 3946 3633 4015 comperta
3648 3936 3741 3989 sunt:

2326 4058 2381 4106 et
2424 4065 2533 4105 non
2577 4051 2755 4105 solum
2777 4065 2912 4115 ,vos,
2947 4048 3040 4104 sed
3076 4056 3131 4104 et
3168 4062 3347 4103 omnes
3380 4043 3459 4113 qui
3482 4035 3649 4092 audiunt
3678 4038 3743 4084 me.

2325 4151 2475 4213 Opto,
2546 4149 2605 4195 ut
2647 4141 2904 4207 dixi,’§ita
2945 4139 3137 4196 audire
3163 4148 3214 4195 et
3250 4138 3457 4197 discere,
3494 4136 3539 4184 ut
3562 4132 3602 4181 et
3621 4119 3747 4176 docere

2328 4235 2569 4307 possint;
2605 4235 2790 4289 multis
2830 4248 3067 4304 namque
3100 4232 3421 4303 adjutoribus
3456 4221 3612 4289 indiget
3640 4223 3743 4265 mill‘

2328 4327 2452 4391 dus,
2473 4327 2670 4397 quibus
2688 4325 2935 4380 homines
2960 4324 3027 4378 ab
3059 4308 3245 4379 errore
3271 4321 3557 4375 revocentur.
3588 4307 3747 4368 Cumque

2331 4418 2448 4474 haec
2481 4417 2729 4480 dixisset,
2763 4417 2838 4470 ait
2866 4415 2932 4471 ad
2973 4431 3099 4495 me:
3141 4414 3219 4468 'l‘n
3250 4425 3387 4482 ergo,
3417 4406 3629 4462 Clemens,
3649 4402 3746 4445 elsc‘

656 4520 1034 4592 indignatione
1075 4518 1321 4581 veniunt,
1354 4514 1450 4570 sed
1472 4512 1745 4568 interdum
1776 4510 1919 4565 inest
1948 4508 2229 4579 aliquibus
2258 4552 2308 4610 ο
2332 4526 2500 4581 quere
2519 4526 2641 4580 quae
2660 4508 2895 4579 cmpisti.

656 4614 1006 4678 verecundia,
1032 4627 1101 4669 ne
1127 4611 1264 4666 forte
1293 4608 1361 4665 de
1398 4608 1485 4662 his
1508 4621 1628 4678 quae
1648 4610 2046 4675 proponuntur,
2073 4603 2231 4674 plene

656 4711 987 4783 respondere
1014 4724 1125 4765 non
1157 4706 1457 4778 possint,et
1475 4702 1687 4773 fugiunt
1711 4697 1994 4770 imperitiae
2019 4705 2229 4756 notam.

661 4802 767 4859 Sed
796 4818 903 4857 non
927 4799 1086 4854 debet
1109 4812 1207 4867 pro
1232 4795 1336 4851 hoc
1366 4793 1488 4862 quis
1524 4788 1909 4845 verecundiam
1938 4787 2070 4857 pati,
2103 4789 2232 4856 quia

659 4911 759 4951 nec
786 4903 870 4949 est
901 4890 1101 4961 aliquis
1132 4886 1413 4943 hominum
1435 4883 1529 4953 qui
1557 4879 1800 4951 proﬁteri
1826 4877 2022 4934 debeat
2047 4879 2231 4935 omnia

661 4972 921 5052 sescire;
952 5000 1097 5039 unus
1117 4983 1262 5037 enim
1298 4987 1383 5035 est
1401 4979 1495 5047 qui
1527 4978 1629 5032 scit
1659 4973 1866 5037 omnia,
1893 4972 2142 5042 ipsequi
2174 4980 2230 5027 et

2404 4575 2568 4660 XVll.
2602 4604 2668 4657 Et
2706 4575 2806 4673 ego
2840 4602 3104 4657 continuo
3142 4596 3383 4670 subjunxi
3419 4609 3430 4644 ε
3465 4585 3690 4677 Quoniam}.
3714 4575 3749 4677 υξ

2333 4698 2467 4763 dixi,
2486 4698 2628 4769 apud
2650 4695 2912 4766 Tripolim
2934 4696 3237 4765 disputans,
3257 4691 3408 4746 multa
3422 4685 3477 4739 de
3494 4678 3576 4735 diis
3592 4675 3748 4770 genlitlll

2336 4792 2544 4846 utiliter
2578 4801 2627 4846 et
2653 4790 2968 4844 necessario
2997 4784 3320 4849 disseruisti,
3353 4778 3490 4847 cupio
3530 4770 3581 4824 de
3613 4767 3748 4827 origine

2333 4896 2520 4936 eorum
2555 4881 2787 4935 ridicula
2835 4888 2890 4934 te
2941 4894 3126 4933 coram
3163 4886 3430 4945 exponere.
3474 4872 3522 4918 ιιι
3552 4868 3680 4925 neque
3717 4854 3749 4896 ⁸⁸

2333 4975 2497 5029 lateat
2521 4989 2674 5028 rana:
2695 4973 2857 5043 hujus
2889 4968 3285 5042 superstitionis
3311 4950 3749 5018 commentum?!”

1941 5132 2306 5189 COTELERII
2352 5130 2583 5187 ΝΟΤᾸΕ.

735 5316 844 5385 (Π)
887 5312 953 5385 Et
982 5311 1095 5363 ideo
1126 5309 1477 5385 humanorum
1498 5313 1783 5385 gestorum,
1815 5310 1922 5385 etc.
1954 5301 2055 5356 Hic
2084 5300 2235 5355 Ruﬁ-

665 5375 766 5442 nus
798 5375 1051 5440 Ruﬁnum
1084 5382 1212 5447 agit,
1248 5378 1350 5431 hoc
1377 5386 1479 5447 est,
1528 5376 1705 5428 laxum
1758 5375 2068 5443 malumque
2104 5387 2237 5441 prte-

664 5457 853 5513 sertim
884 5457 940 5507 in
971 5446 1386 5506 obscurioribus
1418 5446 1788 5513 interpretem.

734 5526 867 5599 (178),
890 5522 1332 5599 Ut__climactcrrzs
1348 5516 1627 5599 adicerent,
1662 5517 1737 5599 rei
1754 5586 1764 5596 ο
1784 5516 1981 5599 scilicet
2001 5514 2234 5599 ‘incertag

665 5582 934 5667 verfuéia,
956 5594 1098 5667 Hinc
1129 5589 1325 5667 serihi__
1346 5587 1484 5642 forte
1512 5587 1722 5667 debeat
1754 5586 1806 5639 in
1839 5584 1897 5639 S.
1928 5582 2234 5665 Sebastiani

667 5654 869 5725 Actis":
898 5665 1245 5721 Climacteras
1270 5658 1471 5724 dicunt,
1504 5657 1558 5709 id
1589 5666 1666 5711 est
1697 5667 1889 5710 natura
1920 5654 1994 5708 rei
2024 5654 2235 5725 incerta:

669 5723 920 5812 Wlaugia'
953 5734 1113 5812 Amm
1148 5738 1355 5812 .59'3‘3'“
1396 5728 1634 5811 amca}
1683 5728 1819 5789 Τοὺς
1860 5723 2235 5812 ἶίλιμακτῆρὲς

669 5792 985 5879 ἶπένίησαν,
1017 5809 1094 5868 εἰς
1137 5800 1432 5874 ἀδηλότητα
1465 5798 1768 5873 ποιούμενοι
1798 5799 1876 5853 vel
1914 5792 2233 5868 μὲταποιού-

2342 5314 2492 5368 μενοι
2518 5297 2618 5374 ῖὴν
2643 5295 2979 5374 προαξίρεεξιγι
2999 5290 3199 5374 Νθῑηνβ
3216 5284 3558 5374 ὶδέίῐνέίξὲῗῖὲῗ.
3569 5256 3751 5374 2:11:21:

2338 5342 2480 5433 ἔξω,
2513 5342 2731 5422 Ιὶδεναῆι
2760 5342 2984 5418 [torminis
3011 5342 3313 5416 voluntatem
3333 5355 3379 5406 in
3398 5351 3558 5403 incerto
3573 5342 3750 5405 ponium»

2338 5440 2516 5515 autin
2547 5454 2658 5515 rem
2682 5438 2935 5515 ἔτικτεαηι
2967 5436 3395 5515 ςοππφαείέειέεδίι-
3433 5472 3751 5515 “manus:

2410 5484 2523 5584 ((9')
2548 5484 2935 5584 ’ἅὲὶιίῖῖπὲὶὲἇὲἑ
2966 5484 3153 5584 irruit:
3193 5484 3746 5584 ﬁ.‘f".."_‘i-‘l"‘§.lf.'§f§fii:

2337 5552 2693 5648 es.‘Xllicuj‘us
2724 5552 2982 5631 momenti
3010 5552 3458 5629 e'sthleetio'Grmca
3497 5552 3674 5661 domoin)

2681 5648 2710 5661 ..
2904 5646 2915 5661 .
3079 5644 3091 5661 ρ
3134 5657 3209 5661 η--
3272 5632 3414 5661 ..-πλη
3448 5630 3607 5661 mum"
3674 5621 3696 5661 η

2338 5621 2549 5718 gtorum
2570 5621 2876 5718 “codicum,
2893 5644 3234 5716 ἀπεκρίνατο,
3270 5632 3414 5706 μηδὲν
3448 5621 3607 5676 τούτων
3629 5621 3696 5671 αλιι

2346 5712 2532 5793 άτερον
2560 5717 2695 5776 εἶναι
2724 5712 2799 5774 ὧν
2829 5714 2997 5771 εἶπεν.
