4030 6342
613 305 743 360 1431

1460 300 1515 355 S.
1552 299 1947 355 CLEMENTIS
1979 299 1999 352 l
2032 298 2197 355 ROM.
2233 297 2434 353 PONT.
2469 295 2695 354 OPERA
2726 294 2950 351 DUBIA.

3643 311 3737 367 im

608 427 953 491 conceptum.
1003 417 1081 472 Ex
1115 418 1233 488 ipso
1263 424 1446 471 autem
1496 415 1630 471 Jove
1679 414 1922 471 Medeam
1970 417 2178 488 genuit,
2209 419 2257 474 A
2282 413 2457 477 nanti,
2483 428 2549 466 ex
2578 427 2685 481 qua
2714 413 2960 467 nascitur
2986 411 3177 479 Belus;
3208 412 3464 479 Latonam,
3496 433 3550 474 ex
3566 436 3646 491 qua
3668 442 3736 483 ω.

609 524 781 580 quam
801 522 1067 578 responso
1088 514 1337 577 accepto,
1370 506 1516 577 quod
1547 507 1642 577 qui
1674 522 1740 562 ex
1766 520 1830 560 ea
1862 514 2185 562 nasceretur

614 600 805 655 fortior
834 600 952 670 ipso
983 604 1130 654 esset
1154 605 1209 653 et
1232 613 1397 668 regno
1414 614 1540 653 eum
1563 599 1876 668 depelleret,
1896 614 2186 655 assumens

610 693 776 747 etiam
807 692 926 762 ipse
954 691 1213 758 devorat;
1252 699 1307 747 et
1336 706 1555 745 rursum
1602 693 1789 762 genuit
1837 693 1904 749 de
1959 694 2186 748 cerebro

611 782 839 853 quidem
885 780 1200 843 Minervam,
1235 780 1302 836 de
1332 782 1537 836 femore
1566 797 1695 837 vero
1745 781 2020 838 Liberum.
2054 781 2187 839 Post

610 874 726 929 hac
748 873 1033 929 Thetidem
1073 889 1197 928 cum
1226 873 1569 938 adamasset,
1610 875 1764 929 aiunt
1799 874 2183 931 Prometheum

610 966 996 1036 pronuntiasse
1009 966 1082 1029 ei,
1102 964 1249 1035 quod
1266 965 1314 1020 si
1343 966 1731 1021 concubuisset
1749 982 1872 1021 cum
1894 981 1979 1029 ea,
1998 967 2091 1037 qui
2117 982 2183 1021 ex

609 1071 674 1110 ea
709 1066 1029 1111 nasceretur
1056 1058 1250 1110 fortior
1278 1065 1426 1111 esset
1456 1065 1631 1127 patre,
1656 1065 1709 1113 et
1739 1058 1809 1112 ob
1843 1058 1945 1112 hoc
1978 1059 2184 1112 veritus

610 1147 772 1204 Peleo
792 1150 1007 1205 cuidam
1027 1150 1121 1204 dat
1138 1166 1255 1205 eam
1289 1151 1345 1205 in
1366 1151 1808 1217 matrimonium;
1838 1151 2035 1206 deliine
2059 1150 2185 1205 Per-

612 1242 889 1311 sephonae,
932 1256 1054 1311 quae
1107 1242 1154 1295 ei
1200 1257 1265 1295 ex
1300 1240 1498 1295 Cerere
1542 1242 1718 1296 fuerat
1763 1251 2039 1312 suscepta,
2080 1244 2184 1297 mi-

611 1340 816 1395 scetur,
865 1348 931 1386 ex
972 1347 1078 1401 qua
1111 1331 1431 1403 Dionysium
1453 1334 1641 1403 genuit
1662 1334 1754 1403 qui
1784 1350 1812 1386 a
1845 1332 2058 1390 Titanis
2095 1335 2181 1389 di-

612 1432 865 1494 scerptus
897 1434 1000 1478 est.
1034 1422 1140 1478 Sed
1170 1425 1508 1482 recordatus.
1539 1425 1738 1495 inquit,
1774 1442 1841 1479 ne
1874 1426 2011 1481 forte
2031 1434 2185 1497 pater

612 1536 746 1574 suus
770 1518 1041 1574 Saturnus
1074 1520 1240 1574 alium
1280 1520 1449 1573 filium
1481 1528 1786 1590 generaret,
1814 1521 1904 1590 qui
1929 1522 2094 1576 etiam
2123 1537 2184 1577 se

611 1614 808 1669 fortior
845 1623 1171 1669 nasceretur
1198 1629 1477 1684 regnoque
1503 1614 1819 1684 depelleret,
1867 1631 2183 1686 oppugnare

612 1708 925 1779 aggreditur
947 1716 1155 1776 patrem
1195 1722 1302 1760 una
1331 1722 1455 1761 cum
1490 1705 1748 1762 fratribus
1786 1708 1907 1777 ejus
1934 1708 2179 1777 Titanis;

2287 508 2459 559 scitur
2480 504 2673 574 Apollo
2700 514 2754 561 et
2783 504 2984 570 Diana;
3007 506 3295 561 Leanidam
3322 507 3736 583 Eurymedontem

2286 615 2393 668 qua
2428 597 2678 651 nascitur
2701 596 2882 652 Coron
2906 616 2919 665 ;
2974 597 3279 669 Lysitheam
3306 597 3475 666 Eveni,
3503 618 3557 657 ex
3576 622 3655 675 qua
3673 625 3740 664 m-

2286 690 2459 744 scitur
2489 687 2761 755 Helenus;
2820 688 3233 759 Hippodamiam
3257 691 3357 762 (30)
3386 691 3738 765 Bellerophoatis,

2284 798 2349 837 ex
2380 797 2487 852 qua
2517 783 2767 838 nascitur
2798 781 3111 853 Sarpedon;
3146 782 3439 854 Megaeliten
3469 786 3669 853 Macarei,
3695 810 3738 849 ex

2284 891 2393 949 qua
2432 876 2679 931 nascitur
2720 874 2907 931 Thebe
2940 883 2993 931 et
3027 876 3264 944 Locrus;
3306 877 3490 935 Nioben
3526 881 3735 951 Phoronei,

2283 985 2346 1022 ex
2368 982 2475 1037 qua
2514 967 2766 1023 nascitur
2796 967 2979 1040 Argus
2995 970 3735 1051 etPelasgus;Olympiadam(3l)

2283 1059 2643 1130 Neoptolemi,
2696 1077 2763 1115 ex
2793 1077 2899 1131 qua
2928 1063 3180 1118 nascitur
3208 1064 3515 1129 Alexander;
3551 1068 3738 1139 Pyrrham

2283 1149 2590 1207 Promethei
2643 1152 2777 1224 (52),
2826 1169 2891 1208 ex
2935 1169 3042 1224 qua
3074 1154 3320 1209 nascitur
3346 1154 3736 1234 Helmetheus{33);

2282 1242 2666 1314 Prologeniam
2719 1253 2773 1300 et
2830 1244 3139 1301 Pandoram
3179 1245 3498 1305 Deucalionis
3542 1252 3655 1315 ﬁlias,
3690 1272 3735 1310 ex

2283 1318 2483 1407 quibus
2513 1338 2701 1408 genuit
2735 1336 3035 1393 Ethelium
3068 1338 3182 1409 (54)
3205 1346 3258 1393 et
3288 1339 3474 1394 Dorum
3499 1350 3541 1396 et
3564 1342 3731 1400 Helerni:

2282 1440 2337 1484 et
2375 1429 2717 1499 Pandorum;
2760 1431 3143 1486 Thaicrueiam
3184 1430 3381 1494 Protei,
3427 1451 3486 1488 ex
3506 1452 3581 1505 qua
3606 1441 3732 1493 nasci-

2284 1530 2374 1576 tur
2396 1522 2744 1594 Nympheus;
2782 1522 3114 1578 Salaminam
3145 1525 3311 1595 Asopi
3342 1526 3462 1596 (35),
3497 1544 3545 1583 ex
3569 1545 3642 1599 qua
3666 1547 3734 1583 na-

2284 1613 2458 1669 scitur
2488 1613 2767 1671 Saracon:
2801 1614 3101 1686 Taygeten,
3135 1614 3415 1679 Electram,
3467 1618 3631 1683 Maiam,
3648 1621 3736 1676 Plu-

2283 1707 2432 1761 tiden
2482 1708 2617 1779 (56),
2676 1708 2915 1764 Atlantis
2965 1710 3130 1774 tilias,
3183 1725 3247 1764 ex
3294 1710 3477 1780 quibus
3518 1715 3654 1782 genuit
3691 1733 3735 1769 ex

611 1802 810 1869 quibus
843 1799 1137 1868 oppressis,
1179 1798 1247 1852 ad
1274 1798 1524 1852 ultimum
1548 1798 1709 1852 etiam
1745 1808 1952 1870 patrem
1984 1802 2037 1855 in
2058 1803 2180 1856 viu~
2214 1802 2255 1856 Β
2285 1797 2527 1869 Taygete
2565 1800 2784 1869 quidem
2817 1800 3286 1864 Lacedaemonem,
3316 1819 3379 1857 ex
3400 1802 3576 1858 Electra
3600 1805 3735 1860 Bardi.

611 1892 732 1946 cula
762 1892 1016 1960 conjecit,
1043 1892 1369 1962 desectaque
1391 1894 1509 1962 ejus
1536 1893 1792 1962 genitalia
1816 1894 1871 1948 in
1889 1910 2038 1949 mare
2060 1910 2174 1964 pro-

608 1986 756 2054 jecit.
800 1983 905 2038 Sed
936 2000 1102 2037 cruor
1136 1984 1229 2054 qui
1256 1983 1480 2040 deﬂuxit
1524 2002 1593 2041 ex
1617 1987 1861 2053 vulnere,
1897 1993 2185 2056 susceptus

611 2076 867 2132 fluctibus
902 2085 956 2131 et
979 2075 1248 2145 frequenti
1278 2076 1565 2131 collisione
1599 2079 1653 2131 in
1691 2092 1940 2147 spumam
1971 2094 2181 2143 versus,

612 2168 921 2238 procreavit
951 2182 1071 2221 eam
1103 2182 1266 2235 quam
1297 2166 1491 2221 dicunt
1509 2168 1878 2237 Aphroditen,
1910 2185 2185 2240 quamque

612 2258 754 2328 apud
784 2272 884 2313 nos
924 2256 1189 2312 Venerem
1222 2259 1516 2328 appellant.
1572 2259 1651 2315 Ex
1684 2261 1849 2331 hujus
1888 2263 2182 2317 concubitu

611 2363 731 2418 qua:
758 2357 876 2402 erat
913 2348 1101 2416 utique
1131 2363 1311 2413 soror,
1350 2348 1496 2404 hunc
1552 2349 1730 2421 ipsum
1780 2349 1968 2407 Jovem
2005 2352 2187 2407 ferunt

611 2439 1107 2511 genuisseCyprin,
1136 2458 1203 2496 ex
1237 2457 1343 2512 qua
1371 2444 1524 2498 aiunt
1562 2443 2182 2513 etCupidinemaiatum.

684 2531 821 2587 XXI.
855 2531 981 2587 Haec
1010 2533 1229 2603 quidem
1259 2534 1325 2589 de
1356 2535 1580 2590 incestis
1610 2536 1760 2606 ejus;
1793 2537 1917 2591 audi
1948 2554 2095 2594 nunc
2132 2545 2188 2592 et

612 2623 681 2678 de
711 2623 993 2682 adulteriis
1015 2626 1150 2697 (24).
1178 2626 1449 2696 Europam
1476 2627 1677 2683 Oceani
1706 2629 1992 2700 conjugem
2006 2630 2181 2694 vitiat,

611 2731 675 2771 ex
707 2730 813 2786 qua
840 2718 1084 2772 nascitur
1100 2718 1550 2790 Dodonaeus(25);
1584 2720 1841 2778 Helenam
1864 2721 2182 2786 Pandionis,

610 2825 678 2864 ex
694 2825 799 2879 qua
826 2812 1072 2865 nascitur
1098 2811 1363 2879 Musaeus;
1398 2812 1742 2884 Eurynomen
1766 2815 1935 2886 AsOpi
1954 2855 1969 2879 ,
1993 2830 2058 2870 ex
2078 2831 2185 2887 qua

612 2900 861 2953 nascitur
905 2900 1177 2972 Ogygias;
1218 2901 1550 2959 Hermionen
1590 2903 1812 2971 Oceani,
1849 2922 1915 2961 ex
1950 2923 2056 2978 qua
2089 2926 2187 2964 na-

613 3003 842 3050 scuntur
863 2996 1136 3063 Charites,
1162 2998 1373 3064 Thalia,
1406 3000 2014 3073 Euphrosyne,Aglaia;
2043 3001 2186 3058 The-

615 3087 726 3141 min
751 3104 994 3144 sororem
1025 3106 1202 3154 suam,
1233 3109 1301 3148 ex
1331 3108 1436 3163 qua
1467 3103 1768 3150 nascuntur
1802 3096 1980 3159 Horae,
2010 3095 2188 3171 Eury-

2285 1904 2438 1951 nuui,
2483 1905 2548 1944 ex
2588 1890 2721 1945 Maia
2768 1891 3125 1959 Mercurium,
3173 1910 3236 1948 ex
3280 1892 3474 1950 Plutide
3502 1895 3732 1961 Tantalum;

2284 1979 2533 2035 Phthiam
2552 1979 2844 2045 Phoronei,
2863 1998 2928 2036 ex
2946 1998 3053 2053 qua
3070 1983 3260 2053 genuit
3278 1984 3523 2048 Achaeum;
3537 1986 3736 2058 [Choniam

2282 2072 2529 2127 Aramni.
2563 2088 2628 2127 ex
2645 2088 2752 2142 qua
2782 2074 2970 2144 genuit
3002 2074 3276 2130 Laconem
3294 2075 3332 2147 ;]
3379 2076 3612 2131 Chalceam
3635 2096 3738 2147 nym-

2288 2165 2474 2235 pham,
2500 2179 2565 2218 ex
2597 2179 2705 2233 qua
2739 2166 2984 2219 nascitur
3014 2164 3308 2237 Olympus;
3357 2167 3614 2221 Charidiam
3636 2186 3741 2240 nym-

2288 2257 2445 2325 pham
2472 2272 2538 2310 ex
2560 2272 2667 2326 qua
2691 2259 2936 2313 nascitur
2972 2258 3282 2323 Alchanus;
3322 2260 3528 2322 Clorida,
3554 2277 3642 2330 qua:
3672 2260 3737 2314 fuit

2285 2346 2537 2416 Ampyci,
2573 2362 2639 2400 ex
2675 2362 2781 2416 qua
2801 2349 3045 2402 nascitur
3067 2348 3324 2419 Mepsus;
3362 2349 3595 2405 Coloniam
3612 2349 3733 2415 lesbi,

2285 2453 2349 2492 ex
2380 2454 2486 2508 qua
2516 2440 2762 2493 nascitur
2780 2438 3105 2511 Polymedes
3132 2462 3145 2508 ;
3169 2442 3540 2514 Hippodamiam
3558 2444 3731 2510 Aniceti;

2285 2530 2706 2601 Chrysogeniain
2741 2530 2924 2598 Penei,
2956 2550 3019 2589 ex
3051 2551 3163 2605 qua
3194 2537 3426 2591 nascitur
3440 2536 3661 2591 Thissicus.

2355 2622 2515 2677 XXII.
2548 2623 2655 2679 Sed
2688 2626 2873 2680 etalia
2906 2636 3034 2682 sunt
3068 2629 3305 2697 plurima
3326 2630 3433 2699 ejus
3464 2629 3673 2691 adulteria,
3689 2644 3734 2683 ex

2285 2717 2482 2786 quibus
2528 2732 2628 2772 nec
2671 2719 2983 2789 progeniem
3039 2722 3312 2792 suscepit,
3362 2739 3467 2793 qua:
3510 2736 3733 2778 enumerare

2285 2808 2419 2863 satis
2450 2808 2668 2878 longum
2695 2818 2799 2865 est.
2832 2809 3032 2866 Verum
3061 2828 3133 2868 ex
3167 2814 3252 2870 his
3280 2814 3503 2870 omnibus
3532 2826 3732 2884 quasenu-

2286 2899 2634 2964 meravimus,
2656 2901 2946 2957 nonnullas
2970 2903 3410 2971 transformatus,
3428 2913 3564 2975 utpote
3577 2918 3722 2972 magus.

2286 2990 2513 3048 vitiavit.
2532 2989 2773 3062 Denique
2793 2991 3060 3064 Antiopen
3089 2994 3282 3067 Nyctei
3309 3012 3471 3053 versus
3485 2998 3527 3051 in
3550 3002 3719 3064 satyrum

2287 3084 2555 3154 corrupit,
2593 3099 2660 3139 ex
2689 3102 2796 3156 qua
2833 3096 3145 3141 nascuntur
3184 3087 3442 3158 Amphion
3484 3095 3523 3141 et
3557 3083 3722 3148 Mlius;

614 3179 797 3233 nomia
827 3178 964 3250 (26).
1000 3179 1147 3244 Dice,
1180 3181 1366 3247 lrene;
1412 3181 1692 3238 Themisto
1732 3183 1845 3256 (27)
1879 3185 2085 3251 Inachi,
2121 3168 2185 3242 ex

2133 3168 2185 3242 ἐκ
2214 3168 2255 3224 C
2288 3176 2602 3231 Alcmenam
2651 3185 2896 3234 mutatus
2922 3178 2975 3233 in
3003 3180 3187 3234 virum
3220 3180 3337 3250 ejus
3365 3179 3724 3249 Amphitryonem,

615 3283 723 3338 qua
756 3270 1006 3323 nascitur
1034 3271 1235 3337 Arcas;
1276 3270 1455 3326 [deam
1498 3272 1715 3339 Minois,
1756 3292 1823 3331 ex
1863 3293 1969 3347 qua
2002 3279 2188 3334 nasci-

616 3369 708 3420 tur
729 3360 982 3418 Asterion
1006 3381 1021 3430 ;
1040 3362 1384 3420 Phoenissam
1403 3365 1709 3437 Alphionis,
1725 3385 1791 3423 ex
1820 3386 1926 3439 qua
1945 3373 2188 3427 nascitur

617 3451 953 3525 Endymion;
994 3454 1048 3510 lo
1077 3455 1299 3521 Inachi,
1333 3474 1401 3513 ex
1447 3474 1555 3529 qua
1596 3461 1844 3515 nascitur
1888 3462 2185 3534 Epaphus;

617 3542 1029 3614 Hippodamiam
1053 3556 1104 3601 et
1128 3545 1343 3604 Isionen
1365 3536 1537 3605 Danai
1571 3549 1735 3615 filias,
1761 3568 1991 3621 quarum
2021 3569 2183 3608 unam

616 3635 1028 3707 Hippodamiam
1052 3637 1276 3706 Olenus,
1294 3638 1509 3695 lsionen
1522 3657 1651 3698 vero
1672 3641 2051 3700 Orchomenus
2073 3647 2185 3705 sive

613 3726 853 3799 Chryses
883 3729 1101 3795 habuit;
1125 3730 1355 3786 Carmen
1392 3729 1688 3796 Phoenicis,
1713 3750 1778 3788 ex
1801 3751 1905 3804 qua
1940 3738 2187 3792 nascitur

615 3820 960 3878 Britomartis
989 3821 1125 3893 (28),
1162 3840 1284 3895 quae
1334 3824 1436 3878 fuit
1471 3825 1674 3880 sodalis
1708 3826 1926 3895 Dianae;
1956 3828 2185 3883 Callisto

617 3910 907 3984 Lycaonis,
935 3930 1001 3971 ex
1035 3931 1143 3986 qua
1174 3916 1423 3971 nascitur
1443 3915 1647 3983 Orcas;
1678 3916 1893 3989 Lybeeu
1924 3920 2034 3993 (29)
2068 3921 2184 3975 Mu-

2286 3284 2351 3324 ex
2385 3284 2489 3340 qua
2521 3271 2766 3325 nascitur
2797 3269 3086 3337 Hercules;
3126 3272 3376 3343 nginam
3411 3270 3543 3342 Asopi
3567 3276 3728 3324 mutatus

2289 3361 2342 3415 in
2373 3362 2633 3432 aquilam,
2661 3380 2726 3418 ex
2755 3379 2863 3434 qua
2895 3365 3152 3420 nascitur
3181 3365 3398 3421 :Eacus.
3437 3363 3523 3418 Sed
3555 3359 3727 3429 αῦτη)-

2288 3452 2499 3509 medem
2547 3454 2805 3521 Dardani,
2849 3465 3093 3512 mutatus
3134 3458 3470 3513 nihilominus
3502 3455 3547 3509 in
3573 3452 3729 3522 aquilam

2289 3555 2541 3618 stuprat;
2594 3548 2896 3604 Mantbeam
2940 3548 3112 3605 Phoci
3150 3560 3387 3605 mutatus
3428 3551 3476 3604 in
3519 3555 3734 3605 ursum,ex

2286 3655 2394 3711 qua
2418 3641 2662 3695 nascitur
2688 3641 2918 3709 Arctos;
2952 3640 3176 3699 Danaen
3197 3644 3384 3698 Acrisii
3408 3648 3601 3696 mutatus
3618 3636 3654 3688 iu
3673 3648 3736 3686 au-

2285 3749 2426 3798 rum,
2460 3749 2524 3788 ex
2574 3748 2679 3803 qua
2718 3734 2960 3790 nascitur
2996 3735 3266 3802 Perseus;
3304 3734 3523 3802 Europen
3546 3722 3738 3782 thnicis

2286 3832 2530 3879 mutatus
2562 3827 2614 3879 in
2648 3832 2887 3891 taurum,
2918 3841 2984 3879 ex
3005 3843 3113 3897 qua
3156 3828 3394 3882 nascitur
3424 3814 3738 3878 Minoselllba-

2286 3918 2596 3978 damantus,
2618 3913 3034 3987 Sarpedonque;
3056 3917 3136 3973 Eu
3145 3918 3467 3991 rymedusam
3483 3908 3649 3968 Achelsi
3663 3902 3737 3976 (57)

1863 4120 2227 4177 COTELERH
2262 4118 2492 4177 NOTAE.

694 4297 802 4369 (24)
842 4296 982 4351 Audi
1026 4314 1175 4369 nunc
1207 4306 1257 4350 et
1287 4297 1363 4369 de
1391 4298 1688 4355 adulteriis.
1712 4297 1773 4353 ln
1811 4299 2069 4368 Catalogo
2099 4315 2186 4354 se-

614 4367 803 4439 quenti
853 4378 1047 4437 praeter
1089 4367 1357 4439 vulgaria,
1390 4369 1557 4422 multa
1608 4378 1737 4423 sunt
1782 4367 2189 4439 nomina’ignoo

616 4437 753 4493 liora
785 4458 796 4469 ο
830 4454 939 4493 non
966 4453 1137 4508 pauca
1170 4437 1354 4508 (quod
1402 4439 1566 4493 etiam
1616 4439 1910 4495 lectionum
1950 4437 2189 4496 varietas

618 4508 1186 4581 indicatrjgdepravata
1237 4510 1545 4581 {quaedam
1586 4508 1773 4566 lorsan
1806 4526 1925 4581 quae
1957 4525 2065 4563 non
2093 4526 2185 4564 ex-
2216 4512 2259 4566 D

616 4587 766 4634 stant
792 4578 942 4634 alibi.
966 4578 1079 4649 Ego
1102 4593 1227 4633 vero
1248 4578 1612 4634 dilliciliorum
1641 4578 1920 4636 nonnullis
1946 4581 2186 4635 illustra-

616 4653 686 4704 tis
727 4657 781 4704 et
826 4651 1110 4711 correctis,
1138 4657 1329 4703 caetera
1361 4648 1699 4706 doctioribus
1729 4660 1783 4706 et
1808 4651 1990 4706 minus
2017 4665 2184 4705 oceu-

616 4720 1101 4794 patisuhoininibus
1124 4720 1318 4794 reliqui
1347 4719 1698 4794 expendenda
1727 4723 2147 4794 quaerendaqiue,

687 4791 804 4862 (25)
837 4791 1157 4862 Dodomeus:
1178 4790 1311 4862 Ἀπᾲ
1333 4790 1717 4862 ᾼωδώίνουντογῦ-
1736 4789 1854 4857 Ᾰιὸς
1876 4793 1968 4845 καὶ
2001 4789 2185 4862 Εὗρώ-

619 4860 1091 4934 znc._Stephanus
1120 4860 1196 4915 De
1219 4860 1459 4934 urbibus,
1479 4861 1547 4934 _in
1572 4860 1819 4934 ᾼωδὼνῃ.

687 4878 745 4931 ις.
780 4877 1091 4984 διὲριιθηυδ
1120 4877 1196 4915 uc
1219 4877 1459 4923 urnwus,
1491 4878 1547 4915 in
1572 4877 1819 4934 Δωοωνῃ.

687 4931 798 5003 (26)
889 4939 1200 5003 υνῃηοτηᾱαη
1240 4931 1425 5003 Codex
1475 4928 1677 5001 Regius
1723 4943 1777 4988 et
1816 4932 1978 4987 Petiti
2024 4929 2186 4987 Liber

618 4999 909 5063 Euromia;
940 4999 1005 5057 ex
1040 5017 1148 5071 quo
1178 5001 1317 5056 facio
1353 4999 1638 5055 Eunomia.

687 5073 801 5145 (27)
843 5072 884 5126 Τ
888 5073 1127 5145 Ιιεηιὶεῳ.
1165 5072 1474 5145 Stephanus
1494 5072 1559 5145 in
1583 5072 1827 5145 ’ᾼρκάδγ
1878 5072 2089 5143 Ἴστρος
2106 5072 2184 5137 δὲ,

615 5136 799 5214 φηόέὶνζ
824 5142 1123 5214 θεμιστοῦς
1147 5143 1237 5214 atat
1260 5136 1378 5206 Ᾰιὸς
1399 5143 1428 5194 ὁ
1463 5136 1659 5214 Ἀρδεὰξ
1684 5143 1914 5214 ἐγένετοἒ

687 5210 797 5285 (28)
839 5210 1132 5285 (Idumen...
1166 5210 1538 5285 Βτὶιοῃιαττὶεζ
1568 5210 1852 5285 DiodOrus
1886 5210 2107 5285 Siculus
2131 5221 2186 5266 et

615 5282 919 5339 Pausanias
935 5282 1285 5337 Britomartin
1312 5282 1495 5337 Dianae
1525 5285 1749 5345 sociam,
1783 5282 1948 5337 ﬁliam
1978 5282 2185 5336 faciunt

614 5355 766 5411 .lnvis
799 5371 829 5410 e
858 5355 1055 5410 Carme
1099 5352 1295 5409 Eubuli
1343 5354 1491 5422 ﬁlia;
1540 5352 1753 5425 Virgilii
1798 5367 1928 5408 vero
1973 5354 2028 5407 in
2072 5350 2186 5408 εἰνὶ

621 5441 811 5482 versus
839 5436 922 5481 est
959 5445 970 5479 :

758 5497 933 5563 Quam
955 5495 1115 5550 simul
1138 5495 1608 5566 Ogygiil’hamiris
1628 5495 1742 5564 filia
1760 5493 1966 5548 Carme.

619 5568 762 5623 Sane
780 5562 843 5621 in
871 5562 1267 5636 Supplementa
1320 5563 1574 5636 T_Iiesauri
1604 5562 1775 5619 critici
1805 5562 2182 5636 scriptnm‘in-

616 5641 775 5692 venio
806 5652 835 5691 a
860 5630 1065 5692 Iacobo
1090 5635 1314 5690 Nicolao
1342 5634 1537 5688 Loensi
1565 5637 1655 5689 lib.
1686 5651 1801 5696 vui,
1834 5652 1884 5689 c.
1915 5630 1985 5688 26
2018 5654 2031 5687 ;
2064 5630 2186 5687 Cle-

619 5725 763 5761 mens
805 5708 1072 5760 Nonianus
1105 5706 1733 5761 Britomartiu/Clmrmcs
1756 5715 1804 5759 et
1836 5704 1981 5758 Jouis
2012 5706 2181 5772 ﬁliam

621 5779 784 5845 fuisse
812 5779 958 5831 dirit.
996 5777 1055 5832 ιτῖι
1078 5776 1413 5831 Critonmrtis
1450 5791 1547 5844 pro
1578 5776 1915 5831 Britomarﬁs
1940 5790 2177 5831 errorem

2291 4312 2414 4353 esse
2458 4296 2806 4352 librariorum
2855 4298 2996 4356 idem
3033 4306 3228 4352 auctor
3256 4295 3523 4349 observat:
3551 4282 3740 4356 pejusque

2294 4352 2434 4437 apud
2459 4367 2687 4422 Coelium
2732 4352 3097 4438 Rhodiginum
3131 4369 3224 4422 lib.
3258 4379 3402 4427 xvm,
3431 4377 3473 4415 c.
3494 4352 3742 4411 2630m-

2295 4438 2929 4511 marlin,_Kpn16paptw
2954 4440 3130 4511 legere
3157 4447 3258 4491 est.

2360 4508 2472 4579 (29)
2514 4507 2745 4579 ιμὸεέηζ
2768 4507 2972 4572 Malim,
3004 4507 3221 4579 Libyen.
3388 4575 3398 4579 _
3545 4566 3592 4579 λ,

2360 4564 2472 4649 (50)
2517 4564 2969 4647 Hippodamiam:
2996 4564 3128 4632 Alii"
3156 4575 3501 4633 Laodamiam.
3545 4564 3738 4621 Diodorus

2290 4647 2508 4704 SicultIs
2538 4650 2881 4720 Δηϊδάμειαν.
2940 4718 2959 4720 ᾉ
3339 4716 3349 4720 _
3666 4703 3674 4717 .

2490 4701 2902 4791 'ngjinpiadqm.
2937 4718 3043 4775 Pro
3075 4716 3440 4791 Olympigdcm.
3470 4701 3736 4791 ξολυμπιξξξ

2511 4774 2772 4865 Ρεῖηςζὶαῃι
2802 4774 3530 4865 Promethei.:Al'.Eritneth

2285 4843 2489 4917 met—lte'i.
2516 4843 2873 4944 Apollodorus
2890 4843 3006 4917 lib,
3040 4843 3081 4927 iv,
3109 4843 3336 4933 Happel;
3354 4857 3440 4926 τὴν
3483 4843 3739 4917 Ἐτέιμηθέως

2285 4932 2379 4982 καὶ
2399 4930 2708 4982 Πανδωοαε.

2285 4932 2379 4985 καὶ
2399 4932 2708 5001 Πανδώρας.
3211 4932 3217 4933 “

2358 5002 2467 5072 (55)
2511 5000 2856 5057 Helmethius.
2889 5001 3118 5056 Videtur
3144 5003 3246 5058 iste
3268 5014 3382 5054 esse
3408 4994 3583 5054 Hellen,
3621 5000 3644 5037 ³
3663 4994 3739 5050 φιο

2288 5072 2715 5142 Ἕλληνες-αἱαὶ.
3424 5133 3461 5142 ..
3490 5133 3499 5142 .
3519 5132 3543 5142 ..
3656 5124 3667 5136 ο

2286 5119 2817 5265 'a’E—l-Ii'e'l-ium.
2849 5142 3063 5213 Optima
3086 5142 3370 5213 scriptura,
3398 5132 3630 5191 Ᾰίιιιιὲίιπι,
3656 5119 3737 5173 Ἃέ·

2354 5229 2448 5265 ιον.
3696 5260 3705 5265 _

2354 5229 2448 5265 ιον.
3609 5265 3617 5269 -
3696 5260 3705 5269 .

2504 5280 2833 5338 summum
2880 5285 3060 5354 Α⁶⁰Ρίο
3110 5282 3387 5352 Σαλαμῖνα.
3430 5265 3667 5331 Pausanias
3695 5265 3731 5310 in

2387 5368 2401 5403 ι
2435 5367 2499 5403 ιε.
3678 5402 3681 5403 ν

2341 5360 2499 5406 lucis.

2354 5402 2773 5496 (facillimum.
2824 5424 3055 5496 Plutide.
3082 5421 3222 5496 Infra
3252 5437 3300 5475 e.
3317 5402 3729 5496 25,.1’111‘111‘3:

2282 5470 2580 5567 cgioglAtég
2598 5512 2656 5547 τε
2679 5497 2772 5549 καὶ
2794 5495 3077 5558 Πλουτοῦς,
3107 5492 3389 5547 Pausanias
3425 5487 3471 5538 in
3506 5470 3730 5537 Corinthi“

2280 5570 2379 5608 cis.

2354 5608 2462 5706 (‘37)
2503 5634 2919 5707 Eurymedusam
2936 5634 3169 5690 Αοιιειαί.
3186 5608 3724 5707 Εεριςωεηιίηίρέίιιε

2286 5683 2475 5759 ιοίῩᾹῖ
2503 5683 3529 5775 ῐᾱέῧέἑῖιῐῖᾞῖἐἱιῖιῖεἱὲῖίιὶιῗιίλήτοροςε
3558 5683 3722 5747 autemlc

2288 5777 2541 5845 Arnohio,
2573 5776 2807 5832 Clitoris.
2869 5803 2873 5807 υ
