4030 6342
288 359 323 413 ’⁸1
333 357 433 415 457

1542 356 2103 414 RECOGNITIONUM
2139 353 2262 409 LIB.
2302 351 2342 406 Χ

3426 350 3554 405 Η58

300 483 410 539 quo
454 468 639 525 omnia
674 469 814 525 facta
846 472 1009 536 sunt;
1034 467 1141 524 hoc
1180 484 1309 524 sane
1357 472 1536 539 ipsum
1574 467 1742 523 chaos
1773 484 1881 521 non
1913 474 1958 529 Α
1986 466 2137 522 lianc
2185 478 2316 535 ergo
2355 477 2620 534 aquarum
2676 461 3003 526 libertatem,
3060 476 3181 530 qua:
3218 460 3372 531 prius
3408 460 3553 515 bulla

300 564 557 619 tenebras
584 561 722 616 dixit
751 576 893 625 esse,
925 576 1035 616 non
1061 561 1263 624 lucem,
1296 576 1404 615 non
1436 559 1740 626 humidum,
1766 576 1875 614 non

300 655 535 720 aridum,
588 667 700 707 non
747 652 1008 717 calidum,
1062 668 1175 706 non
1218 651 1499 723 frigidum,
1542 651 1637 706 sed
1693 652 1876 705 omnia

302 748 463 804 simul
504 744 688 811 mista,
722 751 778 797 et
826 758 1040 811 semper
1078 759 1242 797 unum
1276 742 1444 799 fuisse
1485 742 1747 808 informe;
1778 742 1878 797 ali-

300 840 525 910 quando
577 848 760 893 tamen
792 837 949 907 quasi
992 835 1058 890 ad
1088 838 1175 890 ovi
1216 836 1472 891 immanis
1506 838 1751 901 modum,
1782 852 1878 906 per

302 932 563 985 immensa
598 938 847 1000 tempora
886 926 1131 983 effectam
1174 926 1453 997 peperisse
1488 942 1552 982 ac
1584 929 1877 998 protulisse

298 1037 365 1076 ex
395 1037 453 1076 se
489 1022 761 1091 duplicem
796 1020 1089 1091 quamdam
1122 1020 1382 1090 speciem,
1418 1036 1579 1090 quam
1626 1021 1700 1074 illi
1731 1035 1877 1075 mas-

298 1113 679 1168 culofeminam
708 1120 1007 1176 vocant,ex
1034 1113 1310 1167 contraria
1338 1113 1665 1169 admistione
1692 1112 1878 1182 hujus-

298 1206 445 1260 modi
498 1205 837 1261 diversitatis
881 1206 1114 1274 speciem
1146 1213 1490 1273 concretam;
1525 1206 1711 1261 ethoc
1754 1223 1877 1262 esse

296 1296 625 1367 principium
658 1298 923 1359 omnium,
954 1297 1099 1366 quod
1144 1298 1381 1367 primum
1424 1314 1491 1353 ex
1526 1300 1749 1354 materia
1777 1316 1878 1369 pu-

296 1388 441 1444 riore
481 1389 836 1459 processerit,
864 1388 1118 1459 quodque
1151 1386 1453 1459 procedens
1493 1387 1876 1445 discretionem

295 1486 539 1548 quatuor
588 1480 985 1535 elementorum
1043 1480 1274 1543 dederit,
1299 1487 1353 1533 et
1394 1495 1460 1534 ex
1503 1478 1716 1536 duobus
1757 1496 1878 1551 qua:

294 1570 470 1640 prima
504 1578 631 1626 sunt
665 1570 948 1626 elementis
973 1568 1162 1625 fecerit
1192 1571 1413 1633 cmlum,
1446 1585 1511 1624 ex
1543 1572 1665 1627 aliis
1695 1581 1874 1627 autem

293 1668 522 1723 terram,
552 1676 617 1714 ex
678 1660 879 1729 quibus
931 1658 1041 1729 jam
1095 1660 1277 1712 omnia
1328 1660 1746 1730 participatione
1791 1661 1877 1715 sui

295 1750 530 1806 invicem
560 1752 711 1806 nasci
750 1752 885 1806 dicit
913 1759 966 1807 et
988 1751 1160 1822 gigni.
1187 1750 1313 1806 Haec
1351 1750 1569 1821 quidem
1604 1750 1873 1822 Orpheus.

1976 564 2263 633 obtegente
2294 558 2667 630 premebatur,
2693 564 2981 628 postquam
3021 555 3112 609 illa
3143 555 3336 612 inferni
3361 556 3556 613 sortita

1975 662 2059 710 est
2110 655 2313 717 locum,
2371 652 2685 723 Neptunum
2723 666 2845 705 esse
2878 648 3234 719 appellatam.
3276 646 3405 704 Post
3451 647 3556 702 hoc

1975 760 2100 800 cum
2137 746 2467 799 elementum
2503 741 2761 812 frigidum
2792 755 2889 810 per
2919 739 3324 793 concretionem
3356 738 3558 806 glacia-

1976 841 2043 896 lis
2070 840 2228 894 bullaa
2259 839 2323 893 ad
2349 838 2609 892 inferiora
2650 836 2848 891 fuisset
2876 834 3214 903 absorptum,
3243 839 3297 886 et
3341 833 3554 888 aridum

1976 932 2169 986 fuisset
2222 929 2622 999 humidumque
2660 927 2983 989 discretum,
3024 924 3176 978 nullo
3213 922 3326 991 jam
3384 923 3557 993 impe-

1973 1024 2177 1084 diente,
2225 1022 2553 1077 elementum
2611 1019 2849 1075 calidum
2893 1019 3035 1088 ignis
3076 1026 3264 1087 utpote
3292 1016 3474 1086 vigore
3503 1027 3556 1073 et

1972 1114 2190 1169 levitate
2214 1114 2278 1167 ad
2306 1114 2587 1183 superiora
2616 1112 3106 1173 convolavitaeris,
3127 1111 3321 1180 spiritu
3346 1118 3398 1164 et
3428 1124 3556 1180 pro-

1974 1204 2111 1259 cella
2157 1205 2498 1259 subvectum.
2533 1202 2685 1256 Hanc
2719 1218 2847 1274 ergo
2876 1203 3193 1272 procellam,
3220 1216 3341 1271 qua:
3376 1216 3558 1254 καται·

1974 1301 2061 1367 γες
2081 1300 2267 1356 Graece
2326 1301 2651 1371 appellatur,
2684 1316 2851 1370 argem
2874 1341 2888 1365 ,
2923 1300 2976 1353 id
3021 1308 3105 1353 est
3151 1315 3370 1369 capram
3402 1299 3557 1353 dixe~

1974 1405 2123 1457 runt,
2154 1401 2207 1448 et
2252 1394 2431 1464 ignem
2467 1394 2560 1462 qui
2593 1392 2660 1445 ad
2694 1407 2931 1462 superna
2964 1392 3303 1455 conscendit,
3334 1391 3554 1459 Jovem;

1974 1493 2028 1539 et
2059 1485 2180 1539 ideo
2210 1500 2335 1539 eum
2373 1499 2539 1555 capra
2587 1485 2907 1539 subvectum
2941 1483 3333 1539 conscendisse
3364 1482 3553 1555 Olym-

1976 1591 2104 1646 pum
2135 1576 2345 1631 dicunt.

2048 1664 2291 1721 XXXIII.
2325 1664 2508 1736 Ipsum
2539 1682 2669 1721 vero
2698 1665 2887 1721 Jovem
2919 1664 3091 1719 Graeci
3135 1666 3353 1736 quidem
3399 1682 3430 1720 a
3476 1666 3557 1720 vi-

1977 1756 2153 1811 vendo
2182 1758 2265 1812 vel
2296 1758 2463 1812 vitam
2502 1758 2704 1821 dando,
2738 1758 2913 1812 nostri
2948 1773 2978 1810 a
3016 1758 3261 1827 juvando
3300 1758 3555 1813 nomina-

368 1842 561 1898 XXXI.
593 1842 883 1914 Subjungit
932 1852 1113 1898 autem
1173 1842 1261 1898 his
1313 1853 1366 1899 et
1405 1841 1707 1905 Hesiodus,
1752 1850 1876 1913 post
1910 1825 1949 1879 Β
1980 1856 2093 1903 tum
2127 1850 2335 1905 volunt.
2369 1848 2521 1903 lianc
2557 1864 2688 1919 ergo
2720 1864 2842 1904 esse
2886 1825 3159 1903 viventem
3194 1850 3555 1904 substantiam

293 1936 465 1991 chaos
506 1936 688 1991 statim
724 1936 924 1990 coelum
952 1936 1145 1991 dicens
1188 1935 1394 1991 factum
1417 1952 1540 1993 esse
1569 1944 1623 1992 et
1651 1944 1875 2001 terram,

291 2042 359 2082 ex
401 2027 603 2097 quibus
641 2027 717 2081 ait
749 2028 1061 2097 progenitos
1094 2027 1216 2083 illos
1245 2027 1520 2091 undecim,
1542 2043 1680 2098 quos
1708 2028 1876 2083 inter-

293 2116 425 2171 dum
458 2124 512 2171 et
540 2116 829 2172 duodecim
868 2118 1002 2172 dicit
1037 2118 1175 2189 (57),
1209 2135 1274 2174 ex
1301 2120 1501 2189 quibus
1546 2135 1640 2175 sex
1676 2136 1875 2187 mares,

293 2208 536 2280 quinque
583 2208 815 2264 feminas
873 2209 1056 2279 ponit;
1110 2211 1333 2265 nomina
1372 2224 1551 2264 autem
1585 2209 1679 2263 dat
1714 2211 1880 2263 mari-

291 2302 396 2357 bus
440 2320 453 2357 :
492 2298 763 2366 Oceanus,
815 2303 1001 2368 Coeus,
1046 2302 1240 2367 Crius,
1286 2300 1580 2373 Hyperion,
1640 2303 1875 2373 Iapetus,

290 2394 528 2458 Cronus,
553 2395 713 2465 quiet
733 2393 1008 2452 Saturnus
1031 2415 1045 2463 ;
1070 2398 1198 2451 item
1229 2394 1487 2453 feminis:
1517 2395 1675 2458 Thia,
1703 2395 1875 2460 Rhea,

293 2484 541 2553 Themis,
569 2486 940 2559 Mnemosyne,
972 2485 1192 2558 Thetys,
1224 2504 1346 2557 quae
1376 2488 1596 2543 nomina
1620 2503 1714 2557 per
1746 2488 1878 2542 alle-

291 2578 505 2649 goriam
524 2578 629 2633 hoc
652 2577 815 2632 modo
848 2579 1278 2648 interpretantur
1308 2599 1319 2633 :
1351 2595 1635 2634 numerum
1658 2578 1877 2648 quidem

293 2669 552 2724 undecim
589 2670 671 2723 vel
704 2669 1016 2733 duodecim,
1054 2669 1227 2739 ipsam
1272 2669 1463 2724 dicunt
1506 2670 1735 2740 primam
1780 2684 1879 2723 na-

295 2767 497 2827 turam,
530 2775 691 2829 quam
724 2768 777 2815 et
820 2759 1027 2815 Rheam
1078 2776 1108 2814 a
1137 2759 1355 2816 fluendo
1392 2761 1597 2815 dictam
1643 2761 1871 2828 volunt;

301 2852 547 2920 reliquos
590 2860 771 2907 autem
800 2853 987 2907 decem
1036 2854 1342 2909 accidentia
1372 2854 1493 2925 ejus
1521 2855 1710 2909 dicunt
1742 2870 1878 2925 quas

292 2952 347 2997 et
378 2945 670 3014 qualitates
697 2946 1007 3015 appellant;
1042 2946 1428 3001 duodecimum
1458 2955 1643 3001 tamen
1666 2946 1877 3001 addunt

291 3042 345 3087 et
373 3034 615 3090 Cronum
649 3052 811 3106 quem
844 3037 987 3107 apud
1016 3053 1117 3093 nos
1155 3037 1452 3094 Saturnum
1483 3038 1669 3093 dicunt
1691 3058 1707 3106 ;
1732 3040 1876 3094 hunc

292 3142 392 3197 pro
426 3135 670 3197 tempore
722 3129 1020 3198 accipiunt.
1075 3127 1374 3184 Saturnum
1431 3144 1560 3200 ergo
1587 3140 1639 3184 et
1668 3128 1873 3186 Rheam
1901 3162 1945 3219 ο

293 3231 511 3286 tempus
538 3224 749 3286 ponunt
775 3227 829 3271 et
860 3218 1167 3282 materiam,
1194 3235 1315 3290 quae
1346 3220 1437 3274 ubi
1477 3235 1601 3274 cum
1652 3220 1876 3277 humido

292 3316 347 3362 et
397 3309 553 3362 arido
583 3317 637 3363 et
668 3309 845 3364 calido
874 3317 927 3365 et
960 3310 1157 3381 frigido
1184 3319 1433 3382 tempore
1474 3311 1678 3366 fuerint
1706 3314 1880 3367 admi-

292 3413 400 3484 sta,
429 3407 611 3459 omnia
650 3412 933 3475 generant.

363 3492 580 3550 XXXII.
610 3495 733 3567 Ilaec
760 3512 915 3567 ergo,
946 3498 1145 3567 inquit,
1171 3500 1345 3569 primo
1369 3501 1610 3554 omnium
1638 3507 1880 3572 tempore

300 3594 478 3647 multo
521 3600 833 3647 concretam
880 3594 1066 3664 genuit
1111 3595 1401 3665 quamdam
1453 3598 1609 3666 quasi
1651 3597 1876 3663 bullam,

293 3695 419 3752 quae
459 3696 524 3735 ex
555 3681 749 3751 spiritu
781 3683 876 3750 qui
909 3682 963 3735 in
998 3683 1155 3752 aquis
1186 3691 1326 3746 erat,
1365 3685 1622 3753 paulatim
1654 3686 1877 3742 collecta

294 3773 576 3837 intumuit,
594 3784 644 3826 et
665 3773 941 3842 aliquanto
964 3785 1203 3844 tempore
1222 3776 1553 3830 circumacta
1577 3793 1671 3847 per
1700 3796 1880 3850 super-

295 3863 471 3918 ficiem
504 3864 764 3929 materiae,
791 3880 857 3919 ex
892 3880 999 3935 qua
1028 3866 1186 3936 quasi
1226 3882 1291 3920 ex
1316 3867 1483 3921 vulva
1513 3878 1875 3937 processerat,

294 3954 479 4025 rigore
522 3954 742 4026 frigoris
792 3956 1060 4011 obdurata
1107 3967 1161 4013 et
1210 3958 1532 4029 glacialibus
1574 3963 1879 4031 augmentis

294 4059 521 4115 semper
559 4046 896 4109 increscens,
931 4049 1162 4118 abrupta
1199 4049 1417 4105 tandem
1458 4050 1794 4123 demergitur
1824 4055 1878 4110 in

288 4135 656 4206 profundum,
688 4153 751 4190 ac
784 4138 1022 4207 pondere
1065 4139 1183 4208 ipso
1213 4148 1487 4209 pertracta
1520 4142 1574 4195 in
1604 4144 1877 4200 infemum

285 4229 604 4292 descendit,
639 4239 693 4283 et
726 4230 852 4299 quia
911 4231 1203 4287 invisibilis
1255 4231 1398 4287 facta
1435 4242 1541 4299 est,
1575 4236 1739 4293 Aides
1779 4254 1877 4309 ap-

287 4319 497 4389 pellata
526 4327 629 4381 est,
654 4321 747 4389 qui
777 4327 831 4375 et
851 4319 1025 4377 Orcus
1048 4322 1130 4376 vel
1160 4321 1320 4377 Pluto
1352 4325 1686 4385 nominatur.
1713 4328 1877 4383 Cum-

296 4432 416 4486 que
457 4418 525 4471 de
570 4417 949 4487 superioribus
993 4430 1328 4491 mergeretur
1351 4423 1406 4476 in
1439 4421 1673 4487 inferna,
1699 4424 1876 4478 locum

1980 1941 2183 2004 ferunt,
2217 1956 2336 2010 quae
2368 1940 2420 1993 in
2452 1940 2832 2009 superioribus
2869 1942 3067 2011 posita,
3101 1940 3152 1993 vi
3189 1940 3388 1993 caloris
3410 1940 3558 1994 velut

1977 2032 2187 2091 cerebri
2241 2031 2448 2085 ambitu
2492 2030 2559 2084 ad
2603 2046 2662 2085 se
2692 2031 2913 2086 trahens
2942 2040 3157 2085 cuncta.
3193 2037 3246 2083 et
3271 2029 3555 2099 cujusdam

1980 2123 2393 2195 temperamenti
2444 2124 2818 2179 moderatione
2880 2137 3236 2193 componens,
3268 2122 3335 2177 de
3380 2122 3557 2191 capite

1978 2220 2179 2275 dicitur
2196 2219 2451 2289 genuisse
2469 2218 2815 2287 sapientiam,
2836 2233 2998 2287 quam
3014 2216 3309 2271 Minervam
3334 2221 3553 2278 vocant,

1977 2327 2100 2383 qua;
2148 2326 2180 2366 a
2224 2309 2429 2366 Graecis
2470 2310 2671 2383 Ἀθήνη
2699 2318 2922 2380 propter
2953 2307 3413 2363 immortalitatem
3443 2305 3556 2377 (58)

1979 2404 2258 2460 nominata
2285 2410 2399 2470 est;
2425 2418 2545 2473 quae
2591 2403 2717 2473 quia
2747 2410 2900 2472 pater
2943 2399 3185 2455 omnium
3208 2414 3306 2469 per
3340 2397 3559 2467 sapien-

1980 2496 2108 2551 tiam
2160 2511 2313 2550 suam
2354 2503 2552 2549 cuncta
2597 2492 2863 2554 condidit,
2896 2499 2948 2545 et
2978 2506 3043 2545 ex
3070 2490 3188 2560 ipso
3218 2489 3393 2559 capite
3435 2487 3557 2557 ejus

1978 2591 2032 2638 et
2070 2584 2357 2655 principali
2382 2585 2621 2638 omnium
2654 2584 2837 2653 genita
2865 2581 3068 2635 dicitur
3105 2581 3242 2645 loco,
3267 2587 3320 2633 et
3352 2588 3558 2647 tempe-

1981 2684 2098 2730 rata
2145 2674 2473 2730 admistione
2515 2673 2909 2727 elementorum
2943 2672 3258 2726 universum
3290 2670 3557 2725 formasse

1978 2767 2242 2824 mundum
2291 2776 2345 2821 et
2396 2766 2692 2820 adornasse
2748 2764 3092 2834 perhibetur.
3139 2763 3309 2833 Igitur
3344 2762 3556 2831 species

1978 2877 2101 2932 qua:
2146 2859 2390 2914 materiae
2438 2858 2625 2913 indita).
2670 2864 2822 2919 sunt,
2854 2868 2913 2913 ut
2956 2856 3105 2910 fieret
3132 2855 3391 2916 mundus,
3426 2855 3554 2923 quia

1979 2953 2032 3008 vi
2086 2952 2284 3007 caloris
2336 2948 2810 3019 constringuntur,
2847 2946 3001 3003 Jovis
3048 2946 3255 3001 viribus
3286 2941 3555 2999 contineri

1979 3045 2256 3099 dicuntur.
2291 3040 2421 3108 Qua:
2460 3040 2717 3110 quoniam
2751 3038 3079 3094 suIIicientcr
3113 3052 3171 3092 se
3206 3036 3428 3101 habent,
3453 3048 3555 3089 nec

1980 3136 2122 3189 ultra
2176 3132 2300 3187 addi
2348 3131 2453 3186 sibi
2489 3132 2733 3200 indigent
2787 3130 2989 3200 aliquid
3043 3128 3193 3197 novi,
3224 3127 3319 3183 sed
3354 3143 3553 3182 unum-

1980 3228 2236 3298 quodque
2282 3223 2507 3280 seminis
2540 3224 2625 3278 sui
2658 3224 2974 3293 posteritate
3018 3231 3321 3292 reparatur,
3358 3223 3553 3278 vincla:

1979 3333 2099 3373 esse
2138 3332 2167 3370 a
2194 3315 2327 3371 Jove
2380 3314 2601 3369 Saturni
2643 3330 2837 3369 manus
2894 3313 3153 3367 dicuntur
3191 3332 3204 3368 :
3238 3313 3366 3383 quia
3414 3314 3551 3369 nihil

1979 3411 2105 3465 novi
2146 3409 2281 3480 jam,
2317 3407 2546 3476 utidixi,
2569 3422 2634 3461 ex
2660 3406 2889 3460 materia
2915 3415 3128 3474 tempus
3158 3406 3425 3474 producit,
3454 3404 3549 3458 sed

1980 3502 2129 3556 calor
2189 3500 2458 3556 seminum
2512 3498 2809 3553 secundum
2892 3494 2998 3554 sui'
3042 3496 3279 3568 speciem
3348 3502 3547 3551 cuncta

1981 3592 2242 3655 restituit,
2273 3606 2373 3645 nec
2404 3590 2548 3645 ultra
2598 3588 2762 3643 Rheae
2808 3596 3017 3658 partus,
3044 3589 3145 3643 hoc
3194 3595 3275 3641 est
3308 3600 3547 3657 propago

1982 3684 2219 3737 materiae
2265 3680 2503 3743 fluentis,
2540 3680 2805 3742 ascendit,
2854 3686 2905 3733 et
2956 3679 3073 3733 ideo
3110 3678 3280 3747 ipsam
3315 3678 3545 3747 primam

1980 3775 2373 3831 elementorum
2402 3772 2728 3827 divisionem
2779 3770 3142 3824 abscisionem
3180 3766 3397 3822 Saturni
3441 3781 3544 3820 no»

1982 3866 2221 3931 minant,
2272 3865 2429 3936 quasi
2476 3864 2571 3934 qui
2621 3864 2763 3917 ultra
2810 3862 3071 3917 mundum
3132 3875 3390 3931 generare
3436 3874 3546 3912 non

1980 3958 2175 4027 possit.

2050 4048 2287 4105 XXXIV.
2334 4048 2467 4102 Nam
2517 4048 2584 4103 de
2637 4045 2848 4101 Venere
2890 4045 2993 4099 hoc
3032 4045 3193 4098 modo
3233 4043 3541 4114 allegoriam

1980 4147 2205 4202 tradunt
2238 4166 2251 4200 :
2286 4143 2409 4208 Ubi,
2440 4144 2614 4205 aiunt,
2645 4142 2832 4195 aetheri
2864 4140 3171 4208 subjectum
3196 4146 3277 4191 est
3298 4139 3542 4207 pelagus,

1980 4255 2104 4294 cum
2128 4252 2486 4309 repercussus
2518 4235 2674 4305 aquis
2711 4233 2969 4304 splendor
2998 4232 3121 4286 ςαξιί
3153 4232 3357 4301 gratior
3379 4229 3545 4284 reful-

1981 4332 2424 4393 sisset,venustas
2452 4342 2631 4381 rerum
2658 4340 2777 4395 quae
2798 4339 2861 4378 ex
2894 4323 3050 4392 aquis
3075 4322 3352 4391 pulchrior
3381 4335 3547 4390 appa-

1980 4430 2185 4487 ruerat,
2222 4419 2401 4475 Venus
2440 4418 2718 4473 nominata
2759 4424 2843 4470 est
2874 4415 3008 4485 (59),
3032 4428 3153 4483 quae
3180 4412 3366 4467 aetheri
3419 4420 3543 4463 tan-

297 4511 613 4567 conﬂuendi
642 4514 863 4568 humido
890 4515 1120 4585 praebuit
1147 4518 1437 4580 elemento,
1468 4526 1521 4573 et
1555 4535 1683 4589 pars
1725 4536 1874 4575 cras-
1908 4505 1953 4559 Ῑ)
1982 4529 2145 4587 quam
2175 4514 2328 4568 fratri
2359 4527 2460 4567 suo
2500 4510 2728 4573 sociata,
2755 4507 2899 4579 quod
2933 4506 3355 4576 concupiscibile
3376 4504 3545 4559 decus

297 4606 434 4668 sior,
472 4619 592 4674 qua:
615 4612 697 4659 est
720 4611 887 4669 terra,
918 4607 1075 4677 aquis
1107 4609 1424 4665 cedentibus
1447 4610 1716 4681 patefacta
1768 4625 1873 4669 est.

1981 4608 2242 4670 eﬂ'ecerit,
2282 4604 2608 4675 Cupidinem
2668 4602 2920 4673 genuisse
2960 4606 3257 4656 memorata
3296 4604 3399 4653 est.
3431 4594 3543 4651 Hoc

1600 4744 1967 4801 COTELERII
2002 4743 2231 4802 NOTAE.

370 4901 483 4973 (57)
524 4900 657 4956 Illos
690 4901 952 4962 undecim,
980 4918 1107 4973 quos
1139 4902 1403 4957 interdum
1423 4915 1471 4958 et
1498 4904 1771 4959 duodecim
1793 4906 1869 4958 di-

296 4980 391 5031 cit.
445 4971 769 5041 Theogoniae
814 4989 959 5026 vers.
993 4971 1155 5037 153,
1210 4983 1317 5027 etc.
1364 4975 1641 5037 Ὠκεανὸν,
1686 4979 1865 5040 Κοῖον,

298 5045 515 5118 Κρεῖον,
547 5044 864 5118 ξΥπερᾼίονᾳ,
910 5044 1168 5118 Ίίπξῖὸν,
1206 5043 1388 5118 Θεζαν,
1437 5046 1634 5118 ξΡείαν,
1678 5046 1866 5116 Θέμιν,

298 5113 684 5184 Μνημοσύνην,
710 5114 928 5184 Φοίϐην,
954 5114 1154 5185 Τηθὺν,
1180 5114 1406 5186 Κρόνον.
1438 5114 1612 5185 Supra
1639 5133 1687 5172 c.
1721 5113 1788 5169 Π
1816 5125 1871 5171 et

299 5187 743 5256 Clementinorum
769 5186 954 5239 homil.
991 5201 1062 5247 vn,
1085 5201 1140 5240 n.
1173 5190 1227 5247 tl,
1252 5185 1537 5256 duodecim
1569 5195 1867 5256 ponuntur.

299 5254 568 5328 Diodorus
591 5254 812 5309 Siculus
843 5256 937 5328 lib.
966 5274 997 5308 v
1031 5264 1316 5328 enumerat
1346 5254 1618 5328 undecim,
1643 5258 1868 5328 Κρόνον,

310 5325 613 5397 Ὑπερίονα,
647 5327 827 5397 Κοῖον,
860 5325 1124 5397 Ἰαπετὸν,
1164 5326 1350 5396 Κριὺν,
1390 5327 1657 5385 Ὠκεανὸν,
1691 5325 1865 5390 Ῥέαν,

295 5395 486 5469 Θέμιν,
534 5395 918 5469 Μνημοσύνην,
972 5395 1452 5469 Φοίϐηντηθύν.
1504 5397 1868 5469 Apollodorus

298 5466 393 5522 lib.
430 5482 468 5528 t,
502 5466 783 5529 tredecim,
822 5466 1093 5527 Ὠκεανὸν,
1128 5466 1651 5536 Κοῖον,⁷⁹Υπερίονα,
1682 5468 1866 5536 Κρίον,

310 5536 569 5609 Ἰαπετὸν,
596 5538 823 5609 Κρόνον,
844 5537 1045 5609 Τηθὺν,
1074 5536 1247 5609 Ῥέαν,
1271 5537 1461 5609 Θέμιν,
1482 5536 1867 5609 Μνημοσύνην,

295 5606 512 5676 Φοίϐην,
538 5605 763 5676 Διώνην,
790 5605 967 5659 Θείαν.
999 5605 1247 5675 Orpheus
1278 5605 1512 5676 denique
1538 5605 1870 5676 quatuorde-

297 5680 427 5743 cim,
444 5677 633 5747 Θέμιν,
658 5676 857 5747 Τηθὺν,
885 5677 1271 5746 Μνημοσύνην,
1304 5679 1483 5739 Θείαν,
1506 5677 1729 5747 Διώνην,
1750 5677 1869 5729 Φοί-

298 5748 419 5821 ϐην,
448 5747 665 5821 ῌῬείην,
709 5750 888 5821 Κοῖον,
930 5748 1114 5821 Κριὸν,
1151 5747 1379 5817 Φόρκυν,
1420 5748 1644 5821 Κρόνον,
1684 5749 1867 5801 Ὠκεα-

298 5766 419 5819 οην,
483 5766 665 5819 ιἐιην,
709 5766 888 5805 λοιον,
930 5766 1043 5869 λῖν

298 5817 409 5887 ver,
446 5818 753 5890 Ὑπερίονα,
784 5818 963 5871 Ἰαπετ
999 5836 1043 5870 ν.

2041 4904 2153 4972 (’58)
2203 4902 2423 4974 Ἀθήνη,
2454 4911 2661 4971 propter
2683 4897 3160 4974 immortalitatem.
3188 4896 3535 4974 ulgentius:

1975 4970 2211 5033 Minerva
2257 4970 2474 5043 denique
2523 4984 2571 5028 et
2628 4972 2821 5043 Ἀθήνη
2873 4970 3050 5043 ϐνιιτβ
3100 4972 3332 5043 dicitur,
3388 4974 3539 5039 quasi

1973 5049 2235 5118 ἀθάνατος
2269 5041 2550 5118 παρθένος,
2582 5043 2635 5097 id
2660 5041 3079 5118 est‘immortalis
3107 5042 3270 5118 virgo.

2045 5120 2157 5189 (59)
2194 5110 2447 5189 Veranium
2479 5131 2674 5189 rerum,
2710 5131 2827 5181 qua:
2854 5128 2917 5166 ea:
2945 5114 3094 5189 aquis
3129 5110 3400 5189 pulchrior
3447 5125 3538 5176 ap-

1974 5181 2245 5258 paruerat,
2290 5186 2457 5258 Venus
2509 5185 2779 5258 ngontinqta
2828 5194 2926 5258 est:
2980 5183 3153 5258 Ilabcs
3205 5181 3290 5234 hic
3316 5194 3540 5258 quoque

1980 5251 2259 5313 Rufiniana
2295 5256 2654 5315 Clementinis,
2684 5253 2870 5308 Graeca
2906 5252 3112 5305 Latinis
3160 5266 3265 5303 non
3316 5251 3542 5313 inscite,

1976 5331 2166 5399 audaci
2216 5329 2339 5399 licet
2382 5331 2433 5380 in
2470 5322 3214 5399 interpretatione__facinore,
3261 5319 3537 5399 permista.

1976 5397 2047 5455 Ut
2092 5400 2234 5451 enim
2297 5396 2462 5450 Venus
2505 5413 2533 5449 a
2579 5392 2860 5448 venustate
2909 5394 3150 5454 dicatur,
3183 5392 3325 5458 quod
3376 5392 3539 5442 etiam

1976 5469 2138 5523 tradit
2169 5466 2456 5530 Firmicus,
2487 5465 2682 5520 refellit
2711 5480 2837 5535 vero
2866 5463 3091 5527 Cicero;
3128 5459 3411 5535 ’ᾼφροδίτη
3458 5458 3539 5511 al—

1976 5540 2145 5593 terius
2170 5538 2393 5609 originis
2407 5547 2508 5598 est,
2527 5536 2595 5589 ab
2615 5533 2779 5609 ἀφρςῖξ
2790 5550 2993 5609 spuma,
3012 5540 3078 5609 _u_t
3097 5532 3254 5609 vulgo
3280 5534 3539 5609 sentiunt,

1977 5618 2141 5677 utque
2164 5600 2443 5679 colligitur
2460 5622 2523 5660 ex
2553 5600 2677 5674 cap.
2696 5600 2787 5657 ’2⁷0
2813 5600 2975 5672 hujus
3011 5602 3153 5658 libri.
3180 5600 3538 5679 Macrobinst

1980 5671 2254 5733 Saturnal.
2286 5671 2318 5731 8
2352 5695 2365 5730 :
2409 5671 2679 5741 Venerem,
2725 5689 2841 5744 qua:
2868 5671 2899 5726 ἁ
2922 5688 3109 5744 spuma
3138 5671 3536 5744 nudarentur},

1978 5748 2272 5817 Aphrodite
2303 5763 2487 5801 nomen
2512 5738 2747 5814 accepit:
2766 5744 2894 5799 Vide
2922 5738 3268 5809 Clementiae,
3298 5741 3444 5796 hom.
3481 5738 3538 5805 6,

1977 5836 2026 5875 c.
2068 5819 2145 5874 I3.
