4030 6342
577 352 601 408 ι
613 353 709 410 I59

1452 344 1506 399 S.
1544 342 1938 400 CLEMENTIS
1973 342 1989 395 1
2024 339 2188 396 ROM.
2225 336 2425 393 PONT.
2460 333 2686 391 OPERA
2718 330 2957 389 DUBIA..

3612 337 3709 392 tuo

576 488 705 543 ergo
741 472 903 526 modo
938 486 1033 539 per
1061 467 1370 538 allegoriam
1399 465 1638 520 Cronum
1674 463 1917 533 quidem,
1949 460 2043 531 qui
2072 465 2156 514 est
2182 462 2230 521 Α
2261 455 2503 510 vorantis
2524 494 2538 520 ,
2599 460 2652 508 et
2699 448 2954 506 occultati
3004 446 3154 518 pueri
3211 460 3302 543 per
3336 446 3631 543 Corybantum
3670 463 3705 508 er

579 564 868 626 Saturnus,
901 570 1111 630 tempus
1132 575 1276 623 esse,
1309 566 1367 613 ut
1387 558 1646 620 diximus,
1670 554 1911 615 tradunt,
1941 552 2146 608 Rheam

579 650 1096 716 materiain,Aiden,
1133 649 1185 703 id
1213 662 1294 705 est
1324 647 1547 711 Orcum,
1574 645 1771 702 inferni
1798 642 2150 715 profundum,

578 745 888 815 Neptunum
922 759 1142 812 aquam,
1192 742 1380 797 Jovem
1426 743 1708 804 aetherem,
1748 738 1800 794 id
1838 750 1921 793 est
1953 737 2152 791 caloris

577 837 929 898 elementum,
964 834 1227 890 Venerem
1282 841 1622 889 venustatem
1680 847 1887 896 rerum,
1930 828 2154 899 Cupidi-

579 943 700 982 nem
721 926 1241 996 concupiscentiam,
1262 942 1381 996 qua:
1408 927 1548 980 inest
1574 921 2033 987 rebusomnibus,
2059 934 2155 989 per

578 1038 740 1091 quam
800 1020 1090 1088 posteritas
1138 1027 1445 1088 reparatur,
1477 1019 1561 1073 vel
1605 1018 1764 1072 etiam
1797 1030 1977 1071 rerum
2012 1012 2154 1066 ratio

580 1127 700 1183 qua:
723 1113 999 1182 sapienter
1042 1112 1287 1179 inspecta
1321 1109 1574 1164 delectat.
1613 1108 1777 1173 Hera,
1808 1106 1857 1161 id
1880 1112 1964 1161 est
1987 1103 2150 1168 Juno,

582 1222 673 1261 aer
702 1206 804 1261 iste
841 1204 1074 1268 medius,
1112 1203 1206 1273 qui
1243 1203 1310 1258 de
1340 1204 1480 1257 caelo
1509 1217 1683 1271 usque
1714 1200 1779 1255 ad
1803 1207 2005 1253 terram
2029 1197 2155 1252 des-

582 1299 786 1365 cendit,
818 1298 1060 1368 ponitur.
1116 1296 1322 1358 Dianae,
1355 1310 1516 1365 quam
1566 1295 1737 1364 ipsam
1769 1290 2153 1361 Proserpinam

580 1390 802 1456 dicunt,
850 1404 1027 1443 aerem
1086 1387 1297 1441 inferne
1339 1386 1580 1440 tradunt.
1611 1384 1914 1456 Apollinem
1974 1382 2152 1451 ipsum

582 1483 743 1537 etiam
775 1482 942 1536 solem
978 1479 1186 1539 dicunt,
1218 1478 1647 1531 circumeuntem
1688 1478 1906 1545 polum;
1935 1472 2150 1527 Mercu-

581 1578 721 1631 rium
774 1575 1021 1633 verbum,
1082 1588 1189 1641 quo
1241 1572 1381 1624 ratio
1425 1570 1493 1623 de
1550 1569 1783 1638 singulis
1842 1566 2154 1636 quibusque

582 1667 874 1731 reddatur;
911 1665 1135 1719 Martem
1166 1664 1581 1731 intemperatum
1615 1661 1815 1729 ignem,
1836 1660 1929 1731 qui
1955 1664 2153 1713 cuncta

580 1766 889 1815 consumat.
935 1756 1040 1810 Sed
1084 1769 1153 1808 ne
1198 1753 1413 1825 singula
1468 1752 1841 1808 enumerando
1894 1753 2150 1807 immore.

582 1866 724 1913 mur,
754 1849 821 1903 ad
876 1850 1016 1902 hanc
1075 1847 1348 1917 allegoriae
1405 1849 1641 1917 speciem
1692 1846 1759 1901 de
1821 1860 2150 1915 unoquoque

579 1956 768 1997 eorum
816 1956 954 2010 quos
1007 1939 1217 2002 colunt,
1254 1939 1310 1992 hi
1343 1938 1541 2009 quibus
1572 1938 1835 1993 secretior
1861 1936 1926 1990 de
1951 1937 2153 1992 talibus

580 2033 721 2087 inest
768 2032 980 2101 peritia,
1022 2030 1283 2085 honestas
1319 2029 1422 2084 sibi
1456 2029 1710 2084 videntur
1747 2037 1800 2084 et
1820 2029 1996 2099 justas
2024 2027 2151 2082 red-

580 2127 710 2182 dere
744 2128 1008 2181 rationes.

651 2217 866 2273 XXXV.
898 2218 1025 2273 Haec
1048 2234 1171 2273 cum
1194 2216 1381 2273 Niceta
1413 2217 1661 2281 dixisset,
1692 2217 1888 2288 Aquila
1918 2231 2150 2287 respon-

580 2309 696 2364 dit:
725 2308 891 2365 Valde
922 2309 1057 2364 mihi
1089 2310 1323 2375 videtur,
1348 2310 1598 2381 quisquis
1636 2312 1726 2365 ille
1750 2319 1835 2366 est
1867 2317 2062 2366 auctor
2099 2319 2153 2364 et

580 2403 831 2459 inventor
879 2405 1096 2469 horum,
1159 2406 1359 2475 impius
1416 2406 1713 2470 exstitisse,
1768 2406 1816 2461 si
1867 2407 1982 2460 haec
2032 2421 2154 2475 quae

582 2504 735 2566 grata
762 2503 815 2552 et
845 2498 1070 2555 honesta
1091 2500 1351 2554 videntur
1372 2498 1682 2566 abscondit,
1717 2508 1771 2554 et
1808 2501 2157 2571 superstitio-

584 2591 669 2644 nis
698 2606 811 2646 sua:
836 2593 1001 2647 ritum
1039 2593 1093 2648 in
1129 2594 1480 2650 dedecorosis
1507 2603 1561 2649 et
1584 2593 1833 2664 turpibus
1858 2594 2169 2648 observan-v

583 2682 677 2739 tiis
733 2684 1041 2749 collocavit,
1098 2701 1223 2740 cum
1278 2701 1340 2741 ea
1383 2702 1505 2755 quae
1555 2685 1857 2740 secundum
1910 2685 2153 2738 litteram

585 2776 787 2845 scripta
819 2783 967 2841 sunt,
994 2776 1285 2832 manifeste
1321 2778 1609 2832 inhonesta
1637 2777 1747 2832 sint
1776 2791 1831 2831 et
1868 2778 2069 2847 turpia,
2099 2782 2155 2831 et

582 2874 693 2920 tota
733 2867 1012 2935 religionis
1049 2883 1239 2921 eorum
1272 2868 1622 2923 observantia
1652 2869 1708 2923 in
1747 2868 2152 2938 ipsis-constet,

585 2966 645 3012 ut
682 2975 779 3029 per
823 2958 1142 3026 bujusmodi
1181 2962 1389 3017 scelera
1419 2972 1470 3018 et
1500 2964 1805 3032 impietates
1847 2962 1981 3018 deos
2023 2978 2154 3019 suos

584 3064 722 3120 quos
757 3052 965 3119 colunt,
1000 3048 1233 3109 doceant
1274 3055 1502 3112 imitari.
1542 3055 1677 3111 Nam
1711 3057 1767 3112 in
1801 3057 1924 3114 istis
1940 3058 2156 3129 ,allego—

2253 548 2496 619 cymbala
2549 555 2603 601 et
2672 554 3049 617 tympanorum
3085 552 3090 557 ‘
3125 541 3354 604 sonitus,
3421 541 3706 610 exprimuntur

2254 639 2540 710 imagines.
2575 637 2647 692 De
2694 638 3003 692 abscisione
3044 648 3188 689 vero-
3215 630 3441 694 Saturni,
3470 648 3569 701 qua
3588 636 3707 704 major

2251 731 2355 787 erit
2402 732 2652 803 probatio
2698 730 2967 793 veritatis,
2998 742 3161 799 quam
3214 734 3268 780 ut
3310 725 3359 780 in
3402 728 3617 781 honorem
3649 730 3704 785 dei

2254 824 2361 887 sui,
2394 824 2560 880 simili
2620 822 2957 877 infelicitatis
3014 827 3162 876 sorte
3219 818 3558 874 abscindantur
3596 820 3706 875 etiam

2255 902 2491 970 cultores
2507 913 2692 970 ?.Cum
2724 929 2853 985 ergo
2891 913 3005 968 haec
3037 911 3315 965 manifeste
3342 919 3603 973 cernantur,
3624 913 3707 981 quis

2254 1016 2365 1061 tam
2419 1007 2600 1077 exigui
2644 1022 2860 1071 sensus,
2892 1006 3003 1060 imo
3033 1012 3143 1058 tam
3177 1002 3349 1058 stolidi
3371 1001 3630 1064 Invenietur,
3648 1005 3705 1058 cui

2254 1115 2363 1154 non
2395 1101 2573 1170 palam
2604 1100 2695 1164 sit,
2735 1100 2851 1153 haec
2880 1098 3055 1168 magis
3098 1110 3226 1151 vera
3265 1110 3377 1150 esse
3402 1094 3460 1149 de
3485 1093 3707 1151 infelicibus

2254 1192 2379 1258 diis,
2414 1208 2535 1263 qua:
2563 1192 2895 1248 infeliciores
2923 1191 3162 1247 cultores
3187 1188 3340 1244 etiam
3362 1202 3596 1257 corporum
3614 1201 3703 1243 suo-

2256 1303 2374 1341 rum
2409 1287 2734 1342 vulneribus
2766 1296 2820 1343 et
2848 1285 3163 1341 abscisione
3184 1281 3466 1337 testantur?

2324 1378 2610 1435 XXXVIII.
2639 1379 2791 1446 Quod
2826 1379 2894 1446 si,
2916 1381 2995 1444 fut
3023 1377 3233 1436 dicunt.
3261 1375 3370 1429 haec
3396 1373 3464 1427 ita
3490 1372 3641 1428 honeste
3659 1380 3707 1427 et“

2255 1473 2340 1544 pie
2378 1480 2529 1544 gesta
2565 1480 2673 1526 tam
2707 1472 2995 1527 inhonesto
3025 1470 3131 1524 ritu
3163 1466 3697 1534 ministranturetimpio,

2256 1566 2554 1636 sacrilegus
2595 1562 2838 1634 profecto
2892 1569 2998 1627 est,
3033 1560 3281 1631 quisquis
3321 1557 3402 1613 ille
3427 1556 3497 1612 vel
3520 1572 3563 1612 er
3596 1555 3701 1609 initio

2257 1656 2373 1712 haec
2425 1656 2669 1720 tradidit,
2707 1655 2789 1710 vel
2837 1668 2985 1708 nunc
3039 1652 3184 1707 male
3230 1652 3411 1705 tradita
3437 1648 3701 1719 persistitim-

2255 1750 2420 1817 plere.
2458 1747 2597 1815 Quid
2653 1756 2833 1802 autem
2864 1755 2917 1802 et
2956 1744 3024 1801 de
3073 1744 3230 1799 libris
3257 1743 3464 1798 dicimus
3485 1738 3709 1811 poetarum?

2250 1843 2441 1897 Nonne
2490 1849 2809 1913 oportuerat
2866 1855 2981 1904 eos,
3015 1838 3066 1893 si
3130 1836 3351 1892 honesta
3384 1843 3431 1889 et
3463 1834 3534 1904 pia
3554 1832 3707 1886 deorum

2252 1947 2402 2008 gesta
2450 1935 2703 2006 turpibus
2758 1933 2956 1988 fabulis
2996 1929 3347 1992 infamarunt,
3374 1924 3509 1996 abjici
3537 1924 3721 1995 protinus»

2253 2038 2416 2102 atque
2446 2030 2500 2085 in
2525 2030 2702 2101 ignem
2732 2028 2872 2093 dari,
2901 2041 2970 2081 ne
2998 2023 3382 2095 persuaderent
3416 2030 3572 2075 tenera:
3592 2016 3711 2070 adhuc

2251 2124 2394 2180 aetati
2445 2137 2735 2195 puerorum
2762 2162 2775 2184 ,
2805 2119 2989 2175 Jovem
3028 2119 3212 2188 ipsum
3243 2114 3446 2171 deorum
3480 2109 3710 2183 principem,

2253 2216 2581 2289 parricidam
2624 2230 2753 2284 erga
2805 2219 3084 2283 parentes,
3130 2212 3387 2265 incestum
3422 2220 3527 2276 erga
3561 2217 3723 2260 sorores

2253 2318 2307 2365 et
2334 2308 2493 2373 filias,
2523 2307 2795 2378 impurum
2817 2305 2977 2360 etiam
3009 2304 3067 2358 in
3102 2317 3296 2372 pueros
3321 2299 3579 2360 exstitisse,
3597 2292 3712 2350 Vene-

2254 2419 2368 2459 rem
2419 2416 2544 2456 cum
2600 2399 2771 2454 Marte
2820 2398 3124 2459 adulteros,
3154 2403 3209 2449 et
3238 2394 3403 2469 omnia
3431 2393 3504 2445 illa
3527 2404 3615 2461 que
3632 2389 3706 2457 jam

2255 2498 2506 2569 superius
2534 2497 2682 2552 dicta
2720 2492 2883 2550 sunt?
2904 2492 3005 2545 Aut
3055 2488 3189 2561 quid
3222 2487 3312 2542 tibi
3338 2484 3542 2551 videtur,
3562 2481 3721 2536 domine-

2257 2594 2327 2646 ιιιί
2352 2590 2546 2645 Petre?

2328 2682 2568 2738 XXXIX.
2593 2680 2748 2736 Tunc
2775 2680 2865 2735 ille
2891 2677 3179 2748 respondit
3201 2696 3213 2731 :
3236 2673 3418 2731 Certus
3440 2680 3547 2735 esto,
3568 2665 3708 2723 dulcis-

2257 2776 2394 2832 sime
2434 2775 2651 2846 Aquila,
2682 2774 2809 2844 quia
2856 2771 3039 2826 omnia
3070 2785 3169 2840 per
3190 2770 3377 2823 bonam
3406 2765 3481 2820 Dei
3506 2757 3705 2834 providen-

2256 2868 2389 2921 tiam
2436 2875 2588 2937 gesta
2635 2873 2784 2930 sunt,
2826 2871 2885 2919 ut
2914 2879 3024 2918 non
3057 2862 3241 2918 solum
3275 2859 3465 2915 infirma
3484 2862 3522 2911 et
3546 2851 3700 2923 fragilis.

2257 2976 2442 3017 verum
2488 2970 2541 3015 et
2585 2960 2760 3029 turpis
2793 2964 2939 3015 esset
2970 2971 3145 3013 causa
3181 2969 3301 3025 quae
3333 2952 3480 3007 futura
3502 2955 3582 3002 erat
3606 2957 3697 2996 con-

2256 3056 2424 3109 traria
2476 3053 2712 3109 veritati.
2767 3050 2827 3107 Si
2888 3050 3035 3105 enim
3095 3048 3325 3104 validior
3368 3035 3698 3101 etverisimilior

584 3142 684 3197 riis
726 3159 846 3214 quae
883 3146 963 3200 eis
1004 3145 1215 3202 utilitas
1256 3148 1398 3203 erit?
1436 3164 1557 3219 quae
1607 3149 1856 3220 quamvis
1911 3124 2154 3205 honesta:
2181 3149 2222 3206 C
2259 3145 2451 3201 fuisset
2500 3144 2706 3200 erroris
2756 3142 3011 3204 assertio,
3042 3140 3197 3195 haud
3239 3138 3389 3194 facile
3410 3134 3620 3205 quisquam
3638 3124 3713 3220 qui

584 3232 878 3304 finguntur,
922 3237 1107 3293 nullus
1142 3246 1321 3294 tamen
1349 3256 1417 3294 ex
1447 3241 1527 3295 eis
1557 3249 1654 3295 aut
1685 3257 1819 3298 usus
1846 3241 1911 3296 ad
1938 3241 2147 3297 cultum

583 3327 830 3395 pervenit
872 3337 965 3382 aut
994 3330 1060 3382 ad
1092 3345 1273 3387 mores
1298 3331 1610 3388 emendatio

651 3416 891 3478 XXXVI.
942 3419 1097 3477 Unde
1149 3425 1328 3494 magis
1376 3433 1610 3491 constat,
1669 3428 1813 3499 quod
1857 3428 2152 3500 prudentes

582 3508 685 3563 viri
708 3526 832 3565 cum
867 3512 1110 3569 viderent
1137 3532 1483 3573 communem
1532 3519 1975 3588 superstitionem
2040 3530 2150 3577 tam

584 3606 903 3675 probrosam
933 3624 1077 3674 esse,
1102 3617 1211 3665 tam
1237 3618 1474 3682 turpem,
1508 3629 1609 3670 nec
1636 3622 1818 3670 tamen
1847 3617 2153 3687 corrigendi

584 3697 804 3752 modum
839 3700 1075 3771 aliquem
1132 3704 1219 3757 vel
1263 3705 1546 3759 scientiam
1588 3705 1929 3772 didicissent,
1952 3709 2153 3779 quibus

582 3796 888 3858 potuerunt
930 3794 1266 3863 argumentis
1301 3804 1355 3849 et
1387 3796 1926 3867 interpretationibus
1972 3802 2153 3856 conati

584 3886 713 3933 sunt
736 3895 824 3935 res
852 3881 1167 3939 inhonestas
1190 3885 1418 3941 honesto
1444 3902 1698 3945 sermone
1722 3892 1925 3957 velare,
1947 3900 2001 3948 et
2020 3908 2152 3960 non,

584 3974 645 4022 ut
685 3968 897 4030 dicunt.
927 3972 1188 4029 honestas
1224 3977 1469 4033 rationes
1500 3978 1805 4037 inhonestis
1832 3980 2032 4038 fabulis
2062 3997 2155 4037 oc-

584 4061 824 4129 cultare;
873 4064 1018 4133 quod
1068 4065 1114 4121 si
1169 4076 1335 4133 esset,
1380 4085 1657 4142 nunquam
1702 4075 1886 4144 utique
1916 4074 2033 4146 ipsa
2062 4091 2149 4131 eo-

583 4162 704 4202 rum
733 4151 1027 4207 simulacra
1060 4165 1223 4225 atque
1262 4157 1392 4227 ipsae
1419 4160 1485 4216 de
1521 4162 1601 4217 eis
1632 4164 1855 4232 picturae
1881 4180 2005 4221 cum
2039 4168 2155 4224 suis

582 4239 729 4294 vitiis
762 4249 816 4294 et
845 4243 1168 4302 criminibus
1200 4246 1585 4308 formarentur.
1613 4252 1733 4309 Non
1764 4271 1971 4327 cycnus
2000 4259 2157 4313 adul-

584 4338 666 4385 ter
706 4330 884 4398 Ledae,
943 4351 1045 4390 nec
1087 4345 1277 4396 taurus
1319 4340 1650 4401 formaretur
1696 4346 1946 4419 Europae,
1993 4360 2049 4406 et
2097 4353 2155 4407 in

585 4425 732 4479 mille
786 4436 1029 4483 monstra
1080 4445 1227 4497 eum,
1256 4448 1415 4503 quem
1446 4445 1639 4506 putant
1684 4440 1960 4496 meliorem
1985 4444 2158 4498 omni-

582 4514 707 4584 bus,
741 4526 1033 4575 verterent.
1067 4520 1221 4588 Quod
1269 4525 1456 4596 utique
1485 4528 1533 4583 si
1570 4532 1752 4601 magni
1788 4540 1843 4586 et
1876 4535 2150 4605 sapientes

585 4610 678 4679 qui
721 4620 849 4666 sunt
894 4614 1035 4682 apud
1081 4630 1175 4671 eos
1230 4619 1353 4684 viri,
1388 4620 1569 4676 fictum
1620 4625 1823 4680 scirent
1855 4642 2000 4693 esse,
2038 4646 2147 4685 non

582 4716 794 4767 verum,
810 4719 992 4762 nonne
1018 4706 1316 4779 impietatis
1346 4723 1635 4783 arguerent
1655 4724 1709 4771 et
1735 4718 2006 4790 sacrilegii
2030 4714 2157 4789 eos;

584 4794 676 4863 qui
719 4795 785 4849 ad
845 4797 1100 4867 injuriam
1152 4801 1377 4858 deorum
1409 4806 1719 4875 huiusmodi
1750 4819 1844 4865 aut
1882 4814 2149 4883 picturam

583 4896 847 4956 ponerent
880 4898 972 4944 aut
1004 4893 1315 4964 sculperent
1343 4899 1675 4956 simulacra?
1697 4903 1938 4975 Denique
1965 4923 2147 4980 regem

585 4981 845 5048 temporis
873 4983 956 5037 sui
978 4983 1275 5058 depingant
1302 4989 1357 5044 in
1389 4991 1544 5047 bovis
1575 4991 1770 5059 forma,
1796 4998 1883 5053 vel
1913 5001 2147 5067 anseris,

582 5072 666 5126 vel
696 5069 953 5140 formicae,
990 5080 1069 5134 vel
1094 5081 1348 5146 vulturis,
1368 5091 1423 5139 et
1446 5087 1687 5143 scribant
1710 5105 1873 5160 super
1894 5093 2038 5163 regis
2063 5094 2150 5150 sui

580 5178 802 5231 nomen,
823 5176 985 5239 atque
1003 5170 1314 5240 hujusmodi
1343 5176 1426 5231 vel
1457 5182 1694 5233 statuam
1740 5183 1825 5237 vel
1854 5182 2146 5256 imaginem

579 5256 879 5325 collocent;
913 5272 965 5318 et
1030 5264 1288 5336 injuriam
1328 5266 1456 5324 facti
1510 5272 1748 5327 sentient
1797 5281 1852 5330 et
1895 5276 2151 5332 vindictae

583 5349 1036 5419 magnitudinem.

653 5439 915 5501 XXXVII.
948 5446 1053 5503 Sed
1104 5453 1364 5521 quoniam
1417 5472 1542 5512 vera
1603 5459 1718 5515 haec
1768 5462 1943 5533 magis
1998 5472 2145 5528 sunt,

2252 3240 2308 3293 in
2355 3252 2421 3292 eo
2473 3236 2733 3306 deceptus
2792 3242 2963 3299 esset,
3003 3233 3075 3288 ad
3126 3234 3230 3293 iter
3250 3227 3470 3287 veritatis
3492 3216 3708 3281 rediret.Si

2250 3329 2397 3385 enim
2444 3342 2757 3390 nunc,cum
2802 3334 2913 3380 tam
2963 3326 3138 3379 multa
3168 3325 3361 3396 probra
3384 3329 3433 3377 et
3455 3318 3642 3375 dedecora
3661 3312 3706 3367 de

2253 3422 2359 3477 diis
2400 3421 2640 3492 gentium
2680 3417 3053 3491 proferuntur,
3089 3419 3183 3473 vix
3212 3416 3399 3487 aliquis
3424 3421 3586 3481 turpem
3605 3405 3705 3492 deref

2255 3514 2453 3579 linquit
2483 3528 2747 3573 errorem,
2781 3519 2989 3581 quanto
3027 3512 3207 3581 magis
3254 3509 3301 3565 si
3328 3512 3457 3563 esset
3493 3501 3550 3556 ibi
3574 3491 3721 3564 aliquid.

2254 3608 2542 3681 honestum
2591 3612 2645 3661 et
2678 3604 3011 3660 verisimile?
3045 3602 3339 3657 Difficulter
3372 3608 3564 3667 namque
3589 3601 3706 3645 trans-

2255 3700 2429 3755 fertur
2460 3698 2678 3754 animus
2730 3696 2800 3751 ah
2854 3696 2962 3761 bis,
3020 3698 3076 3750 in
3131 3696 3328 3766 quibus
3364 3707 3391 3746 a
3433 3689 3573 3760 prima
3608 3686 3716 3737 atate

2255 3800 2561 3864 praeventus
2579 3800 2694 3857 est;
2728 3798 2782 3845 et
2817 3790 2887 3843 ob
2924 3790 3049 3854 hoc,
3084 3798 3147 3844 ut
3175 3788 3305 3851 dixi.
3333 3774 3716 3841 divinaProviden-

2255 3886 2330 3939 tia
2355 3885 2557 3938 factum
2589 3890 2674 3936 est
2698 3888 2757 3934 ut
2786 3882 2989 3935 erroris
3017 3876 3325 3934 substantia
3352 3880 3402 3929 et
3429 3867 3599 3925 inﬁrma
3618 3868 3717 3915 esset

2254 3985 2309 4032 et
2338 3975 2536 4047 turpis.
2581 3972 2687 4029 Sed
2715 3980 2769 4028 et
2800 3983 2991 4027 caetera
3021 3972 3204 4025 omnia
3232 3966 3386 4024 simili
3409 3960 3541 4019 modo
3562 3967 3716 4047 compc-

2257 4044 2447 4125 tenter
2478 4075 2534 4123 et
2582 4066 2866 4123 commode
2899 4066 3187 4135 dispensat
3236 4061 3408 4117 divina
3441 4044 3728 4111 Providentia.

2258 4159 2387 4213 licet
2414 4157 2573 4213 nobis
2606 4153 2985 4228 ignorantibus
3022 4168 3211 4208 rerum
3252 4163 3434 4205 causas
3455 4143 3719 4204 bonmctop-

2257 4253 2402 4306 limae
2432 4249 2862 4321 dispensationis
2893 4246 3092 4303 divinre
3122 4262 3233 4301 non
3262 4246 3447 4315 liqueat
3469 4236 3595 4292 ratio.

2327 4341 2438 4399 XL.
2484 4343 2619 4397 Cum
2672 4342 2787 4396 haec
2848 4338 3042 4395 Petrus
3100 4338 3342 4401 dixisset,
3402 4346 3488 4402 ego
3536 4325 3719 4381 Clemens

2257 4436 2496 4493 Nicetam
2528 4435 2805 4507 rogabam,
2842 4443 2901 4487 ut
2933 4433 3110 4504 aliqua
3144 4432 3211 4487 de
3239 4426 3485 4499 allegoriis
3512 4414 3716 4493 gentilium

2256 4548 2396 4604 quas
2428 4532 2711 4602 diligenter
2732 4528 3007 4599 attigerat,
3040 4522 3363 4599 agnoscendi
3384 4518 3530 4592 gratia
3549 4520 3716 4604 expone

2251 4602 2363 4693 ret;
2394 4625 2525 4680 utile
2557 4624 2704 4679 enim
2731 4616 2838 4687 est,
2867 4629 2929 4675 ut
2954 4620 3171 4690 quando
3187 4630 3308 4672 cum
3325 4602 3720 4686 gentilibusdispu-

2251 4725 2453 4784 tamus,
2485 4716 2649 4772 etiam
2689 4715 2793 4770 ista
2839 4728 2941 4769 nos
2975 4712 3201 4767 minime
3228 4710 3435 4763 lateant.
3465 4699 3519 4754 Et
3542 4694 3718 4750 Niceta:

2253 4811 2332 4876 Si,
2369 4811 2566 4881 inquit,
2600 4807 2863 4880 permittit
2892 4805 3147 4862 dominus
3172 4816 3320 4858 meus
3344 4797 3529 4853 Petrus,

2250 4875 2458 4961 dicere:
2487 4875 2623 4957 Tum
2663 4901 2860 4957 Petrus
2891 4919 2904 4955 :
2936 4898 3141 4966 Hodie,
3163 4894 3376 4964 tinquit,
3396 4882 3583 4962 permisi
3606 4875 3718 4978 vobis

2250 4996 2432 5052 dicere
2464 4994 2754 5050 adversum
2778 4994 3029 5064 gentiles,
3063 5000 3121 5045 ut
3152 4988 3337 5045 nostis.
3368 4983 3427 5038 Et
3455 4975 3682 5064 Nicetaail
3704 4982 3727 5018 :i

2250 5088 2346 5144 Dic
2372 5102 2522 5158 ergo,
2548 5063 2822 5151 Clemens,
2855 5086 2922 5141 de
2965 5084 3164 5155 quibus
3190 5078 3370 5134 audire
3392 5071 3524 5127 velis.
3548 5063 3716 5159 Cui-fxo

2252 5183 2337 5236 ³ίο
2372 5197 2383 5231 ε
2423 5150 2706 5244 Quomodo
2752 5150 3081 5231 tradunt-de
3120 5174 3337 5227 deorum
3363 5175 3499 5220 caena
3527 5150 3716 5227 gentiles.

2250 5289 2412 5346 quam
2446 5273 2499 5327 in
2529 5270 2674 5326 Pelei
2710 5270 2915 5341 nuptiis
2947 5269 3249 5323 habuerunt
3274 5268 3326 5317 et
3352 5253 3713 5346 Thetidisqutm

2251 5335 2443 5423 dicunt
2470 5383 2592 5425 esse
2624 5335 2867 5421 Paridem
2901 5372 3196 5435 pastorem,
3220 5368 3274 5414 et
3299 5368 3424 5426 quas
3456 5335 3711 5435 P°“‘{"m'

2250 5476 2470 5525 nonem,
2526 5457 2820 5512 Minervam
2876 5465 2930 5511 et
2985 5453 3266 5516 Venerem,
3308 5458 3417 5517 quae
3464 5431 3584 5509 apud
3623 5437 3709 5525 eunt

584 5552 705 5608 qua?
733 5540 946 5609 Publica
977 5548 1258 5617 tul‘lJitudo
1286 5560 1537 5620 testatur,
1556 5563 1610 5611 et
1644 5557 1713 5611 ad
1742 5521 2147 5615 excusationem
2245 5521 2582 5629 judicantur,
2606 5570 2835 5626 quemve
2854 5550 3199 5614 Mercurium,
3229 5544 3309 5600 vel
3329 5535 3457 5611 quod
3485 5521 3707 5629 11:3le

586 5644 617 5684 a
672 5634 803 5691 viris
849 5637 1209 5707 prudentibus
1256 5648 1601 5703 sermonibus
1632 5649 1879 5706 honeStis
1924 5652 2147 5724 quaesita

586 5732 715 5779 sunt
739 5735 792 5782 et
812 5732 1136 5790 concinnata
1154 5737 1442 5804 velamina,
1461 5739 1666 5796 idcirco
1696 5757 1804 5798 non
1836 5745 2010 5799 solum
2040 5760 2147 5798 non

586 5822 963 5894 prohibentur,
986 5827 1077 5883 sed
1096 5838 1149 5882 et
1181 5829 1311 5901 ipsis
1347 5835 1617 5903 mysteriis
1641 5834 1861 5894 Saturni
1890 5838 2029 5894 filios
2057 5838 2149 5896 de-

2251 5620 2442 5704 metere
2490 5663 2611 5719 quae
2672 5661 2767 5717 per
2824 5643 3069 5698 ordinem
3125 5636 3523 5705 consequuntur.
3566 5620 3709 5671 9mm

2252 5744 2429 5800 nobis.
2728 5769 2733 5772 ν

2333 5833 2463 5890 XLI.
2499 5832 2632 5889 Tum
2685 5832 2873 5888 Niceta
2928 5852 2941 5887 :
2984 5830 3159 5887 (liena!
3206 5824 3412 5878 deorum
3460 5815 3591 5864 causa
3632 5794 3702 5848 Ιιοθ
