4030 6342
293 277 433 334 ΗΜ

1541 274 2109 332 RECOGNITIONUM
2144 274 2271 331 LIB.
2329 273 2391 329 Χ.

3429 278 3452 331 I
3464 275 3568 331 442

291 388 456 443 modo
491 402 554 443 se
604 386 787 443 habet.
811 383 1136 441 Convivium
1177 383 1441 439 mundum
1475 384 1722 449 tradunt,
1754 384 1872 439 dis-
1904 394 1945 447 Α
1980 384 2055 438 tia
2101 384 2306 456 attigit,
2346 384 2414 439 ad
2445 384 2808 439 assertionem
2849 383 2961 438 veri
3008 386 3279 455 dogmatis
3302 389 3567 452 conferat.

274 477 587 535 cumbendi
632 476 880 533 ordinem
910 476 1138 532 deorum
1193 476 1475 531 stellarum
1511 476 1873 546 positionem;

287 585 434 642 quos
464 568 736 627 Hesiodus
765 568 891 623 cmli
920 575 975 623 et
1012 577 1170 624 terra:
1200 566 1408 638 primos
1439 566 1579 621 ﬁlios
1609 568 1875 635 nominat,

289 662 347 717 in
403 661 606 734 quibus
648 678 745 717 sex
791 675 973 716 mares
1013 667 1067 716 et
1111 676 1204 717 se-x
1232 660 1465 716 feminas
1489 662 1557 716 ad
1585 661 1875 716 duodecim

286 750 573 823 signorum
603 764 889 805 numerum
940 750 1205 814 referunt,
1236 767 1358 823 qua:
1402 752 1717 806 universum
1769 751 1877 807 cir-

289 851 555 900 cumeunt
599 842 885 899 mundum.
920 841 1096 914 Dapes
1127 850 1307 898 autem
1355 844 1591 900 convivii
1634 846 1878 901 rationes

274 946 418 989 esse
462 941 518 988 et
550 946 747 987 causas
790 946 976 986 rerum
1028 934 1252 987 tradunt
1283 934 1474 991 dulces
1507 943 1562 990 et
1584 937 1878 1007 concupis-

289 1024 509 1088 cibiles,
561 1037 683 1093 qua:
739 1023 977 1093 qualiter
1028 1031 1252 1094 regatur
1294 1035 1347 1080 et
1402 1026 1740 1093 gubernetur
1787 1026 1878 1082 hic

294 1115 554 1176 mundus,
583 1128 651 1168 ex
692 1113 974 1183 signorum
1015 1113 1286 1183 positione
1314 1122 1368 1170 et
1388 1122 1663 1171 astrorum
1698 1117 1879 1172 cursi-

294 1207 397 1262 bus
413 1207 764 1277 colliguntur.
790 1205 873 1260 Ad
905 1205 1372 1261 libertatis-tamen
1398 1208 1632 1261 convivii
1656 1208 1875 1264 modum

288 1296 487 1353 dicunt
516 1297 622 1352 ista
644 1304 923 1357 constare,
944 1311 1043 1365 pro
1071 1310 1136 1351 eo
1158 1295 1305 1366 quod
1335 1304 1658 1367 potestatem
1681 1298 1878 1354 habeat

299 1389 730 1459 uniuscujusque
759 1404 975 1451 sensus,
1010 1388 1070 1451 si,
1092 1388 1222 1442 velit
1247 1388 1539 1459 degustare
1570 1389 1777 1460 aliquid
1806 1404 1876 1445 ex

298 1481 615 1554 huiusmodi
644 1480 877 1536 scientia
910 1487 1004 1534 aut
1034 1479 1081 1534 si
1105 1479 1270 1547 nolit;
1296 1488 1349 1536 et
1374 1482 1520 1536 sicut
1550 1482 1605 1536 in
1627 1482 1878 1537 convivio

299 1590 460 1631 nemo
511 1573 748 1645 cogitur,
780 1573 875 1628 sed
926 1572 1182 1627 vescendi
1218 1573 1441 1629 libertas
1479 1589 1646 1644 penes
1677 1589 1876 1628 unum-

299 1682 569 1739 quemque
592 1674 696 1730 est,
732 1666 809 1721 ita
836 1671 890 1720 et
914 1664 1336 1736 philosophandi
1390 1666 1532 1720 ratio
1577 1666 1778 1737 pendet
1818 1666 1875 1721 in

284 1735 596 1814 “voluntatis
666 1757 913 1813 arbitrio.
970 1735 1310 1813 Discordiam
1374 1735 1877 1829 concupiscentiam
1912 1735 1953 1789 Β

282 1849 484 1906 λωτηίε
538 1848 748 1913 dicunt,
781 1866 901 1920 qua:
942 1849 1178 1922 insurgit
1218 1850 1505 1907 adversum
1543 1851 1883 1922 propositum

302 1942 499 1995 mentis
550 1945 603 1993 et
659 1938 1081 2011 phil050phandi
1142 1939 1370 2010 impedit
1419 1942 1703 2008 studium;
1761 1941 1883 1996 ideo

299 2028 531 2099 denique
562 2036 614 2084 et
646 2036 875 2099 "tempus
908 2030 1040 2084 illud
1066 2044 1190 2085 esse
1221 2028 1397 2092 aiunt,
1436 2031 1493 2086 in
1526 2045 1636 2101 quo
1668 2031 1735 2085 de
1780 2047 1884 2085 nu-

301 2122 432 2191 ptiis
483 2120 678 2192 agitur.
718 2119 950 2177 Peleum
1004 2137 1134 2177 vero
1164 2128 1218 2177 et
1247 2120 1532 2178 Thetidem
1563 2123 1881 2194 nympham,

302 2210 519 2265 aridum
547 2218 601 2265 et
628 2210 911 2266 humidum
934 2220 1143 2282 ponunt
1173 2213 1524 2278 elementum,
1553 2230 1619 2270 ex
1652 2230 1883 2285 quorum

302 2299 628 2358 admistione
686 2303 998 2359 substantia
1053 2319 1345 2376 corporum
1405 2312 1640 2361 constat.
1667 2305 1884 2362 Mercu-

302 2392 444 2449 rium
493 2393 720 2449 verbum
772 2409 897 2451 esse
935 2396 1196 2463 tradunt,
1226 2411 1324 2467 per
1353 2398 1499 2468 quod
1532 2398 1720 2454 sensui
1753 2398 1886 2453 doc-

291 2485 448 2540 trina
505 2483 805 2552 confertur,
854 2483 1121 2543 ;Iunonem
1175 2487 1531 2558 pudicitiam,
1585 2487 1884 2543 Minervam

306 2579 679 2635 fortitudinem
705 2620 721 2645 ,
776 2579 1043 2636 Venerem
1074 2581 1353 2636 libidinem
1396 2580 1605 2644 dicunt,
1630 2579 1885 2634 Paridem

304 2687 548 2728 sensum.
586 2669 641 2726 Si
676 2686 826 2742 ergo,
860 2672 1034 2736 aiunt,
1068 2672 1283 2725 accidat
1330 2670 1386 2724 in
1428 2671 1650 2728 homine
1689 2671 1885 2725 barba-

306 2779 429 2818 rum
458 2779 581 2820 esse
607 2772 661 2820 et
687 2764 997 2834 imperitum
1022 2779 1269 2827 sensum,
1293 2770 1347 2818 et
1380 2770 1587 2817 rectum
1613 2762 1883 2832 judicium

305 2856 659 2919 nescientem,
684 2862 864 2925 spreta
895 2855 1154 2925 pudicitia
1186 2861 1240 2909 et
1269 2854 1491 2919 virtute,
1525 2855 1738 2909 libidini
1768 2856 1884 2926 pal-

310 2963 476 3009 mam.
508 2948 649 3018 quod
683 2956 766 3003 est
796 2948 1021 3011 malum,
1056 2946 1227 3011 dabit,
1262 2962 1357 3016 per
1381 2946 1526 3017 quod
1563 2962 1672 3000 non
1707 2947 1881 3001 solum

307 3040 435 3108 sibi,
459 3041 553 3095 sed
583 3049 637 3095 et
672 3040 887 3095 civibus
915 3048 968 3094 et
1003 3039 1272 3093 universa:
1301 3040 1449 3109 genti
1499 3040 1787 3094 subversio
1828 3046 1881 3094 et

306 3132 574 3203 pernicies
613 3132 805 3187 aderit.
834 3130 958 3185 Ilaec
987 3146 1116 3202 ergo
1154 3132 1280 3186 licet
1314 3132 1421 3186 illis
1452 3147 1778 3201 componere
1815 3148 1880 3187 ex

305 3226 552 3297 qualibet
580 3227 807 3280 materia
850 3225 1026 3279 visum
1052 3224 1143 3287 sit,
1178 3232 1359 3277 tamen
1383 3224 1558 3294 aptari
1581 3224 1648 3278 ad
1674 3239 1888 3279 omnem

307 3319 578 3374 hominem
592 3317 979 3387 possunt,quia
1000 3316 1180 3387 siquis
1199 3316 1526 3386 pastoralem
1544 3324 1597 3369 et
1616 3316 1883 3370 rusticum

307 3417 470 3478 atque
486 3406 792 3475 imperitum
818 3405 1012 3460 haheat
1034 3420 1255 3460 sensum
1276 3420 1377 3459 nec
1397 3406 1527 3460 velit
1541 3403 1769 3470 erudiri,
1795 3406 1888 3461 ubi

308 3498 553 3569 corporis
600 3497 750 3553 calor
782 3496 849 3552 de
896 3496 1136 3551 libidinis
1195 3496 1464 3551 suavitate
1523 3498 1877 3567 suggesserit,

309 3592 595 3652 continuo,
638 3590 838 3661 spretis
868 3589 1171 3645 studiorum
1224 3589 1519 3646 virtutibus
1548 3600 1601 3644 et
1648 3590 1889 3646 scientiae

312 3683 489 3745 bonis,
519 3681 587 3736 ad
631 3680 937 3750 voluptates
980 3682 1227 3751 corporis
1270 3681 1511 3735 animum
1556 3681 1787 3738 confert.
1820 3680 1887 3735 Et

312 3775 440 3829 hinc
485 3780 570 3829 est
604 3772 747 3828 unde
802 3772 1072 3842 impacata
1134 3772 1274 3828 bella
1333 3782 1689 3842 consurgunt,
1725 3772 1885 3826 urbes

312 3872 500 3932 ruunt,
532 3866 719 3936 patriae
764 3864 1085 3931 concidunt,
1120 3863 1263 3920 sicut
1290 3872 1344 3917 et
1372 3861 1551 3923 Paris,
1582 3871 1733 3932 rapta
1781 3861 1885 3917 Ile-

312 3958 468 4022 lena,
522 3956 591 4011 ad
639 3966 887 4012 mutuum
938 3954 1157 4012 Graecos
1213 3963 1268 4011 et
1322 3955 1585 4009 barbaros
1653 3955 1884 4009 armavit

310 4050 559 4105 exiti’um.

380 4137 538 4197 XLII.
583 4139 647 4195 Et
666 4139 884 4202 Petrus,
905 4140 1225 4196 eollaudans
1273 4139 1708 4211 prosecutionem
1740 4139 1878 4208 ejus,

313 4231 425 4288 ait:
456 4231 673 4298 Multas,
706 4241 766 4288 ut
796 4233 974 4298 video,
996 4234 1262 4307 ingeniosi
1288 4233 1539 4289 homines
1561 4248 1627 4288 ex
1655 4233 1740 4288 his
1761 4248 1883 4303 quae

312 4323 497 4396 legunt
536 4326 1042 4382 verisimilitudines
1092 4329 1337 4397 capiunt,
1366 4335 1419 4381 et
1442 4326 1564 4382 ideo
1590 4324 1878 4395 diligenter

311 4417 712 4474 observandum
753 4425 858 4481 est,
889 4424 949 4472 ut
998 4419 1084 4473 lex
1108 4417 1204 4473 Dei
1238 4432 1364 4473 cum
1387 4418 1606 4489 legitur,
1638 4431 1746 4471 non
1796 4432 1881 4471 se-

311 4509 552 4565 cundum
579 4510 784 4580 proprii
820 4509 1019 4579 ingenii
1051 4509 1463 4579 intelligentiam
1493 4510 1722 4579 legatur.
1744 4505 1882 4562 Sunt

310 4600 455 4656 enim
484 4602 654 4657 multa
678 4601 844 4657 verba
865 4602 919 4656 in
944 4600 1244 4671 Scripturis
1269 4602 1489 4667 divinis,
1513 4617 1634 4672 quae
1654 4609 1883 4671 possunt

311 4690 455 4746 trahi
477 4691 546 4746 ad
571 4708 696 4748 eum
719 4708 963 4758 sensum,
980 4708 1140 4764 quem
1171 4692 1273 4747 sibi
1292 4694 1668 4763 unusquisque
1690 4700 1882 4763 sponte

310 4786 691 4857 pmsumpsit;
737 4788 883 4857 quod
943 4786 1062 4840 ﬁeri
1118 4800 1228 4841 non
1277 4793 1513 4856 oportet.
1566 4784 1685 4841 Non
1736 4786 1882 4840 enim

311 4893 533 4935 sensum
559 4892 723 4948 quem
748 4877 1087 4934 extrinsecus
1110 4876 1359 4933 attuleris
1381 4877 1616 4932 alienum
1639 4884 1692 4932 et
1711 4884 1885 4932 extra-

310 4984 474 5025 neum
501 4970 668 5027 debes
695 4985 939 5040 quaerere
962 5008 978 5033 ,
1010 4985 1171 5040 quem
1218 4984 1286 5024 ex
1332 4967 1740 5039 Scripturarum
1786 4982 1882 5022 au-

309 5062 563 5119 ctoritate
592 5061 900 5127 conﬁrmes,
928 5062 1021 5117 sed
1068 5077 1135 5117 ex
1164 5061 1296 5131 ipsis
1326 5059 1626 5131 Scripturis
1659 5073 1882 5116 sensum

310 5170 509 5227 capere
552 5154 832 5222 veritatis;
864 5162 919 5208 et
951 5154 1073 5209 ideo
1118 5162 1335 5224 oportet
1372 5154 1442 5208 ab
1482 5168 1547 5209 eo
1576 5154 1882 5224 intelligen-

310 5247 444 5304 tiam
485 5246 703 5305 discere
745 5246 1181 5319 Scripturarum,
1236 5246 1330 5317 qui
1361 5261 1482 5303 eam
1514 5261 1544 5299 a
1581 5246 1881 5317 majoribus

310 5340 612 5396 secundum
664 5338 951 5395 veritatem
1009 5338 1116 5393 sibi
1166 5337 1424 5393 traditam
1484 5344 1685 5402 servat,
1717 5345 1777 5392 ut
1828 5344 1882 5393 et

309 5436 429 5503 ipse
457 5432 630 5501 possit
668 5447 731 5488 ea
764 5434 889 5503 quae
916 5439 1065 5487 recte
1093 5431 1359 5500 suscepit,
1391 5436 1763 5501 competenter
1791 5445 1913 5487 as-..

309 5538 515 5583 serere.
561 5522 697 5579 Cum
740 5525 884 5580 enim
939 5540 1007 5578 ex
1046 5522 1247 5580 divinis
1279 5521 1577 5593 Scripturis
1615 5523 1879 5593 integram

309 5619 436 5689 quis
458 5615 761 5688 susceperit
795 5624 852 5670 et
878 5616 1089 5670 firmam
1118 5616 1362 5688 regulam
1386 5615 1653 5678 veritatis,
1687 5616 1881 5669 absur-

311 5711 441 5765 dum
482 5725 594 5766 non
635 5710 760 5774 erit,
789 5708 835 5764 si
866 5706 1069 5777 aliquid
1102 5707 1265 5763 etiam
1294 5724 1360 5764 ex
1391 5708 1701 5764 eruditione
1729 5722 1880 5762 com-

314 5802 461 5858 muni
490 5816 555 5858 ae
595 5800 658 5858 de
687 5799 1000 5857 liberalibus
1038 5798 1256 5867 studiis,
1287 5815 1408 5872 quae
1437 5799 1577 5857 forte
1602 5800 1658 5856 in
1685 5798 1876 5870 pueri-

1981 477 2055 531 ita
2102 484 2283 533 tamen
2340 485 2397 532 ut
2446 477 2538 533 ubi
2588 493 2717 532 vera
2762 476 2994 541 didicit,
3033 476 3169 533 falsa
3221 486 3273 534 et
3319 480 3573 539 simulata

1979 570 2233 625 declinet.

2051 679 2237 735 XLIII.
2269 679 2336 734 Et
2366 696 2491 736 cum
2530 682 2646 737 haec
2670 681 2921 748 dixisset,
2965 683 3034 736 ad
3068 691 3278 753 patrem
3320 692 3570 740 nostrum

1993 772 2313 842 respiciens,
2348 772 2423 826 ait
2470 792 2483 827 :
2536 772 2619 828 Tu
2650 789 2807 844 ergo,
2854 789 3045 838 senex,
3080 776 3129 831 si
3155 775 3373 845 quidem
3408 774 3571 831 saluti

1979 867 2172 922 animae
2191 874 2296 922 tua:
2324 867 2591 929 consulis,
2618 874 2677 920 ut
2705 882 2829 921 cum
2858 882 3087 937 corpore
3116 867 3283 922 fuerit
3306 870 3569 931 resoluta,

1980 976 2080 1031 pro
2132 961 2279 1016 brevi
2328 962 2429 1017 hac
2481 961 2843 1017 conversione
2869 962 3112 1031 requiem
3156 961 3401 1015 inveniat
3430 978 3573 1017 sem-

1979 1052 2250 1122 piternam
2273 1092 2287 1112 .
2321 1054 2537 1123 require
2563 1053 2629 1108 de
2658 1053 2945 1122 quibusvis
2979 1061 3033 1107 et
3062 1052 3288 1107 consule
3309 1092 3325 1116 ,
3357 1060 3416 1106 ut
3447 1069 3573 1122 pos-

1979 1141 2058 1196 sis
2084 1142 2130 1196 si
2170 1142 2302 1213 quid
2334 1144 2388 1196 in
2420 1151 2473 1198 te
2494 1152 2577 1199 est
2601 1143 2965 1199 dubitationis
3004 1144 3264 1213 abjicere.
3294 1144 3572 1200 Incertum

1977 1232 2121 1287 enim
2160 1242 2245 1288 est
2300 1234 2464 1289 etiam
2503 1236 2798 1306 juvenibus
2847 1238 2973 1290 vitae
3027 1244 3266 1307 tempus,
3344 1238 3572 1294 senibus

1978 1336 2159 1381 autem
2199 1326 2311 1397 jam
2352 1343 2456 1383 nec
2482 1328 2754 1385 incertum
2782 1337 2903 1397 est;
2935 1345 3044 1384 non
3075 1331 3221 1384 enim
3253 1330 3533 1387 dubitatur
3553 1375 3569 1402 ,

1978 1420 2111 1490 quin
2147 1429 2631 1493 quantumcunque
2670 1432 2755 1480 est
2784 1422 2929 1494 quod
2961 1431 3188 1495 putatur
3244 1439 3567 1493 superesse.

1978 1514 2144 1570 breve
2189 1514 2282 1569 sit.
2325 1513 2392 1567 Et
2440 1514 2563 1570 ideo
2594 1524 2702 1570 tam
2725 1517 2956 1585 juvenes
2979 1532 3141 1587 quam
3173 1530 3332 1570 senes
3353 1526 3569 1586 oportet

1979 1604 2047 1660 de
2076 1606 2436 1661 conversione
2483 1613 2538 1661 et
2574 1607 2899 1677 poenitentia
2942 1608 3098 1663 valde
3125 1623 3247 1663 esse
3284 1608 3566 1674 sollicitos,

1980 1705 2035 1754 et
2070 1706 2321 1770 satagere
2357 1707 2415 1754 ut
2446 1700 2514 1756 de
2539 1702 2754 1772 reliquo
2783 1712 2979 1757 ornent
3016 1704 3252 1756 animam
3290 1718 3444 1758 suam
3477 1719 3568 1759 or—

1985 1792 2256 1847 namentis
2301 1791 2661 1862 dignissimis,
2698 1793 2752 1847 id
2786 1801 2871 1849 est
2904 1795 3250 1866 dogmatibus
3299 1800 3565 1866 veritatis,

1983 1881 2180 1937 decore
2216 1881 2514 1951 pudicitiae,
2569 1883 2861 1952 splendore
2899 1885 3150 1954 justitize.
3178 1892 3420 1947 candore
3448 1892 3563 1961 pie.

1984 1974 2136 2036 tatis,
2170 1974 2406 2044 aliisque
2433 1975 2692 2031 omnibus
2724 1976 2927 2047 quibus
2960 1992 3231 2050 comptam
3266 1984 3421 2039 decet
3447 1998 3569 2039 esse

1983 2066 2363 2121 rationabilem
2427 2073 2697 2136 mentem;
2746 2076 2864 2124 tum
2930 2079 3193 2141 praeterea
3227 2074 3505 2129 declinare
3536 2089 3566 2128 a

1985 2156 2279 2211 consortiis
2328 2156 2636 2214 inhonestis
2680 2166 2736 2214 et
2782 2160 3118 2227 inﬁdelibus,
3156 2171 3211 2219 et
3274 2166 3569 2221 societates

1984 2245 2186 2301 habere
2222 2246 2460 2302 ﬁdelium
2496 2257 2658 2318 atque
2698 2249 2823 2305 illos
2859 2249 3207 2321 frequentare
3241 2264 3565 2321 conventus,

1984 2334 2038 2389 in
2073 2335 2270 2404 quibus
2304 2335 2372 2391 de
2405 2337 2698 2407 pudicitia,
2728 2338 2796 2394 de
2824 2339 3062 2408 justitia,
3099 2342 3167 2397 de
3201 2344 3402 2414 pietate
3453 2354 3570 2400 tra-

1983 2435 2207 2496 ctatur;
2248 2445 2408 2485 orare
2442 2447 2659 2502 semper
2699 2431 2871 2488 Deum
2907 2451 2974 2490 ex
3020 2435 3186 2492 corde
3216 2444 3271 2492 et
3332 2440 3400 2493 ab
3447 2440 3569 2511 ipso

1984 2524 2169 2588 petere
2215 2535 2337 2589 qua:
2369 2521 2524 2575 decet
2554 2537 2584 2575 a
2616 2521 2728 2578 Deo
2759 2526 2908 2594 posci
2935 2544 2949 2593 ;
2987 2526 3092 2597 ipsi
3144 2529 3349 2599 gratias
3383 2546 3564 2601 agere,

1982 2626 2166 2665 veram
2197 2613 2588 2682 pmnitudinem
2614 2631 2801 2685 gerere
2832 2619 3228 2687 praeteritorum
3252 2630 3566 2691 gestorum;

1985 2701 2384 2773 aliquantulum
2440 2707 2626 2769 etiam,
2664 2707 2709 2762 si
2759 2711 3021 2779 possibile
3053 2720 3158 2773 est,
3208 2729 3307 2784 per
3352 2715 3568 2771 miseri-

1982 2795 2200 2849 cordias
2256 2810 2553 2865 pauperum
2612 2798 2809 2865 juvare
2860 2802 3272 2871 paenitentiam;
3311 2820 3409 2875 per
3450 2806 3566 2862 haec

1983 2887 2126 2942 enim
2190 2887 2402 2942 facilior
2464 2891 2620 2944 venia
2664 2892 2890 2948 dabitur
2946 2901 3002 2950 et
3050 2896 3354 2968 indulgenti
3403 2899 3567 2956 citius

1983 2978 2379 3049 indulgebitur.

1909 3072 1955 3135 ο
2055 3086 2240 3146 XLIV.
2275 3089 2431 3157 Quod
2482 3091 2527 3146 si
2563 3094 2923 3161 provectioris
2967 3096 3144 3152 aetatis
3183 3098 3255 3153 sit
3293 3098 3339 3154 is
3373 3099 3466 3169 qui
3497 3099 3565 3154 ad

1992 3182 2371 3250 pcenitentiam
2418 3183 2585 3249 venit,
2622 3200 2688 3237 eo
2717 3184 2892 3254 magis
2942 3188 3145 3257 gratias
3202 3203 3362 3259 agere
3410 3189 3569 3246 debet

1995 3270 2122 3334 Deo,
2158 3269 2302 3339 quod
2349 3279 2641 3341 postquam
2689 3271 2897 3329 fractus
2953 3285 3037 3330 est
3090 3277 3270 3331 omnis
3332 3279 3567 3348 impetus

1991 3363 2448 3431 concupiscentia
2478 3365 2738 3428 carnalis,
2773 3366 3001 3422 scientia
3033 3368 3282 3422 veritatis
3316 3378 3563 3439 accepta,

1988 3455 2135 3508 nulla
2174 3457 2221 3509 ei
2268 3456 2515 3511 imminet
2554 3473 2732 3529 pugna
2768 3460 3108 3524 certaminis,
3152 3476 3247 3531 per
3283 3478 3444 3531 quam
3482 3463 3567 3518 in-

1990 3558 2273 3619 surgentes
2337 3551 2603 3607 adversus
2667 3554 2909 3607 animum
2986 3554 3246 3624 reprimat
3314 3557 3563 3625 corporis

1986 3641 2317 3710 voluptates.
2366 3640 2625 3713 Superest
2665 3659 2797 3715 ergo
2830 3645 2883 3699 in
2917 3645 3192 3716 agnitione
3232 3646 3479 3701 veritatis
3509 3655 3564 3701 et

1987 3731 2377 3788 misericordiae
2410 3734 2667 3803 Operibus
2725 3735 2993 3799 exerceri,
3026 3744 3085 3790 ut
3128 3735 3316 3790 afferat
3350 3735 3560 3792 fructus

1985 3824 2179 3897 dignos
2210 3828 2562 3897 ptenitentiae,
2596 3842 2697 3882 nec
2726 3834 2877 3898 putet
2905 3828 3033 3898 quia
3065 3829 3118 3882 in
3151 3828 3414 3898 temporis
3445 3829 3562 3883 lon-

1986 3918 2229 3987 gitudine
2274 3919 2659 3974 documentum
2710 3919 3088 3975 conversionis
3139 3918 3467 3984 ostenditur,
3510 3928 3564 3976 et

1984 4026 2093 4065 non
2126 4011 2178 4065 in
2211 4011 2517 4068 devotionis
2563 4028 2625 4067 ac
2666 4013 2929 4083 propositi
2960 4012 3238 4069 ﬁrmitate.
3272 4012 3381 4067 Deo
3414 4013 3560 4067 enim

1984 4102 2287 4158 manifesta:
2330 4111 2457 4159 sunt
2490 4113 2722 4167 mentes,
2760 4104 2850 4174 qui
2897 4120 3003 4157 non
3050 4110 3354 4173 temporum
3393 4104 3562 4159 ratio-

1984 4210 2105 4249 nem
2139 4196 2371 4265 colligit,
2408 4194 2501 4251 sed
2546 4195 2890 4252 animorum:
2934 4194 3050 4264 ipse
3096 4194 3241 4249 enim
3278 4195 3487 4264 probat,
3516 4195 3561 4249 si

1983 4288 2105 4357 quis
2129 4288 2308 4358 agnita
2331 4288 2577 4343 veritatis
2596 4287 2983 4357 praedicatione
3008 4303 3119 4341 non
3142 4285 3356 4340 distulit
3386 4303 3563 4358 neque

1983 4390 2197 4452 tempus
2228 4383 2550 4453 negligenda
2581 4381 2943 4451 consumpsit,
2976 4379 3069 4435 sed
3100 4380 3284 4435 statim
3315 4387 3369 4435 et
3401 4380 3446 4435 si
3478 4379 3563 4435 di-

1913 4481 1957 4536 ι)
1985 4474 2033 4527 ei
2068 4480 2242 4543 potest
2268 4474 2457 4529 eodem
2488 4483 2780 4535 momento,
2810 4472 3082 4542 praeterita
3111 4472 3559 4542 perhorrescens,

1988 4564 2292 4619 futurorum
2345 4564 2675 4620 desiderium
2726 4564 2894 4633 erepit
2942 4570 2996 4618 et
3041 4561 3094 4616 in
3137 4578 3377 4618 amorem
3405 4562 3559 4636 regni

1984 4657 2226 4712 ccelestis
2256 4658 2481 4713 exarsit.

2054 4771 2213 4827 XLV.
2255 4771 2482 4843 Propter
2506 4772 2651 4844 quod
2682 4788 2843 4828 nemo
2868 4781 3111 4828 vestrum
3134 4774 3279 4827 ultra
3297 4773 3563 4829 dissimu-

1985 4864 2057 4920 let
2104 4879 2205 4919 nec
2255 4872 2403 4919 retro
2446 4865 2727 4935 respiciat,
2758 4863 2855 4918 sed
2905 4864 2970 4918 ad
3002 4863 3354 4934 Evangelium
3406 4866 3561 4935 regni

1984 4955 2079 5011 Dei
2110 4956 2340 5010 libenter
2368 4955 2612 5009 accedat.
2643 4953 2785 5011 Non
2809 4954 2956 5009 dicat
3005 4970 3231 5025 pauper,
3261 4954 3390 5024 quia
3437 4970 3563 5008 cum

1984 5048 2135 5103 dives
2165 5046 2343 5103 factus
2376 5047 2548 5112 fuero,
2581 5058 2711 5101 tunc
2741 5054 3067 5114 convertar;
3118 5062 3227 5101 non
3262 5045 3497 5117 requirit
3529 5061 3557 5097 a

1986 5152 2038 5201 te
2081 5145 2227 5203 Deus
2270 5145 2580 5216 pecuniam,
2612 5146 2707 5201 sed
2754 5146 2996 5199 animum
3048 5143 3459 5200 misericordem
3505 5146 3573 5195 et

1969 5239 2129 5310 .piam
2159 5245 2413 5296 mentem.
2440 5236 2626 5309 Neque
2651 5239 2802 5294 dives
2831 5238 3240 5294 conversionem
3267 5250 3422 5292 suam
3452 5230 3559 5288 dif—

1986 5329 2123 5386 ferat
2169 5346 2269 5401 pro
2313 5330 2680 5386 sollicitudine
2715 5330 2984 5396 saeculari,
3017 5328 3144 5383 dum
3190 5327 3392 5398 cogitat
3423 5338 3559 5396 quo-

1985 5422 2147 5477 modo
2177 5420 2458 5491 dispenset
2486 5420 2879 5475 abundantiam
2922 5423 3139 5490 frugum
3164 5437 3178 5486 ;
3204 5431 3380 5487 neque
3412 5414 3557 5469 dicat

1986 5514 2129 5569 intra
2159 5514 2510 5583 semetipsum
2536 5554 2552 5581 ,
2586 5511 2727 5579 Quid
2751 5512 2949 5582 faciam
2972 5554 2986 5577 ,
3012 5511 3101 5564 ubi
3131 5507 3416 5564 recdndam
3439 5507 3558 5577 fru-

1984 5614 2099 5658 ctus
2134 5606 2314 5659 meos?
2347 5602 2532 5674 Neque
2560 5601 2708 5656 dicat
2739 5601 2934 5656 anima:
2980 5616 3094 5655 sum
3116 5640 3130 5667 ,
3174 5598 3349 5653 Habes
3386 5596 3555 5650 multa

1986 5697 2122 5751 bona
2165 5698 2395 5767 reposita
2448 5697 2502 5750 in
2547 5712 2714 5751 annos
2758 5695 2949 5749 multos
2975 5734 2990 5759 ,
3034 5693 3281 5763 epulare,
3334 5692 3551 5754 littere;

1984 5808 2110 5849 nam
2141 5792 2354 5852 dicetur
2370 5790 2421 5846 ei
2456 5809 2470 5844 :
2505 5788 2712 5857 Stulte,
2739 5789 2836 5843 hac
2878 5797 3025 5843 nocte
3064 5786 3333 5857 auferetur
3370 5784 3462 5838 ab:
3497 5795 3547 5839 te
