4030 6342
621 246 751 301 Ηιὸ

1426 243 1480 297 S.
1522 240 1910 297 CLEMENTIS
1945 238 1963 293 l
1994 238 2157 296 ROM.
2195 234 2393 295 PONT.
2420 237 2647 294 OPERA
2703 239 2933 297 DUBIA.‘

3614 260 3706 317 “Il

618 380 796 418 amma
837 374 949 429 tua,
981 371 1032 417 et
1052 378 1168 431 qua:
1195 364 1517 431 pra’parasti
1543 362 1694 431 cujus
1730 370 1879 415 erunt
1914 358 2193 427 "‘Iltaque
2220 361 2268 418 Α
2296 363 2504 412 rectum
2530 358 2820 433 consilium
2854 357 3066 429 perdat;
3105 360 3192 415 illa
3224 377 3341 419 vero
3374 381 3473 435 qua:
3493 369 3710 441 malospu-

616 454 835 511 festinet
867 456 930 509 ad
967 453 1344 523 paenitentiam
1387 454 1566 508 omnis
1605 460 1760 513 aetas,
1796 453 1974 505 omnis
2005 465 2188 514 sexus,

616 549 905 617 omnisque
931 546 1192 611 conditio,
1227 553 1286 599 ut
1316 548 1479 601 vitam
1508 552 1879 616 consequatur
1909 553 2187 599 aeternam.

614 635 850 693 Iuvenes
880 636 1098 706 quidem
1129 636 1184 690 in
1212 652 1277 690 eo
1308 637 1448 706 grati
1480 637 1612 700 sint,
1644 637 1789 706 quod
1834 637 1889 690 in
1938 636 2058 706 ipso
2091 636 2193 689 im-

616 739 745 801 petu
790 730 1190 785 desideriorum
1236 731 1483 786 cervices
1532 746 1663 787 suas
1710 731 1844 801 jugo
1892 732 2194 802 subjiciunt

617 821 942 892 disciplinae.
970 820 1139 876 Senes
1168 829 1223 875 et
1250 822 1351 891 ipsi
1380 822 1700 887 laudabiles,
1726 825 1856 893 quia
1877 824 2032 878 multi
2051 832 2190 879 tem-

617 916 768 986 poris
797 911 1274 978 consuetudinem,
1311 916 1365 966 in
1414 929 1520 983 qua
1563 914 1705 969 male
1751 917 2009 986 prmventi
2041 924 2190 982 sunt,

617 1024 716 1080 pro
745 1007 838 1061 Dei
870 1007 1065 1060 timore
1096 1016 1451 1060 commutant.

687 1097 870 1154 XLVl.
904 1096 1073 1152 Nemo
1102 1113 1233 1168 ergo
1260 1097 1495 1163 dill‘erat,
1529 1114 1691 1154 nemo
1723 1107 2041 1168 cunctetur;
2072 1118 2191 1173 qua:

616 1188 763 1244 enim
792 1202 959 1242 causa
989 1189 1283 1241 cunctandi
1314 1196 1397 1243 est
1415 1190 1483 1242 ad
1505 1189 1642 1244 bene
1669 1192 1975 1260 agendum?
2002 1202 2094 1247 aut
2122 1193 2192 1246 ti-

616 1294 753 1345 mes,
781 1294 848 1332 ne
874 1293 997 1332 cum
1027 1278 1162 1331 bene
1192 1278 1409 1342 feceris,
1440 1278 1514 1333 ibi
1549 1282 2048 1337 remunerationem
2079 1299 2188 1338 non

620 1369 865 1423 invenias
918 1375 977 1420 ut
1019 1368 1260 1436 putasti?
1301 1368 1364 1420 Et
1399 1369 1528 1437 quid
1558 1372 1764 1425 senties
1794 1370 2104 1427 detrimenti
2142 1375 2187 1428 si

621 1460 759 1514 bene
791 1458 983 1512 feceris
1010 1457 1201 1526 gratis,
1229 1473 1409 1512 nonne
1432 1463 1592 1513 etiam
1622 1460 1737 1513 sola
1764 1460 1819 1515 in
1857 1462 1943 1517 his
1968 1463 2188 1518 suflice-

619 1559 703 1604 ret
759 1548 1131 1603 conscientia?
1172 1547 1327 1613 Quod
1362 1551 1406 1602 si
1455 1550 1727 1605 inveneris
1770 1559 1830 1606 ut
1878 1554 2184 1621 praesumis,

620 1656 802 1695 nonne
830 1656 927 1709 pro
941 1641 1121 1710 parvis
1143 1655 1355 1709 magna,
1375 1648 1428 1694 et
1450 1656 1549 1710 pro
1574 1644 1961 1712 temporalibus
1985 1652 2187 1700 acterna

620 1734 889 1803 recipies?
923 1748 1109 1789 verum
1144 1749 1242 1804 ego
1290 1736 1404 1789 haec
1440 1744 1664 1805 propter
1702 1736 2015 1794 incredulos
2055 1739 2187 1794 dixi.

620 1826 731 1880 Nos
763 1835 941 1879 autem
986 1841 1106 1895 qua:
1152 1827 1534 1894 praedicamus,
1577 1830 1649 1881 ita
1696 1844 1754 1883 se
1794 1830 2014 1895 habent,
2064 1832 2190 1901 quia

619 1931 723 1970 nec
753 1917 911 1971 aliter
941 1932 1063 1971 esse
1096 1926 1347 1986 possunt,
1394 1935 1514 1988 qua:
1552 1921 1868 1989 prophetica
1905 1938 2038 1977 voce
2066 1939 2193 1994 pro-

621 2009 787 2062 missa
818 2016 965 2063 sunt.

695 2099 900 2156 XLVII.
929 2100 985 2155 Si
1011 2101 1134 2169 quis
1163 2117 1293 2156 vero
1339 2104 1491 2174 cupit
1532 2106 1863 2160 examussim
1909 2106 2193 2160 veritatem

622 2200 827 2248 nostrae
875 2193 1282 2263 prmdicationis
1317 2209 1631 2266 agnoscere,
1669 2198 1957 2252 conveniat
1990 2198 2056 2251 ad
2097 2214 2193 2251 au-

624 2285 904 2350 diendum,
936 2294 990 2341 et
1023 2288 1154 2356 quid
1187 2288 1259 2343 sit
1289 2304 1450 2344 verus
1490 2291 1753 2360 propheta
1791 2300 2110 2360 cognoscat,
2141 2299 2194 2344 et

624 2381 756 2429 tunc
779 2376 995 2429 demum
1023 2378 1203 2432 omnis
1232 2378 1287 2431 in
1312 2394 1376 2434 eo
1405 2380 1641 2435 cessabit
1674 2380 1997 2450 ambiguitas
2018 2381 2094 2446 ;si
2117 2388 2198 2433 ta-

623 2483 749 2523 mea
798 2484 909 2523 non
951 2468 1242 2524 obstinatis
1275 2471 1473 2525 animis
1511 2472 1733 2526 resistat
1765 2471 1870 2534 his,
1903 2487 2023 2540 qua:
2068 2488 2196 2527 vera

622 2575 745 2615 esse
757 2563 1098 2631 compererit.
1118 2559 1255 2617 Sunt
1271 2564 1413 2617 enim
1436 2564 1655 2633 quidam
1674 2564 1765 2633 qui
1783 2564 2023 2633 quolibet
2038 2566 2197 2619 modo

626 2652 694 2707 2d
725 2653 824 2708 hoc
855 2660 1064 2707 tantum
1096 2656 1397 2723 respiciunt
1424 2664 1481 2707 ut
1512 2656 1753 2719 vincant,
1778 2664 1832 2710 et
1856 2655 2067 2710 laudem
2102 2672 2198 2726 pro

626 2746 729 2801 hoc
754 2748 925 2817 magis
949 2763 1111 2816 quam
1139 2748 1369 2800 salutem
1393 2757 1660 2815 quaerant,
1694 2747 1893 2815 quibus
1928 2763 2035 2801 non
2075 2763 2199 2803 eve-

626 2838 743 2891 niat
772 2839 855 2891 vel
885 2837 993 2889 dici
1035 2835 1264 2905 aliquid,
1313 2851 1382 2891 ne
1425 2843 1480 2890 et
1512 2851 1691 2891 sermo
1730 2836 1928 2890 nobilis
1965 2837 2200 2906 patiatur

628 2928 906 2995 injuriam,
939 2935 990 2981 et
1022 2927 1236 2996 injuria:
1277 2944 1388 2982 suae
1423 2944 1576 2983 reum
1618 2937 1819 2982 aeterna
1852 2938 2024 2982 morte
2061 2943 2188 2983 con-

2295 450 2393 514 nit,
2419 450 2893 520 perturbationem
2914 452 3086 506 menti
3113 468 3217 507 non
3244 454 3408 521 infert,
3437 459 3514 512 sed
3533 476 3651 529 unus,
3675 472 3710 517 ut

2294 543 2368 596 ita
2392 542 2643 607 dixerim,
2681 542 2934 613 idemque
2958 544 3176 601 allectus
3198 554 3292 610 est,
3323 549 3401 618 qui
3428 558 3472 604 et
3497 550 3615 607 bonis
3627 570 3711 623 pra-

2293 635 2401 689 mia
2426 644 2479 689 et
2500 635 2657 690 malis
2688 635 2941 690 retribuit
2971 652 3213 707 poenam;
3241 654 3348 694 nam
3368 640 3407 695 si
3432 642 3561 698 bonis
3582 653 3619 698 et
3637 662 3710 701 nia-

2292 725 2361 780 lis
2385 726 2525 780 bona
2550 728 2827 793 restituat,
2858 737 2912 783 et
2944 730 3109 783 simili
3130 732 3513 788 remuneratione
3529 749 3622 805 erga
3635 739 3709 806 pios

2293 828 2478 873 utatur
2503 829 2557 875 et
2585 820 2805 891 impios,
2832 821 3071 892 injustus
3100 824 3269 893 potius
3293 841 3429 895 quam
3457 828 3600 882 bonus
3617 830 3712 886 vidt-

2293 911 2461 966 bitur.

2362 963 2545 1056 XLIX.
2580 1000 2686 1058 Sed
2711 1004 2793 1059 ais
2820 1024 2832 1059 :
2862 963 2973 1061 nec.
3004 1004 3146 1061 Deus
3186 1004 3355 1060 debuit
3384 1006 3530 1062 facere
3561 1007 3707 1062 malum.

2256 1066 2260 1068 Ὗ
2292 1096 2493 1151 Verum
2533 1094 2705 1162 dicis;
2757 1112 2935 1167 neque
2992 1096 3135 1152 fecit.
3179 1094 3277 1151 Sed
3302 1097 3383 1166 qui
3424 1096 3480 1150 ab
3517 1112 3566 1151 eo
3603 1099 3711 1152 creati

2292 1198 2440 1254 sunt,
2480 1190 2608 1245 dum
2651 1189 2977 1262 judicandos
3018 1206 3077 1246 se
3115 1204 3231 1244 esse
3258 1203 3357 1244 non
3383 1189 3577 1253 credunt,
3595 1190 3710 1243 indul-

2293 1289 2476 1351 gentes
2501 1282 2868 1351 voluptatibus
2893 1281 3039 1346 suis,
3063 1295 3093 1333 a
3114 1281 3300 1350 pietate
3340 1287 3388 1333 et
3419 1278 3573 1347 iustitia
3600 1276 3709 1332 dero-

2290 1371 2389 1425 Iuti
2424 1380 2570 1426 sunt.
2615 1372 2721 1427 Sed
2752 1372 2937 1425 dices:
2974 1370 3030 1428 Si
3067 1370 3267 1439 lustum
3296 1377 3371 1425 est
3406 1371 3550 1439 punire
3575 1370 3703 1433 malos,

2291 1465 2473 1517 statim
2495 1473 2553 1517 ut
2577 1464 2717 1519 male
2747 1473 2912 1533 agunt
2940 1463 3124 1532 puniri
3146 1462 3348 1517 debent.
3366 1460 3435 1515 Tu
3451 1462 3598 1530 quidem
3613 1462 3705 1517 bene

2290 1554 2555 1624 feStinas;
2588 1556 2682 1611 sed
2706 1556 2796 1611 ille
2818 1557 2912 1627 qui
2941 1562 3177 1611 aeternus
3214 1562 3293 1610 est
3320 1561 3367 1609 et
3390 1569 3522 1625 quem
3540 1554 3627 1607 nihil
3649 1556 3705 1607 la-

2292 1656 2389 1712 tet,
2428 1657 2634 1719 quanto
2662 1650 2847 1702 nullus
2875 1648 2923 1702 ei
2957 1648 3104 1712 linis,
3135 1654 3281 1701 tanto
3312 1653 3361 1700 et
3389 1646 3554 1715 prolixa
3572 1647 3707 1714 patien-

2294 1742 2368 1796 tia
2402 1750 2505 1799 est.
2534 1753 2587 1796 et
2618 1758 2726 1795 non
2755 1739 2820 1794 ad
2853 1741 3197 1795 velocitatem
3237 1738 3472 1801 vindictze,
3500 1738 3572 1791 sed
3597 1737 3638 1789 ad
3657 1752 3712 1790 εις

2293 1834 2421 1889 Iutis
2477 1833 2698 1902 respicit
2745 1847 2976 1897 causas;
3046 1830 3333 1886 delectatur
3385 1830 3614 1883 enimnon
3645 1835 3712 1879 tam

2292 1929 2488 1984 morte,
2515 1936 2674 1990 quam
2706 1921 3068 1975 conversione
3090 1918 3424 1990 peccantis".
3452 1917 3548 1972 Ideo
3564 1915 3716 1985 denique

2293 2016 2348 2062 et
2405 2016 2654 2063 sanetum
2702 2008 2976 2078 baptisma
3024 2009 3248 2078 largitus
3290 2016 3365 2062 est
3399 2005 3715 2069 hominibus,“

2295 2099 2444 2167 quod
2483 2099 2528 2153 si
2558 2099 2682 2169 quis
2711 2100 2896 2154 venire
2923 2098 3166 2164 festinet,
3195 2106 3246 2153 et
3272 2098 3333 2153 de
3373 2098 3540 2167 reliquo
3577 2102 3717 2149 maneat

2296 2192 2638 2255 emendatus,
2668 2190 2921 2246 delentur
2953 2207 3023 2245 cx
3051 2205 3117 2245 eo
3147 2190 3319 2245 omnia
3346 2197 3540 2260 peccata,
3561 2202 3645 2257 qua:
3660 2201 3719 2254 per

2296 2283 2659 2352 ignorantiam
2689 2283 2985 2339 commissa
3019 2292 3165 2337 sunt.

2367 2372 2429 2428 L.
2453 2372 2587 2427 Nam
2610 2374 2921 2444 philosophi
2950 2373 3085 2443 quid
3110 2374 3429 2429 contulerunt
3464 2370 3561 2423 vita:
3592 2372 3717 2420 morta-

2311 2465 2467 2531 lium,
2502 2467 2737 2522 dicendo
2768 2468 3088 2524 hominibus
3126 2484 3232 2524 non
3262 2467 3403 2523 irasci
3425 2462 3721 2527 Dcnmluempe

2300 2569 2359 2613 ut
2412 2560 2669 2615 docerent
2716 2576 2810 2616 eos
2846 2562 3061 2615 nullum
3103 2562 3298 2617 habere
3331 2560 3533 2614 vindicta:
3565 2550 3719 2617 alicujus

2298 2652 2385 2704 vel
2421 2651 2615 2720 judicii
2661 2661 2886 2715 metum,
2938 2659 2994 2706 et
3043 2669 3141 2723 per
3183 2653 3283 2707 hoc
3332 2660 3426 2706 tota
3475 2641 3719 2718 peccantibus

2303 2740 2452 2795 frena
2475 2742 2746 2799 laxarent.
2778 2742 2885 2795 Aut
2914 2743 3047 2812 quid
3079 2744 3155 2797 illi
3187 2744 3453 2797 humanum
3472 2750 3594 2807 genus
3619 2733 3719 2799 lm‘

2302 2840 2451 2896 runt,
2484 2832 2577 2902 qui
2618 2832 2879 2887 dixerunt
2907 2849 3021 2888 nor.
3051 2850 3173 2888 esse
3197 2832 3374 2899 Deum,
3394 2830 3467 2887 sed
3485 2844 3576 2884 casu
3599 2822 3718 2877 omnia

2302 2932 2354 2977 et
2384 2924 2607 2979 fortuito
2642 2927 2761 2995 agi?
2790 2943 2969 2981 nonne
3003 2935 3065 2980 ut
3096 2926 3210 2981 hate
3244 2918 3663 2979 audientcsliomincs
3679 2922 3715 2965 Cl

628 3021 866 3076 demnet.
903 3017 1043 3085 Quid
1075 3019 1220 3073 enim
1257 3027 1341 3074 est
1372 3019 1429 3073 in
1466 3034 1575 3090 quo
1620 3019 1899 3074 adversari
1940 3020 2202 3090 praadiea-
2227 3035 2270 3091 (ς
2304 3017 2631 3072 arbitrantes
2674 3018 2881 3071 nullum
2913 3033 3039 3075 esse
3065 3020 3325 3089 judieem,
3372 3014 3521 3071 nullum
3548 3005 3717 3079 proviso-

629 3112 763 3166 tioni
795 3117 997 3164 nostra:
1038 3111 1160 3179 quis
1200 3109 1424 3164 debeat?
1470 3116 1563 3163 aut
1604 3110 1660 3163 in
1710 3125 1819 3180 quo
1868 3118 2057 3163 contra
2091 3110 2202 3164 veri

629 3205 957 3271 honestique
1002 3200 1163 3256 ﬁdem
1207 3216 1387 3255 sermo
1425 3199 1831 3271 praedicationis
1870 3210 2072 3255 nostra:
2104 3201 2201 3255 de-

628 3292 1032 3364 prehenditur?
1061 3291 1155 3361 qui
1203 3291 1336 3346 dicit
1377 3291 1757 3346 honorandum
1790 3307 1913 3347 esse
1945 3291 2118 3346 Deum
2149 3297 2202 3345 et

630 3382 847 3437 Patrem
889 3384 1132 3437 omnium
1174 3382 1533 3447 conditorem,
1570 3383 1797 3452 ejusque
1838 3382 2058 3448 Filium,
2110 3384 2201 3453 qui

632 3475 785 3531 solus
816 3490 940 3529 eum
970 3484 1023 3529 et
1050 3475 1385 3530 voluntatem
1420 3475 1539 3543 ejus
1575 3475 1747 3539 novit,
1774 3476 1973 3545 cuique
2001 3476 2101 3529 soli
2136 3475 2204 3529 de

630 3564 889 3618 erunibus
921 3563 1254 3618 credendum
1287 3572 1370 3618 est
1400 3580 1520 3634 quae
1551 3565 1843 3634 praecepit;
1876 3564 2028 3621 solus
2057 3565 2203 3619 enim

629 3663 717 3712 est
745 3658 830 3711 lex
858 3663 913 3710 et
934 3657 1211 3726 legislator
1233 3666 1286 3713 et
1312 3658 1477 3726 judex
1498 3658 1704 3727 justus.
1730 3658 1887 3727 cujus
1914 3659 1994 3711 lex
2015 3656 2203 3712 decer-

632 3748 715 3802 nit
743 3747 1122 3801 honorandum
1155 3762 1275 3802 esse
1306 3748 1477 3802 Deum
1516 3747 1802 3802 Dominum
1830 3749 2071 3802 omnium
2110 3762 2205 3817 per

632 3839 800 3891 vitam
834 3836 1070 3893 sobriam
1095 3876 1109 3900 ,
1149 3846 1387 3901 castam,
1423 3837 1647 3906 justam,
1685 3838 2113 3909 misericordem,
2149 3845 2204 3894 et

634 3928 690 3984 in
725 3930 844 3999 ipso
877 3929 995 3983 solo
1021 3944 1234 3983 omnem
1266 3930 1633 3985 collocandam
1670 3946 1839 3999 spem.

707 4016 936 4073 XLVIII.
993 4016 1097 4072 Sed
1144 4018 1287 4072 dicet
1336 4019 1556 4088 aliquis,
1589 4022 1750 4074 etiam
1799 4036 1828 4074 a
1865 4022 2204 4093 philosophis

636 4109 947 4178 hujusmodi
976 4117 1247 4179 praecepta
1277 4109 1419 4165 dari.
1452 4109 1598 4167 Mhil
1629 4121 1713 4167 est
1747 4113 1955 4180 simile;
1981 4129 2107 4168 nam
2139 4115 2207 4168 de

636 4205 844 4260 iustitia
875 4204 1093 4273 quidem
1142 4205 1209 4259 ab
1242 4208 1322 4261 eis
1351 4215 1404 4260 et
1434 4209 1733 4264 sobrietate
1765 4211 2075 4275 mandatur,
2110 4211 2205 4266 sed

634 4304 1096 4351 remuneratorem
1121 4297 1286 4353 Deum
1314 4308 1591 4371 gestorum
1614 4303 1880 4357 bonorum
1911 4305 2207 4359 malorum-

2300 3123 2415 3164 rem
2457 3124 2660 3175 rerum,
2701 3108 2767 3161 ad
2805 3123 2966 3163 omne
3008 3108 3247 3171 facinus,
3290 3106 3417 3177 quod
3438 3103 3499 3156 vel
3527 3101 3629 3151 lum
3660 3092 3719 3146 γει

2301 3200 2528 3255 avaritia
2576 3200 2661 3253 vel
2705 3199 2871 3254 libido
2938 3199 3244 3264 dictasset,
3306 3199 3523 3253 neminem
3568 3186 3721 3243 verendo

2302 3293 2608 3363 prmeipitcs
2638 3296 2964 3364 agerentur?
2984 3293 3125 3349 Nam
3154 3296 3231 3350 illi
3261 3292 3463 3347 multum
3482 3299 3611 3340 revera
3623 3281 3724 3349 juve-

2302 3395 2432 3439 runt
2494 3386 2807 3440 mortalium
2856 3387 3052 3451 vitam,
3086 3387 3181 3457 qui
3241 3385 3468 3438 dixerunt
3498 3374 3593 3431 nihil
3622 3382 3725 3440 posse

2304 3475 2419 3530 sine
2444 3477 2626 3546 genesi
2658 3476 2794 3542 ﬁeri,
2826 3478 3040 3533 scilicet
3070 3486 3130 3532 ut
3159 3474 3497 3544 unusquisque
3519 3457 3727 3537 peculim

2302 3584 2522 3623 causam
2555 3569 2739 3639 genesi
2764 3569 3072 3633 ascribe-ns,
3101 3568 3431 3637 semetipsum
3460 3562 3503 3615 in
3530 3552 3731 3612 sceleribus

2303 3662 2418 3718 suis
2447 3660 2824 3729 pronuntiaret
2860 3659 3169 3720 innoxium.
3200 3658 3323 3712 dum
3344 3652 3514 3708 crimen
3537 3657 3649 3700 suum
3666 3651 3733 3691 non

2302 3752 2619 3823 paenitendo
2649 3751 2832 3816 diluit,
2868 3751 2962 3807 sed
2992 3751 3170 3805 fatum
3200 3744 3447 3818 culpando
3478 3732 3735 3806 consentim-

2302 3844 2437 3900 Nam
2468 3845 2534 3900 de
2567 3845 2673 3899 illis
2704 3844 2834 3916 quid
2858 3844 3038 3899 dicam
3083 3839 3429 3914 philosophis,
3453 3832 3529 3905 qui
3553 3830 3647 3883 deos

2304 3935 2498 3991 lendos
2548 3952 2673 3991 esse
2722 3914 3172 3991 introduxerunt.
3220 3942 3272 3987 et
3310 3930 3433 3985 tales
3466 3926 3585 3985 deos,
3617 3914 3738 4015 quilla

2305 4027 2465 4096 paulo
2492 4036 2618 4082 ante
2648 4028 2920 4084 audistis?
2944 4026 3089 4093 Quid
3121 4025 3224 4080 fuit
3245 4022 3381 4078 aliud
3410 4019 3652 4074 decernere,
3671 4018 3738 4096 m5!

2304 4128 2364 4172 ut
2397 4118 2543 4186 vitia,
2568 4121 2672 4174 nisi
2708 4129 2765 4174 ut
2794 4120 3048 4186 erimina,
3087 4121 3193 4177 nisi
3224 4128 3281 4173 ut
3309 4112 3485 4185 ﬂagitia
3504 4088 3743 4192 colerenllll2

2302 4208 2474 4265 Pudet
2500 4211 2827 4280 miseretque
2866 4226 2952 4265 me
2983 4212 3175 4276 vestri,
3206 4210 3251 4264 si
3289 4204 3483 4263 creditis
3504 4192 3614 4266 quod
3650 4182 3743 4280 indi.-

2302 4315 2407 4371 gna
2453 4300 2566 4355 lucc
2605 4278 2787 4355 essent
2832 4310 2885 4355 et
2934 4302 3105 4371 impia
3155 4309 3313 4369 atque
3354 4278 3745 4352 exsecrabilis.am

635 4400 742 4456 que
780 4401 889 4440 non
932 4399 1152 4457 norunt,
1191 4397 1245 4444 et
1286 4391 1407 4447 ideo
1438 4394 1581 4463 leges
1610 4405 1662 4450 et
1698 4406 1963 4464 praecepta
2017 4411 2203 4452 eorum
2237 4376 2279 4430 Β
2302 4406 2413 4447 non
2459 4392 2888 4462 deprehendistis
2937 4394 3239 4457 hactenus,
3295 4398 3382 4446 aut
3426 4380 3684 4453 deprehensa
3712 4371 3745 4416 εί

636 4488 1011 4532 accusatorem
1031 4481 1407 4536 tantummodo
1422 4483 1698 4553 publicum
1714 4486 1903 4550 vitant,
1920 4491 2205 4544 conscien-

636 4569 766 4623 tiam
799 4586 926 4626 vero
955 4572 1244 4641 purificare
1271 4588 1376 4627 non
1406 4587 1653 4645 possunt.
1679 4577 1820 4644 Quid
1845 4580 1988 4633 enim
2020 4579 2207 4636 timeat

637 4659 695 4716 in
724 4665 939 4747 occulto
970 4681 1217 4735 peccare,
1257 4668 1347 4738 qui
1399 4670 1736 4724 occultorum
1787 4686 1907 4726 esse
1941 4672 2205 4727 arbitrum

636 4754 950 4823 etjudieem
988 4758 1204 4813 nescit?
1249 4758 1471 4813 Addunt
1507 4770 1764 4829 praeterea
1795 4764 2101 4835 philosophi
2150 4767 2206 4821 in

636 4848 925 4917 praeceptis
954 4848 1091 4912 suis,
1119 4849 1283 4903 etiam
1315 4850 1448 4905 deos
1471 4854 1563 4921 qui
1592 4861 1719 4907 sunt
1744 4855 2016 4910 daemones
2037 4856 2208 4912 hono-

637 4938 862 5011 randos,
894 4938 1039 5008 quod
1071 4940 1273 5007 solum,
1302 4942 1517 4995 etiamsi
1549 4944 1604 4996 in
1635 4944 1758 4998 aliis
1788 4946 2098 5013 probabiles
2127 4949 2207 5003 vi-

638 5025 924 5094 derentur,
956 5030 1292 5099 gravissima:
1321 5047 1417 5087 eos
1447 5041 1625 5102 potest
1655 5035 1950 5105 impietatis
1979 5053 2209 5110 arguere

638 5132 692 5181 et
714 5126 952 5196 propriis
969 5127 1336 5182 condemnare
1357 5130 1665 5193 sententiis,
1691 5131 1782 5202 qui
1798 5146 1966 5185 unum
1989 5132 2207 5203 quidem

636 5234 763 5276 esse
788 5222 1144 5289 pronuntiant
1170 5219 1360 5285 Deum,
1390 5236 1491 5291 pro
1522 5224 1889 5279 assentatione
1921 5232 2101 5280 tamen
2124 5240 2211 5280 er-

638 5314 783 5370 roris
809 5314 1034 5370 humani
1058 5314 1242 5384 plures
1265 5315 1525 5370 mandent
1551 5317 1829 5373 colendos.
1847 5317 2206 5374 Aiuntautem

639 5415 695 5463 et
742 5407 878 5463 illud
926 5407 1258 5477 philosophi,
1305 5406 1474 5463 Deum
1520 5425 1627 5465 non
1671 5411 1856 5477 irasci,
1903 5412 2208 5468 nescientes

641 5498 770 5568 quid
789 5498 994 5557 dicant.
1018 5500 1100 5556 Ira
1125 5503 1269 5558 enim
1286 5504 1427 5558 mala
1445 5512 1548 5569 est,
1568 5504 1658 5559 ubi
1672 5512 1907 5561 mentem
1928 5507 2131 5571 turbat,
2150 5513 2210 5561 ut

712 5686 757 5717 "
785 5686 920 5743 Luc.
957 5703 1054 5756 xu,
1097 5689 1184 5754 Π,
1227 5691 1306 5753 I9,
1339 5690 1428 5743 id.
1508 5688 1552 5717 "
1584 5686 1775 5743 Ezech.
1810 5704 1967 5753 xvn',
1996 5690 2062 5744 55

2305 4484 2571 4540 intellecta
2602 4485 2739 4539 mala
2775 4501 2874 4555 pro
2910 4486 3073 4541 bonis
3099 4495 3154 4540 et
3182 4482 3389 4554 optimis
3411 4468 3626 4555 coluistis.

2382 4574 2469 4629 LI.
2496 4572 2635 4626 Tum
2668 4548 2929 4643 praeterea
2963 4578 3018 4625 et
3049 4569 3184 4625 illud
3212 4548 3362 4638 quale
3404 4567 3492 4623 est.
3528 4548 3637 4643 quoii
3658 4555 3745 4643 Pr.“

2312 4632 2945 4736 sninpseruntmonnulli
2976 4632 3414 4733 philosophorum
3436 4649 3509 4703 vel
3532 4646 3586 4743 de

2313 4764 2428 4833 (ιυί,
2461 4778 2585 4817 cum
2617 4760 2728 4814 sint
2754 4758 3037 4821 mortales,
3069 4764 3123 4810 et
3152 4753 3393 4824 opinione
3422 4743 3523 4833 sola
3545 4737 3596 4791 de
3621 4738 3747 4833 mn’st'

2556 4852 2739 4906 dicere
2768 4850 2853 4903 vel
2884 4849 2951 4903 de
2990 4815 3422 4911 mundi-origine,
3450 4831 3530 4888 ubi
3554 4839 3639 4882 non
3668 4815 3748 4870 δάε·

2309 4955 2433 5003 rant
2464 4962 2587 5002 cum
2631 4946 2817 5005 ﬁeret,‘
2842 4943 2928 4997 vel
2968 4941 3035 4995 de
3073 4940 3182 4994 line
3210 4936 3326 5006 ejus
3356 4933 3431 4985 vel
3457 4927 3514 4981 de
3534 4919 3746 5008 animarat!

2311 5042 2367 5096 in
2388 5038 2619 5095 infernis
2648 5035 3056 5107 dispensatione
3082 5028 3371 5101 etjudicio,
3406 5016 3653 5107 nescientes
3670 5010 3747 5107 III“?

2312 5131 2599 5204 praesentia
2626 5104 2843 5202 quidem
2868 5136 2922 5183 et
2965 5125 3200 5182 visibilia
3231 5134 3386 5176 nosse
3410 5105 3605 5204 hominis

2313 5183 2614 5286 trionabilis,
2644 5183 2935 5293 ‘praeterita
2969 5232 3099 5273 vero
3152 5222 3223 5270 et
3246 5212 3417 5266 futura
3460 5212 3507 5259 et
3545 5183 3748 5293 ἱξνίείδξίξ

2316 5318 2479 5382 scire,
2511 5284 2685 5374 solius
2722 5311 3055 5387 prophetica:
3081 5303 3420 5381 pmscientiaa
3440 5303 3532 5387 est,
3557 5284 3749 5387 Non

2316 5414 2431 5468 haec
2466 5376 2803 5482 coniecturis
2826 5376 2885 5463 et
2916 5376 3267 5477 opinionibus
3298 5386 3566 5465 colliget“!a
3588 5376 3748 5482 διξηξζξ

2317 5465 2692 5578 quibus—valde
2713 5465 2977 5559 falluntur
2998 5496 3265 5560 homines,
3296 5488 3385 5546 sed
3403 5485 3495 5541 ﬁde
3519 5465 3749 5552 propin”
