4030 6342
342 272 473 331 “65

1571 278 2137 337 RECOGNITIONUM
2172 272 2297 337 LlB.
2351 282 2411 337 Χ.

3444 278 3576 334 Η-ίῧ

332 386 601 452 veritatis.
636 389 781 444 sicut
818 405 879 446 se
916 390 1081 446 habet
1109 392 1225 447 hac
1259 398 1446 446 nostra
1476 386 1748 449 doctrina.
1789 395 1899 451 Nos
1929 404 1975 458 Α
2006 398 2293 453 lectatione
2322 399 2440 468 ipsa
2469 398 2733 453 doctrinae
2754 405 2810 453 et
2839 399 3105 454 suavitate
3135 395 3423 451 verborum
3454 410 3574 464 pcr-

319 482 477 537 ‘enim
512 481 649 535 nihil
676 497 742 537 cx
771 483 929 538 nobis
951 484 1245 555 loquimur,
1278 500 1377 540 nec
1409 485 1645 541 humana
1673 488 1905 542 aestima-

333 572 480 629 tione
514 574 741 629 collecta
770 577 1184 640 annuntiamus,
1219 578 1322 632 hoc
1354 579 1500 632 enim
1540 580 1788 650 decipere
1818 591 1901 637 est

324 665 645 731 auditores;
674 666 767 720 sed
794 667 906 721 veri
941 668 1217 737 propheta:
1252 671 1575 725 auctoritate
1601 673 1758 728 nobis
1787 682 1900 727 tra-

330 758 443 811 dita
458 757 866 822 etmanifestata
886 744 1263 829 praedicamus.
1292 760 1542 831 Decujus
1559 765 1897 833 praescientia

333 858 391 906 et
416 851 616 904 virtute
646 852 983 920 prophetica,
1016 855 1061 908 si
1089 856 1234 924 quis,
1269 864 1327 910 ut
1365 856 1497 919 dixi,
1531 856 1597 910 ad
1629 857 1894 925 liquidum

322 943 441 995 vult
487 942 813 997 documenta
852 946 1158 1016 suscipere,
1186 947 1456 1005 sollicitus
1495 951 1803 1013 conveniat,
1842 959 1896 1005 et

324 1032 554 1100 impiger
592 1032 663 1086 sit
715 1033 782 1085 ad
826 1036 1180 1102 audiendum,
1222 1046 1277 1094 et
1313 1040 1591 1094 evidentes
1641 1039 1894 1094 dabimus

319 1123 695 1194 probationes,
746 1127 947 1196 quibus
995 1130 1104 1183 vim
1156 1132 1486 1201 prophetiae
1538 1132 1893 1201 prmscientiae

316 1229 423 1270 non
478 1217 652 1271 solum
682 1220 907 1275 auribus
949 1223 1161 1288 audire,
1196 1226 1289 1280 sed
1321 1233 1375 1279 et
1409 1228 1582 1281 oculis
1618 1228 1780 1281 etiam
1809 1229 1892 1282 vi-

313 1307 447 1362 dere
492 1323 557 1363 ac
599 1326 762 1365 manu
800 1321 1143 1371 contrectare
1191 1333 1250 1373 se
1281 1319 1485 1373 credat.
1523 1319 1596 1375 De
1626 1336 1734 1390 quo
1766 1337 1890 1376 cum

302 1407 525 1455 certam
552 1402 722 1458 fidem
753 1409 1086 1479 conceperit,
1113 1412 1301 1482 jugum
1344 1413 1571 1482 justitize
1599 1424 1651 1469 et
1672 1416 1890 1485 pietatis

314 1492 526 1562 absque
579 1495 688 1549 ullo
729 1497 914 1553 labore
952 1503 1217 1572 suscipiet
1255 1506 1321 1569 ⁷⁷,
1364 1514 1679 1578 tantamque
1723 1511 1776 1563 in
1822 1527 1889 1567 eo

274 1645 277 1647 ἓ
314 1586 518 1640 sentiet
547 1588 888 1657 suavitatem,
917 1600 976 1646 ut
1004 1609 1111 1649 non
1141 1597 1316 1650 solum
1349 1598 1483 1653 nihil
1510 1600 1560 1654 ei
1586 1602 1786 1657 laboris
1810 1604 1891 1657 in-

313 1692 441 1732 esse
476 1689 753 1743 causetur,
788 1699 974 1739 verum
1024 1695 1078 1742 et
1110 1689 1343 1759 amplius
1384 1692 1589 1763 aliquid
1631 1694 1756 1750 addi
1783 1696 1886 1749 sibi

313 1768 586 1827 desideret
608 1782 661 1829 et
683 1776 907 1847 imponi.

386 1861 497 1919 Lll.
531 1864 776 1937 Cumque
817 1870 931 1926 haec
958 1880 1010 1926 et
1039 1873 1148 1927 alia
1190 1874 1276 1931 bis
1314 1876 1515 1931 similia
1545 1878 1794 1943 dixisset,
1836 1890 1889 1935 et

313 1957 610 2011 nonnullos
641 1975 707 2014 ex
744 1960 829 2016 his
864 1966 957 2033 qui
990 1965 1215 2020 aderant
1260 1967 1507 2023 infirmos
1546 1978 1599 2024 et
1630 1971 1891 2026 daemoni-

312 2047 418 2103 bus
450 2050 706 2107 obsessos
736 2066 1003 2121 curasset,
1035 2060 1373 2128 gratulantes
1396 2068 1449 2115 et
1480 2061 1647 2117 Deum
1683 2066 1890 2118 collau-

312 2139 509 2199 dantes
548 2146 735 2200 turbas
762 2148 987 2212 dimisit,
1011 2151 1331 2221 praecipiens
1360 2155 1440 2209 eis
1465 2164 1522 2208 ut
1551 2156 1618 2209 ad
1642 2157 1887 2212 eumdem

313 2231 494 2287 locum
525 2236 687 2288 etiam
722 2241 1183 2309 consequentibus
1209 2243 1402 2299 diebus
1431 2246 1683 2300 audiendi
1714 2250 1889 2318 gratia

313 2328 691 2383 convenirent.
716 2329 963 2402 Cumque
1004 2332 1153 2388 domi
1193 2336 1306 2404 jam
1339 2336 1481 2391 inter
1508 2354 1609 2393 nos
1640 2355 1888 2397 essemus

313 2433 379 2472 ac
427 2435 860 2492 prazpararemus
906 2426 971 2479 ad
1008 2425 1299 2491 edendum,
1342 2428 1624 2499 ingressus
1666 2433 1885 2502 quidam

316 2511 533 2564 nuntiat
578 2512 878 2583 Appionem
927 2516 1380 2576 Plistonicensem
1416 2520 1530 2594 (60)
1565 2540 1688 2577 cum
1732 2525 1886 2579 Anu-

317 2600 482 2659 bione
515 2623 691 2677 nuper
721 2609 935 2665 venisse
965 2611 1033 2664 ab
1060 2612 1374 2681 Antiochia,
1396 2622 1450 2669 et
1474 2615 1736 2685 hospitari
1762 2633 1884 2670 cum

318 2693 559 2754 Simone.
594 2699 731 2754 Tum
752 2711 905 2771 pater
936 2704 1165 2760 audiens
1196 2708 1417 2775 gavisus
1469 2716 1573 2776 est,
1604 2716 1657 2764 et
1687 2708 1761 2762 ait
1787 2708 1885 2763 Pe-

314 2794 441 2843 tro:
476 2787 531 2843 Si
558 2792 851 2860 permittis,
884 2795 1008 2847 volo
1046 2796 1124 2849 ire
1159 2802 1212 2849 et
1251 2796 1488 2852 salutare
1509 2798 1804 2867 Appionem
1831 2810 1885 2856 et

312 2875 681 2946 Anubionem,
713 2883 841 2952 quia
879 2883 1035 2938 valde
1065 2884 1226 2938 amici
1266 2884 1396 2938 mihi
1423 2894 1582 2952 sunt;
1635 2886 1885 2944 fortassis

312 2980 490 3023 autem
525 2973 867 3029 Anubionem
908 2976 1071 3029 etiam
1122 2976 1351 3031 suadere
1394 2985 1583 3046 potero
1605 2978 1885 3048 disputare

2005 489 2194 559 vigiles
2227 490 2547 545 mansimus.
2572 489 2637 542 Et
2664 505 2788 543 cum
2815 490 2926 558 jatn
2958 496 3350 548 auroresceret,
3374 484 3573 542 Petrus

2003 583 2226 636 intuens
2259 599 2344 638 me
2375 597 2439 637 ac
2475 582 2672 637 fratres
2695 597 2866 646 meos,
2896 582 2971 634 ait
2998 601 3010 635 :
3042 580 3207 634 Miror
3237 579 3365 649 quid
3392 580 3569 634 visum

2002 674 2073 727 sit
2109 675 2246 744 patri
2284 682 2489 732 vestro.
2530 674 2778 745 Cumque
2822 675 2937 729 haec
2975 675 3201 739 diceret,
3256 673 3572 743 supervenit

2000 775 2154 835 pater
2208 767 2516 833 et=,invenit
2560 765 2780 821 Petrum
2825 765 2983 821 nobis
3023 766 3089 819 de
3128 781 3187 819 se
3235 764 3566 834 loquentem.

1998 858 2247 928 Cumque
2297 861 2615 924 salutasset,
2665 858 2983 913 satisfacere
3030 858 3198 926 cmpit
3239 864 3293 911 et
3346 871 3567 910 causam

1996 966 2287 1020 exponere,
2319 953 2389 1006 ob
2420 968 2584 1022 quam
2618 950 2751 1005 foris
2785 951 3097 1005 mansisset.
3124 948 3232 1004 Nos
3274 958 3453 1002 autem
3483 963 3569 1001 re—

1997 1043 2291 1111 spicientes
2312 1044 2522 1098 adeum
2553 1042 3117 1112 expavimus,vu|tum
3146 1042 3199 1095 in
3227 1056 3291 1095 eo
3327 1040 3568 1095 Simonis

1994 1135 2243 1189 videntes
2277 1133 2410 1208 (6l),
2443 1150 2631 1188 vocem
2666 1142 2846 1188 tamen
2879 1133 3048 1203 patris
3094 1132 3263 1185 nostri
3309 1132 3569 1186 audieba-

1995 1244 2137 1281 mus.
2190 1226 2438 1297 Cumque
2480 1227 2857 1297 refugeremus
2886 1242 3009 1279 eum
3042 1232 3095 1279 el
3126 1238 3563 1287 exsecraremur,

1994 1322 2245 1393 stupebat
2278 1330 2432 1391 pater
2461 1318 2607 1389 quod
2638 1326 2747 1371 tam
2780 1324 2998 1372 austere
3032 1332 3156 1370 cum
3187 1332 3252 1370 eo
3278 1330 3565 1385 ageremus

1992 1424 2046 1471 et
2086 1417 2337 1471 barbare.
2394 1415 2556 1470 Solus
2601 1420 2783 1467 tamen
2821 1411 3016 1466 Petrus
3043 1425 3181 1474 erat,
3232 1410 3325 1480 qui
3355 1412 3566 1464 vultum

1992 1507 2113 1577 ejus
2145 1506 2449 1561 naturalem
2502 1505 2720 1559 videbat
2751 1524 2763 1559 ε
2802 1504 2896 1573 qui
2930 1511 2984 1557 et
3034 1503 3111 1556 ait
3161 1503 3228 1556 ad
3286 1518 3386 1556 nos
3416 1522 3427 1556 :
3456 1502 3568 1555 Cur

1991 1599 2355 1655 exsecramini
2409 1606 2619 1668 patrem
2671 1597 2955 1653 vestrum?
2993 1596 3093 1649 Cui
3135 1612 3236 1651 nos
3284 1611 3390 1649 una
3440 1612 3565 1650 cum

1991 1698 2165 1744 matre
2193 1690 2576 1758 respondimus
2612 1707 2623 1741 :
2666 1686 2764 1740 Hic
2795 1686 2953 1740 nobis
2992 1685 3179 1739 Simon
3202 1686 3437 1747 videtur,
3470 1700 3568 1740 vo-

1992 1799 2107 1839 cem
2142 1782 2345 1837 habens
2377 1781 2545 1851 patris
2580 1780 2774 1834 nostri.
2810 1778 2875 1831 Et
2900 1777 3092 1833 Petrus
3118 1797 3130 1831 :
3158 1777 3324 1833 Vobis
3348 1778 3564 1847 quidem

1991 1892 2095 1931 vox
2126 1876 2245 1945 ejus
2275 1892 2396 1946 quae
2426 1874 2712 1928 maleficiis
2755 1880 2963 1925 mutata
3012 1886 3121 1924 non
3150 1879 3254 1933 est,
3290 1872 3405 1925 sola
3437 1881 3564 1925 nota

1991 1978 2106 2035 est;
2141 1968 2272 2021 mihi
2308 1974 2488 2021 autem
2531 1967 2696 2020 etiam
2743 1966 2927 2019 vultus
2959 1962 3101 2035 ejus,
3144 1962 3237 2032 qui
3279 1962 3403 2016 aliis
3449 1971 3566 2017 arte

1993 2061 2232 2115 Simonis
2255 2058 2498 2113 mutatus
2532 2064 2779 2127 apparet,
2814 2054 3154 2110 Faustiniani
3190 2054 3363 2124 patris
3395 2053 3563 2108 vestri

1988 2159 2151 2207 notus
2176 2159 2278 2206 est.
2316 2150 2381 2203 Et
2403 2150 2620 2202 intuens
2648 2156 2853 2215 patrem
2877 2145 2953 2197 ait
2990 2164 3001 2198 :
3031 2144 3207 2199 Causa
3233 2159 3353 2214 quae
3374 2159 3564 2213 conju-

1988 2261 2108 2315 gcm
2141 2252 2289 2297 tuam
2320 2242 2612 2297 conturbat
2636 2254 2700 2293 ac
2739 2238 2903 2302 ﬁlios,
2940 2238 3054 2292 haec
3077 2248 3180 2298 est,
3209 2238 3419 2307 species
3444 2237 3564 2290 vul-

1989 2345 2079 2392 tus
2111 2338 2162 2391 in
2194 2346 2246 2391 te
2276 2352 2386 2390 non
2415 2335 2632 2390 videtur
2658 2334 2748 2388 illa
2774 2349 2894 2404 qua:
2920 2332 3042 2395 fuit,
3079 2332 3175 2387 sed
3208 2331 3377 2386 facies
3404 2346 3562 2387 exse-

1987 2430 2176 2483 crandi
2220 2427 2460 2483 Simonis
2490 2429 2545 2481 in
2570 2434 2623 2481 te
2658 2434 2903 2496 apparet.

2060 2517 2193 2572 LIV.
2229 2517 2294 2570 Et
2334 2532 2457 2572 cum
2493 2516 2608 2570 hmc
2636 2516 2874 2581 diceret,
2907 2529 3190 2583 regressus
3226 2513 3449 2583 quidam
3492 2529 3561 2568 ex

1986 2610 2073 2664 his
2101 2610 2194 2680 qui
2227 2608 2568 2662 Antiochiam
2618 2614 3037 2676 praecesserunt,
3080 2605 3298 2659 dicebat
3337 2604 3405 2659 ad
3436 2594 3558 2661 Ῥε-

1986 2709 2129 2756 trum
2162 2721 2174 2755 :
2212 2699 2364 2754 Scire
2394 2710 2447 2753 te
2471 2700 2614 2773 volo,
2646 2698 2864 2752 domine
2890 2696 2961 2749 mi
2998 2696 3176 2761 Petre,
3209 2696 3339 2767 quia
3371 2697 3561 2752 Simon

1985 2794 2125 2865 apud
2150 2792 2489 2845 Antiochiam
2520 2790 2736 2861 publice
2769 2790 2936 2843 multa
2959 2789 3165 2845 faciens
3186 2790 3338 2859 signa
3363 2799 3416 2843 et
3433 2804 3554 2859 pro-

1984 2889 2150 2959 digia,
2192 2887 2328 2942 nihil
2359 2888 2508 2942 aliud
2540 2887 2739 2956 populo
2782 2886 3057 2955 persuasit
3092 2886 3200 2940 nisi
3230 2900 3351 2955 qua:
3378 2886 3445 2942 ad
3477 2886 3557 2941 tui

1985 2965 2168 3035 odium
2200 2980 2496 3049 pertinent,
2532 2995 2749 3049 magum
2782 2986 2835 3033 te
2876 2979 3188 3041 nominans,
3224 2977 3553 3041 maleficum,

310 3074 435 3115 cum
469 3062 745 3121 Clemente
769 3068 836 3122 de
864 3069 1070 3137 genesi.
1105 3068 1169 3123 Et
1202 3070 1400 3126 Petrus
1436 3091 1448 3127 :
1483 3072 1764 3139 Permitto,
1798 3077 1882 3130 in-—
1908 3084 1954 3145 ς
1985 3075 2337 3137 homicidam,
2368 3082 2421 3127 et
2450 3074 2504 3127 in
2548 3080 2762 3126 tantum
2795 3088 2890 3127 eos
2941 3072 3226 3127 adversum
3270 3080 3323 3125 te
3370 3070 3555 3125 odium

311 3156 452 3223 quit,
478 3164 533 3210 et
565 3157 726 3212 laudo
755 3160 899 3224 quod
932 3162 1140 3217 amicos
1164 3164 1327 3230 colis;
1350 3174 1727 3220 verumtamen
1745 3183 1876 3221 con—

311 3246 516 3312 sidera,
548 3250 820 3319 quomodo
852 3267 946 3320 per
985 3254 1380 3322 providentiam
1422 3255 1517 3311 Dei
1548 3258 1730 3311 omnia
1781 3258 1880 3313 tibi

304 3354 371 3393 ex
405 3344 678 3397 sententia
706 3354 1072 3413 concurrant;
1103 3363 1234 3404 ecce
1258 3350 1404 3403 enim
1439 3366 1550 3404 non
1579 3352 1755 3406 solum
1793 3352 1877 3407 af-

301 3429 477 3487 fectio
502 3434 602 3488 tibi
634 3435 876 3505 propria,
909 3436 1019 3493 Deo
1048 3448 1361 3509 praestante,
1377 3454 1625 3513 reparata
1648 3452 1750 3509 est,
1783 3446 1877 3501 sed

296 3531 351 3577 et
398 3525 699 3581 amicorum
731 3530 1017 3597 praesentia
1050 3543 1394 3597 procuratur.
1426 3534 1491 3587 Et
1516 3542 1667 3605 pater
1696 3554 1707 3590 :
1745 3534 1900 3603 Vere,

298 3616 508 3687 inquit,
540 3618 762 3675 adverto
790 3622 864 3676 ita
884 3637 1024 3687 esse,
1060 3631 1120 3678 ut
1148 3625 1304 3681 dicis.
1339 3625 1548 3680 Etcum
1575 3626 1689 3682 haec
1709 3628 1875 3684 dixis-

296 3718 415 3773 sel,
446 3708 581 3764 abiit
608 3710 675 3766 ad
704 3710 1068 3769 Anubionem.

366 3800 513 3859 Llll.
544 3794 654 3859 N05
683 3813 864 3860 autem
892 3821 1015 3860 cum
1041 3804 1203 3863 Petro
1231 3807 1395 3879 positi
1434 3823 1530 3880 per
1580 3818 1744 3865 totam
1775 3826 1876 3865 no-

298 3903 454 3951 ctem
476 3896 861 3968 interrogando
883 3898 949 3954 de
971 3898 1204 3956 diversis
1226 3906 1280 3954 et
1298 3898 1559 3954 discendo
1579 3900 1649 3955 ab
1666 3915 1752 3966 eo,
1776 3900 1872 3954 de.-

419 4076 460 4105 ’⁷
486 4072 673 4128 Matth.
703 4089 781 4143 ιι,
808 4074 896 4128 50.

1984 3164 2297 3227 concitavit,
2333 3171 2395 3219 ut
2450 3177 2779 3234 magnopere
2806 3161 3139 3225 desiderent,
3173 3160 3219 3216 si
3244 3170 3295 3215 te
3323 3174 3555 3229 usquam

1983 3256 2225 3310 invenire
2256 3262 2478 3324 queant,
2502 3253 2665 3308 etiam
2699 3266 2895 3307 carnes
2926 3260 3047 3305 tuas
3076 3251 3373 3317 devorare;
3401 3259 3454 3305 et
3483 3250 3556 3305 ob

1983 3344 2086 3399 hoc
2114 3359 2216 3399 nos
2243 3345 2337 3414 qui
2369 3343 2636 3414 praemissi
2667 3357 2859 3397 sumus
2879 3382 2894 3404 ,
2931 3339 3178 3395 videntes
3216 3340 3373 3395 valde
3404 3356 3556 3395 com-

1981 3443 2184 3492 motam
2214 3443 2407 3491 contra
2437 3444 2489 3490 te
2518 3437 2817 3500 civitatem,
2850 3432 3067 3487 occulte
3110 3433 3165 3486 in
3208 3448 3380 3486 unum
3420 3448 3581 3488 con»

1980 3530 2261 3585 venientes
2291 3527 2772 3583 considerabamus
2804 3525 2933 3595 quid
2971 3525 3087 3580 fieri
3115 3530 3409 3593 oporteret.

2053 3620 2165 3677 LV.
2196 3621 2443 3691 Cumque
2480 3620 2688 3675 nullum
2726 3619 3038 3673 videremus
3075 3617 3281 3672 exitum
3328 3616 3426 3681 rei,
3459 3632 3554 3671 su-

1979 3714 2225 3785 pervenit
2279 3712 2568 3768 Cornelius
2613 3711 2882 3775 centurio,
2932 3710 3133 3764 missus
3169 3723 3201 3763 a
3240 3707 3456 3763 Caesare
3483 3706 3551 3761 ad

1978 3805 2264 3876 praesidem
2288 3805 2550 3861 Caesareae
2579 3802 2783 3874 publici
2807 3801 3007 3871 negotii
3036 3801 3248 3871 gratia;
3282 3799 3429 3854 hunc
3457 3814 3552 3854 ac-

1979 3898 2247 3954 cersimus
2283 3898 2350 3951 ad
2380 3911 2481 3952 nos
2524 3895 2723 3959 solum,
2758 3906 3090 3962 causamque
3127 3890 3178 3947 ei
3226 3905 3333 3961 qua
3367 3892 3548 3946 moesti

1561 4220 1923 4278 COTELERII
1992 4218 2219 4275 ΝΟΤΑῗ.

377 4407 790 4496 (60)Αρρξςζιεηι
818 4404 1287 4496 Plistonictepsem..
1318 4404 1589 4474 Epitomes
1716 4405 1819 4496 1.5.3
1855 4423 1867 4458 :

1983 4403 2043 4458 de
2072 4415 2453 4487 cognomento.
2477 4405 2865 4496 Histoyovtxnii
2886 4418 2993 4496 ηερ
3017 4402 3267 4496 verterim
3301 4403 3542 4462 Plistoni-

312 4473 562 4533 ‘Armiwv
580 4473 606 4531 ὃ
626 4476 1032 4546 Πλειστονίκης;
1058 4473 1495 4546 Clementmorum
1521 4491 1593 4538 tv,
1624 4473 1657 4526 6
1687 4493 1700 4528 :
1742 4475 1868 4527 Ἀπο

306 4552 483 4603 πίωνα
503 4551 592 4603 τὸν
618 4544 998 4616 mumth
1017 4547 1241 4617 .lnsigni
1262 4555 1444 4600 tamen
1474 4544 1563 4617 isti
1594 4559 1865 4614 gramma-

303 4622 436 4679 tico.
462 4620 554 4688 qui
578 4634 609 4673 a
632 4617 849 4672 Tiberio
874 4616 1181 4687 cymbalum
1213 4617 1398 4672 mundi
1428 4616 1729 4688 dicebatur.
1749 4631 1871 4688 pro-

304 4691 393 4767 cul
415 4686 585 4767 dubio
614 4704 808 4767 nomen
842 4686 943 4741 fuit
976 4689 1192 4767 Ἀτξςων,
1240 4689 1436 4767 Apion,
1489 4693 1550 4740 ut
1594 4686 1866 4767 interdum

303 4760 562 4815 exhibent
585 4759 802 4813 codices
831 4774 961 4813 mss.
989 4759 1190 4827 quibus
1218 4755 1301 4811 usi
1334 4764 1737 4827 sumus,utque
1757 4755 1868 4810 fere

304 4846 521 4899 semper
552 4831 604 4883 in
628 4828 825 4899 Grazcis
858 4826 1019 4899 libris
1047 4830 1310 4898 scriptum
1341 4826 1742 4899 invenies.__Sed
1776 4841 1866 4899 er-

302 4896 497 4969 rarunt
531 4898 825 4969 aliquando
852 4896 1023 4954 Graeci
1054 4896 1215 4954 etiam
1264 4898 1577 4969 antiquarii.
1612 4896 1766 4969 Unde
1811 4898 1865 4951 in

304 4967 536 5025 Tatiano
583 4967 727 5025 recte
774 4968 993 5038 quidem
1040 4986 1093 5039 p.
1131 4968 1233 5023 164
1275 4967 1470 5037 legitur
1504 4968 1783 5031 Ἀπίωνος,
1814 4975 1869 5020 at

303 5055 588 5110 perperam
622 5055 675 5110 p.
717 5040 820 5093 172
860 5055 1120 5096 excusum
1154 5048 1235 5095 est
1254 5039 1511 5110 ’Armlwy,
1550 5054 1673 5110 cum
1723 5040 1865 5108 apud

305 5108 602 5181 Eusebium
623 5108 876 5179 “Prwpar.
907 5127 1111 5181 evang.,
1143 5110 1238 5181 lib.
1272 5126 1328 5172 χ,
1370 5124 1419 5163 c.
1455 5108 1542 5181 η,
1592 5108 1648 5181 in
1679 5113 1867 5163 eodem

306 5177 521 5235 Tatiani
550 5182 669 5236 loco
693 5177 889 5234 ’Arttwv
908 5177 1181 5235 cernatur.
1213 5180 1366 5247 Quod
1397 5186 1463 5231 ad
1490 5177 1713 5233 Latinos
1742 5194 1866 5248 spe-

302 5256 438 5322 ctat,
466 5253 669 5320 Appian
692 5259 870 5322 potest
889 5266 1011 5306 esse
1022 5258 1317 5322 auctorum
1345 5256 1867 5322 error.__potest_esse

304 5317 865 5391 iibrariorum.__Certe
913 5322 966 5375 in
992 5319 1194 5391 iPlinio
1225 5322 1394 5391 Apion
1424 5317 1864 5391 scr_ibitur.pltem

303 5388 589 5463 inﬁdonis
615 5386 892 5463 Chronico,
915 5392 970 5463 in
991 5390 1217 5445 Honorii
1240 5386 1755 5463 Augustodunensis
1768 5391 1876 5447 Ca-

296 5456 499 5530 MIOQO,
534 5470 588 5515 et
616 5463 667 5515 in
699 5462 1025 5530 quibusdam
1064 5477 1199 5517 mss.
1234 5477 1297 5516 ac
1325 5456 1658 5516 editionibus
1684 5457 1867 5513 Histo-

304 5529 400 5582 ria:
430 5529 745 5586 Eusebianaa
786 5546 817 5585 a
868 5532 1063 5585 Rufino
1112 5534 1407 5595 translatae,
1453 5530 1548 5586 lib.
1573 5544 1657 5592 nt,
1695 5544 1746 5583 c.
1773 5530 1862 5584 38.

302 5597 458 5659 Apud
491 5599 750 5656 Senecam
791 5618 940 5667 vero,
971 5602 1258 5671 Agellium.
1292 5601 1707 5661 Tertullianum,
1737 5598 1864 5653 llie—

306 5683 612 5744 ronymuin,
640 5671 950 5744 AJosephum
983 5670 1185 5744 Rufini.
1230 5672 1562 5744 llaymonem
1587 5670 1861 5744 aliosque,

305 5738 427 5795 cuni
453 5742 652 5811 duplici
672 5757 707 5811 p
724 5738 1029 5799 ediderunt.
1054 5738 1329 5800 Hactenus
1360 5744 1427 5799 de
1456 5740 1693 5797 nomine.
1712 5738 1865 5795 Nunc

1974 4473 2196 4547 censent,
2227 4478 2384 4545 quasi
2418 4494 2483 4532 ex
2520 4478 2726 4547 patria;
2774 4475 2867 4528 sed
2907 4473 3265 4547 Plistonicem,
3319 4487 3541 4533 secutus

1969 4543 2206 4599 Plinium
2237 4543 2290 4600 et
2317 4543 2602 4616 Agelliu'm.
2638 4545 2727 4599 Sic
2750 4556 2928 4616 autem
2967 4545 3228 4616 Apionem
3258 4550 3542 4615 cngnomi-

1969 4626 2169 4669 narunt
2224 4614 2376 4686 quod
2417 4619 2471 4671 in
2520 4616 2817 4672 certamine
2867 4614 3540 4686 litterariorsazpe’victor

1968 4685 2305 4757 exstitisset;
2338 4704 2460 4757 qua
2490 4696 2574 4742 est
2598 4688 2891 4757 multorum
2926 4685 3226 4757 sententia:
3262 4686 3344 4757 vel
3376 4702 3403 4740 a
3442 4704 3539 4757 pa-

1969 4764 2050 4826 tre
2098 4752 2416 4825 Plistonice;
2463 4758 2615 4826 juxta
2665 4756 3047 4826 doctissimum
3101 4752 3537 4813 Salmasium'ad

1968 4825 2371 4895 Inscriptiouem
2396 4824 2629 4893 Reqillaz,
2662 4842 2712 4894 p.
2746 4826 2814 4880 90
2839 4835 2891 4880 et
2914 4824 3230 4893 praefatione
3256 4826 3309 4879 in
3340 4827 3536 4882 librum

1973 4896 2047 4968 ρε
2081 4897 2409 4968 laomonymis
2444 4898 2608 4968 Hyles
2641 4897 2879 4959 latricm,
2915 4897 3063 4968 [μθ
3081 4911 3146 4949 ex
3176 4896 3283 4958 his,
3316 4897 3536 4965 opinor,

1971 4964 2168 5029 Suidae,
2190 4964 2405 5032 ’Atriwv,
2450 4970 2478 5020 ὁ
2500 4964 2911 5021 Ἠλειστονίκου.
2950 4965 3145 5019 Verum
3198 4981 3323 5019 cum
3354 4964 3540 5021 ’Suida

1970 5036 2296 5093 Salniasium
2347 5038 2602 5093 refellunt
2654 5037 2904 5092 Justinus
2944 5036 3145 5093 Martvr
3169 5036 3541 5093 Cohortationc

1968 5107 2036 5160 ad
2065 5107 2297 5169 ercos,
2332 5124 2387 5177 p.
2416 5110 2469 5171 9,
2507 5116 2560 5164 et
2591 5109 2883 5162 Africanus
2918 5108 3058 5175 apud
3090 5106 3539 5177 Eusebiumcum

1966 5179 2074 5250 lib.
2093 5196 2128 5233 ι
2158 5174 2456 5250 Prwpdrqt.
2483 5195 2697 5250 ευιιηθηΔ
2724 5194 2772 5232 c.
2807 5178 2895 5250 10,
2935 5174 3047 5230 tum
3078 5174 3362 5250 Χρρνικῶ]
3397 5175 3541 5250 λργῳ

1967 5247 2185 5321 πρώτῳ,
2224 5244 2347 5320 pag.
2380 5248 2471 5314 26,
2504 5244 2635 5303 dum
2674 5248 2866 5317 Apioni
2897 5256 3105 5317 patrem
3135 5244 3279 5300 'dant
3312 5244 3539 5300 Posido-

1965 5334 2137 5374 nium.

2038 5389 2150 5461 (6i)
2201 5389 2419 5444 Vultum
2467 5392 2521 5444 in
2569 5406 2627 5445 eo
2670 5389 3183 5461 Simonisdmdentcs,
3215 5395 3321 5440 etc.
3357 5385 3538 5461 lndili-

1966 5476 2099 5530 gens
2134 5459 2222 5517 est
2270 5463 2323 5516 in
2356 5461 2522 5530 hujus
2560 5462 2666 5515 loci
2688 5468 2749 5530 et
2778 5459 2989 5514 fabella:
3017 5460 3537 5530 commemoratione

1966 5526 2311 5595 Hincmarus,
2347 5526 2553 5589 relatus
2597 5532 2651 5585 in
2684 5529 3036 5585 Testimoniis
3071 5526 3344 5582 Veterum.
3399 5526 3537 5595 Lege

1965 5601 2456 5727 etigﬁCedrenum
2487 5622 2543 5676 p.
2576 5602 2699 5661 175,
2727 5610 2781 5657 et
2814 5599 3184 5665 Anastasium,
3218 5604 3410 5668 quaest.
3443 5596 3477 5649 2

1966 5688 2020 5727 ι).
2168 5716 2179 5727 .
