4030 6342
655 314 676 367 i
689 307 790 366 4ιῖ

1502 292 1540 345 S
1593 284 1983 344 CLEMENTIS
2014 283 2035 337 ι
2067 281 2232 338 ROM.
2269 276 2469 333 ΡΟΝΤ.
2502 272 2734 331 OPERA
2767 270 2987 327 DUBIA.

3670 272 3769 327 ms

625 437 873 482 essemus
903 430 1221 489 exponimus
1241 452 1255 477 ,
1292 424 1356 464 ac
1406 423 1454 464 SI
1485 404 1615 476 quid
1658 410 1844 474 posset
1865 441 1880 466 ,
1908 405 1968 452 ut
1992 396 2209 465 juvaret
2237 403 2282 457 Α
2311 385 2409 441 tibi
2438 383 2662 455 ,amicos
2701 396 2730 434 a
2771 395 2939 451 puero
2978 379 3150 432 fuisse
3185 377 3408 439 dixeras,
3439 393 3532 431 non
3555 386 3702 434 tamen
3731 391 3771 434 ut

2062 488 2066 489 ,
2468 475 2521 489 η.
2727 474 2765 489 n,
2869 471 3023 489 ,A,A9-
3089 469 3149 489 ιτ.
3179 465 3579 489 _-.A_-h----_,!
3625 472 3635 483 ι
3728 476 3751 489 ι-

627 519 932 573 hortamur.
976 488 1118 563 Tum
1171 506 1263 559 ille
1317 497 1721 572 promptissime
1770 488 2099 561 repromittit
2146 501 2206 541 se

626 627 751 667 eum
800 608 1048 678 protinus
1094 600 1431 669 fngaturum,
1484 592 1531 646 si
1567 597 1753 643 tamen
1798 582 2032 641 consilio
2086 578 2207 648 ejus

629 670 929 755 etiam-nos
969 689 1366 745 adniteremur.
1400 680 1649 746 Cumque
1681 689 1783 727 nos
1824 670 2209 741 polliceremur

631 789 859 858 impigre
888 792 1086 841 cuncta
1120 788 1393 851 gesturos,
1427 775 1503 829 ait
1529 792 1541 827 :
1565 771 1750 826 Caesar
1780 768 1833 821 in
1876 763 2007 819 urbe
2035 759 2209 813 Roma

629 890 685 935 et
710 895 806 950 per
828 875 1138 948 provincias
1163 871 1441 927 maleficos
1471 858 1869 934 inquirijussit
1891 871 1955 910 ac
1992 851 2207 924 perimi,

630 943 923 1040 ex-quibus
954 966 1173 1037 plurimi
1193 964 1306 1034 jam
1334 957 1599 1032 perempti
1628 960 1777 1010 sunt.
1809 948 1923 1019 Ego
1949 947 2114 1017 igitur
2135 943 2214 997 di-

632 1063 869 1134 vulgaho
896 1077 991 1130 per
1028 1059 1259 1121 amicos,
1294 1069 1379 1108 me
1418 1060 1476 1106 ut
1499 1051 1663 1105 istum
1716 1056 1932 1113 magum
1963 1051 2212 1107 caperem

637 1158 878 1213 venisse.
917 1160 971 1206 et
998 1151 1068 1205 ob
1096 1150 1198 1203 hoc
1229 1146 1455 1200 missum
1492 1157 1521 1194 a
1544 1140 1778 1200 Caesare,
1812 1148 1919 1203 quo
1938 1132 2101 1186 etiam
2125 1128 2213 1181 hic

637 1262 759 1302 cum
795 1244 1007 1299 caeteris
1045 1242 1161 1296 suis
1193 1238 1360 1294 sociis
1406 1235 1687 1305 puniatur.
1720 1225 1907 1282 Vestri
1944 1238 2077 1292 ergo
2120 1219 2214 1290 qui

640 1354 765 1393 cum
801 1336 919 1405 ipso
948 1340 1076 1389 sunt
1105 1329 1317 1384 occulte
1341 1326 1495 1395 quasi
1529 1322 1891 1386 undecunque
1921 1311 2212 1373 audierint,

646 1428 891 1483 indicent
920 1424 969 1478 ei
995 1421 1141 1492 quod
1170 1434 1272 1489 ego
1304 1418 1371 1471 ad
1420 1417 1597 1487 ipsum
1654 1408 1980 1479 capiendum
2016 1403 2217 1458 missus

642 1522 771 1581 sim,
802 1525 857 1573 et
884 1525 1090 1570 certum
1122 1520 1227 1574 est,
1256 1510 1402 1581 quod
1429 1522 1552 1563 cum
1587 1502 1839 1579 audierit,
1874 1498 2047 1568 fugiat
2079 1516 2091 1551 :
2125 1501 2217 1550 aut

640 1610 687 1666 si
714 1626 812 1666 vos
840 1606 1045 1678 aliquid
1073 1593 1270 1660 melius
1292 1600 1512 1663 videtis,
1538 1597 1725 1652 dicite.
1756 1593 1898 1659 Quid
1928 1590 2122 1661 plura?
2144 1589 2217 1642 ita

641 1702 843 1757 factum
872 1709 1002 1754 esta
1038 1698 1243 1752 nostris
1275 1695 1366 1765 qui
1391 1707 1514 1747 cum
1545 1691 1664 1759 ipso
1687 1694 1866 1748 erant,
1899 1680 2219 1753 explorandi

2307 493 2433 533 cum
2468 475 2690 530 Simone
2726 471 3051 541 loquereris.
3089 469 3155 522 Et
3179 476 3325 540 pater
3347 486 3361 523 :
3384 465 3601 535 Peccavi,
3625 472 3769 542 inquit.

2308 570 2504 624 fateor.
2561 566 2699 620 Tum
2740 563 3035 619 Anubion:
3068 561 3136 615 Et
3177 577 3291 631 ego,
3334 562 3513 631 inquit,
3554 578 3653 616 cum
3689 566 3772 633 ipso

2308 678 2440 731 rogo
2470 668 2525 714 et
2553 659 2813 728 deprecor
2841 664 2915 719 te,
2952 664 3013 709 ut
3045 654 3293 725 ignoscas
3320 655 3446 717 seni,
3472 655 3576 709 viro
3595 654 3707 710 bono
3736 670 3773 713 et

2309 768 2573 826 generoso
2596 770 2610 819 ;
2640 749 2899 806 seductus
2927 759 3009 802 est
3048 745 3232 800 infelix
3273 753 3323 799 et
3349 747 3562 801 ludibrio
3590 747 3727 803 factus
3752 764 3773 800 ε

2310 846 2589 901 nominato
2619 857 2806 912 mago;
2832 839 3009 895 dicam
3030 839 3177 893 enim
3197 838 3438 907 quomodo
3458 855 3535 893 res
3553 847 3677 909 gesta
3692 849 3771 894 est:

2312 937 2418 991 Ubi
2466 935 2614 990 venit
2669 931 2737 987 ad
2786 930 3110 987 salutandos
3150 945 3268 993 nos,
3311 930 3510 1000 contigit
3544 938 3595 982 ut
3631 932 3675 983 in
3696 931 3775 1000 ipsa

2313 1029 2446 1082 hora
2473 1025 2958 1080 circumstaremus
2993 1020 3296 1083 Simonem,
3331 1018 3577 1073 audientes
3603 1034 3701 1073 eum
3719 1020 3774 1073 di-

2314 1123 2527 1172 centem
2567 1111 2712 1183 quod
2768 1110 2955 1181 fugere
3000 1109 3135 1163 velit
3179 1108 3234 1162 in
3280 1108 3389 1177 ipsa
3427 1115 3591 1172 nocte;
3619 1108 3776 1163 audisse

2314 1207 2459 1262 enim
2494 1221 2572 1269 se,
2601 1203 2747 1274 quod
2768 1201 3016 1257 venerint
3050 1199 3271 1270 quidam
3300 1200 3449 1254 etiam
3470 1198 3529 1253 ad
3553 1200 3663 1253 hanc
3678 1198 3775 1253 Lao-

2315 1298 2472 1355 dicia:
2499 1298 2796 1362 civitatem,
2837 1294 2931 1364 qui
2960 1309 3088 1348 eum
3127 1308 3196 1346 ex
3241 1300 3490 1362 praecepto
3514 1291 3775 1361 imperatoris

2316 1388 2835 1459 comprehenderent
2855 1405 2869 1453 ;
2891 1385 3033 1440 velle
3056 1390 3237 1438 autem
3262 1398 3319 1438 se
3346 1382 3396 1437 in
3427 1382 3551 1436 hunc
3568 1382 3775 1451 quinuper

2319 1485 2602 1554 ingressus
2632 1491 2716 1537 est
2739 1478 3157 1534 Faustinianum
3198 1491 3402 1533 omnem
3433 1484 3680 1529 convertere
3710 1474 3775 1528 fu-

2319 1591 2519 1632 rorem.
2568 1573 2748 1627 Et'ait
2780 1571 2848 1626 ad
2890 1588 2992 1627 nos
3019 1587 3033 1623 :
3066 1570 3324 1632 Tantum,
3364 1568 3537 1637 inquit,
3566 1583 3635 1621 ros
3656 1566 3773 1622 facile

2320 1684 2442 1722 eum
2472 1681 2693 1722 caenare
2715 1664 3024 1727 nobiscum,
3061 1671 3117 1717 et
3145 1677 3244 1733 ego
3274 1667 3567 1730 unguentum
3581 1658 3773 1729 quoddam

640 1794 812 1864 gratia
844 1790 1108 1847 simulati.
1150 1786 1255 1842 Ubi
1282 1785 1473 1839 didicit
1506 1781 1692 1835 Simon
1732 1788 1951 1832 ventum
1972 1752 2117 1828 esse
2148 1771 2215 1825 ad
2248 1760 2290 1818 Β
2319 1775 2661 1830 componam,
2695 1773 2804 1828 quo
2826 1764 3080 1814 coenatus
3113 1766 3371 1826 perungat
3397 1752 3561 1809 faciem
3585 1767 3712 1813 suam,
3733 1761 3774 1806 ut

643 1861 721 1946 se.
756 1893 1008 1950 tanquam
1042 1878 1232 1947 ingens
1263 1874 1366 1930 sibi
1397 1870 1721 1927 beneficium
1752 1865 2012 1920 collatum
2044 1861 2114 1915 ab
2135 1861 2214 1915 eis

642 1973 935 2042 accipiens,
964 1971 1016 2023 in
1052 1968 1233 2038 fugam
1256 1979 1451 2020 versus
1478 1970 1580 2018 est.
1626 1957 1921 2013 Discedens
1953 1953 2121 2023 igitur
2149 1966 2213 2005 ex

641 2064 952 2125 Antiochia,
995 2076 1119 2116 cum
1153 2057 1507 2113 Athenodoro
1542 2055 1647 2107 huc
1690 2049 1840 2104 venit
1884 2047 2027 2102 sient
2058 2043 2219 2097 andi-

643 2158 842 2211 vimus.

714 2243 845 2299 LVI.
880 2240 994 2296 Hoc
1021 2255 1152 2310 ergo
1179 2238 1357 2294 visum
1388 2243 1476 2291 est
1500 2233 1655 2288 nobis
1683 2228 1941 2287 omnibus
1969 2226 2063 2295 qui
2084 2238 2221 2295 pra:-

645 2338 935 2397 cessimus,
969 2341 1027 2387 ut
1050 2332 1267 2387 interim
1282 2345 1433 2384 nunc
1445 2342 1553 2381 non
1571 2321 1837 2380 ascendas
1852 2315 2219 2377 Antiochiam,

646 2442 933 2501 usquequo
959 2426 1244 2480 videamus
1277 2421 1323 2476 si
1377 2420 1471 2474 illo
1519 2414 1832 2473 discedente
1859 2410 2045 2466 odium
2076 2403 2223 2477 quod

646 2522 719 2578 de
742 2530 796 2578 te
837 2521 1039 2593 populo
1069 2515 1381 2577 seminavit,
1414 2512 1596 2582 aliqua
1628 2524 1695 2563 ex
1740 2512 1896 2576 parte
1936 2508 2219 2557 vacuetur.

646 2616 784 2671 Cum
815 2614 928 2668 hasc
954 2612 1285 2666 insinuasset
1315 2607 1361 2661 is
1405 2604 1499 2674 qui
1535 2601 1605 2655 de
1646 2595 1939 2652 Antiochia
1972 2597 2222 2656 venerat,

649 2704 847 2760 Petrus
882 2700 1193 2770 respiciens
1220 2696 1287 2749 ad
1316 2701 1530 2764 patrem
1562 2697 1811 2774 nqstrum
1843 2686 1919 2739 ait
1957 2703 1971 2738 :
2002 2680 2218 2736 Fausti-

649 2797 835 2858 niane,
886 2810 917 2847 a
977 2792 1201 2846 Simone
1245 2785 1403 2855 Mago
1432 2772 1858 2837 transformatus
1908 2782 1995 2829 est
2043 2772 2226 2827 vultus

649 2894 805 2948 tuus,
842 2885 986 2938 sicut
1025 2885 1283 2950 apparet;
1342 2882 1541 2943 putans
1572 2873 1717 2927 enim
1766 2868 1915 2939 quod
1955 2881 1985 2919 a
2012 2865 2228 2920 Caesare

651 2983 987 3046 quaereretur
1013 2971 1078 3024 ad
1111 2981 1348 3039 poenam.
1379 2964 1605 3019 territus
1636 2962 1773 3030 fugit
1816 2968 1870 3015 et
1912 2972 2073 3013 suum
2110 2952 2230 3008 vul—

650 3045 767 3119 tum
792 3050 889 3117 tibi
934 3059 1212 3129 imposuit,
1246 3058 1293 3113 si
1320 3055 1459 3111 forte
1481 3064 1539 3110 tu
1572 3069 1670 3124 pro
1701 3053 1820 3121 ipso
1854 3045 2130 3119 capereris
2176 3047 2230 3098 et

2315 1869 2380 1908 ex
2407 1867 2473 1907 eo
2502 1866 2681 1906 meum
2714 1850 2922 1906 vultum
2952 1849 3217 1903 omnibus
3248 1847 3436 1901 habere
3464 1845 3688 1907 videatur;
3709 1860 3774 1898 vos

2316 1950 2495 1997 autem
2542 1942 2726 1995 herbae
2774 1939 3062 2008 cujusdam
3098 1953 3265 1994 succo
3312 1937 3462 1991 facies
3497 1934 3774 2006 perungemn'i

2318 2034 2495 2105 prius,
2529 2042 2720 2087 utnon
2753 2029 3017 2084 fallamini
3049 2029 3120 2084 de
3152 2028 3497 2083 immutatione
3521 2026 3663 2081 vultus
3678 2026 3774 2093 ejus,

2320 2128 2394 2180 ita
2425 2134 2504 2189 ut,
2539 2122 2783 2195 exceptis
2805 2120 2981 2183 vobis,
3018 2119 3146 2175 aliis
3183 2117 3423 2174 omnibus
3443 2115 3593 2171 Simon
3612 2114 3775 2169 esseti-

2319 2219 2532 2274 deatur.

2391 2308 2525 2365 LIX.
2575 2309 2795 2365 Etcum
2842 2306 2930 2362 ille
2988 2307 3108 2362 haec
3154 2304 3355 2361 diceret
3390 2302 3464 2355 aio
3498 2299 3553 2354 ad
3586 2292 3773 2354 eum:£t

2322 2402 2453 2474 quid
2489 2402 2586 2457 tibi
2607 2418 2670 2457 ex
2696 2400 2798 2456 hoc
2823 2398 2968 2455 facto
2998 2397 3285 2453 confertur
3309 2395 3461 2450 lucri?
3478 2391 3588 2446 Tum
3614 2391 3771 2444 Simon:

2323 2495 2529 2558 Primo,
2580 2494 2777 2564 inquit,
2830 2498 2887 2547 ut
2938 2491 3125 2562 ipsum
3179 2484 3589 2558 comprehendant
3618 2480 3769 2551 quime

2324 2594 2599 2659 quaerunt,
2625 2592 2680 2641 et
2714 2600 2798 2640 me
2827 2583 3087 2639 desinant
3117 2594 3370 2652 quaerere.
3408 2575 3457 2631 Si
3486 2589 3585 2629 vero
3616 2570 3771 2641 punitus

2325 2679 2492 2735 fuerit
2519 2693 2548 2732 a
2579 2678 2816 2740 Caesare,
2848 2682 2908 2730 ut
2948 2675 3164 2729 luctum
3198 2669 3468 2725 maximum
3502 2666 3675 2719 habeant
3707 2659 3769 2713 filii

2325 2772 2433 2835 sui,
2464 2770 2580 2841 qui,
2616 2783 2704 2823 me
2731 2769 3015 2832 derelicto,
3049 2764 3414 2834 confugerunt
3452 2758 3506 2812 ad
3538 2755 3700 2810 Petrum
3735 2758 3770 2802 et

2327 2873 2455 2920 sunt
2484 2861 2644 2916 modo
2682 2860 2962 2929 adjutores
3004 2858 3205 2928 ipsius.
3255 2855 3360 2925 Ego
3399 2860 3539 2906 autem
3583 2844 3771 2900 conﬁteor

2328 2956 2451 3019 tibi,
2480 2954 2661 3016 Petre,
2690 2953 2837 3024 quod
2852 2967 3039 3008 verum
3067 2959 3158 3007 est
3176 2969 3191 3017 ;
3210 2948 3363 3004 timui
3392 2956 3486 3000 tunc
3505 2936 3766 2994 Faustiniano

2338 3048 2586 3102 indicare
2612 3046 2750 3109 haec,
2785 3046 2876 3101 sed
2916 3059 3097 3113 neque
3133 3041 3364 3113 spatium
3391 3036 3508 3093 nobis
3523 3033 3605 3102 ipse
3628 3026 3762 3082 Simon

652 3157 722 3213 ad
748 3162 977 3212 mortem
1010 3152 1134 3207 duci
1167 3166 1380 3221 posses,
1413 3156 1473 3202 ut
1503 3147 1628 3201 filiis
1653 3143 1762 3198 tuis
1802 3139 2080 3195 tristitiam
2108 3150 2225 3190 mo-
2249 3112 2293 3169 θ
2325 3139 2494 3205 dedit,
2528 3145 2587 3193 ut
2616 3152 2900 3208 possemus
2930 3112 3205 3193 secretius
3229 3133 3366 3203 loqui
3386 3137 3431 3185 et
3447 3126 3601 3199 plenius
3619 3121 3656 3174 ei
3670 3132 3764 3171 cou-

652 3257 825 3304 veret.
875 3246 1037 3300 Pater
1069 3258 1197 3299 vero
1231 3241 1323 3297 ubi
1356 3241 1472 3294 haec
1512 3237 1742 3302 audivit,
1788 3248 1912 3289 cum
1966 3228 2224 3301 lacrymis

653 3341 966 3396 exclamans
992 3356 1005 3390 :
1032 3335 1219 3400 Recte,
1253 3333 1451 3404 inquit,
1483 3328 1788 3392 aestimasti,
1814 3325 1987 3387 Petre,
2020 3337 2144 3377 nam
2172 3327 2225 3375 et

654 3432 910 3488 Anubion
933 3431 1060 3500 quia
1092 3428 1224 3481 mihi
1248 3425 1402 3480 valde
1423 3424 1636 3478 amicus
1667 3428 1806 3483 erat,
1836 3420 1937 3474 sub
1967 3415 2225 3487 mysterio

654 3520 891 3593 quodam
918 3518 1052 3572 mihi
1075 3517 1319 3572 indicare
1348 3520 1589 3582 coeperat
1621 3510 1687 3564 de
1708 3507 1921 3562 insidiis
1942 3505 2086 3573 ejus,
2130 3501 2225 3556 sed

654 3616 843 3671 infelix
875 3628 984 3668 non
1006 3610 1326 3680 credebam,
1354 3607 1485 3677 quia
1515 3604 1654 3658 nihil
1694 3604 1748 3657 in
1778 3615 1902 3656 eum
1938 3596 2227 3652 commise-

656 3723 772 3763 ram
802 3706 952 3760 mali.

727 3798 884 3853 LVII.
909 3798 1157 3867 Cumque
1187 3809 1376 3849 omnes
1414 3805 1521 3845 una
1562 3804 1685 3844 cum
1733 3792 1888 3856 patre
1917 3781 2137 3838 tristitia
2175 3788 2229 3832 et

657 3891 909 3962 iacrymis
932 3903 1239 3959 ageremur,
1263 3888 1471 3939 interea
1496 3888 1547 3934 et
1572 3879 1823 3934 Anubion
1846 3876 1992 3931 venit
2020 3874 2085 3928 ad
2104 3887 2224 3935 nos,

658 3981 909 4037 indicans
961 3980 1119 4034 nobis
1152 3977 1427 4032 Simonem
1474 3975 1677 4043 fugisse
1731 3985 1828 4038 per
1875 3974 2108 4029 noctem.
2141 3963 2230 4019 Ju-

657 4073 829 4127 dzeam
882 4079 1177 4142 petentem.
1224 4067 1428 4123 Videns
1473 4073 1658 4119 autem
1718 4072 1923 4132 patrem
1980 4066 2228 4114 nostrum

658 4163 998 4234 plangentem
1028 4168 1081 4215 et
1120 4160 1505 4213 lamentantem
1538 4169 1598 4208 se
1620 4169 1683 4207 ac
1704 4152 1974 4205 dicentem
2010 4168 2022 4202 :
2053 4147 2231 4202 Infeli-

657 4269 775 4307 cem
808 4268 914 4313 me,
951 4252 1045 4321 qui
1077 4266 1201 4305 eum
1226 4264 1442 4319 magum
1478 4247 1707 4301 audiens
1756 4258 1867 4297 non
1909 4240 2228 4306 credebam;

657 4344 789 4415 quid
818 4345 947 4399 mihi
986 4344 1187 4400 misero
1211 4344 1429 4405 accidit,
1460 4350 1521 4396 ut
1560 4354 1668 4395 una
1700 4340 1787 4394 die
1821 4337 2132 4407 recognitus
2162 4334 2230 4387 ab

2326 3233 2513 3288 silium
2554 3229 2799 3285 Simonis
2826 3231 3059 3299 aperire.
3092 3228 3307 3283 Interea
3326 3225 3455 3279 circa
3488 3216 3654 3274 mediam
3675 3225 3765 3266 noc-

2327 3334 2461 3389 tem,
2491 3323 2678 3379 Simon
2709 3323 2949 3378 Judmam
2985 3331 3187 3393 petens
3225 3318 3437 3389 aufugit.
3461 3308 3760 3393 Deduritautero

2336 3388 2464 3473 eum
2504 3415 2891 3471 Athenodorus
2918 3388 3249 3485 et—Appion,
3293 3388 3384 3483 ego
3424 3413 3564 3461 autem
3595 3388 3762 3453 simulavi

2325 3508 2749 3578 inaequalitatem
2776 3507 3046 3576 corporis,
3078 3516 3143 3560 ut
3171 3504 3312 3560 domi
3355 3489 3765 3556 remanensfacel‘em

2327 3576 2473 3656 hunc
2501 3601 2743 3656 velocius
2781 3600 2849 3655 ad
2875 3615 2972 3654 vos
3012 3598 3216 3666 redire,
3247 3596 3292 3652 si
3330 3593 3455 3648 forte
3490 3584 3620 3658 possit
3640 3576 3767 3646 aliquo

2327 3695 2490 3750 modo
2532 3692 2799 3747 occultari
2836 3692 2978 3762 apud
3009 3707 3111 3747 vos
3133 3731 3150 3755 ,
3188 3706 3257 3746 ne
3286 3688 3349 3742 ab
3375 3686 3453 3739 his
3476 3681 3549 3752 qui
3579 3675 3767 3730 Simonem

2326 3794 2578 3859 quaerunt
2600 3785 3049 3855 comprehensus,
3087 3786 3154 3840 ad
3184 3784 3432 3838 Caesarem
3464 3770 3709 3846 perducatur
3730 3766 3766 3811 et

2328 3887 2512 3950 pereat
2533 3854 2739 3948 gratis,
2757 3886 2811 3932 et
2839 3891 2987 3932 nunc
3011 3877 3280 3933 sollicitus
3304 3887 3395 3943 pro
3422 3869 3521 3937 ipso
3544 3859 3634 3916 veni
3648 3854 3772 3950 vider:

2327 3987 2451 4026 eum
2474 3977 2527 4025 et
2557 3970 2735 4025 redire
2763 3977 3053 4039 antequam
3083 3943 3773 4038 superveniantilli,quidedti-

2330 4079 2529 4127 xerunt
2560 4069 2859 4124 Simonem.
2882 4067 2948 4121 Et
2977 4082 3279 4123 conversus
3303 4064 3364 4119 ad
3384 4076 3471 4117 nos
3493 4052 3684 4111 Anubion
3699 4045 3771 4097 ait:

2320 4162 2442 4234 .Ego
2457 4161 2707 4217 Anubion
2727 4160 2891 4231 patris
2910 4159 3077 4215 vestri
3096 4174 3279 4215 verum
3296 4156 3477 4211 vultum
3496 4146 3616 4203 video
3627 4148 3772 4194 revera.

2330 4255 2456 4325 quia
2478 4260 2780 4324 perunctus
2802 4266 2921 4306 sum
2962 4250 3116 4321 prius
3148 4251 3215 4304 ab
3234 4251 3343 4319 ipso
3364 4245 3548 4299 Simone
3563 4234 3671 4289 sicut
3690 4238 3776 4278 nar-

2331 4348 2446 4401 ravi
2466 4346 2638 4423 vobis,
2658 4352 2715 4397 ut
2729 4345 2903 4399 oculis
2920 4344 3056 4398 meis
3072 4359 3200 4398 vera
3213 4333 3513 4395 Faustiniaui
3529 4327 3656 4384 facies
3667 4329 3777 4388 appa-

659 4454 829 4494 uxore
849 4446 903 4494 et
934 4438 1083 4501 filiis,
1110 4437 1281 4492 laetari
1315 4452 1421 4490 non
1463 4432 1732 4505 potuerim
1760 4446 1883 4486 cum
1907 4430 2008 4489 eis.
2043 4427 2136 4483 sed
2164 4426 2231 4480 ad

2184 4426 2231 4480 id
2264 4456 2307 4510 ι)
2334 4418 2499 4504 reret,
2523 4438 2668 4493 unde
2699 4436 2834 4493 satis
2856 4443 3049 4506 stupeo
3081 4443 3137 4492 et
3175 4434 3400 4489 admiror
3436 4433 3577 4481 artem
3603 4408 3775 4471 Simonis

656 4532 868 4601 priores
905 4529 1157 4584 miserias
1202 4542 1341 4597 tutas
1380 4527 1437 4581 in
1467 4539 1654 4581 errore
1690 4521 1915 4593 pertuli,
1954 4520 2233 4575 revolutus

658 4623 799 4678 sint?
829 4620 1000 4675 Mater
1029 4628 1211 4673 autem
1242 4619 1415 4672 multo
1440 4618 1660 4689 gravius
1701 4615 1909 4685 sparsis
1949 4623 2004 4668 et
2025 4613 2234 4666 lacera-

656 4720 729 4772 tis
760 4718 1007 4773 crinibus
1042 4716 1365 4786 plangebat;
1395 4729 1495 4768 nos
1514 4728 1733 4783 quoque
1757 4712 1812 4765 in
1835 4708 2234 4780 permutatione

656 4812 840 4866 vultus
894 4809 1064 4881 patris
1116 4814 1400 4877 stupentes
1448 4805 1605 4875 quasi
1648 4802 1863 4857 attoniti
1911 4815 2131 4856 eramus
2181 4808 2233 4854 et

657 4912 922 4965 amentes,
966 4916 1066 4957 nec
1093 4900 1224 4972 quid
1270 4900 1347 4954 rei
1391 4905 1537 4954 esset
1568 4897 1867 4965 intelligere
1896 4901 2228 4964 poteramus.

655 4995 765 5053 Sed
795 5004 850 5052 et
878 4993 1130 5049 Anubion
1161 5008 1355 5048 omnes
1391 5006 1493 5045 nos
1524 4990 1599 5043 ita
1638 4988 1831 5043 videns
1860 4985 2040 5057 afﬂigi,
2083 4984 2231 5039 velut

656 5095 841 5143 mutus
880 5088 1075 5142 stabat.
1109 5083 1265 5138 Tunc
1295 5082 1493 5137 Petrus
1530 5096 1631 5136 nos
1664 5081 1888 5134 intuens
1932 5078 2074 5133 ﬁlios
2104 5076 2231 5146 ejus

658 5181 735 5230 ait
765 5197 778 5231 :
814 5177 941 5230 Mihi
970 5176 1201 5238 credite,
1241 5173 1387 5244 quod
1416 5173 1510 5227 hic
1548 5173 1665 5242 ipse
1708 5179 1792 5226 est
1826 5178 1980 5241 pater
2019 5179 2228 5232 vester;

658 5276 878 5339 propter
906 5266 1050 5337 quod
1080 5273 1134 5320 et
1165 5279 1360 5319 moneo
1384 5279 1504 5325 vos.
1537 5271 1598 5319 ut
1628 5263 1783 5333 quasi
1809 5270 2015 5333 patrem
2038 5275 2229 5317 serve-

656 5363 727 5417 tis
749 5376 893 5417 eum.
928 5359 1085 5413 Dabit
1107 5358 1257 5413 enim
1286 5357 1429 5414 Deus
1456 5357 1800 5412 occasionem
1827 5357 2087 5426 aliquam,
2120 5370 2229 5425 qua

657 5453 905 5524 deposito
942 5450 1183 5506 Simonis
1211 5451 1361 5505 vultu
1389 5449 1693 5504 evidentem
1729 5450 1901 5519 patris
1946 5449 2132 5510 vestri,
2170 5447 2227 5502 id

657 5552 741 5599 est
770 5559 924 5598 suam
945 5584 958 5605 .
992 5557 1313 5613 recuperare
1341 5541 1515 5612 possit
1544 5540 1792 5611 eﬂigiem.

726 5631 903 5687 LVIII.
933 5632 997 5686 Et
1028 5633 1092 5686 ad
1125 5641 1333 5703 patrem
1362 5644 1662 5687 conversus
1691 5630 1813 5683 ait:
1854 5629 1960 5699 Ego
1983 5628 2079 5681 tibi
2106 5642 2229 5696 per-

660 5726 909 5779 miseram
949 5725 1187 5780 salutare
1226 5722 1527 5794 Appionem
1574 5728 1627 5775 et
1672 5721 2036 5782 Anubioncm,
2087 5733 2226 5787 quos

2286 4526 2303 4541 ’
2336 4528 2500 4599 Magi,
2533 4527 2678 4597 quod
2705 4542 2802 4581 vos
2827 4532 3035 4581 stantes
3060 4525 3222 4580 modo
3243 4538 3344 4578 non
3364 4509 3608 4589 agnoscitis
3628 4509 3775 4599 Ρ³¹Γξξ¹¹

2333 4627 2600 4675 vestrum.
2636 4618 2916 4674 Flentibus
2944 4623 3127 4672 autem
3156 4626 3303 4687 patre
3327 4622 3375 4668 et
3402 4587 3552 4663 matre
3593 4611 3642 4653 ac
3664 4587 3776 4687 nebit

2335 4712 2588 4767 omnibus
2610 4726 2708 4781 pro
2732 4711 2817 4765 his
2848 4725 2969 4781 qua:
2998 4708 3325 4771 acciderant,
3343 4711 3498 4757 motus
3518 4682 3775 4750 miseratione

2332 4807 2497 4859 etiam
2526 4802 2781 4857 Anubion
2812 4801 2994 4858 ﬂebat.

2402 4894 2511 4950 LX.
2534 4894 2674 4949 Tum
2706 4893 2924 4959 Petrus,
2946 4892 3313 4953 misericordia
3334 4888 3587 4958 permotus.
3611 4865 3774 4959 ηείίιυς

2332 4998 2513 5042 turum
2544 5003 2603 5041 se
2632 4987 2902 5057 promittit
2933 4986 3124 5043 faciem
3166 4951 3525 5057 patris‘nostri,
3571 4967 3709 5057 dicetis
3728 4951 3772 5051 td

2331 5095 2455 5134 eum
2483 5098 2498 5133 :
2528 5080 2690 5142 Audi,
2722 5076 3098 5142 Faustiniane,
3125 5093 3243 5133 cum
3282 5069 3424 5128 nobis
3450 5064 3573 5138 prius
3592 5050 3770 5139 utilitatis

2332 5170 2535 5239 anquid
2560 5171 2851 5225 COntulerit
2877 5186 3032 5227 error
3069 5170 3170 5225 iste
3199 5154 3529 5221 transformati
3562 5146 3699 5201 vultus
3718 5143 3771 5186 tm

2331 5270 2385 5318 et
2416 5263 2811 5319 ministraverit
2853 5263 2919 5317 ad
2953 5277 3015 5318 ea
3051 5277 3173 5333 qua:
3198 5259 3444 5314 volumus.
3480 5257 3582 5300 ιυηυ
3604 5247 3675 5306 σεο

2331 5371 2446 5412 ram
2466 5354 2564 5411 tibi
2584 5357 2763 5411 vultus
2792 5354 2872 5410 tui
2895 5329 3180 5424 imaginem
3199 5348 3418 5409 reddam,
3432 5339 3479 5396 si
3498 5329 3762 5424 tamen?"us

2322 5462 2504 5516 quam
2532 5464 2621 5503 me
2636 5449 2736 5502 tihi
2771 5446 2972 5501 fuerint
2996 5414 3273 5515 ivmpcrata,
3300 5414 3757 5516 promli’w'isj

2328 5555 2441 5609 que
2462 5545 2619 5611 pater
2647 5554 2803 5595 meus
2844 5501 3191 5608 impleturum
3226 5501 3280 5588 se
3302 5501 3475 5585 cuncta
3497 5529 3594 5588 qua?
3614 5501 3757 5611 Ῐυδετξί

2332 5632 2484 5686 omni
2515 5631 2858 5700 promitteret
2888 5602 3034 5693 nisu,
3067 5634 3265 5683 tantum
3292 5602 3756 5700 utpropriam-reﬂii’:

2324 5727 2475 5778 raret
2513 5686 2761 5793 efﬁgiem,
2780 5790 2789 5796 ο
2810 5686 3117 5778 I‘etrus'ita
3146 5717 3297 5787 cmpit
3326 5733 3339 5768 ε
3363 5686 3472 5782 Ipse
3495 5686 3757 5757 auxilitum"
