4030 6342
269 296 294 348 1
305 297 415 352 M9

1475 288 2037 347 BECOGNITIONUM
2088 288 2215 346 LIB.
2250 289 2312 344 Χ.

3390 304 3527 362 1430

267 410 482 465 audisti
513 407 660 480 quod
691 422 834 463 unus
871 421 934 461 ex
959 404 1047 461 his
1069 405 1162 475 qui
1202 406 1470 477 praemissi
1502 406 1741 474 fuerant,
1773 423 1857 463 re-
1881 413 1929 470 Α
1958 416 2067 460 tres
2098 420 2248 460 meos
2279 404 2554 475 proﬁcisci
2589 421 2715 463 cum
2745 410 2866 481 ipso
2889 414 3065 485 jubet,
3090 435 3155 475 ac
3186 421 3523 480 Matthidiam

263 519 500 573 gressus
524 517 591 558 ex
618 500 928 562 Antiochia,
959 500 1318 562 uuntiavcrit,
1349 498 1624 568 quomodo
1664 498 1853 555 Simon

264 594 347 650 ibi
379 596 619 666 positus,
640 594 829 649 turbas
860 596 1149 649 adversum
1173 607 1259 648 me
1289 594 1670 655 concitaverit,
1693 602 1855 665 atque

262 686 323 741 in
342 689 534 744 odium
558 687 662 743 mei
686 692 851 740 totam
874 685 1287 740 inﬂammaverit
1302 686 1611 756 civitatem};
1636 702 1853 756 magum

263 797 359 837 me
385 790 444 838 et
467 779 795 837 homicidam
819 793 884 833 ac
907 777 1250 848 deceptorem
1281 778 1634 843 conﬁrmans,
1657 780 1710 833 in
1735 788 1856 834 tan-

263 881 389 929 tum
424 885 485 929 ut
504 873 834 936 desiderent.
858 871 904 927 si
933 887 1019 927 me
1042 872 1284 937 videant,
1300 872 1464 927 etiam
1489 888 1683 929 carnes
1705 890 1854 932 meas

261 964 558 1022 devorare.
584 962 693 1021 Fac
715 980 846 1036 ergo
868 964 1013 1036 quod
1039 964 1163 1019 dico
1194 965 1324 1020 tibi:
1356 966 1672 1036 relinquens
1703 966 1850 1036 apud

213 1110 217 1125 ,
262 1074 354 1115 me
375 1060 739 1122 Clementem,
766 1057 1014 1128 praecede
1036 1072 1140 1112 nos
1171 1056 1516 1115 Antiochiam
1555 1074 1679 1113 cum
1714 1073 1851 1113 con-

252 1151 391 1223 juge
428 1159 527 1208 tua
565 1163 619 1208 et
648 1152 853 1208 Fausto
908 1168 974 1207 ac
1017 1152 1279 1208 Faustino
1314 1153 1442 1209 ﬁliis
1484 1155 1614 1210 tuis.
1649 1152 1755 1209 Sed
1796 1163 1851 1208 et

257 1246 404 1301 alios
452 1248 668 1301 mittam
710 1254 911 1311 tecum,
944 1260 1083 1315 quos
1126 1247 1260 1301 mihi
1289 1245 1585 1311 videbitur,
1627 1246 1722 1317 qui
1750 1245 1849 1300 ob-

256 1345 575 1408 temperent
606 1338 691 1392 his
721 1352 842 1407 quae
872 1353 1202 1408 praecepero.

332 1430 476 1485 LXI.
507 1431 644 1485 Cum
671 1446 804 1501 ergo
838 1445 946 1485 una
976 1446 1100 1485 cum
1134 1430 1271 1501 ipsis
1304 1429 1648 1484 Antiochiam
1680 1446 1846 1486 vene-

256 1523 362 1587 ris,
416 1523 862 1594 quandoquidem
912 1520 1101 1577 Simon
1150 1523 1376 1585 videris,
1426 1522 1643 1592 publice
1691 1530 1844 1579 stans

256 1616 506 1681 praedica
541 1613 922 1685 pmnitentiam
948 1623 1097 1668 tuam
1126 1622 1181 1669 et
1211 1613 1300 1668 dic
1325 1632 1338 1669 :
1367 1612 1478 1683 Ego
1511 1610 1698 1666 Simon
1748 1614 1844 1668 de-

257 1708 465 1761 nuntio
518 1707 674 1761 vobis
727 1715 782 1760 et
821 1706 1087 1761 conﬁteor
1142 1722 1229 1761 me
1260 1707 1444 1761 omnia
1484 1706 1739 1763 fefellisse
1775 1705 1844 1761 de

1959 504 2187 552 matrem
2223 508 2468 553 nostram
2497 508 2551 555 et.
2572 503 2840 571 quosdam
2864 523 2930 562 ex
2955 508 3316 571 familiaribus
3338 518 3520 571 simul.

1960 583 2067 643 Sed
2108 596 2282 642 mater
2335 591 2627 646 recusabat
2678 595 2957 663 proficisci
2995 602 3161 658 simul
3208 613 3263 661 et
3300 607 3519 664 aiebat:

1957 678 2126 746 Quasi
2156 681 2403 737 adultera
2433 683 2566 738 mihi
2603 684 2788 741 futura
2820 690 3030 757 videor,
3067 695 3112 749 si
3142 697 3315 753 vultui
3346 699 3527 755 Simo-

1955 770 2042 825 nis
2080 773 2375 842 conjuncta
2412 776 2553 845 sim;
2579 780 2725 849 quod
2755 782 2858 836 etsi
2886 798 3052 855 cogar
3093 788 3257 843 simul
3290 790 3392 856 ire,
3424 793 3526 847 im-

1953 867 2214 959 possibile
2245 876 2425 926 tamen
2456 881 2540 929 est
2568 882 2627 928 ut
2669 876 2725 930 in
2767 879 2956 935 eodem
2989 882 3191 939 lectulo
3233 901 3361 942 cum
3404 890 3522 959 ipso

1947 957 2183 1028 jaceam,
2215 962 2310 1016 sed
2341 966 2531 1019 nescio
2562 966 2611 1021 si
2640 968 2721 1023 vel
2758 971 3031 1038 proﬁcisci
3078 975 3242 1031 simul
3275 957 3527 1049 acquies-

1952 1066 2094 1107 cam.
2128 1051 2194 1106 Et
2221 1068 2345 1108 cum
2374 1058 2532 1113 valde
2572 1068 2847 1124 renueret,
2873 1064 3130 1121 Anubion
3167 1068 3373 1125 hortari
3402 1088 3523 1127 eam

1950 1146 2139 1216 coepit,
2164 1147 2390 1206 dicens:
2425 1150 2601 1207 Crede
2622 1154 2756 1208 mihi
2789 1164 2843 1209 et
2872 1154 3056 1223 Petro,
3084 1160 3177 1215 sed
3205 1169 3260 1216 et
3285 1162 3400 1231 ipsa
3423 1179 3528 1218 vox

1950 1250 2060 1290 non
2115 1238 2211 1293 tibi
2256 1237 2675 1298 Faustinianum
2731 1261 2856 1302 esse
2900 1250 3192 1318 persuadet
3235 1254 3526 1326 conjugem

1950 1335 2144 1389 tuum?
2173 1349 2336 1404 quem
2364 1351 2492 1391 vere
2520 1352 2631 1392 non
2678 1340 2864 1397 minus
2902 1358 3004 1414 ego
3052 1346 3218 1418 diligo
3248 1364 3412 1419 quam
3445 1358 3525 1406 tu.

1947 1427 2193 1497 Denique
2223 1428 2386 1482 etiam
2431 1443 2532 1499 ego
2564 1431 2682 1500 ipse
2710 1434 2996 1491 vobiscum
3030 1439 3267 1495 veniam.
3309 1440 3375 1496 Et
3402 1458 3527 1498 cum

1946 1517 2065 1573 haec
2091 1517 2321 1573 dixisset
2344 1518 2618 1586 Auubion,
2652 1525 2902 1592 promisit
2927 1536 3099 1584 mater
3120 1530 3284 1585 simul
3314 1548 3374 1588 se
3402 1550 3532 1604 pro-

1947 1608 2234 1664 fecturam.

2017 1698 2199 1757 LXIII.
2233 1700 2371 1758 Tum
2400 1719 2522 1776 ego,
2554 1704 2962 1777 Competenter,
2998 1712 3108 1778 aio,
3138 1714 3281 1771 Deus
3311 1719 3528 1789 negotia

254 1796 461 1864 Petro;
494 1799 587 1853 ille
611 1799 756 1853 enim
780 1812 960 1869 neque
982 1798 1240 1853 seductor
1268 1808 1370 1862 est,
1402 1813 1580 1869 neque
1626 1813 1842 1868 magus,
1879 1793 1921 1853 Β
1949 1802 2138 1848 nostra
2169 1796 2475 1864 componit;
2511 1797 2777 1853 habemus
2802 1800 2947 1854 enim
2974 1803 3260 1859 nobiscum
3290 1816 3346 1861 et
3376 1808 3531 1862 Anu-

257 1903 448 1957 neque
474 1886 768 1951 homicida,
803 1901 978 1957 neque
1003 1886 1199 1941 borum
1248 1884 1457 1956 aliquid
1505 1899 1850 1956 quacunque

256 1993 459 2036 contra
490 1994 614 2035 eum
649 1980 862 2034 locutus
889 1994 1033 2043 sum,
1065 1978 1162 2034 sed
1193 1978 1309 2033 dixi
1337 1978 1428 2032 illa
1451 1979 1635 2033 omnia
1666 1976 1850 2034 furore

250 2080 602 2128 commotus.
651 2070 894 2126 Obsecro
921 2085 1053 2141 ergo
1079 2086 1180 2126 vos
1220 2070 1339 2140 ipse
1363 2083 1485 2140 ego,
1516 2068 1611 2138 qui
1642 2065 1850 2122 dudum

246 2180 467 2220 causas
495 2164 606 2219 odii
636 2163 790 2219 vobis
816 2170 1009 2216 contra
1036 2178 1160 2218 eum
1191 2161 1468 2226 dederam,
1498 2166 1561 2214 ut
1584 2159 1717 2214 nihil
1743 2159 1851 2216 tale

247 2257 321 2313 de
350 2272 422 2313 eo
460 2257 743 2325 sentiatis;
776 2257 872 2313 sed
903 2256 1161 2327 deponite
1191 2255 1400 2318 odium,
1423 2261 1637 2310 cessate
1657 2253 1726 2308 ab
1765 2254 1849 2307 ἰη-

252 2349 608 2419 dignatione,
634 2349 762 2418 quia
794 2362 921 2405 vere
944 2362 975 2401 a
1006 2346 1117 2402 Deo
1149 2345 1217 2399 ad
1248 2345 1481 2401 salutem
1504 2343 1695 2398 mundi
1724 2342 1849 2398 mis-

253 2455 358 2499 sus
375 2450 467 2497 est
479 2441 785 2512 discipulus
803 2440 915 2496 veri
934 2439 1219 2510 PrOphetaz
1229 2445 1283 2493 et
1301 2437 1599 2508 apostolus.
1618 2434 1849 2507 Propter

255 2533 413 2603 quod
462 2534 688 2599 suadeo,
722 2534 915 2587 hortor
943 2540 999 2586 et
1039 2546 1234 2587 moneo
1264 2537 1325 2585 ut
1349 2530 1533 2600 ipsum
1584 2527 1844 2591 audiatis,

258 2621 370 2690 ipsi
414 2622 652 2678 credatis
693 2622 1011 2693 priedicanti
1050 2621 1205 2676 vobis
1240 2621 1550 2684 veritatem,
1598 2634 1666 2674 ne
1707 2620 1849 2674 forte

259 2715 310 2767 si
334 2714 660 2784 spreveritis
693 2730 841 2779 eum,
870 2715 990 2784 ipsa
1020 2713 1186 2768 etiam
1219 2713 1403 2768 subito
1431 2712 1626 2768 civitas
1664 2720 1846 2769 vestra

258 2814 475 2874 pereat.
506 2804 680 2871 Quam
708 2820 839 2859 vero
867 2803 939 2861 ob
975 2817 1199 2859 causam
1232 2803 1348 2857 haec
1376 2818 1522 2859 nunc
1542 2803 1696 2860 vobis
1712 2818 1847 2859 con-

258 2895 442 2963 ﬁtear,
480 2896 751 2951 indicabo.
780 2895 890 2949 Hac
912 2902 1073 2951 nocte
1093 2894 1321 2965 angelus
1348 2893 1441 2950 Dei
1471 2895 1739 2966 corripuit
1756 2912 1844 2952 me

258 2988 519 3059 impium,
547 2999 601 3043 et
644 3004 743 3042 cur
783 2987 1041 3043 inimicus
1076 3002 1257 3043 essem
1295 2988 1540 3044 veritatis
1579 2989 1842 3058 pmconi,

255 3081 746 3138 vehementissime
762 3080 1053 3151 ﬂagellavit
1067 3079 1482 3152 (62).Deprecor
1497 3096 1628 3150 ergo
1643 3097 1762 3143 vos,
1782 3087 1843 3135 ut

256 3175 482 3230 etiamsi
513 3188 611 3244 ego
643 3173 761 3242 ipse
789 3141 913 3242 post
959 3141 1086 3228 haec
1119 3141 1346 3230 veniens
1380 3175 1449 3229 ad
1494 3141 1592 3230 vos
1632 3175 1840 3245 aliquid
1869 3141 1912 3200 ϐ

259 3274 546 3321 tentavero
577 3266 866 3321 adversum
896 3265 1120 3321 Petrum
1164 3265 1367 3330 dicere,
1401 3282 1470 3321 ne
1500 3266 1837 3337 suscipiatis,

258 3372 364 3413 nec
415 3357 675 3413 credatis.
726 3356 1004 3413 Conﬁteor
1036 3358 1181 3412 enim
1231 3358 1425 3423 vobis,
1479 3373 1580 3430 ego
1626 3374 1838 3428 magus,

256 3466 365 3520 ego
414 3451 695 3514 seductor,
744 3466 845 3522 ego
871 3450 1129 3521 deceptor
1174 3448 1275 3515 fui,
1322 3451 1418 3507 sed
1464 3452 1841 3522 penitentiam

257 3558 399 3613 ago;
431 3543 558 3598 licet
584 3543 730 3598 enim
765 3558 865 3614 per
902 3543 1280 3614 paenitentiam
1310 3544 1489 3614 priora
1519 3544 1659 3599 male
1689 3551 1842 3616 gesta

260 3638 476 3694 delere.

332 3730 494 3788 LXII.
515 3731 651 3787 Cum
672 3732 785 3786 haec
805 3730 1001 3786 Petrus
1022 3730 1298 3786 intimaret
1320 3730 1482 3800 patri,
1501 3730 1590 3784 ille
1616 3745 1843 3801 respon-

256 3826 340 3880 dit
367 3850 381 3880 -.
410 3824 541 3879 Scio
563 3825 694 3894 quid
720 3824 878 3891 velis,
911 3840 979 3879 ne
996 3823 1209 3880 labores
1235 3824 1415 3886 ultra;
1439 3822 1678 3878 intellexi
1695 3824 1843 3879 enim

256 3925 313 3973 et
334 3918 486 3981 novi,
517 3917 647 3985 quid
671 3924 919 3987 oporteat
949 3932 1071 3971 cum
1104 3916 1169 3970 ad
1204 3917 1384 3971 locum
1411 3931 1632 3981 venero,
1654 3931 1845 3988 prose-

256 4010 376 4079 qui.
406 4008 475 4063 Et
502 4008 697 4065 Petrus
724 4009 925 4064 iterum
976 4008 1300 4079 suggerebat
1329 4008 1402 4071 ei,
1447 4009 1675 4065 dicens:
1703 4009 1843 4065 Cum

255 4116 395 4172 ergo
417 4100 636 4156 veneris
657 4098 724 4153 ad
761 4098 941 4153 locum
983 4106 1038 4153 et
1067 4097 1272 4154 videris
1312 4100 1571 4169 populum
1614 4115 1682 4155 ex
1727 4115 1845 4155 ser-

252 4205 429 4248 mone
472 4201 568 4246 tuo
598 4191 865 4256 converti,
906 4198 961 4247 et
1001 4192 1265 4263 depositis
1309 4193 1451 4254 odiis
1483 4193 1728 4262 recipere
1754 4193 1845 4248 deo

252 4284 531 4339 siderium
582 4285 780 4350 nostri,
830 4284 984 4339 mitte
1038 4292 1092 4339 et
1138 4284 1336 4339 manda
1379 4284 1531 4348 mihi,
1565 4292 1621 4340 et
1655 4284 1842 4341 statim

1951 1886 2172 1942 hionem
2202 1887 2564 1960 astrologum,
2600 1906 2725 1944 cum
2753 1907 2863 1961 quo
2893 1894 2961 1948 si-
2979 1894 3326 1952 Antiochiam
3363 1914 3530 1955 vene-
3560 1893 3563 1897 ’

1952 1974 2150 2042 rimus,
2182 1975 2250 2030 de
2279 1977 2469 2047 genesi
2504 1979 2769 2035 attentius
2811 1980 3238 2051 disputabimus.
3279 1985 3531 2056 Cumque

1952 2076 2078 2137 post
2103 2067 2342 2122 medium
2372 2069 2553 2124 noctis
2578 2080 2733 2141 pater
2765 2080 2955 2129 noster
2978 2089 3105 2129 cum
3137 2075 3225 2132 his
3251 2092 3391 2147 quos
3408 2077 3531 2147 jus-

1951 2164 2098 2212 serat
2147 2154 2367 2224 Petrus,
2396 2166 2451 2213 et
2500 2158 2789 2218 Anubione
2830 2162 3110 2233 profectus
3149 2174 3330 2233 esset;
3369 2183 3531 2225 mane

1950 2249 2271 2319 priusquam
2298 2250 2620 2321 procederet
2648 2254 2717 2309 ad
2738 2255 3142 2325 disputandum
3185 2257 3403 2324 Petrus,
3441 2276 3529 2317 re-

1951 2343 2129 2411 gressi
2157 2352 2287 2397 sunt
2334 2343 2413 2397 illi
2469 2344 2563 2414 qui
2612 2344 2959 2403 deduxerunt
2990 2348 3308 2417 Simonem,
3342 2351 3397 2406 id
3445 2359 3529 2408 est

1948 2433 2163 2504 Appion
2196 2443 2251 2490 et
2279 2435 2688 2502 Athenodorus,
2719 2446 2772 2493 et
2804 2449 3074 2496 venerunt
3100 2442 3169 2496 ad
3205 2459 3306 2501 nos
3350 2445 3529 2515 requi-

1949 2532 2134 2580 rentes
2185 2532 2395 2595 patrem
2444 2543 2645 2601 meum.
2702 2515 2898 2587 Petrus
2938 2548 3069 2588 vero
3110 2534 3202 2588 ubi
3252 2537 3524 2605 cognovit,

1943 2616 2111 2686 jussit
2155 2631 2251 2672 eos
2284 2618 2530 2675 introire.
2572 2620 2639 2674 Et
2669 2638 2794 2677 cum
2826 2624 3231 2691 consedissent,
3266 2625 3369 2683 Ubi
3416 2636 3525 2694 est,

1947 2710 2124 2773 aiunt,
2157 2704 2587 2775 Faustinianus?
2614 2710 2812 2770 Petrus
2844 2716 3158 2786 respondit:
3193 2716 3523 2775 Nescimus:

1945 2814 2174 2869 vespere
2220 2801 2364 2856 enim
2411 2811 2705 2873 postquam
2763 2804 2831 2859 ad
2875 2823 2975 2862 vos
3005 2808 3174 2875 venit,
3212 2809 3357 2864 ultra
3386 2812 3526 2866 nulli

1948 2908 2175 2947 suorum
2217 2895 2370 2950 visus
2404 2902 2530 2963 est;
2577 2895 2837 2952 hesterno
2874 2906 3056 2954 tamen
3094 2899 3183 2954 die
3229 2916 3392 2957 mane
3438 2902 3529 2957 Si-

1944 2998 2077 3041 mon
2098 2985 2247 3040 venit
2268 3002 2521 3057 quaerens
2547 3002 2697 3055 eum,
2714 2998 2771 3044 et
2800 2991 2932 3060 quia
2960 2992 3099 3046 nihil
3126 2993 3205 3047 illi
3234 2994 3526 3065 respondi-

1946 3094 2092 3141 mus,
2124 3080 2313 3135 nescio
2335 3080 2467 3151 quid
2492 3082 2539 3135 ei
2568 3080 2746 3136 visum
2773 3082 2865 3147 sit,
2891 3081 3308 3140 Faustinianum
3332 3100 3392 3141 se
3405 3100 3528 3142 esse

1945 3172 2352 3238 dicebat.Quod
2377 3189 2502 3228 cum
2531 3174 2582 3229 ei
2604 3190 2765 3230 nemo
2789 3177 3058 3241 crederet,
3093 3176 3229 3234 ﬂens
3256 3186 3312 3232 et
3333 3180 3527 3249 dolens

1945 3264 2385 3319 comminabatur
2430 3272 2839 3335 perempturqu
2891 3268 3269 3337 semetipsum,
3303 3277 3358 3324 et
3400 3279 3525 3341 post

1944 3354 2060 3411 hate
2088 3356 2221 3409 abiit
2254 3356 2323 3411 ad
2354 3372 2504 3412 mare
2530 3372 2743 3413 versus.

2015 3445 2203 3503 LXIV.
2236 3447 2362 3502 Haec
2391 3464 2516 3504 cum
2545 3450 2787 3505 audisset
2812 3449 3023 3521 Appion
3047 3461 3101 3506 et
3127 3451 3221 3521 qui
3247 3466 3373 3506 cum
3405 3453 3526 3523 ipso

1944 3548 2121 3603 erant,
2150 3542 2417 3596 ululatum
2445 3542 2716 3599 dederunt
2744 3544 3030 3613 grandem,
3060 3545 3307 3601 dicentes
3331 3564 3344 3600 :
3382 3544 3525 3611 Quid

1945 3632 2050 3687 hoc
2085 3632 2318 3699 fecistis,
2345 3650 2449 3689 cur
2476 3650 2588 3689 non
2617 3636 2905 3707 recepistis
2925 3638 3089 3693 eum?
3117 3636 3183 3691 Et
3210 3653 3335 3693 cum
3362 3640 3525 3696 vellet

1945 3725 2330 3782 Athenodorus
2372 3728 2555 3783 dicere
2596 3728 2730 3785 mihi
2784 3729 2915 3800 quia
2965 3731 3086 3799 ipse
3130 3738 3250 3786 erat
3308 3731 3525 3788 Fausti-

1947 3819 2148 3873 nianus
2177 3828 2332 3889 pater
2370 3826 2520 3885 tuus,
2552 3820 2764 3892 Appiou
2802 3824 3138 3894 praeveniens
3166 3840 3329 3881 eum:
3361 3826 3524 3883 Com-

1949 3912 2211 3981 perimus,
2253 3911 2451 3983 inquit,
2489 3928 2521 3966 a
2549 3914 2785 3984 quodam
2822 3916 2916 3986 qui
2960 3932 3085 3971 cum
3132 3915 3355 3973 Simone
3389 3934 3521 3985 pro-

1948 4004 2126 4061 fectus
2170 4015 2274 4074 est,
2309 4006 2428 4077 ipso
2459 4004 2817 4063 Faustiniano
2863 4008 3195 4080 deprecante
3234 4026 3383 4075 eum,
3414 4026 3517 4081 pro

1946 4111 2012 4151 eo
2070 4098 2216 4169 quod
2273 4099 2439 4154 nollet
2495 4099 2635 4155 filios
2698 4115 2830 4155 suos
2896 4101 3110 4166 videre,
3162 4105 3289 4172 quia
3346 4100 3522 4157 Judmi

1945 4197 2103 4245 erant
2122 4190 2321 4263 (63-64)
2331 4236 2344 4249 .
2359 4191 2468 4249 Nos
2481 4208 2611 4264 ergo
2620 4208 2744 4249 cum
2757 4193 3097 4250 audissemus
3109 4193 3246 4261 haec,
3268 4193 3523 4251 venimus

1946 4297 2079 4353 eum!
2105 4281 2195 4336 hic
2232 4282 2531 4351 requirere,
2561 4280 2653 4337 sed
2699 4283 2827 4352 quia
2862 4283 2950 4338 hic
2992 4298 3102 4339 non
3145 4294 3261 4347 est,
3295 4293 3521 4355 apparet

252 4377 503 4432 veniam.
544 4377 681 4433 Cum
724 4386 905 4432 autem
957 4389 1179 4441 venero,
1232 4377 1353 4433 sine
1396 4392 1549 4431 mora
1600 4378 1841 4432 alienum
1948 4375 2077 4446 quia
2120 4389 2248 4429 vere
2294 4373 2433 4429 dixit
2460 4374 2554 4445 qui
2596 4375 2873 4430 nuntiavit
2918 4391 3042 4431 cum
3076 4376 3299 4433 Simone
3338 4377 3520 4448 profe-

254 4470 413 4525 hunc
444 4486 474 4524 a
504 4478 557 4524 te
588 4472 793 4525 vultum
823 4469 1091 4540 eﬂ‘ugabo,
1131 4478 1187 4525 et
1228 4480 1379 4525 tuum
1418 4473 1701 4540 proprium
1742 4470 1835 4541 qui
1870 4486 1914 4542 ι)
1947 4474 2126 4535 ctum;
2164 4468 2268 4521 hoc
2296 4482 2426 4537 ergo
2454 4470 2777 4524 nuntiamus
2806 4469 2981 4525 vobis.
3024 4469 3139 4536 Ego
3169 4478 3349 4526 autem
3392 4470 3522 4527 Cle-

257 4560 378 4616 tuis
405 4560 658 4616 omnibus
708 4569 873 4616 notus
916 4569 1001 4615 est
1033 4560 1279 4617 reddam.
1314 4560 1380 4613 Et
1410 4562 1497 4617 his
1539 4561 1703 4616 dictis
1737 4560 1839 4616 fra-
1947 4579 2103 4621 mens
2148 4564 2242 4619 ubi
2290 4564 2530 4619 intellexi
2566 4565 2859 4622 consilium
2910 4564 3081 4632 Petri,
3124 4567 3252 4637 quia
3286 4566 3529 4623 voluerit.

1575 4778 1939 4838 COTELERII
1976 4782 2207 4841 NOTE.

332 4940 449 5017 (62)
498 4936 955 5017 Vehementissime
1006 4942 1315 5017 ﬂagellauit.
1350 4942 1601 4999 Conferri
1652 4953 1834 5017 potest

263 5008 383 5067 haec
413 5008 704 5076 ﬂagellatio
730 5028 854 5067 cum
884 5014 976 5066 illa
1006 5008 1213 5068 famosa
1246 5012 1583 5077 Hieronymi.

324 5076 533 5156 (ὃὸ-64)
555 5079 695 5145 Quia
715 5077 1072 5156 Jadwierant.
1090 5078 1161 5135 Ut
1174 5081 1403 5153 benigne
1427 5076 1621 5156 exponi
1657 5095 1837 5156 potest

266 5169 366 5224 per
418 5153 552 5226 satis
608 5154 886 5226 cognitum
934 5168 1197 5226 errorem,
1238 5153 1583 5226 quohcthnici
1644 5153 1835 5226 primis

265 5220 604 5293 temporibus
628 5220 700 5296 in'
717 5223 936 5296 nomine
967 5220 1277 5296 Iudaeorum
1324 5220 1665 5280 Christianos
1707 5243 1837 5296 quo-

308 5309 373 5366 ue
403 5294 937 5366 comprehendebant
962 5313 974 5348 :
1004 5295 1078 5347 ita
1105 5302 1159 5348 et
1186 5302 1497 5366 suspectum
1520 5310 1643 5350 esse
1672 5294 1835 5366 queat

266 5311 373 5417 alue
403 5311 937 5363 comprenenueuant
962 5313 974 5348 :
1004 5311 1078 5347 ita
1105 5311 1159 5348 et
1186 5311 1497 5363 suspecrum
1520 5311 1643 5350 esse
1672 5311 1829 5366 queat

279 5364 582 5436 _hioniti_c:e
616 5365 755 5421 labis
791 5366 1119 5436 apocryphis
1150 5364 1516 5436 rCleinentinis
1549 5366 1829 5436 inspersa}.

266 5434 686 5489 Contundebant
729 5437 872 5490 enim
923 5435 1161 5489 Ebionazi
1208 5434 1684 5491 Christianismum
1709 5453 1830 5493 cum

265 5502 565 5576 .Iudaismo.
590 5504 857 5571 Quocirca
904 5506 1199 5576 prudenter
1251 5504 1452 5576 factum
1497 5521 1527 5560 a
1580 5506 1834 5563 Simeonc

269 5573 635 5645 Metaphraste
687 5580 742 5630 in
784 5573 915 5633 Vita
939 5577 1239 5631 Clementis
1272 5574 1523 5640 Romani,
1574 5593 1669 5633 seu
1718 5580 1836 5634 Cle-

269 5649 505 5718 mentina
541 5645 796 5715 Epitome,
829 5662 953 5701 cum
984 5655 1222 5717 quatuor
1254 5649 1370 5702 loca
1411 5648 1647 5718 homiliaa
1678 5665 1839 5718 quar-

270 5722 336 5770 ta:
395 5715 837 5773 Clemenlinorum
886 5715 1116 5771 mutavit
1143 5725 1197 5775 et
1226 5719 1483 5775 correxit.
1507 5715 1725 5777 Primus
1755 5721 1834 5775 lo-

550 5817 819 5873 ernor.
879 5812 996 5874 Gn.
1045 5814 1092 5875 Ι.
1487 5856 1500 5872 .

2952 5802 2955 5803 ν
3076 5817 3157 5882 86

1942 4964 2041 5027 cus
2069 4956 2249 5027 exstat
2272 4967 2320 5006 c.
2445 4951 2521 5006 lbi
2552 4952 2623 5008 de
2653 4952 3162 5027 Clementerdicitur
3188 4974 3201 5010 :
3234 4954 3370 5009 Ὑπὸ
3393 4953 3518 5027 βαρ-

1943 5019 2111 5097 ϐάρῳ
2144 5022 2427 5097 τιγὸςητὴν
2467 5025 2834 5097 πρᾳσηγορίᾳγ
2876 5026 3103 5097 Πέτρου,
3143 5027 3211 5080 τὰ
3247 5019 3515 5080 Ἰουδὰίὼν

1942 5093 2113 5168 Eotei'v
2140 5092 2235 5144 καὶ
2262 5092 2437 5168 λέγρξν
2458 5092 2753 5168 memmi.
2772 5092 3166 5168 Metaphrastes
3184 5113 3311 5153 vero
3334 5098 3517 5168 posuit

1943 5114 2113 5143 ποιειν
2140 5114 2235 5144 και
2264 5114 2437 5161 Λεγειν
2458 5114 2753 5164 ηπατηται.
2772 5114 3166 5168 metaphrasms
3184 5114 3311 5153 vero
3369 5114 3513 5152 OSUII

1943 5158 2305 5237 _Ep_ilomes__c.
2341 5165 2430 5237 it},
2564 5166 2926 5237 Χριστιανῶν.
2973 5167 3285 5223 Secundum
3332 5114 3513 5220 focum

1942 5232 2110 5311 habes
2125 5247 2190 5311 _c_.
2212 5233 2298 5295 I3,
2332 5235 2360 5287 ὁ
2382 5235 2437 5288 δὲ
2461 5235 2592 5299 τῶν,
2615 5232 2690 5301 ὥς
2713 5237 2869 5311 pel;
2893 5256 3057 5311 pars,
3072 5239 3360 5311 βαρϐάρῳν
3393 5238 3518 5311 Tou-

1939 5300 2103 5376 δαίῳγ
2125 5301 2298 5376 λέγος,
2321 5320 2351 5359 e
2379 5321 2489 5376 quo
2512 5300 2699 5361 vocem
2736 5300 3001 5363 ’ἰουδαίων
3026 5300 3511 5370 εἰωὲοῐιάὺεωιίι.

1938 5388 1988 5448 c.
2022 5370 2109 5427 50.
2142 5370 2481 5448 Tertium—c.
2515 5378 2614 5448 I5.
2638 5394 2799 5448 quem
2839 5380 3005 5435 simili
3033 5379 3193 5436 modn
3222 5378 3515 5435 circumci-

1939 5444 2037 5509 dit,
2065 5444 2231 5522 c:_5l.
2272 5444 2330 5499 In
2361 5456 2556 5517 quarto
2585 5444 2820 5522 denique
2848 5450 2971 5522 loco
2999 5467 3050 5507 c.
3074 5450 3177 5522 Si,
3206 5450 3382 5522 Apion
3414 5464 3514 5501 uo-

1940 5522 2020 5568 tat
2074 5512 2407 5589 Clementem
2473 5512 2904 5589 προσομιλόὖντα
2959 5520 3229 5582 Ἰουδαίοις
3251 5512 3270 5548 ’⁷
3325 5528 3389 5589 at;
3444 5530 3513 5573 ex

1941 5587 2321 5663 emergi-elatione
2370 5587 2667 5663 breviantis
2718 5607 2767 5647 c.
2823 5591 2911 5659 53,
2956 5591 3317 5663 Χριπιανοίς.
3373 5587 3516 5658 Lege

1944 5656 2131 5712 homil.
2186 5681 2261 5725 χι,
2287 5673 2338 5713 c.
2375 5658 2464 5729 16,
2496 5669 2551 5716 et
2576 5660 2725 5717 alibi.
