4030 6342
491 308 618 367 “fil

1401 304 1459 361 S.
1493 302 1885 361 CLEMENTIS
1917 304 1939 357 Ι
1972 300 2135 357 ROM.
2173 297 2374 356 PONT.
2410 296 2637 353 OPERA
2663 296 2877 353 DUBIA
2910 340 2924 352 .

3608 295 3745 350 “Si

485 430 568 483 eis
611 423 979 496 suspicionem
1028 421 1187 487 dare,
1236 419 1382 491 quod
1428 420 1495 473 Illi
1548 421 1683 490 ipsis
1731 418 2057 491 quaircndus
2089 422 2133 478 Α
2163 431 2230 470 ne
2281 415 2578 471 crederetis
2610 413 2794 477 Petro,
2828 414 2919 480 qui
2953 419 3007 467 et
3047 411 3373 483 languentes
3414 410 3468 465 in
3514 411 3749 468 nomine

484 523 632 570 esset
663 528 851 577 senex,
889 519 946 565 ut
981 512 1235 566 timerent
1274 519 1327 566 et
1376 516 1649 581 fugerent,
1697 511 1839 581 cecpi
1869 511 2062 578 juvare

484 607 778 663 consilium
808 605 928 674 ejus
957 613 1011 659 et
1050 606 1137 659 aio
1183 605 1248 658 ad
1280 605 1579 675 Appionem
1608 624 1622 660 :
1655 604 1814 669 Audi,
1848 604 2059 659 charis-

473 701 629 755 sime
676 699 920 769 Appian,
972 712 1074 753 nos
1116 698 1260 767 quod
1304 698 1505 751 bonum
1551 699 1848 764 credimus,
1894 699 2059 751 etiam

487 789 629 859 patri
662 788 878 842 tradere
904 788 1185 852 volumus;
1224 787 1370 855 quod
1416 788 1464 841 si
1512 787 1747 841 noluerit
1794 788 2058 856 recipere,

488 880 584 936 sed
624 880 821 951 magis,
855 889 915 934 ut
950 880 1110 942 dicis,
1143 880 1539 935 exliorrescens
1570 894 1671 935 nos
1715 877 1868 949 fugit,
1904 894 2061 949 aspev

486 990 607 1029 rum
637 975 709 1029 sit
742 972 977 1028 fortasse
1004 972 1150 1043 quod
1175 973 1318 1036 dico,
1345 988 1446 1027 nec
1469 988 1571 1027 nos
1599 972 1666 1026 de
1690 987 1755 1026 eo
1779 987 2056 1027 curamus.

486 1066 555 1121 Et
586 1083 712 1122 cum
742 1067 857 1121 haec
888 1067 1167 1130 dixissem,
1199 1068 1359 1136 quasi
1386 1076 1734 1121 exsecrantes
1769 1064 2061 1119 crudelita-

484 1169 595 1214 tem
627 1175 805 1217 meam
835 1160 1147 1223 discedunt,
1173 1160 1401 1229 vestigia
1427 1157 1689 1223 Simonis,
1721 1165 1780 1211 ut
1810 1157 2059 1227 sequenti

486 1253 575 1307 die
604 1252 996 1321 comperimus,
1032 1251 1404 1320 insequentes.

555 1343 717 1399 LXV.
760 1342 967 1397 Interea
1010 1357 1134 1396 cum
1170 1342 1362 1396 Petrus
1392 1357 1456 1395 ex
1502 1356 1653 1395 more
1681 1341 1922 1410 quotidie
1962 1355 2059 1410 po-

484 1436 673 1505 pulum
712 1435 933 1489 doceret
974 1442 1027 1488 et
1058 1420 1287 1488 virtutes
1326 1434 1524 1488 multas
1552 1449 1616 1488 ac
1662 1436 1919 1490 sanitates
1947 1434 2059 1488 elli-

484 1534 657 1589 ceret,
690 1533 814 1596 post
842 1525 959 1580 dies
989 1526 1173 1579 decem
1205 1527 1353 1581 venit
1382 1526 1602 1595 quidam
1642 1534 1954 1581 nostrorum
1992 1528 2059 1581 ab

482 1618 774 1672 Antiochia
817 1618 1020 1672 missus
1062 1632 1091 1670 a
1126 1624 1300 1686 patre,
1347 1616 1679 1671 annuntians
1730 1616 1887 1671 nobis
1917 1631 2056 1687 quo-

482 1712 646 1767 modo
673 1710 890 1779 publice
919 1717 1090 1765 staret
1120 1718 1291 1778 pater,
1320 1708 1595 1763 Simonem
1630 1709 1847 1778 quidem
1879 1710 1973 1779 qui
2001 1710 2058 1763 iu

482 1804 635 1855 vultu
671 1802 975 1864 videbatur,
1011 1815 1299 1863 accusans,
1349 1799 1568 1854 Petrum
1601 1814 1733 1853 vero
1776 1799 2060 1854 immensis

482 1895 738 1950 laudibus
769 1893 1061 1963 praeferens
1092 1900 1143 1947 et
1171 1892 1318 1946 omni
1352 1893 1550 1962 populo
1580 1890 1969 1945 commendans
1998 1905 2062 1945 ac

482 1986 900 2041 desiderabilem
937 1984 1166 2047 faciens,
1215 1983 1289 2036 ita
1338 1989 1397 2036 ut
1436 1997 1627 2036 omnes
1668 1997 1735 2035 ex
1778 1981 1897 2051 ejus
1944 1995 2062 2036 ser-

480 2094 645 2133 mone
680 2078 873 2132 mutati
906 2076 1286 2131 desiderarent
1328 2089 1453 2129 eum
1487 2073 1708 2141 videre;
1740 2075 1939 2129 multos
1963 2087 2060 2127 au-

480 2178 592 2225 tem
633 2176 842 2223 tantum
874 2168 928 2220 in
959 2166 1103 2220 Petri
1158 2180 1398 2219 amorem
1442 2164 1679 2228 venisse,
1710 2172 1770 2217 ut
1810 2163 2063 2219 saevirent

482 2263 537 2316 in
568 2268 777 2331 patrem
806 2258 966 2329 quasi
1011 2260 1063 2312 in
1112 2254 1422 2319 Simonem,
1461 2264 1516 2310 et
1557 2270 1755 2309 manus
1784 2255 1832 2310 ei
1860 2254 2060 2309 vellent

485 2354 731 2423 injicere,
760 2353 911 2406 velut
951 2349 1042 2421 qui
1074 2357 1283 2403 tantum
1318 2348 1446 2402 mali
1476 2348 1842 2402 commisisset
1872 2347 1924 2400 in
1954 2344 2058 2400 Pe-

481 2452 659 2509 trum;
705 2450 928 2513 propter
971 2440 1139 2511 quod,
1190 2439 1399 2502 aiebat,
1450 2453 1775 2509 appropera,
1808 2452 1876 2492 ne
1920 2436 2060 2491 forte

482 2535 816 2606 perimatur;
870 2533 925 2586 in
976 2533 1175 2588 timore
1210 2531 1357 2587 enim
1404 2544 1602 2600 magno
1648 2530 1861 2598 positus
1905 2528 2053 2581 velo-

481 2627 621 2682 citer
652 2626 799 2680 misit
832 2640 937 2689 me,
972 2632 1030 2677 ut
1065 2624 1184 2678 sine
1219 2637 1371 2676 mora
1411 2622 1622 2683 venias,
1652 2635 1759 2689 quo
1787 2618 2059 2673 viventem

480 2734 608 2776 cum
639 2733 897 2787 occupes,
946 2717 1108 2773 simul
1137 2724 1192 2769 et
1236 2713 1507 2768 crescenti
1558 2728 1687 2784 erga
1729 2712 1807 2765 tui
1838 2708 2060 2765 deside-

482 2812 628 2866 rium
676 2807 885 2862 civitati
938 2812 1277 2876 opportunus
1330 2814 1617 2871 appareas.
1660 2799 1851 2855 Aiebat
1893 2801 2059 2856 etiam

484 2899 759 2969 quomodo
784 2912 907 2950 mox
935 2904 987 2948 ut
1018 2896 1206 2949 urbem
1230 2892 1573 2947 Antiochiam
1604 2898 1757 2961 pater
1779 2892 2058 2961 ingressus
2090 2918 2093 2921 -

483 2999 652 3052 esset,
696 2989 855 3060 quasi
899 2988 967 3042 ad
1004 2986 1282 3040 Simonem
1322 2985 1501 3039 omnis
1548 2983 1780 3053 populus
1810 2982 1878 3036 ad
1926 2996 2053 3036 eum

483 3083 749 3138 collectus
794 3086 906 3143 est,
943 3087 997 3134 et
1041 3078 1209 3147 coepit
1240 3076 1492 3130 omnibus
1541 3075 1787 3128 confiteri
1837 3073 2054 3144 publice

485 3172 785 3233 secundum
829 3187 893 3227 ea
946 3186 1066 3242 quae
1113 3169 1300 3239 populi
1363 3169 1690 3222 restauratio
1739 3166 2050 3236 flagitabat;
2082 3195 2127 3256 Ο

484 3282 611 3323 nam
638 3266 949 3335 quicunque
991 3274 1183 3317 omnes
1223 3261 1387 3315 simul
1423 3260 1635 3313 nobiles
1664 3266 1717 3313 et
1747 3258 1948 3313 diversi
1979 3258 2057 3312 si-

482 3362 600 3416 mul
652 3361 847 3415 divites
893 3372 955 3411 ac
1008 3370 1276 3426 pauperes
1310 3354 1726 3416 convenissent,
1774 3357 2056 3420 sperantes

482 3456 667 3525 aliqua
696 3456 765 3509 ab
790 3468 854 3507 eo
882 3466 1030 3505 more
1054 3449 1215 3505 solito
1245 3447 1491 3518 prodigia
1524 3462 1681 3518 posse
1704 3445 1841 3511 ﬁeri,
1868 3460 2057 3501 omnes

484 3546 587 3601 hac
614 3561 747 3601 voce
780 3545 1075 3614 alloquitur
1097 3561 1110 3595 :

552 3653 738 3711 LXVI.
782 3654 880 3708 Diu
910 3664 991 3710 est
1022 3652 1167 3726 quod
1199 3668 1287 3708 me
1313 3650 1589 3706 Simonem
1620 3647 2059 3704 infelicissimum

484 3748 764 3803 hominum
797 3748 1057 3818 patientia
1091 3746 1274 3801 divina
1311 3745 1573 3809 sustinet;
1623 3756 1748 3795 nam
1794 3739 2059 3811 quidquid

483 3839 543 3893 in
585 3854 674 3893 me
715 3838 898 3892 mirati
945 3836 1108 3901 estis,
1155 3851 1262 3890 non
1308 3833 1553 3889 veritatis
1594 3832 1931 3895 ministerio,
1965 3831 2060 3887 sed

483 3931 791 3985 daemonum
826 3927 1131 3984 mendaciis
1171 3937 1226 3982 et
1256 3926 1467 3981 artibus
1494 3933 1705 3996 gestum
1741 3934 1845 3990 est,
1877 3932 1940 3978 ut
1967 3940 2061 3980 ve-

485 4031 657 4079 stram
704 4021 862 4077 tldem
905 4028 1203 4077 everterem
1243 4028 1297 4076 et
1328 4034 1503 4075 meam
1536 4019 1773 4073 animam
1803 4017 2062 4072 condem-

478 4125 693 4170 ‘narem.
728 4113 1006 4169 Confiteor
1044 4128 1130 4168 me
1174 4112 1357 4167 omnia
1396 4112 1462 4168 de
1492 4111 1653 4167 Petro
1694 4111 1863 4166 fuisse
1906 4126 2060 4165 men-

486 4207 681 4272 titum;
717 4204 808 4259 ille
834 4205 977 4259 enim
1010 4218 1187 4274 neque
1223 4218 1414 4275 magus
1441 4218 1618 4274 neque
1660 4202 1926 4257 homicida
1960 4217 2061 4256 un-

482 4314 648 4370 quam
680 4298 799 4361 fuit,
831 4298 927 4353 sed
957 4306 988 4351 a
1022 4296 1133 4353 Deo
1169 4297 1237 4352 ad
1286 4297 1519 4352 salutem
1546 4304 1786 4349 vestrum
1817 4293 2058 4348 omnium

483 4394 688 4449 missus
726 4400 831 4457 est,
866 4408 1029 4463 quem
1073 4392 1119 4447 si
1151 4406 1218 4447 ex
1264 4390 1370 4444 hac
1419 4390 1556 4443 hora
1601 4388 2060 4443 contemnendum

485 4483 829 4557 putaveritis,
861 4468 1070 4538 certum
1115 4482 1187 4538 sit
1230 4481 1372 4553 apud
1416 4495 1516 4534 vos
1553 4479 1697 4549 quod
1737 4477 1911 4548 possit
1941 4478 2057 4546 ipsa

484 4575 680 4631 civitas
709 4582 888 4629 vestra
931 4580 1153 4643 repente
1192 4570 1459 4641 deperire.
1503 4568 1634 4635 Quae
1678 4579 1858 4622 autem
1890 4581 2056 4620 causa
2087 4546 2135 4605 ο
2159 4558 2311 4643 Erat“
2346 4543 2502 4643 ﬁdem

486 4668 576 4733 sit,
600 4673 659 4719 ut
686 4665 799 4719 haec
827 4662 981 4717 vobis
1013 4664 1159 4716 ultro
1193 4661 1456 4716 conﬁtear
1481 4679 1495 4715 :
1522 4660 1591 4715 ab
1621 4659 1812 4728 angelo
1840 4657 1933 4712 Dei
1958 4658 2059 4709 hac

484 4766 645 4813 nocte
674 4757 1023 4811 vehementer
1044 4761 1328 4823 correptus
1359 4766 1500 4813 sum,
1524 4760 1577 4805 et
1607 4764 1707 4803 cur
1728 4750 1774 4804 ei
1806 4749 2060 4804 inimicus

484 4852 819 4915 exstiterim,
874 4848 1357 4903 vehementissime
1405 4844 1730 4915 ﬂagellatus.
1788 4842 2059 4912 Deprecor

484 4958 614 5013 ergo
654 4957 771 5007 vos,
803 4948 864 4994 ut
894 4941 941 4995 si
972 4956 1072 5011 ego
1103 4941 1220 5009 ipse
1257 4954 1324 4994 ex
1366 4939 1467 4992 hac
1511 4938 1643 4991 hora
1692 4950 1956 5005 aperuero
1998 4951 2060 4989 os

483 5050 664 5090 meum
697 5041 888 5088 contra
936 5047 1083 5095 eum,
1116 5029 1416 5101 projiciatis
1464 5043 1550 5081 me
1590 5027 1655 5079 ab
1701 5035 1918 5094 aspectu
1972 5040 2062 5079 ve-

486 5136 629 5194 stro;
677 5127 766 5181 ille
797 5126 944 5180 enim
978 5122 1289 5178 immundus
1320 5121 1533 5175 daemon
1569 5118 1729 5172 saluti
1781 5117 2061 5169 hominum

486 5220 744 5275 inimicus
787 5234 883 5289 per
924 5233 986 5271 os
1019 5231 1196 5271 meum
1226 5222 1421 5268 contra
1464 5213 1640 5283 ipsum
1690 5211 1951 5280 loquitur,
1994 5225 2061 5265 ne

486 5331 584 5387 per
625 5329 750 5370 eum
792 5328 891 5368 vos
920 5310 1239 5382 pertingatis
1267 5308 1335 5362 ad
1369 5307 1556 5361 vitam.
1596 5304 1737 5370 Quid
1778 5304 1921 5357 enim
1969 5317 2058 5355 ars

484 5406 695 5477 magica
744 5414 840 5473 per
882 5418 969 5456 me
1015 5400 1171 5456 vobis
1217 5397 1392 5469 potuit
1443 5396 1663 5448 virtutis
1729 5388 2056 5447 ostendere?

482 5499 661 5554 Canes
691 5495 795 5551 feci
825 5508 997 5549 aereos
1024 5492 1223 5546 latrare
1262 5496 1314 5543 et
1360 5492 1568 5541 ‘statuas
1599 5483 1825 5545 moveri,
1858 5480 2058 5550 ﬁguras

483 5590 685 5644 mutari
714 5587 996 5641 hominum
1018 5591 1072 5639 et
1118 5581 1299 5638 subito
1338 5578 1407 5631 ab
1434 5575 1747 5645 aspectibus
1775 5573 2057 5626 hominum

486 5680 807 5747 absentari;
848 5686 902 5734 et
950 5692 1047 5748 per
1096 5676 1211 5731 haec
1261 5669 1529 5728 debuistis
1576 5674 1747 5721 artem
1792 5663 2058 5734 magicam

484 5774 782 5836 exsecrari,
816 5788 937 5842 qua:
968 5779 1026 5824 ut
1054 5769 1208 5823 vobis
1253 5764 1574 5820 miraculum
1614 5761 1778 5814 inane
1826 5764 2060 5827 praeten-

486 5870 692 5933 derem,
713 5867 921 5921 animas
952 5872 1160 5920 vestras
1182 5858 1467 5917 diabolicis
1497 5852 1707 5923 laqueis
1733 5848 2055 5915 innodabat,

2162 506 2281 575 ejus
2323 522 2351 559 a
2383 521 2491 575 quo
2520 505 2723 559 missus
2759 512 2843 558 est
2872 510 3050 568 curat,
3087 510 3141 557 et
3173 502 3447 557 daemonas
3476 500 3660 571 fugat,
3688 516 3751 554 ac

2163 598 2337 654 crecos
2386 598 2677 663 illuminat,
2703 607 2757 651 et
2794 594 3112 666 paralyticis
3158 595 3392 650 salutem
3444 594 3666 660 reddit,
3700 602 3751 648 et

2163 701 2407 745 mortuos
2437 689 2687 745 suscitat.

2234 782 2439 837 LXVII.
2484 781 2609 836 Haec
2637 790 2691 835 et
2713 780 2799 836 his
2822 780 3023 834 similia
3054 778 3219 831 multa
3249 792 3316 832 eo
3345 787 3748 847 prosequente,

2161 875 2435 931 exsecrari
2466 888 2589 928 eum
2619 872 2784 941 erepit
2832 871 3085 941 populus,
3129 875 3181 923 et
3211 869 3415 922 dabant
3462 868 3660 922 ﬂetum
3697 877 3750 920 et

2161 961 2441 1032 gemitum,
2467 959 2596 1029 quia
2624 967 2945 1030 peccassent
2974 959 3030 1011 in
3054 957 3270 1012 Petrum
3301 957 3602 1012 credentes
3623 973 3749 1010 eum

2160 1068 2284 1107 esse
2312 1066 2529 1121 magum
2567 1058 2620 1105 et
2651 1051 2902 1120 impium.
2940 1049 3144 1103 Eodem
3173 1064 3303 1103 vero
3334 1049 3422 1104 die
3450 1049 3526 1101 ad
3557 1063 3725 1117 vespe

2162 1160 2278 1200 ram
2322 1144 2576 1199 restituta
2602 1153 2689 1198 est
2734 1144 2790 1197 in
2822 1140 3184 1197 Faustiniano
3215 1142 3386 1197 lacies
3420 1141 3668 1210 prepria,
3696 1152 3750 1191 ει

2161 1236 2427 1291 abscessit
2474 1236 2543 1289 ab
2588 1250 2653 1289 eo
2699 1242 2958 1305 aspectus
3002 1233 3245 1287 Simonis
3291 1228 3453 1301 Magi.
3495 1230 3750 1284 Audiens

2162 1336 2341 1382 autem
2377 1325 2564 1381 Simon
2607 1326 2815 1379 vultum
2846 1340 3004 1379 suum
3036 1326 3092 1378 in
3120 1340 3188 1379 eo
3228 1324 3297 1378 ad
3330 1321 3472 1377 Petri
3503 1323 3744 1393 gloriam

2160 1419 2477 1490 profecisse,
2522 1417 2756 1472 festinus
2802 1417 3065 1486 praevenit
3108 1415 3335 1469 Petrum
3365 1422 3420 1469 et
3440 1429 3591 1484 agere
3634 1428 3745 1466 cu-

2164 1510 2315 1580 piens
2344 1516 2461 1563 arte
2510 1523 2640 1572 sua,
2681 1512 2741 1559 ut
2788 1520 2817 1558 a
2867 1503 3225 1558 Faustiniano
3273 1503 3398 1571 ejus
3438 1501 3744 1556 similitudo

2160 1602 2458 1664 recederet,
2484 1615 2609 1654 cum
2635 1598 2748 1667 jam
2795 1597 2897 1651 hoc
2940 1596 3097 1665 juxta
3127 1595 3359 1648 verbum
3389 1594 3614 1663 apostoli
3645 1594 3740 1647 sui

2160 1694 2413 1749 Christus
2440 1690 2738 1760 implesset.
2768 1687 3021 1743 Videntes
3044 1694 3229 1741 autem
3253 1684 3445 1738 Niceta
3468 1693 3518 1738 et
3541 1685 3737 1754 Aquila

2091 1782 2133 1839 Β
2162 1794 2284 1857 post
2318 1780 2757 1853 praedicationem
2808 1776 3175 1832 necessariam
3215 1782 3503 1844 paternam
3547 1772 3743 1827 faciem

2160 1877 2491 1939 restitutam,
2523 1873 2728 1944 gratias
2758 1878 2981 1940 agentes
3011 1868 3144 1931 Deo,
3176 1882 3285 1922 non
3319 1880 3445 1920 eum
3478 1864 3746 1935 permise-

2160 1978 2290 2026 runt
2322 1967 2553 2024 ulterius
2580 1963 2785 2033 alloqui
2821 1963 3105 2032 populum.

2239 2060 2470 2115 LXVIII.
2520 2058 2713 2113 Simon
2760 2064 2944 2110 autem
2993 2055 3159 2124 cmpit
3204 2054 3334 2108 licet
3381 2051 3605 2107 occulte
3654 2065 3751 2119 per

2162 2154 2369 2208 amicos
2421 2165 2552 2206 suos
2595 2156 2649 2203 et
2699 2146 2997 2201 familiares
3042 2144 3354 2209 ambulare,
3397 2151 3455 2197 et
3502 2142 3747 2211 amplius

2161 2246 2323 2303 Petro
2347 2245 2611 2315 derogare
2634 2256 2796 2312 quam
2818 2247 2998 2295 antea.
3022 2238 3175 2292 Tunc
3197 2253 3389 2293 omnes
3409 2221 3749 2305 exspuentes

2160 2339 2215 2393 in
2252 2335 2448 2390 faciem
2486 2336 2626 2405 ejus,
2652 2332 2977 2403 expulerunt
3005 2346 3129 2384 eum
3177 2330 3245 2384 de
3273 2329 3524 2390 civitate,
3556 2327 3748 2381 dicen-

2159 2439 2279 2484 tes:
2312 2427 2399 2481 Tn
2424 2427 2538 2482 eris
2557 2441 2706 2481 arcus
2745 2422 2939 2477 mortis
2987 2431 3114 2486 tuae,
3158 2422 3203 2476 si
3238 2421 3477 2475 ulterius
3526 2421 3745 2476 locutus

2160 2533 2351 2577 contra
2378 2520 2599 2576 Petrum
2632 2520 2739 2573 huc
2770 2517 2868 2571 tibi
2898 2515 3203 2570 credideris
3232 2530 3357 2569 esse
3386 2514 3743 2569 veniendum.

2159 2612 2369 2679 Quibus
2414 2612 2676 2684 cognitis,
2702 2609 2898 2665 Petrus
2934 2615 3151 2678 postera
3178 2606 3267 2662 die
3304 2608 3605 2662 convenire
3638 2621 3741 2676 po-

2158 2708 2317 2779 pulos
2344 2706 2519 2776 jubet,
2546 2715 2599 2760 et
2629 2719 2737 2758 uno
2762 2719 2831 2758 ex
2858 2702 2945 2757 his
2977 2701 3070 2771 qui
3099 2701 3473 2770 sequebantur
3494 2717 3621 2755 eum
3649 2716 3743 2754 or-

2158 2803 2348 2857 dinato
2375 2800 2458 2856 eis
2489 2800 2769 2869 episcopo,
2804 2797 2927 2850 aliis
2974 2796 3137 2850 etiam
3166 2794 3525 2865 presbyteris,
3560 2794 3741 2863 bapti-

2159 2894 2295 2949 zatis
2328 2906 2544 2963 quoque
2572 2890 2845 2961 plurimis,
2875 2897 2931 2943 et
2959 2887 3214 2942 omnibus
3244 2887 3334 2956 qui
3365 2893 3523 2939 erant
3553 2885 3736 2940 vexati

2159 2984 2513 3057 languoribus
2553 2982 2637 3037 vel
2665 2980 3028 3042 daemonibus,
3081 2978 3304 3032 sanitati
3338 2975 3581 3033 redditis.
3628 2975 3730 3030 de.

2159 3085 2405 3133 moratus
2433 3075 2508 3129 ibi
2536 3072 2682 3127 aliud
2713 3072 2973 3137 triduum,
3003 3069 3216 3124 cunctis
3254 3069 3348 3122 rite
3376 3067 3725 3137 compositis,

2158 3168 2466 3224 valcdicens
2496 3167 2597 3229 eis,
2630 3164 2994 3234 proﬁciscitur
3026 3177 3057 3216 a
3085 3160 3342 3215 Laodicia
3371 3160 3605 3214 multum
3637 3160 3737 3214 de-

2161 3259 2474 3318 siderabilis
2497 3256 2943 3311 Antiochensium
2974 3254 3147 3325 plebi;
3176 3264 3228 3308 et
3260 3253 3429 3322 cmpit
3457 3268 3554 3323 per
3581 3251 3741 3307 Nice-

2160 3364 2269 3409 tam
2311 3359 2365 3407 et
2405 3350 2658 3420 Aquilam
2707 3356 2823 3403 tota
2871 3348 3067 3403 civitas
3116 3346 3329 3412 audire,
3371 3348 3502 3416 quia
3542 3344 3737 3400 Petrus

2164 3440 2509 3497 adventaret.
2540 3439 2730 3495 Omnis
2762 3446 2941 3493 autem
2984 3438 3218 3509 populus
3266 3435 3571 3490 Antiochia:
3604 3436 3739 3489 civi-

2162 3532 2287 3586 tatis
2338 3531 2565 3586 audiens
2612 3528 2835 3585 Petrum
2884 3529 3102 3593 venire,
3148 3535 3515 3581 occurrerunt
3556 3526 3637 3591 ei,
3683 3534 3745 3580 et

2159 3638 2298 3692 pene
2337 3638 2529 3678 omnes
2579 3621 2816 3691 majores
2864 3628 2995 3674 natu
3043 3628 3097 3675 et
3149 3620 3383 3683 nobiles,
3424 3620 3611 3673 cinere
3652 3633 3743 3673 as-

2160 3715 2307 3787 persi
2358 3716 2412 3769 in
2451 3715 2650 3784 capite,
2691 3714 3066 3784 pmnitentiam
3126 3712 3509 3783 agentes,.qui
3544 3720 3739 3766 contra

2163 3808 2608 3879 praedicationem
2666 3806 2786 3876 ejus
2847 3821 3066 3878 magum
3132 3804 3413 3859 Simonem
3463 3803 3748 3875 suscepis-

2164 3904 2304 3956 sent.

2232 3988 2416 4043 LXIX.
2456 3988 2582 4044 Hmc
2606 3998 2661 4045 et
2706 3990 2794 4046 bis
2823 3989 3022 4045 similia
3052 3995 3471 4059 prosequentes,
3498 3984 3744 4040 offerunt

2161 4082 2212 4137 ei
2236 4088 2457 4137 vexatos
2487 4081 2844 4153 languoribus
2865 4089 2920 4137 et
2950 4081 3236 4136 daimoniis
3269 4080 3547 4149 fatigatos,
3579 4093 3750 4148 para—

2162 4172 2358 4244 lyticos
2378 4188 2599 4243 quoque
2621 4181 2674 4228 et
2703 4172 2916 4227 diversa
2945 4173 3187 4243 pericula
3216 4172 3511 4241 patientes;
3544 4176 3599 4223 et
3620 4175 3747 4222 erat

2163 4265 2371 4323 inﬁnita
2404 4266 2695 4321 multitudo
2721 4265 2883 4321 simul
2930 4264 3324 4335 languentium.
3358 4261 3513 4327 Quos
3540 4258 3747 4314 videns

2162 4359 2357 4415 Petrus
2388 4374 2496 4413 non
2532 4359 2707 4414 solum
2738 4355 3130 4429 pmnitudinem
3164 4370 3343 4426 agere,
3382 4352 3529 4424 quod
3563 4351 3633 4406 de
3674 4366 3749 4406 eo

2163 4453 2303 4509 male
2349 4451 2649 4508 sensissent
2674 4461 2771 4517 per
2802 4446 3101 4509 Simonem,
3138 4460 3327 4500 verum
3357 4452 3411 4498 et
3440 4452 3551 4498 tam
3597 4443 3746 4497 inte-

2532 4540 2788 4595 exbibere
2819 4537 2947 4597 Deo,
2975 4546 3034 4591 ut
3072 4537 3236 4591 etiam
3266 4551 3455 4591 omnes
3486 4535 3746 4589 diversas

2161 4637 2511 4706 aegritudines
2540 4633 2808 4702 patientes
2838 4631 3120 4686 crederent
3149 4645 3244 4699 per
3278 4644 3400 4682 eum
3431 4642 3594 4697 posse
3626 4628 3748 4683 sal-

2160 4728 2298 4790 vari,
2330 4726 2588 4795 expandit
2628 4724 2693 4777 ad
2740 4726 2937 4777 coelum
2971 4736 3165 4775 manus
3196 4733 3346 4783 suas,
3385 4726 3439 4772 et
3480 4733 3609 4771 cum
3655 4717 3747 4770 Ia-

2161 4821 2363 4892 crymis
2407 4819 2705 4872 orationem
2749 4814 3054 4877 ell‘undens,
3095 4813 3299 4882 gratias
3334 4809 3577 4867 referens
3625 4808 3746 4864 Deo

2160 4911 2700 4967 dicebatzBenedico
2719 4916 2793 4974 te,
2808 4906 2967 4960 Pater
3012 4902 3355 4973 prmdicande
3379 4941 3395 4966 ,
3435 4903 3526 4971 qui
3573 4917 3747 4957 omne

2161 5004 2387 5059 verbum
2410 5008 2465 5055 et
2495 4998 2821 5069 promissum
2859 4995 2979 5049 Filii
3010 4995 3089 5049 tui
3139 4996 3435 5065 adimplere
3462 4994 3741 5065 dignaris,
3772 5013 3789 5030 ε

2162 5106 2223 5151 ut
2272 5100 2569 5164 cognoscat
2597 5090 2777 5144 omnis
2816 5096 3099 5155 creatura,
3140 5087 3266 5158 quia
3297 5095 3356 5140 tu
3399 5088 3549 5143 solus
3590 5086 3745 5143 Deus

2163 5190 2216 5243 iu
2247 5189 2385 5242 cmlo
2416 5194 2468 5241 et
2498 5186 2551 5239 in
2592 5193 2759 5238 terra.

2232 5279 2393 5335 LXX.
2432 5279 2557 5331 ΙΙωο
2580 5287 2635 5331 et
2659 5278 2742 5332 his
2769 5277 2969 5330 similia
2992 5276 3201 5335 dicens,
3236 5274 3483 5331 ascendit
3511 5278 3567 5330 in
3599 5276 3746 5328 emi-

2160 5373 2395 5428 nentiori
2421 5372 2539 5425 loco
2565 5377 2617 5422 et
2643 5368 2808 5437 jussit
2840 5376 2965 5422 ante
3003 5383 3061 5423 se
3090 5366 3217 5436 poni
3244 5380 3459 5420 omnem
3491 5364 3740 5418 multitu-

2160 5469 2339 5524 dinem
2362 5463 2760 5536 mgrotautium,
2788 5477 2926 5531 quos
2957 5476 3148 5515 omnes
3179 5461 3277 5512 hac
3305 5473 3439 5512 voce
3461 5457 3739 5513 allocutus

2158 5572 2244 5620 est
2272 5583 2285 5617 :
2317 5560 2557 5615 Similem
2591 5556 2745 5612 vobis
2777 5555 3048 5611 hominem
3082 5568 3166 5608 me
3195 5568 3317 5607 esse
3340 5551 3610 5608 videntes.
3642 5562 3733 5600 no-

2158 5658 2253 5711 lite
2287 5664 2477 5725 putare
2518 5650 2663 5721 quod
2692 5664 2721 5701 a
2758 5664 2842 5703 me
2872 5646 3098 5716 possitis
3141 5657 3465 5712 recuperare
3499 5640 3731 5694 salutem

2157 5755 2415 5809 vestram,
2456 5743 2547 5799 sed
2579 5756 2674 5811 per
2700 5756 2823 5795 eum
2859 5739 2953 5809 qui
2978 5737 3045 5792 de
3075 5737 3214 5790 caelo
3243 5734 3603 5790 descendens,
3640 5743 3733 5781 os-

2161 5842 2333 5898 tendit
2372 5837 2717 5895 credentibus
2749 5834 2851 5890 sibi
2883 5832 3144 5903 integram
3179 5833 3372 5883 animae
3399 5835 3450 5884 et
3479 5822 3729 5892 corporis
