4030 6342
1486 295 2054 358 RECOGNI'I‘IONUM
2086 300 2217 358 LIB.
2259 302 2327 359 Χ.

3384 315 3520 372 1454

278 407 639 470 medicinam;
680 404 823 464 unde
851 420 955 462 vox
998 411 1182 462 vestra
1220 413 1416 464 testem
1462 407 1661 465 habeat
1703 411 1838 465 bunt

2024 433 2235 491 LXXII.
2277 433 2416 490 Tum
2450 451 2552 508 ego
2580 436 2834 495 Clemens
2861 454 2986 495 cum
3016 424 3273 500 fratribus
3301 450 3438 504 meis
3463 458 3518 505 et

276 515 496 557 omnem
528 499 807 569 p0pulum.
831 498 959 569 quia
988 513 1055 552 ex
1079 506 1195 553 toto
1219 499 1384 555 corde
1409 501 1633 557 creditis
1655 501 1711 556 in
1741 501 1848 557 Do-

276 595 430 649 mino
461 589 589 647 Jesu
610 590 847 655 Christo,
876 600 934 646 ut
963 591 1141 647 sciant
1168 592 1330 647 etiam
1359 608 1419 648 se
1451 593 1599 664 ipsos
1630 596 1697 650 ab
1726 595 1846 666 ipso

274 700 443 756 posse
478 684 701 739 salvari.
740 682 986 755 Cumque
1014 684 1195 739 omnis
1230 686 1522 741 multitudo
1563 687 1846 742 inﬁrman-

272 779 414 834 tium
463 793 572 833 una
609 792 743 833 voce
783 778 1063 845 clamaret,
1096 778 1242 834 hunc
1286 794 1409 835 esse
1452 795 1640 835 verum
1672 780 1843 836 Deum

270 884 434 942 quem
467 868 658 924 Petrus
701 869 1011 935 annuntiat,
1057 868 1241 925 subito
1279 871 1608 926 immensum
1656 873 1841 929 lumen

267 961 461 1033 gratia:
490 959 584 1014 Dei
618 959 675 1014 in
717 960 897 1015 medio
926 960 1103 1031 plebis
1143 962 1427 1033 apparuit,
1462 973 1515 1019 et
1558 974 1842 1036 coeperunt

264 1051 555 1126 paralytici
583 1066 806 1107 currere
845 1052 913 1107 ad
942 1054 1107 1123 pedes
1134 1053 1283 1109 Petri
1325 1055 1478 1121 sani,
1513 1059 1640 1112 caeci
1681 1073 1842 1114 recu-

261 1152 458 1216 perato
486 1144 608 1199 visu
643 1146 903 1212 clamare,
938 1146 1116 1201 claudi
1153 1154 1464 1202 restaurata
1492 1162 1684 1218 gressu
1716 1164 1842 1219 gra-

262 1238 367 1292 tias
414 1250 604 1308 agere,
656 1238 975 1309 languentes
1024 1249 1240 1310 recepta
1297 1243 1529 1296 sanitate
1580 1243 1837 1313 gaudere,

259 1335 519 1392 nonnulli
564 1336 727 1391 etiam
758 1337 875 1391 solo
907 1335 1040 1392 llatu
1070 1337 1313 1393 viventes
1342 1338 1455 1407 jam
1504 1338 1623 1394 sine
1672 1355 1836 1396 sensu

259 1440 312 1487 et
343 1432 474 1486 sine
514 1444 650 1486 voce
680 1432 982 1500 recuperati
1012 1439 1162 1495 sunt,
1194 1446 1386 1488 omnes
1413 1447 1631 1505 quoque
1674 1433 1837 1488 luna-

260 1524 353 1578 tici
378 1530 435 1577 et
469 1523 613 1592 pleni
640 1523 925 1578 daemoniis
950 1523 1166 1578 liberati
1196 1532 1342 1579 sunt.

331 1613 520 1669 LXXI.
562 1612 793 1668 Tantam
823 1614 1003 1685 itaque
1032 1612 1268 1684 Spiritus
1292 1622 1515 1670 sanctus
1544 1615 1599 1669 in
1631 1615 1722 1670 illa
1751 1616 1837 1672 die

260 1708 496 1778 gratiam
543 1722 656 1762 suae
688 1707 907 1764 virtutis
938 1709 1196 1775 ostendit,
1232 1716 1294 1764 ut
1323 1725 1514 1766 omnes
1548 1725 1578 1764 a
1610 1710 1836 1766 minimo

260 1814 439 1868 usque
467 1798 535 1854 ad
578 1801 873 1854 maximum
916 1816 1025 1855 una
1056 1816 1193 1858 voce
1231 1802 1622 1857 conﬁterentur
1653 1802 1838 1858 Domi-

259 1907 425 1957 num;
454 1897 509 1946 et
537 1906 607 1946 ne
629 1893 815 1947 multis
846 1892 1124 1958 immorer,
1152 1893 1296 1948 intra
1323 1902 1531 1964 septem
1564 1894 1683 1950 dies
1712 1895 1836 1964 plus

261 1999 430 2054 quam
463 1983 649 2039 decem
692 1986 859 2039 millia
899 1985 1181 2040 hominum
1211 1987 1497 2043 credentes
1527 1985 1638 2042 Deo
1664 1988 1840 2059 baptio

259 2077 371 2131 zati
413 2082 546 2131 sunt
572 2083 628 2132 et
673 2079 1106 2134 sanctiﬁcatione
1134 2080 1464 2145 consecrati,
1495 2080 1570 2135 ita
1599 2091 1658 2136 ut
1687 2082 1837 2136 omni

257 2169 541 2226 aviditatis
557 2170 831 2226 desiderio
847 2170 1180 2241 Theophilus
1204 2171 1339 2243 (65),
1364 2171 1459 2243 qui
1479 2180 1599 2227 erat
1619 2174 1835 2230 cunctis

256 2263 584 2332 potentibus
613 2264 671 2319 in
698 2264 919 2320 civitate
947 2265 1258 2328 sublimior,
1290 2266 1487 2323 domus
1515 2282 1629 2324 suae
1652 2268 1834 2339 ingen-

257 2362 368 2409 tem
400 2356 687 2412 basilicam
716 2357 964 2413 ecclesiae
989 2358 1213 2413 nomine
1240 2367 1615 2426 consecraret,
1643 2360 1700 2416 in
1724 2375 1833 2432 qua

256 2444 424 2502 Petro
454 2450 701 2519 apostolo
734 2450 1031 2505 constituta
1078 2456 1162 2507 est
1202 2450 1271 2507 ab
1300 2452 1450 2507 omni
1498 2454 1699 2524 populo
1741 2468 1836 2508 ca-

258 2539 455 2595 thedra
484 2540 619 2613 (66),
648 2548 702 2596 et
730 2540 909 2598 omnis
938 2541 1231 2598 multitudo
1251 2545 1495 2614 quotidie
1517 2544 1583 2599 ad
1614 2544 1837 2600 audien-

259 2631 393 2687 dum
431 2633 660 2690 verbum
703 2634 1057 2699 conveniens,
1087 2635 1347 2691 credebat
1386 2650 1534 2692 sanae
1571 2635 1834 2699 doctrinae

257 2740 427 2795 quam
450 2726 743 2784 sanitatum
769 2725 1060 2786 elﬁcacitas
1084 2725 1408 2789 allirmabat.

1948 534 2122 580 matre
2142 534 2350 595 patrem
2380 527 2728 598 alloquimur,
2752 536 2932 585 utrum
2964 534 3157 604 aliquae
3186 536 3518 595 inﬁdelitatis

1947 614 2004 669 in
2030 630 2096 669 eo
2126 616 2367 686 reliquie
2409 620 2823 675 remansissent.
2846 623 2914 675 At
2944 623 3033 678 ille
3058 642 3071 679 :
3099 624 3309 692 Venite,
3347 630 3443 695 ait,
3464 640 3520 685 et

1947 704 2199 760 videbitis
2223 720 2405 759 coram
2436 703 2619 771 Petro,
2647 717 2911 778 quantum
2937 712 2993 765 in
3023 726 3110 767 me
3135 711 3261 770 lidei
3288 718 3520 772 creverit

1946 794 2370 850 incrementum.
2416 794 2571 850 Tunc
2613 798 2881 855 accedens
2931 799 3339 868 Faustinianus,
3390 820 3519 874 pro-

1944 887 2077 942 cidit
2106 889 2173 943 ad
2208 888 2376 959 pedes
2409 888 2555 944 Petri
2584 890 2775 946 dicens
2802 912 2813 946 :
2848 892 3068 949 Semina
3093 896 3244 950 verbi
3276 898 3357 952 tui
3397 886 3519 967 quae

1943 994 2074 1049 ager
2102 994 2236 1033 meae
2264 980 2463 1035 mentis
2491 980 2720 1049 accepit,
2748 981 2861 1051 jam
2907 991 3033 1037 nata
3069 995 3219 1051 sunt,
3249 995 3412 1057 atque
3442 991 3518 1041 ita

1943 1071 2010 1125 ad
2048 1071 2333 1127 fecundam
2367 1071 2736 1127 maturitatem
2782 1086 3039 1144 provecta
3086 1088 3248 1143 sunt,
3284 1087 3343 1133 ut
3380 1081 3518 1135 nihil

1941 1164 2107 1227 desit,
2141 1164 2248 1219 nisi
2279 1170 2341 1217 ut
2384 1177 2414 1216 a
2458 1162 2631 1232 paleis
2663 1180 2749 1219 me
2784 1170 3017 1237 Spiritali
3047 1171 3137 1225 illa
3169 1180 3261 1226 tua
3291 1173 3517 1228 deseces

1942 1254 2080 1309 falce
2100 1263 2154 1309 et
2183 1267 2418 1323 reponas
2441 1268 2527 1307 me
2557 1254 2611 1308 in
2646 1254 2844 1312 horreo
2872 1259 3175 1327 Dominico,
3202 1264 3407 1320 faciens
3431 1281 3519 1322 me

1940 1367 2142 1408 mensae
2178 1350 2373 1406 divina
2403 1348 2742 1418 participem.
2790 1351 2928 1406 Tum
2972 1354 3166 1410 Petrus
3198 1372 3323 1410 cum
3365 1357 3516 1412 omni

1940 1446 2221 1499 alacritate
2258 1439 2673 1513 apprehendens
2709 1458 2929 1499 manum
2958 1447 3099 1516 ejus,
3129 1449 3357 1503 tradidit
3390 1465 3515 1504 eum

1938 1538 2073 1592 mihi
2098 1536 2364 1592 Clementi
2390 1546 2446 1595 et
2474 1520 2735 1598 fratribus
2762 1538 2900 1593 meis
2923 1577 2938 1601 ,
2979 1539 3168 1595 dicens
3195 1559 3208 1594 :
3237 1540 3391 1597 Sicut
3418 1542 3517 1595 tibi

1940 1632 2081 1701 patri
2111 1630 2251 1687 ﬁlios
2292 1634 2536 1688 restituit
2564 1634 2730 1697 Deus,
2772 1631 2849 1684 ita
2885 1638 2940 1685 et
2984 1638 3194 1701 patrem
3227 1633 3322 1685 iilii
3352 1633 3516 1686 resti-
3551 1693 3560 1704 ‘

1938 1730 2101 1777 tuunt
2139 1721 2270 1779 Deo.
2314 1722 2515 1779 Indixit
2545 1734 2727 1778 autem
2766 1722 3037 1791 jejunium
3079 1723 3228 1776 omni
3264 1724 3430 1792 plebi,
3461 1730 3519 1777 et

1940 1815 2189 1870 veniente
2234 1816 2322 1870 die
2366 1816 2645 1871 Dominica
2694 1814 2990 1882 baptizavit
3038 1828 3199 1877 eum,
3245 1823 3408 1883 atque
3458 1815 3513 1868 in

1939 1906 2118 1961 medio
2157 1907 2361 1977 populo
2398 1920 2465 1963 ex
2512 1906 2871 1962 conversione
2920 1904 3039 1973 ejus
3087 1906 3370 1959 materiam
3421 1919 3518 1958 su-

1938 2015 2115 2064 mens,
2142 2014 2333 2055 omnes
2357 2013 2521 2054 casus
2565 1999 2685 2068 ejus
2714 1997 2989 2068 exposuit,
3022 1998 3097 2050 ita
3131 2003 3191 2051 ut
3222 1997 3402 2053 omnis
3431 1997 3515 2051 ci-

1937 2092 2079 2147 vitas
2107 2092 2265 2163 quasi
2308 2092 2557 2162 angelum
2588 2106 2711 2146 eum
2743 2090 3069 2159 susciperet,
3099 2097 3155 2144 et
3183 2104 3294 2143 non
3337 2088 3517 2141 mino-

1937 2200 2052 2240 rem
2079 2184 2129 2240 ei
2161 2186 2387 2256 gratiam
2432 2200 2595 2255 quam
2626 2186 2872 2256 apostolo
2898 2174 3275 2247 exhiberet.[7°
3304 2178 3516 2247 Quibus

1940 2278 2194 2350 cognitis,
2222 2276 2419 2333 Petrus
2450 2285 2665 2349 postera
2688 2277 2786 2333 ’dic
2828 2276 3121 2331 convenire
3168 2274 3398 2345 populos
3424 2273 3515 2343 ju-

1939 2370 2050 2436 bet,
2079 2378 2133 2425 et
2162 2386 2272 2426 uno
2311 2386 2378 2425 ex
2408 2371 2495 2427 bis
2537 2370 2631 2441 qui
2672 2369 3041 2440 sequebantur
3071 2382 3216 2434 eum,
3261 2365 3515 2419 ordinato

1940 2461 2218 2532 episc0po,
2245 2468 2299 2516 et
2324 2461 2447 2516 aliis
2472 2460 2827 2533 presbyteris,
2852 2460 3145 2531 plurimum
3173 2471 3392 2528 quoque
3423 2472 3519 2526 po-

1941 2554 2130 2623 pulum
2160 2555 2478 2624 baptizavit,
2510 2569 2811 2624 omnesque
2845 2553 2938 2623 qui
2968 2560 3125 2606 erant
3170 2549 3354 2606 vexati
3395 2549 3514 2603 lan-

1939 2646 2200 2716 guoribus
2231 2646 2453 2701 sanitati
2483 2641 2770 2713 restituit.]

867 2992 981 3049 haec
1010 2993 1269 3065 periodus
1318 2992 1375 3049 in
1430 2993 1554 3051 cod.
1612 2992 2002 3067 antiquissimo
2050 2997 2255 3071 Bodlej.
2283 3013 2436 3055 num.
2470 2997 2594 3065 105,
2626 3012 2712 3068 ap.
2740 2993 3001 3053 Grabium
3034 2996 3088 3052 in
3126 2996 3370 3068 Spicileg.
3404 2995 3508 3056 SS.

260 3060 445 3133 Ραιν..
464 3069 507 3119 ι.
530 3060 573 3131 I,
604 3077 659 3135 p.

1601 3309 1967 3369 COTELERII
1990 3309 2223 3368 ΝΟΤᾸΞ.

325 3524 454 3596 (65)
486 3521 820 3596 Theophilus.
844 3519 946 3587 Qui
961 3533 1163 3596 magna
1190 3525 1493 3588 temporum
1512 3513 1840 3596 confusione
1866 3520 1911 3582 ε
1942 3512 2080 3596 phiae
2113 3517 2440 3596 monstratur
2484 3508 2737 3596 cathedra
2766 3508 2829 3563 Β.
2863 3507 3032 3564 Petri.
3069 3509 3512 3596 Inveninqu'oqpe

255 3585 534 3668 septimus
564 3585 1180 3673 Antiochimvepiscdpus
1210 3585 1331 3670 esse
1374 3594 1595 3669 putatur
1623 3601 1653 3638 a
1684 3585 1837 3639 Guil«

255 3668 433 3714 lelmn
457 3664 622 3714 Tvrio
665 3663 759 3714 lib.
794 3679 846 3714 IV
873 3660 1129 3714 Historia:
1156 3658 1275 3714 bella
1311 3675 1452 3711 sacrt
1482 3672 1601 3714 can.
1635 3655 1688 3714 9.
1722 3663 1775 3709 et
1805 3669 1835 3708 a

254 3663 433 3723 lel'mo
457 3664 622 3737 Tyrio
665 3663 759 3717 lib.
794 3679 846 3717 IV
873 3663 1129 3715 Historia:
1156 3663 1277 3714 belli
1311 3663 1452 3711 sacri
1482 3672 1601 3727 cap.
1635 3663 1688 3738 ἓξ,
1722 3663 1775 3709 et
1805 3669 1835 3708 a

252 3737 383 3793 Jac-
429 3734 768 3808 de_Vitriaco
800 3748 920 3808 cap.
946 3732 1015 3788 52
1049 3730 1298 3808 Historiw
1318 3728 1833 3808 Hierosolymuamr.

328 3808 456 3881 (66)
486 3805 642 3881 Petro
666 3797 933 3881 Apostolo
953 3803 1239 3881 constituta
1270 3809 1355 3881 est
1389 3798 1626 3881 abl-onim'
1647 3797 1837 3878 populo

258 3869 545 3933 cathedra.
581 3876 658 3930 De
683 3869 784 3930 hac
813 3875 1149 3929 Antiochcna
1188 3872 1334 3926 Petri
1377 3869 1656 3931 cathedra,
1689 3869 1839 3937 ejus-

258 3966 369 4020 que
394 3949 550 4020 Afesto
588 3954 754 4017 agunt
790 3944 1266 4020 Martyrologiaad
1309 3941 1379 3995 22
1405 3936 1839 4020 Februarium-

261 4009 797 4091 éendaASanctorunt
839 4009 960 4086 cap.
1009 4009 1112 4091 ΗΞ
1147 4014 1365 4091 Gemma
1408 4012 1612 4091 animus.
1628 4009 1722 4063 lib.
1749 4024 1834 4090 Il'l,

263 4079 395 4170 cap.
438 4088 550 4170 36;
592 4088 708 4170 ‘l.vo_
737 4079 1423 4170 Garndtetisishaliique."
1444 4079 1503 4170 In
1554 4080 1837 4170 Itinerario

269 4151 633 4218 Willebrandi
661 4159 728 4215 ab
757 4156 1096 4227 Oldenborg;
1145 4153 1207 4210 In
1242 4151 1340 4208 hac
1378 4151 1617 4208 Ecclesia
1649 4152 1839 4206 Antio-

1944 3585 2091 3638 liunc
2136 3582 2352 3636 titulum
2401 3581 2467 3652 in_
2500 3582 2930 3652 catalogoﬂmss.
2974 3580 3220 3652 ecclesiae
3263 3576 3325 3634 SI
3364 3576 3510 3652 Ifétri

1944 3652 2348 3709 Bellovacensis
2381 3670 2393 3705 :
2430 3650 2611 3706 Sermo
2657 3649 2716 3704 S.
2760 3649 3041 3705 Clementis
3080 3666 3230 3719 papa:
3268 3652 3321 3704 in
3362 3649 3511 3704 Petri

1944 3724 2306 3794 apostolorum
2342 3722 2886 3794 principis_sessione,
2926 3738 3029 3791 qua
3072 3721 3376 3794 cathedram
3413 3723 3510 3794 jn-

1944 3792 2205 3849 siauravit
2240 3792 2551 3847 Antiochia.
2600 3792 2733 3845 Eum
2782 3801 2961 3847 autem
2996 3794 3298 3861 catalogum
3339 3792 3511 3846 debeo

1943 3865 2064 3919 viro
2108 3865 2378 3919 natalibus
2422 3878 2486 3917 ac
2526 3863 2820 3917 virtutibus
2855 3862 3051 3917 illustri
3083 3860 3317 3917 Antonio
3349 3860 3508 3915 Vioni

1945 3935 2275 3994 Ilcrovallio.
2306 3934 2465 4002 cujus
2502 3932 2835 3988 indefessum
2873 3949 2973 4002 pro
3002 3949 3061 3988 re
3089 3934 3352 3988 litteraria
3382 3948 3510 4002 pru-

1943 4005 2207 4061 movenda
2236 4012 2290 4059 ct
2327 4020 2427 4075 pro
2454 4003 2800 4059 demerendis
2832 4003 3088 4059 litteratis
3116 4003 3355 4059 studium
3392 4019 3511 4057 oni--

1939 4093 2039 4133 nes
2065 4076 2226 4146 hodie
2251 4074 2569 4146 praedicant,
2606 4090 2805 4146 omnes
2842 4074 3146 4146 mirantur,
3190 4075 3339 4128 nulla
3377 4082 3508 4128 actas

1940 4163 2050 4204 non
2074 4144 2370 4205 celebrabit
2399 4153 2559 4216 atque
2587 4144 2964 4201 demirabitur.
