4030 6342
316 379 451 435 “57

1368 371 1941 432 RECOGNITIONES.
1978 404 2047 414 —-
2077 372 2436 428 APPENDIX.

3424 380 3562 437 “58

310 493 603 569 νηστείαις,
639 492 736 549 καὶ
766 495 877 558 τοῖς
909 493 1227 558 Σαϐϐάτοις,
1263 495 1360 548 καὶ⁸
1389 498 1511 561 ταῖς
1537 493 1887 564 Νεομηνίαις,

1993 506 2221 557 eorum;
2253 500 2307 546 et
2347 490 2597 546 absolute
2640 492 2893 547 renuntio
2923 494 3072 547 omni
3101 494 3451 549 Judaicorum
3488 497 3563 552 le-

308 588 403 643 καὶ
454 591 571 651 τοῖς
625 585 904 659 βρώμασι,
956 586 1050 639 καὶ
1102 589 1217 650 τοῖς
1261 587 1501 658 πόμασιν
1546 586 1741 640 αὐτῶν·
1790 582 1885 636 καλ⁸

308 683 493 745 ἁπλῶς
539 680 914 750 ἀποτάσσομαι
960 680 1123 733 παντὶ
1168 679 1471 733 Ἰουδαϊκῶν
1512 679 1759 751 νομίμων
1791 677 1886 731 καὶ

309 774 451 840 ἔθει,
487 773 582 827 καὶ
627 771 1034 843 ἐπιτηδεύματι·
1083 773 1188 826 καὶ·
1225 773 1318 826 ἐπὶ
1359 771 1568 835 τούτοις
1614 772 1889 841 ἀναθεμα-

307 864 441 930 τίζω
472 864 570 930 τὰς
602 863 751 936 παρὰ
796 864 1068 929 Ἰουδαίοις
1100 864 1340 937 αἱρέσεις
1385 866 1480 918 καὶ⁹
1509 863 1636 927 τοὺς
1681 864 1889 934 αἱρετι-

309 957 455 1022 κούς·
492 955 908 1022 Σαδδουκαίους,
942 957 1067 1020 τοὺς
1098 955 1420 1027 λεγομένους
1450 955 1711 1017 δικαίους,
1758 952 1890 1006 οἵτι-

306 1065 397 1112 νες
426 1049 490 1101 τὸ
514 1045 736 1119 Πνεῦμα
766 1046 828 1101 τδ
873 1046 1027 1116 ἅγιον
1076 1045 1491 1118 βλασφημοῦσι,
1526 1046 1620 1102 καὶ
1650 1045 1750 1117 τὴν
1780 1042 1890 1099 τῶν

304 1139 515 1212 νεκρῶν
546 1140 842 1194 ἀνάστασιν
874 1136 1143 1203 ἀθετοῦσι,
1179 1138 1274 1191 καὶ
1304 1139 1433 1203 τοὺς
1464 1137 1726 1207 ἀγγέλους
1758 1135 1894 1189 ἀπο-

303 1232 610 1287 ϐάλλονται·
645 1230 990 1302 Φαρισαίους,
1024 1231 1149 1295 τοὺς
1180 1229 1595 1302 ἀφωρισμένους
1619 1270 1632 1293 ,
1667 1228 1716 1281 οἳ
1751 1224 1893 1282 κατὰ

300 1324 563 1396 δευτέραν
606 1324 703 1377 καὶ
746 1322 973 1395 πέμπτῃ
1018 1322 1402 1393 νηστεύοντες,
1450 1322 1545 1374 καὶ
1594 1318 1893 1393 παρθενίαν

300 1416 393 1473 ἐπὶ
442 1417 672 1488 καιροὺς
716 1414 1054 1486 ὡρισμένους
1103 1412 1555 1486 ὑποκρινόμενοι,
1600 1409 1896 1480 μετέπειτα

299 1508 489 1562 λύουσι
516 1510 699 1562 πᾶσαν
725 1509 1049 1580 ἐγκράτειαν
1072 1545 1088 1571 ,
1114 1503 1395 1571 δοξάζουσι
1432 1503 1488 1558 δὲ
1517 1502 1893 1575 εἱμαρμένην,

300 1602 397 1654 καὶ
443 1602 510 1671 τῇ
552 1598 878 1672 ἀστρολογίᾳ
927 1597 1277 1670 σχολάζουσι·
1325 1595 1712 1668 Νασαραίους,
1769 1596 1897 1659 τοὺς

300 1690 731 1763 ἀφηνιαστάς,οἲ
753 1691 846 1744 τὸν
879 1691 1007 1762 περὶ
1039 1689 1239 1744 θυσιῶν
1270 1689 1331 1743 οὐ
1371 1687 1771 1759 παραδέχονται
1801 1684 1896 1740 τοῦ

298 1784 548 1847 Μωσέως
568 1782 753 1854 νόμον,
772 1785 866 1837 καὶ
896 1783 982 1836 διὰ
1000 1782 1157 1836 τοῦτο
1181 1780 1441 1854 ἐμψύχων
1464 1780 1781 1851 ἀπέχονται,
1801 1779 1897 1835 καὶ

297 1877 443 1942 ὅλως
495 1876 555 1930 ού
605 1875 812 1929 θύουσι·
860 1874 1175 1939 ὐσσαίους,
1227 1876 1356 1937 τοὺς
1408 1873 1815 1944 ἰταμωτάτους,
1840 1873 1892 1926 οἳ

298 1973 545 2042 γραφαῖς
579 1968 795 2040 ἑτέραις
828 1966 976 2039 παρά
1007 1967 1101 2021 τὸν
1133 1966 1297 2038 νόμον
1327 1964 1621 2037 χρώμενοι,
1654 1965 1891 2029 καὶτοὺς

299 2059 529 2123 πλείους
574 2058 682 2111 τῶν
731 2056 1027 2128 προφητῶν
1066 2056 1526 2125 ἀποϐαλλόμενοι,
1573 2053 1892 2108 διδάσκαλον

295 2149 561 2220 αὐχοῦσιν
612 2148 929 2221 ἄνθρωπον,
986 2147 1172 2217 Ἠλξαῖ
1226 2146 1593 2218 καλούμενον,
1650 2145 1746 2198 εἶτ’
1801 2141 1893 2198 οὖν

295 2240 564 2310 δύναμιν
590 2240 1072 2310 κεκαλυμμένην,
1104 2241 1201 2293 καὶ
1222 2238 1454 2310 Μαρθὼ,
1479 2240 1573 2294 καὶ
1595 2236 1893 2309 Μαρθάνην

292 2332 401 2396 τὰς
444 2333 552 2387 ἀπὸ
593 2333 686 2385 τοῦ
737 2333 928 2402 γένους
975 2332 1140 2386 αὑτοῦ
1188 2330 1605 2403 καταγομένας,
1654 2329 1731 2393 ὡς
1765 2327 1894 2392 θεὰς

293 2426 556 2496 τιμῶσιν·
600 2427 982 2499 Ἥρωδιανοὺς,
1024 2427 1080 2479 οἴ
1112 2443 1256 2490 τινες
1292 2425 1383 2478 τὸν
1411 2423 1709 2493 ἀλλόφυλον
1737 2422 1891 2493 βασι-

294 2518 400 2573 λέα
432 2521 540 2573 τῶν
584 2521 873 2583 Ἰουδαίων,
905 2518 1150 2592 Ἡρώδην
1177 2519 1270 2572 τὸν
1307 2517 1788 2589 σκωληκόϐρωτον,
1819 2516 1895 2579 ὼς

294 2616 541 2686 Χριστὸν
583 2616 929 2681 δοξάζουσιν·
978 2615 1524 2689 Ἦμεροόαπτιστάς,
1569 2614 1619 2668 οἳ
1649 2613 1718 2669 τὰ
1755 2612 1895 2667 αὐτὰ

296 2711 625 2781 φρονοῦντες
658 2713 769 2776 τοῖς
801 2712 1131 2785 Φαρισαίοις,
1153 2709 1537 2782 δογματίζουσι
1566 2706 1707 2762 κατὰ
1728 2723 1896 2779 προσ-

296 2799 479 2873 θήκην
527 2803 588 2855 τὺ
641 2804 715 2876 μὴ
764 2803 1022 2858 δύνασθαι
1055 2803 1339 2874 ἄνθρωπον
1379 2800 1653 2871 σωθῆναι,
1688 2800 1783 2854 ἐὰν
1819 2799 1893 2870 μὴ

296 2891 429 2945 καθ’
474 2892 709 2962 ἑκάστην
758 2893 970 2965 ἡμέραν
1005 2892 1345 2962 βαπτίζεται·
1390 2891 1746 2963 Γραμματεῖς
1776 2889 1897 2961 ἦτοι

290 2982 818 3053 νομοδιδασκάλους,
887 2984 936 3039 οἳ
1005 2984 1079 3057 μὴ
1120 2983 1362 3048 θέλοντες
1408 2982 1549 3037 κατά
1594 2983 1686 3037 τὸν
1734 2986 1896 3052 νόμον

292 3074 424 3147 ζῇν,
459 3074 594 3129 ἀλλά
627 3076 971 3148 περισσεύειν
1007 3076 1193 3141 αὐτοῦ,
1223 3075 1425 3144 ξεστῶν
1465 3076 1559 3129 καὶ
1600 3075 1892 3146 ποτηρίων,

291 3167 399 3220 καὶ
436 3168 713 3232 πινάκων,
761 3168 855 3221 καὶ
900 3168 1011 3221 τῶν
1045 3168 1220 3221 ἀλλων
1267 3166 1477 3223 σκευῶν
1530 3168 1890 3239 βαπτισμοὺς,

291 3258 397 3312 καὶ
423 3261 650 3330 πυγμῇ·
680 3259 779 3323 τάς
812 3262 998 3331 χεῖρας
1015 3261 1223 3314 νίπτειν
1251 3261 1344 3313 καὶ
1375 3259 1443 3313 τὰ
1479 3258 1644 3331 σκεύη
1678 3258 1895 3313 πλύνειν

288 3350 611 3417 ἐπινοοῦσι,
659 3353 753 3405 καὶ
798 3351 981 3417 ἁπλῶς
1025 3351 1224 3418 πολλὰς
1273 3353 1603 3422 παραδόσεις
1650 3350 1786 3414 ίδίας
1816 3350 1895 3422 τῷ

288 3444 455 3516 νόμῳ
500 3446 918 3516 προστιθέντες,
965 3446 1327 3518 Δευτερώσεις
1371 3445 1573 3509 ταύτας
1618 3444 1893 3510 καλοῦσιν,

289 3531 419 3590 οἷον
451 3538 712 3611 δευτέρας
745 3539 878 3593 Θεοῦ
912 3541 1252 3612 νομοθεσίας,
1286 3540 1381 3594 καὶ
1408 3541 1506 3611 τὴν
1540 3539 1638 3611 μὲν
1672 3537 1895 3611 πρώτην

289 3630 514 3701 ψευδῶς
540 3632 902 3705 ἀναφέρουσιν
924 3636 1003 3697 εἰς
1035 3634 1125 3687 τὸν
1159 3632 1384 3697 Μωσέα,
1419 3633 1515 3705 τὴν
1549 3632 1605 3687 δὲ
1636 3631 1896 3701 δευτέραν

289 3725 382 3786 είς
431 3723 521 3777 τὸν
567 3724 758 3779 Ῥαϐΰὶ
800 3727 1054 3792 Ἀκιὸἄν,
1102 3726 1199 3798 τὴν
1245 3727 1301 3779 δὲ
1342 3725 1535 3797 τρίτην
1586 3725 1665 3787 εἱς
1704 3723 1892 3776 Ἀννᾶν

289 3816 393 3869 τὸν
436 3817 531 3869 καὶ
566 3817 788 3883 Ἰούδαν,
818 3818 918 3890 τὴν
947 3819 1002 3874 δὲ
1038 3820 1306 3891 τετάρτην
1346 3821 1427 3881 είς
1458 3819 1585 3882 τοὺς
1614 3818 1890 3887 Νασαμωο

290 3908 458 3961 ναίου
485 3909 595 3981 (68)
632 3912 799 3976 υἱοὺς,
835 3913 892 3965 οἵ
931 3931 1075 3977 τινες
1121 3914 1217 3967 καὶ
1263 3914 1325 3966 τὸ
1366 3913 1640 3967 Σάϐϐατον
1681 3914 1739 3965 ὲν
1780 3912 1895 3973 τοῖς

290 3998 567 4070 πολέμοις
617 4000 907 4073 ἠθέτησαν.
957 4002 1172 4068 Ταύτας
1212 3999 1305 4058 οῦν
1350 3999 1761 4074 ἀναθεματίζων
1792 4000 1894 4064 τὰς

306 4092 619 4157 Ἰουδαῖκάς
667 4093 847 4159 πάσας
898 4095 1170 4167 αἱρέσεις,
1219 4096 1313 4149 καὶ
1344 4096 1468 4159 τοὺς
1513 4094 1889 4166 αἰρεσιάρχας,

294 4186 402 4243 καὶ
435 4184 535 4249 τὰς
567 4185 930 4259 Δευτερὼσεις
952 4228 966 4248 .
1010 4189 1104 4243 καὶ
1134 4190 1260 4253 τοὺς
1293 4186 1660 4260 Δευτερωτάς,
1695 4184 1889 4242 ἀναθεη

300 4276 527 4346 ματίςω
562 4276 698 4349 μετά
730 4278 934 4333 τούτων
967 4281 1060 4333 καὶ
1090 4281 1217 4344 τοὺς
1247 4279 1346 4350 τὴν
1379 4279 1571 4351 ἑορτὴν
1601 4277 1888 4338 τελοῦντας

1986 582 2299 652 gitimorum
2330 590 2445 636 tum
2492 582 2652 649 mori,
2686 589 2800 637 tum
2852 584 3121 641 instituto.
3155 587 3237 640 Ad
3280 587 3395 642 haec
3425 603 3561 643 ana-

1986 673 2227 729 themate
2277 672 2417 729 l'erio
2451 682 2505 729 et
2547 675 2783 730 haereses
2822 690 2943 747 quae
2989 677 3131 747 apud
3170 675 3386 734 Iudaeos
3414 680 3565 733 inve-

1990 765 2239 829 niuntur,
2276 774 2329 819 et
2360 765 2508 834 ipsos
2538 766 2860 835 hmreticos;
2908 768 3240 824 Sadducazos
3262 809 3278 832 ,
3309 769 3401 839 qui
3428 769 3565 839 justi

1989 863 2278 922 vocantur,
2312 858 2513 926 quique
2566 856 2828 927 Spiritum
2870 871 3116 915 sanctum
3163 861 3573 932 blasphemant,

1990 961 2335 1007 mortuorum
2376 955 2838 1010 resurrectionem
2882 955 3227 1021 inﬁciantur,
3261 965 3426 1027 atque
3469 975 3569 1013 an-

1990 1045 2142 1116 gelos
2175 1044 2463 1115 rejiciunt;
2498 1044 2827 1113 Pharisaeos,
2860 1057 3174 1120 segregatos
3204 1050 3293 1119 qui
3327 1051 3568 1107 secunda

1991 1144 2045 1192 et
2073 1136 2265 1207 quinta
2306 1136 2441 1193 feria
2484 1138 2768 1208 jejunant,
2805 1140 3177 1210 virginitatem
3219 1157 3319 1212 per
3344 1143 3569 1198 deﬁnita

1996 1235 2242 1298 tempora
2274 1228 2559 1293 simulant,
2590 1236 2891 1299 posteaque
2920 1244 3133 1286 omnem
3176 1233 3395 1287 solvunt
3439 1249 3571 1287 con-

1993 1319 2301 1385 tinentiam,
2341 1319 2510 1375 fatum
2537 1328 2718 1374 autem
2745 1321 3063 1391 praedicant,
3088 1330 3141 1378 et
3173 1331 3367 1377 vacant
3395 1333 3571 1379 astro-

1995 1414 2184 1484 logia};
2211 1413 2523 1480 Nazarazos,
2571 1412 2955 1479 refractarios,
2987 1416 3079 1486 qui
3116 1415 3288 1485 legem
3326 1431 3356 1469 a
3388 1415 3574 1487 Moyse

1996 1506 2064 1562 de
2095 1507 2383 1563 sacriﬁciis
2411 1507 2577 1560 latam
2600 1524 2710 1565 non
2742 1508 3075 1573 admittunt,
3100 1507 3333 1578 ideoque
3363 1508 3574 1561 anima-

1997 1599 2069 1654 tis
2114 1598 2432 1663 abstinent,
2484 1614 2586 1653 nec
2634 1600 2902 1656 ullatenus
2946 1601 3293 1668 sacriﬁcant;
3334 1598 3571 1666 Ossaeos,

1997 1690 2445 1761 procacissimos,
2485 1690 2580 1762 qui
2631 1691 2751 1748 aliis
2792 1706 2823 1745 a
2868 1690 3007 1763 Lege
3053 1692 3353 1762 Scripturis
3381 1693 3487 1756 usi,
3520 1699 3577 1746 et

1999 1781 2292 1851 plerosque
2338 1781 2727 1853 prophetarum
2768 1782 3106 1851 rejicientes,
3156 1783 3419 1854 magistro
3460 1784 3577 1853 glo-

1924 1849 1967 1910 B
1996 1873 2211 1927 riantur
2252 1872 2495 1938 homine,
2534 1874 2624 1928 cui
2656 1889 2854 1929 nomen
2887 1873 3038 1928 ΕΙκοί
3062 1914 3078 1938 ,
3118 1874 3223 1928 hoc
3266 1882 3374 1939 est,
3408 1874 3575 1929 virtus

1992 1966 2326 2030 abscondita,
2354 1978 2516 2037 atque
2561 1982 2627 2021 ex
2658 1983 2855 2039 genere
2893 1968 3066 2037 ipsius
3104 1974 3254 2022 ortas
3296 1967 3573 2029 mulieres,

1992 2059 2333 2115 Marthonem
2366 2068 2422 2116 et
2445 2060 2784 2115 Martbanam
2809 2062 2974 2117 veluti
2998 2062 3129 2117 deas
3150 2063 3370 2131 colunt;
3405 2062 3580 2117 Hero.-

1992 2153 2208 2217 dianos,
2236 2154 2328 2223 qui
2358 2152 2718 2224 alienigenam
2744 2168 2923 2224 regem
2946 2151 3257 2209 Iudaeorum
3281 2152 3579 2218 Herodem,

1994 2259 2024 2298 a
2055 2243 2335 2299 vermibus
2364 2260 2613 2310 exesum,
2645 2253 2908 2316 tanquam
2938 2246 3217 2302 Christum
3248 2247 3525 2302 celebrant
3552 2265 3577 2313 ί

1993 2331 2531 2405 Hemerobaptistas,
2562 2338 2654 2406 qui
2699 2338 2889 2392 eadem
2929 2339 3228 2393 sentientes
3275 2354 3399 2393 cum
3432 2337 3578 2393 Pha-

1994 2426 2194 2494 riszeis,
2229 2438 2489 2498 pneterca
2526 2429 2743 2495 docent,
2768 2432 3043 2486 neminem
3067 2432 3277 2485 salvum
3307 2431 3423 2486 ﬁeri
3446 2448 3579 2503 pos-

1995 2534 2074 2585 se,
2108 2520 2215 2576 nisi
2246 2521 2492 2591 quotidie
2518 2522 2659 2577 lavet
2696 2539 2709 2574 :
2742 2522 2968 2579 Scribas
3000 2540 3096 2580 seu
3138 2523 3275 2595 legis
3299 2522 3583 2590 doctores,

1995 2615 2088 2683 qui
2118 2628 2228 2666 non
2257 2613 2501 2667 contenti
2543 2614 2696 2682 juxta
2751 2614 2926 2685 legem
2958 2616 3168 2682 vivere,
3202 2617 3299 2672 sed
3336 2616 3578 2675 volentes

1995 2705 2151 2775 plura
2181 2704 2361 2760 facere
2391 2719 2553 2776 quam
2585 2706 2678 2759 illa
2723 2708 3074 2776 praescribat,
3109 2708 3462 2767 iutinctiones
3492 2727 3581 2766 ur-

1995 2812 2253 2859 ceorum,
2286 2796 2518 2852 calicum
2541 2837 2556 2861 ,
2591 2796 2867 2853 discorum
2912 2814 2976 2855 ac
3034 2801 3255 2871 reliquae
3343 2803 3579 2873 supelle-

1995 2890 2142 2945 ctilis
2177 2889 2511 2961 exoOgitaut,
2544 2890 2816 2961 simulque
2845 2907 3039 2948 manus
3086 2892 3400 2963 frequenter
3431 2896 3580 2948 lava-

1994 2997 2075 3046 re,
2107 2989 2162 3037 et
2200 2997 2333 3037 vasa
2366 2983 2609 3048 abluere,
2648 2992 2813 3055 atque
2859 2987 3082 3041 omnino
3114 2989 3300 3042 multis
3329 2989 3580 3043 traditio-

1996 3072 2157 3127 nibus
2189 3073 2307 3129 suis
2346 3073 2416 3127 ad
2479 3070 2655 3143 legem
2686 3075 2908 3139 additis,
2941 3092 3035 3131 eas
3073 3078 3347 3147 appellant
3384 3078 3581 3134 Deute-

1997 3181 2174 3230 roses,
2207 3166 2363 3237 quasi
2388 3166 2659 3222 secundas
2701 3166 2795 3222 Dei
2835 3169 3235 3239 legislationcs;
3261 3179 3315 3227 et
3346 3173 3579 3243 primam

1999 3259 2219 3330 quidem
2263 3258 2400 3313 falso
2434 3258 2680 3314 referunt
2709 3259 2776 3314 ad
2808 3259 3068 3332 Moysem,
3116 3264 3409 3318 secundam
3454 3282 3580 3321 vero

1999 3349 2068 3403 ad
2097 3347 2269 3404 Rabbi
2299 3349 2551 3414 Akibam,
2586 3352 2803 3405 tertiam
2850 3353 2917 3407 ad
2949 3353 3160 3407 Annam
3193 3355 3285 3424 qui
3326 3366 3377 3409 et
3409 3354 3579 3412 Judas

1997 3440 2218 3508 dicitur,
2270 3452 2521 3513 quartam
2571 3451 2752 3498 autem
2799 3444 2867 3499 ad
2914 3445 3220 3519 Asamonrei
3274 3446 3433 3512 ﬁlios,
3485 3449 3579 3519 qui

1997 3532 2163 3589 etiam
2198 3531 2497 3588 Sabbatum
2520 3526 2575 3587 in
2607 3533 2809 3606 praeliis
2839 3534 3130 3591 violarunt.
3159 3514 3265 3593 llas
3302 3554 3432 3609 ergo
3454 3514 3581 3594 ana-

1998 3624 2365 3680 thematizans
2402 3623 2664 3680 Judaicas
2702 3640 2890 3681 omnes
2938 3624 3174 3682 haereses
3208 3635 3262 3682 et
3295 3628 3583 3684 haeresiar-

1992 3718 2149 3785 chas,
2178 3720 2419 3789 itemque
2446 3716 2774 3774 Deuteroses
2811 3732 2937 3772 cum
2974 3716 3320 3790 Deuterotis,
3352 3723 3581 3778 anathe-

1993 3810 2195 3866 matizo
2236 3825 2363 3864 cum
2395 3808 2505 3864 illis
2536 3808 2701 3863 etiam
2733 3823 2828 3865 cos
2857 3809 2952 3879 qui
2993 3808 3192 3865 festum
3226 3812 3403 3866 vocati
3436 3811 3582 3866 Mar-

1993 3900 2203 3956 dochaei
2240 3901 2518 3956 celebrant
2560 3899 2627 3953 ad
2672 3900 2906 3971 primum
2943 3898 3239 3955 Sabbatum
3280 3902 3579 3959 Christiani

1986 3990 2224 4061 jejunii;
2257 3998 2311 4046 et
2364 3994 2553 4061 utique
2600 3992 2749 4061 ligno
2796 3992 3058 4047 Amanem
3090 3994 3261 4049 clavis
3314 3992 3578 4065 afﬁgunt,

1998 4085 2194 4141 deinde
2223 4085 2272 4140 ei
2316 4085 2549 4140 miscent
2590 4084 2772 4140 crucis
2802 4084 3052 4155 signum,
3094 4101 3309 4156 unaque
3355 4088 3585 4143 combu-

1996 4184 2148 4241 runt,
2182 4191 2246 4230 ac
2274 4176 2454 4231 omnis
2490 4175 2705 4245 generis
2738 4172 3227 4246 imprecationibus
3266 4184 3321 4233 et
3349 4179 3578 4235 anathe-

1995 4269 2127 4325 mali
2156 4267 2499 4323 Christianos
2521 4266 2839 4337 subjiciunt.

293 4367 401 4421 τοῦ
461 4368 753 4441 λεγομένου
806 4371 1151 4447 Μαρδοχαίου
1198 4372 1338 4427 κατά
1397 4372 1457 4425 τὸ
1512 4371 1727 4442 πρῶτον
1772 4365 2051 4422 Σάόόατον
2096 4360 2204 4416 τῶν
2251 4359 2653 4432 Χριστιανικῶν
2709 4363 3006 4432 νηστειῶν,
3057 4363 3151 4419 καὶ
3225 4359 3367 4433 ξύλῳ
3410 4361 3570 4433 δῆθεν

291 4457 397 4514 τὸν
433 4458 602 4529 Ἀμᾶν
648 4462 1089 4533 προσηλοῦντας,
1152 4459 1269 4522 εἶτα
1331 4462 1627 4534 μιγνύντας
1683 4458 1831 4530 αὐτῷ
1872 4456 1933 4509 τὸ
1984 4451 2220 4524 σταυροῦ
2264 4456 2521 4524 σημεῖον,
2571 4452 2665 4506 καὶ
2713 4456 3249 4523 συγκατακαίοντας,
3297 4456 3462 4528 ἀραῖς
3510 4474 3571 4509 τε

294 4553 591 4617 παντοίαις
647 4555 741 4607 καὶ
774 4553 1073 4627 ἀναθέματι
1103 4557 1227 4620 τοὺς
1254 4556 1618 4628 Χριστιανοὺς
1650 4550 2072 4610 ὑποϐάλλοντας-

390 4644 797 4716 Ἀναθεματίζω
842 4648 978 4720 πρὸς
1016 4652 1128 4713 τοῖς
1164 4650 1433 4716 παλαιοῖς,
1472 4646 1891 4721 Ἀρχιραϐδίτας
1925 4646 1968 4702 D

297 4738 409 4796 καὶ,
432 4737 559 4801 τοὺς
591 4737 747 4803 νέους
785 4737 896 4792 τῶν
942 4740 1206 4795 Ἰουδαίων
1237 4739 1746 4802 κακοδιδασκάλους,
1778 4736 1890 4791 Δά-

298 4827 474 4900 ζαρόν
531 4844 693 4898 φημι,
727 4827 817 4881 τὸν
849 4828 946 4900 τὴν
978 4828 1214 4901 ἄθεσμον
1248 4829 1436 4902 ἑορτὴν
1476 4829 1762 4901 ἐξευρόντα
1791 4827 1890 4897 τῆς

295 4917 605 4989 λεγομένης
630 4921 759 4992 παρ’
786 4906 968 4984 αὐτοῖς
990 4920 1401 4992 Μονοποδαρίας
1428 4921 1557 4991 (69),
1586 4922 1677 4974 καὶ
1704 4919 1890 4974 Ἠλίαν

295 5007 399 5061 τὸν
437 5010 647 5062 ἐκείνου
688 5008 829 5068 κατά
866 5010 965 5081 τὴν
1003 5010 1317 5069 δυσσέϐειαν
1353 5010 1453 5063 οὐκ
1485 5010 1759 5075 ἐλάττονα,
1795 5009 1891 5060 Βε-

297 5100 499 5169 νιαμίν
521 5118 582 5154 τε
615 5102 709 5155 καὶ
737 5102 1037 5166 Ζεϐεδαῖον,
1064 5103 1157 5156 καὶ
1201 5103 1517 5173 Ἀὀράμιον,
1548 5103 1643 5156 καὶ
1674 5102 1892 5174 Συμόά-

297 5209 444 5257 τιον,
480 5193 576 5247 καὶ
608 5195 734 5258 τοὺς
756 5195 999 5259 λοιπούς.
1030 5196 1140 5249 Καὶ
1174 5196 1267 5250 ἐπὶ
1298 5198 1429 5249 πᾶσι
1456 5196 1665 5260 τούτοις
1700 5196 1893 5250 ἀναθε-

304 5284 561 5356 ματίζω,
605 5286 700 5338 καὶ
752 5286 1238 5358 καταναθεματίζω
1281 5288 1373 5340 τὸν
1422 5287 1571 5359 παρὰ
1615 5288 1721 5341 τῶν
1767 5289 1896 5342 Ἰου-

295 5376 473 5432 δαίων
498 5377 945 5450 προσδοκώμενον
966 5378 1044 5443 Co;
1067 5379 1302 5449 Χριστὸν
1325 5378 1639 5432 ἐλεύσεσθαι
1661 5381 1893 5445 Μεσίανη,

300 5466 409 5527 εἴτ’
457 5464 549 5521 οῦν
592 5470 919 5542 εἰλημμένον
965 5471 1107 5542 (70).
1160 5471 1359 5542 μᾶλλον
1404 5472 1460 5526 δὲ
1505 5472 1889 5544 Ἀντίχριστον·

302 5559 405 5613 καὶ
452 5559 889 5632 ἀποτασσόμενος
930 5561 1078 5631 αύτῷ
1126 5563 1493 5639 συντάσσομαι
1539 5562 1617 5634 τῷ
1658 5562 1893 5644 ἀληθινῴ

385 5758 495 5904 (68;
524 5761 756 5829 Νασαμ.
789 5759 917 5828 Leg.
962 5761 1157 5833 Ἀσαμ.
1188 5762 1394 5821 Coras.

385 5830 473 5900 (69
522 5831 817 5889 Μονοποδ.
848 5830 1007 5889 Forte
1036 5832 1185 5904 quod
1209 5852 1373 5904 super

385 5830 495 5904 (69)
522 5831 817 5889 Μονοποδ.
848 5830 1007 5889 Forte
1036 5830 1185 5905 quod
1209 5852 1373 5908 super
1404 5853 1514 5893 uno
1547 5838 1685 5911 pede
1722 5839 1886 5895 Salta-

2076 4640 2141 4697 ιι.
2185 4637 2602 4696 Anathematizo
2641 4646 2839 4708 prwter
2887 4650 3133 4705 veteres,
3164 4640 3580 4698 Archirabbitas

1998 4747 2217 4807 quoque
2252 4739 2307 4786 et
2336 4745 2507 4785 novos
2535 4729 2847 4787 Judmorum
2880 4734 3053 4790 inalos
3089 4734 3377 4801 doctores;
3410 4734 3580 4789 Laza-

1999 4841 2144 4892 rum,
2173 4823 2417 4891 inquam,
2451 4819 2791 4877 inventorem
2841 4820 3037 4877 nefarii
3092 4822 3218 4878 festi
3258 4821 3405 4893 quod
3436 4823 3579 4893 apud

1999 4916 2127 4971 illos
2176 4913 2482 4988 appellatur
2528 4911 2947 4989 Monopodaria;
3004 4913 3132 4967 item
3182 4912 3354 4967 Etiam
3404 4912 3482 4966 illi
3522 4913 3583 4968 iit

2000 5009 2283 5080 impietate
2312 5006 2626 5066 nullatenus
2656 5005 2934 5061 cedentem
2962 5023 2985 5073 ί
3022 5005 3399 5075 Benjaminum
3432 5006 3580 5076 ραι-ἰν

1997 5108 2082 5157 ter
2128 5116 2191 5155 ac
2243 5098 2587 5163 Zebedaeum,
2634 5098 2987 5161 Abramium,
3036 5097 3411 5171 Symbatium,
3451 5097 3583 5152 reli-z

1997 5208 2267 5263 quosque.
2298 5191 2380 5246 Ad
2412 5192 2528 5246 llth
2564 5190 2745 5244 omnia
2798 5191 3085 5249 anathema
3115 5199 3168 5246 et
3196 5191 3579 5246 catanathema

1998 5286 2293 5356 pronuntio
2322 5284 2376 5338 in
2404 5299 2527 5339 cum
2561 5284 2654 5360 qui
2693 5297 2724 5336 a
2764 5280 2970 5339 Iudaeis
3013 5290 3302 5349 venturus,
3334 5290 3394 5337 ut
3416 5280 3577 5336 Clirio-

1995 5386 2115 5434 stus
2144 5385 2516 5449 exspectatur,
2550 5375 2803 5431 Messian:
2828 5391 2924 5430 seu
2958 5384 3204 5443 unctum,
3238 5376 3411 5447 magis
3440 5390 3578 5430 vero

1994 5471 2428 5527 Anti~Cbristum
2461 5489 2474 5525 :
2508 5476 2563 5524 ct
2603 5468 2928 5523 rcnuntians
2975 5470 3055 5533 ei,
3098 5484 3185 5522 me
3231 5467 3456 5524 confero
3505 5467 3583 5549 ad,

1995 5585 2184 5624 verum
2212 5573 2499 5639 solumque
2527 5566 2804 5626 Christum
2844 5582 2908 5621 ac
2940 5565 3131 5622 Deum.
3166 5564 3342 5623 Credo
3374 5568 3430 5623 in
3471 5564 3585 5626 Pa.

1993 5777 2137 5824 rent.
2162 5767 2270 5839 ,νει
2304 5783 2333 5822 a
2357 5767 2561 5839 Iliensis
2591 5767 2950 5839 monopodiis.
2979 5766 3055 5839 lo.

2066 5838 2178 5911 (70)
2204 5838 2595 5909 Ειῖημμὲνον.
2621 5837 3117 5912 ιρεξὴλειμμένον.
3141 5837 3215 5895 lo.
