4030 6342
469 348 602 425 1459

1342 360 1399 417 S.
1440 353 1830 415 CLEMENTIS
1865 352 1888 410 l
1922 351 2089 409 ROM.
2131 349 2334 411 PONT.
2374 349 2605 409 OPERA
2640 344 2868 413 DUBIA,

3582 342 3731 400 1460

469 489 628 542 trem,
661 475 857 532 Filium
894 482 948 531 et
990 472 1256 544 Spiritum
1278 480 1526 527 sanctum
1551 512 1566 536 ,
1598 477 1866 531 sanctam,
1900 479 2035 520 con-
2063 482 2076 528 Α

2165 464 2230 517 Lat
2266 459 2654 535 μόνῳΧριστῷ
2686 458 2779 513 καὶ
2808 456 2947 529 Θεῷ.
2972 452 3087 510 Καὶ
3121 452 3361 507 πιστεύω
3392 454 3472 517 είς
3504 453 3735 524 Πατέρα

466 570 887 628 substantialem
915 576 969 622 et
1012 565 1351 621 individuam
1381 562 1730 617 Trinitatem.
1763 558 2040 614 conﬁteor

465 662 903 722 lncarnationem
947 667 1000 714 et
1050 658 1118 713 ad
1162 658 1413 713 homines
1465 655 1758 709 adventum
1794 653 1960 707 unius
2011 667 2042 707 e

466 765 657 814 sancta
696 752 987 819 Trinitate,
1030 751 1239 808 scilicet
1294 748 1416 803 Filii
1472 748 1739 819 unigeniti
1788 761 1852 800 ac
1877 745 2041 808 Verbi

466 850 584 915 Dei,
617 865 647 901 a
694 846 856 901 Patre
900 854 1027 901 ante
1076 844 1256 898 omnia
1289 842 1489 899 sazcula
1540 840 1732 912 geniti,
1763 854 1857 910 per
1881 853 2043 908 quem

467 944 649 1001 omnia
685 943 995 996 factasunt
1030 953 1192 992 zeum
1230 935 1396 991 credo
1435 949 1559 989 esse
1606 929 1859 988 MeSsiam
1888 930 1981 1000 qui
2011 944 2041 983 a

468 1039 608 1111 Lege
630 1044 684 1093 et
714 1035 994 1107 prophetis
1023 1032 1317 1104 prazdictus
1348 1028 1484 1091 fuit;
1520 1034 1842 1096 certumque
1872 1024 2045 1078 habeo

468 1131 614 1204 quod
640 1131 752 1199 jam
784 1128 837 1181 in
874 1135 1073 1181 terram
1105 1123 1318 1180 venerit
1359 1128 1580 1192 propter
1623 1118 1846 1174 humani
1884 1132 2047 1187 gene-

468 1226 547 1281 ris
576 1225 807 1280 salutem
831 1240 845 1287 ;
870 1218 1017 1290 quod
1043 1233 1170 1273 vere
1199 1216 1379 1271 factus
1411 1214 1481 1270 sit
1515 1214 1701 1276 homo,
1734 1224 1835 1265 nec
1864 1217 2047 1271 tamen

468 1334 499 1373 a
548 1315 769 1388 propria
816 1312 1101 1367 divinitate
1151 1307 1483 1373 excesserit;
1536 1303 1682 1375 quod
1727 1303 1869 1358 idem
1921 1316 2047 1356 vere

470 1410 615 1465 Deus
646 1409 737 1472 sit,
776 1422 837 1460 ac
867 1420 994 1459 vere
1023 1404 1209 1467 homo,
1244 1401 1451 1469 absque
1490 1396 1833 1459 confusione,
1869 1403 2048 1451 muta-

471 1503 618 1556 tione
655 1508 708 1554 et
737 1496 1079 1557 alteratione,
1119 1494 1174 1547 in
1217 1507 1326 1548 una
1361 1504 1593 1561 persona
1625 1498 1678 1543 et
1708 1487 1925 1543 duabus
1951 1500 2048 1539 na-

470 1594 648 1659 turis;
692 1590 948 1661 quodque
995 1594 1191 1657 sponte
1240 1594 1440 1639 cuncta
1497 1597 1692 1653 passus
1741 1579 1937 1643 fuerit,
1996 1584 2050 1633 et

471 1701 637 1740 carne
666 1682 984 1745 cruciﬁxus,
1008 1678 1294 1734 divinitate
1324 1674 1643 1745 impassibili
1674 1678 2047 1744 permanente,

473 1777 718 1847 sepultus
747 1775 930 1838 fuerit,
961 1788 1025 1826 ac
1056 1771 1214 1824 tertia
1238 1768 1328 1822 die
1358 1766 1739 1829 resurrexerit,
1774 1773 1962 1834 postea
1995 1763 2050 1817 in

473 1869 672 1923 cmlum
701 1866 1029 1927 ascenderit,
1063 1870 1435 1929 venturasque
1463 1860 1534 1913 sit
1567 1858 1620 1911 in
1651 1857 1846 1928 gloria,
1876 1863 1937 1910 ut
1961 1855 2053 1924 ju-

474 1960 619 2015 dicet
651 1960 801 2014 vivos
828 1968 881 2013 et
902 1967 1169 2012 mortuos.
1202 1953 1378 2009 Credo
1409 1969 1473 2007 ac
1500 1951 1776 2022 proﬁteor,
1807 1956 2053 2012 sanctam

474 2052 739 2120 virginem
769 2050 1018 2114 Mariam,
1050 2064 1170 2119 quae
1196 2046 1497 2102 secundum
1524 2058 1745 2102 carnem
1775 2042 1928 2096 illum
1962 2056 2057 2111 pe»-

475 2144 639 2215 perit,
670 2150 726 2197 et
756 2149 879 2211 post
909 2148 1125 2211 partum
1158 2140 1311 2210 virgo
1342 2136 1661 2209 permansit,
1689 2150 1814 2190 vere
1839 2149 1903 2188 ac
1929 2149 2057 2203 pro-

477 2239 593 2309 prie
634 2251 756 2291 esse
804 2234 899 2289 Dei
942 2233 1288 2305 genitricem,
1335 2244 1566 2300 eamque
1602 2241 1835 2283 veneror
1875 2232 1929 2279 et
1956 2225 2058 2280 ho—

477 2345 614 2385 noro
637 2337 895 2399 tanquam
944 2342 1070 2381 vere
1112 2332 1338 2386 matrem
1381 2323 1474 2377 Dei
1506 2319 1803 2385 iucarnati,
1828 2316 2057 2388 ideoque

479 2421 751 2475 dominam
784 2426 838 2474 et
867 2419 1051 2474 heram
1083 2418 1140 2471 in
1166 2416 1345 2488 gratia
1376 2415 1573 2470 factam
1606 2413 1875 2476 universa:
1904 2424 2058 2466 crea-

479 2521 635 2568 turze.
655 2512 846 2566 Adhuc
864 2526 1056 2582 panem
1089 2518 1143 2565 et
1172 2510 1379 2571 vinum,
1399 2523 1519 2577 quae
1542 2503 1685 2575 apud
1712 2502 2058 2559 Christianos

480 2605 710 2676 mystice
740 2610 1156 2667 consecrantur,
1186 2598 1641 2672 quemadmodum
1665 2597 1727 2659 in.
1740 2595 1938 2650 divinis
1970 2608 2059 2656 sa.-

481 2699 591 2754 cris
627 2702 886 2760 sumunt,
919 2703 1104 2759 certus
1142 2709 1285 2759 sum,
1316 2691 1602 2755 conﬁteor,
1634 2686 1798 2743 credo
1824 2702 1946 2741 esse
1975 2701 2061 2740 re»

484 2804 612 2844 vera
662 2804 864 2857 curpus
908 2796 962 2843 et
1006 2785 1324 2855 sanguinem
1375 2781 1589 2837 Domini
1640 2779 1769 2835 Jesu
1816 2779 2057 2844 Christi,

485 2888 851 2935 transmutata
894 2894 989 2950 per
1036 2877 1276 2931 divinam
1318 2875 1466 2929 illius
1507 2872 1805 2944 potentiam
1849 2869 2062 2925 intelle-

484 2972 738 3027 ctualiter
783 2978 837 3025 et
876 2969 1224 3024 invisibiliter
1277 2982 1443 3037 super
1490 2981 1706 3021 omnem
1755 2964 2061 3025 naturalem

485 3063 893 3133 cogitationem,
922 3059 1379 3131 quemadmodum
1412 3058 1562 3113 solus
1590 3059 1707 3128 ipse
1736 3057 1923 3123 novit;
1954 3056 2063 3111 sic—

487 3170 594 3223 que
630 3169 733 3225 ego
770 3154 967 3209 horum
1016 3151 1335 3225 participem
1377 3166 1463 3205 me
1511 3148 1629 3204 fore
1677 3150 1967 3212 assentior,
2001 3155 2062 3204 ut

485 3261 615 3301 vere
638 3261 706 3300 ac
728 3261 924 3316 reapse
948 3244 1130 3298 carnis
1159 3250 1213 3297 et
1243 3241 1526 3312 sanguinis
1569 3240 1738 3302 illius,
1766 3248 1819 3295 et
1851 3240 1906 3293 in
1936 3253 2059 3298 san-

489 3340 733 3397 ctitatem
763 3341 958 3393 anima:
989 3347 1043 3400 et
1072 3337 1341 3407 corporis,
1378 3337 1651 3405 vitamque
1679 3344 1959 3403 aeternam,
2002 3347 2067 3387 ac

488 3449 717 3505 regnum
767 3433 1031 3491 caelorum
1084 3439 1245 3500 atque
1306 3429 1677 3492 haereditatem
1729 3442 1917 3482 eorum
1972 3424 2066 3496 qui

491 3532 737 3590 sumunt,
769 3525 812 3579 si
847 3525 901 3578 in
939 3522 1041 3577 ﬁde
1071 3521 1308 3592 perfecta
1338 3520 1766 3577 communicent.
1805 3517 2066 3581 Sanctum

490 3625 751 3688 praeterea
794 3614 997 3671 Christi
1040 3614 1345 3683 baptisma,
1403 3628 1473 3675 ex
1533 3627 1671 3681 puro
1729 3610 2068 3679 candidoque

491 3711 677 3765 animo
722 3718 776 3769 et
818 3707 1003 3772 corde,
1058 3706 1271 3776 ﬁdeque
1320 3705 1535 3759 sincera
1574 3703 1822 3773 accipere
1862 3702 2065 3772 ﬂagito,

494 3802 655 3872 plene
685 3813 983 3870 persuasus
1027 3797 1160 3851 illud
1193 3811 1318 3851 vere
1366 3809 1489 3851 esse
1541 3780 1919 3848 lustrationem
1949 3806 2069 3862 quae

494 3899 675 3946 mente
727 3889 1061 3964 percipitur,
1116 3894 1172 3951 et
1232 3886 1699 3959 regenerationem
1760 3884 1953 3948 animae
2015 3889 2069 3936 et

494 3996 765 4051 corporis.

566 4238 653 4296 Ill.
689 4238 754 4293 Et
780 4253 909 4293 vero
938 4238 1089 4293 cultu
1121 4237 1339 4308 dignam
1390 4249 1611 4295 crucem
1663 4230 1906 4303 ejusdem
1957 4230 2071 4294 veri

497 4333 701 4390 Christi
732 4331 933 4400 Deique
963 4329 1159 4395 nostri,
1210 4328 1359 4383 velut
1390 4343 1497 4382 non
1544 4326 1778 4397 amplius
1818 4322 2071 4385 interitus

499 4444 563 4484 ac
592 4425 867 4483 maledicti
894 4424 1345 4486 instrumentum,
1389 4419 1485 4476 sed
1530 4418 1801 4474 libertatis
1842 4418 2072 4487 vitaeque

2143 557 2238 619 καὶ
2270 556 2395 609 Υἱὸν
2418 556 2513 617 καὶ
2542 554 2700 622 ἅγιον
2731 549 2982 621 Πνεῦμα,
3006 547 3105 619 τὴν
3126 548 3288 615 ἁγίαν
3314 548 3409 600 καῖ
3437 545 3734 616 ὁμοούσιον

2143 647 2237 699 καὶ
2282 643 2578 715 ἀχώριστον
2609 641 2835 713 Τριάδα.
2878 640 2990 692 Καὶ
3030 637 3127 709 τὴν
3170 639 3481 710 Ἐνσαρκον
3525 639 3737 699 οἰκονο-

2146 738 2295 808 μίαν,
2323 735 2416 790 καὶ
2452 732 2586 804 πρὸς
2626 730 2946 803 ἀνθρώπους
2980 728 3265 801 ἐπιδημίαν
3302 725 3591 799 ὁμολογῶν
3636 725 3733 780 τοῦ

2141 828 2240 898 τῆς
2280 826 2439 897 ἁγίας
2471 824 2697 896 Τριάδος
2738 823 2895 887 ἐνὸς,
2934 820 3027 874 τοῦ
3082 819 3401 892 μονογενοῦς
3448 818 3589 871 Υἱοῦ
3641 820 3736 873 καὶ

2144 920 2317 989 Λόγου
2360 918 2455 979 τοῦ
2494 917 2650 983 Θεοῦ,
2686 915 2785 976 τοῦ
2823 918 2887 968 ὲκ
2932 912 3144 985 Πατρὸς
3189 911 3293 984 πρὸ
3345 913 3573 965 πάντων
3624 910 3737 967 τῶν

2144 1009 2353 1067 αἰώνων
2384 1009 2751 1083 γεννηθέντος,
2784 1006 2851 1061 δι’
2883 998 2945 1069 οῦ
2976 1005 3053 1069 τά,
3079 1003 3257 1059 πάντα
3293 1003 3539 1071 ἐγένετο,

2147 1102 2410 1175 ὑπάρχειν
2453 1102 2697 1158 πιστεύω,
2748 1101 2840 1155 τὸν
2894 1096 3045 1169 παρὰ
3096 1094 3190 1150 τοῦ
3244 1096 3413 1167 νόμου
3464 1095 3566 1149 καὶ
3618 1094 3733 1148 τῶν

2147 1191 2442 1266 προφητῶν
2475 1191 2924 1264 προκηρυχθέντα
2950 1191 3183 1247 Μεσίαν·
3207 1187 3277 1241 ὃν,
3299 1186 3395 1250 καὶ
3424 1186 3522 1257 ῆδη
3551 1185 3741 1240 ἐλθεῖν

2148 1287 2240 1339 ἐπὶ
2268 1285 2371 1356 γῆς
2403 1282 2881 1362 πληροφοροῦμαι,
2919 1281 3006 1336 διά
3048 1281 3146 1356 τὴν
3187 1279 3451 1351 σωτηρίαν
3484 1278 3582 1331 τοῦ
3633 1280 3741 1332 ἀνι-

2149 1376 2418 1449 θρωπίνου
2451 1377 2659 1453 γένους,
2708 1376 2803 1439 καὶ
2850 1374 3102 1445 γενέσθαι
3153 1371 3297 1436 κατὰ
3342 1370 3590 1441 ἀλήθειαν
3629 1373 3739 1425 ἄν·-

2150 1470 2385 1542 θρωπον,
2419 1468 2493 1540 μὴ
2539 1469 2805 1535 ἐκστάντα
2849 1468 2949 1543 τῆς
2978 1465 3185 1529 οἰκείας
3216 1463 3478 1534 θεότητος,
3510 1466 3607 1516 καὶ
3641 1461 3743 1516 εἶ-.

2150 1579 2245 1629 ναι,
2268 1562 2359 1616 τὸν
2404 1562 2564 1617 αὐτὸν
2597 1560 2727 1615 Θεὸν
2769 1559 3005 1631 ἀληθῶς,
3038 1558 3134 1613 καὶ
3173 1556 3460 1629 ἄνθρωπον
3488 1556 3732 1625 ἀληθῶς,

2150 1655 2488 1727 ἀσυγχύτως,
2506 1654 2794 1726 ἀτρέπτως
2824 1652 2920 1707 καὶ
2944 1650 3339 1715 ἀναλλοιώτως,
3358 1652 3422 1703 ὲν
3440 1648 3741 1701 ύποστάσει

2156 1746 2253 1821 μιᾷ
2281 1745 2373 1798 καὶ
2398 1742 2785 1814 δυσιφύσεσιν,
2815 1741 3076 1805 ἑκουσίως
3101 1758 3161 1794 τε
3191 1742 3370 1799 πάντα
3391 1738 3611 1801 παθεῖν,
3639 1735 3741 1789 καὶ

2156 1836 2531 1910 σταυρωθῆναι
2559 1837 2744 1908 σαρκὶ,
2763 1837 2864 1907 τῆς
2892 1835 3142 1905 θεότητος
3162 1831 3421 1897 ἀπαθοῦς,
3448 1830 3742 1901 μεινάσης,

2158 1930 2252 1993 καὶ
2275 1928 2527 1999 ταφῆναι,
2552 1928 2646 1987 καὶ
2666 1929 2971 1999 τριήμερον
2986 1924 3305 1995 ἀναστῆναι,
3328 1921 3424 1976 καὶ
3454 1921 3541 1985 είς
3576 1920 3744 1991 οὐρα-

2157 2026 2280 2088 νοὺς
2307 2021 2678 2093 ἀναληφθῆναι
2698 2060 2718 2084 ,_
2743 2022 2837 2075 καὶ
2858 2019 3013 2090 ἥξειν.
3036 2021 3093 2071 ὲν
3114 2017 3245 2091 δόξῃ
3270 2016 3537 2087 μέλλοντα
3563 2016 3747 2085 κρῖναι

2159 2114 2367 2183 ζῶντας
2404 2115 2497 2168 καὶ
2524 2113 2770 2186 νεκρούς
2810 2113 2905 2177 καὶ
2926 2111 3023 2187 τὴν
3056 2110 3195 2165 κατά
3225 2096 3401 2182 σάρκα
3430 2108 3635 2162 τοῦτον
3662 2124 3747 2159 τε-

2158 2204 2359 2261 κοῦσαν
2390 2204 2551 2272 ἁγίαν
2583 2202 2849 2276 παρθένον
2879 2200 3123 2272 Μαρίαν,
3157 2200 3251 2263 καὶ
3293 2198 3565 2269 μείνασαν
3604 2195 3743 2266 μετά

2158 2297 2314 2351 τόκον
2358 2295 2645 2368 παρθένον,
2695 2294 2900 2367 κυρίως
2956 2292 3051 2348 καὶ
3081 2290 3294 2362 ἀληθῶς
3326 2289 3606 2342 Θεατόκον
3658 2288 3749 2341 καὶ

2159 2395 2400 2460 πιστεύω
2439 2396 2535 2451 καὶ
2572 2394 2748 2465 λέγω,
2801 2394 2897 2448 καὶ
2925 2393 3001 2459 ὡς
3033 2390 3174 2446 κατά
3219 2390 3481 2461 ἀλήθειαν
3536 2388 3751 2458 μητέρα

2160 2489 2294 2558 Θεοῦ
2320 2487 2837 2562 ὲνανθρωπήσαντος
2866 2484 2961 2540 καὶ⁵
2987 2484 3074 2538 δτά
3106 2482 3263 2536 τοῦτο
3303 2481 3506 2552 κυρίαν
3539 2480 3639 2534 καὶ
3666 2479 3750 2532 δέ-

2163 2596 2387 2634 σποιναν
2419 2581 2477 2633 ὲν
2521 2578 2700 2649 χάριτι
2744 2572 3117 2644 γεγενημένην
3154 2572 3338 2640 πάσης
3373 2570 3477 2640 τῆς
3517 2569 3748 2629 κτίσεως

2161 2668 2449 2741 προσκυνῶ
2483 2669 2577 2732 καὶ
2601 2666 2768 2741 τιμῶ.
2799 2666 2910 2731 Καὶ
2941 2663 3032 2717 τὸν
3064 2661 3215 2734 παρά
3256 2662 3611 2733 Χριπιανοίς
3648 2676 3750 2728 μυ·

2164 2763 2363 2827 στικῶς
2403 2763 2546 2833 ἱερου
2556 2759 2683 2834 ργού
2693 2776 2849 2831 μενον
2893 2756 3054 2830 ἄρτον
3095 2755 3191 2810 καὶ
3234 2752 3324 2807 τὸν
3374 2748 3540 2817 οἶνον,
3575 2750 3652 2813 ὡς
3690 2754 3748 2803 ὲν

2161 2859 2281 2921 ταῖς
2314 2855 2486 2921 θείαις
2516 2854 2760 2919 τελεταῖς
2791 2849 3293 2923 μεταλαμϐάνουσι,
3328 2845 3613 2915 πείθομαι,
3650 2842 3746 2897 καὶ

2161 2948 2429 3021 ὁμολογῶ,
2450 2948 2545 3002 καὶ
2568 2944 2829 3009 πιστεύω,
2848 2943 3013 3014 σῶμα
3032 2941 3137 3008 καὶ,
3159 2935 3293 3012 αἷμα
3315 2937 3451 2992 κατά
3476 2936 3742 3007 ἀλήθειαν

2164 3039 2301 3107 εἶναι
2330 3042 2426 3096 τοῦ
2457 3040 2664 3113 Κυρίου
2704 3037 2880 3109 Ἰησοῦ
2909 3034 3170 3108 Χριστοῦ,
3203 3031 3634 3105 μεταϐαλλόμενα
3664 3031 3740 3100 τῇ

2166 3135 2373 3191 ἐκείνου
2407 3133 2559 3204 θεῖκῇ
2592 3130 2817 3202 δυνάμει
2860 3126 3060 3199 νοερῶς
3090 3142 3151 3180 τε
3194 3125 3289 3179 καὶ
3324 3122 3565 3194 ἀοράτως
3595 3120 3746 3198 ὑπὲρ

2168 3228 2346 3281 πᾶσαν
2388 3224 2621 3296 φυσικὴν
2661 3222 2891 3286 ἔννοιαν,
2941 3219 3017 3284 ὡς
3055 3214 3165 3271 οἶδε
3213 3216 3374 3288 μόνος
3418 3214 3616 3276 αὐτός’
3653 3212 3752 3266 καὶ

2165 3320 2309 3373 οὕτω
2363 3318 2518 3386 κάγὼ
2565 3312 2977 3387 μεταλήψεσθαι
3022 3310 3229 3365 τούτων
3282 3307 3625 3377 συντίθεμαι,
3672 3305 3750 3368 ὡς

2167 3410 2307 3465 κατά
2330 3390 2587 3481 ἀλήθειαν
2616 3406 2783 3468 ὅντως
2824 3402 3025 3474 σαρκός
3054 3418 3115 3455 τι
3162 3398 3247 3452 καὶ
3278 3397 3511 3468 αἵματος
3558 3392 3749 3457 αὑτοῦ,

2167 3504 2262 3557 καὶ
2304 3505 2383 3566 είς
2418 3498 2691 3570 ἀγιασμδν
2726 3496 2905 3571 ψυχῆς
2939 3512 3000 3548 τε
3042 3493 3134 3547 καὶ
3167 3495 3445 3562 σώματος,
3480 3488 3575 3541 καὶ
3603 3486 3756 3557 ζωὴν

2168 3591 2403 3656 αἰώνιον,
2449 3589 2543 3643 καὶ
2592 3586 2863 3660 βασιλείαν
2903 3582 3142 3656 οὐρανῶν
3185 3579 3556 3652 κληρονομίαν
3596 3593 3759 3649 μετα-

2168 3680 2613 3754 λαμϐανομένων,
2655 3680 2769 3742 τοῖς
2808 3676 2986 3739 αὐτῶν
3036 3674 3094 3726 ὲν
3140 3671 3321 3724 πίστει
3374 3668 3565 3739 τελείᾳ
3600 3666 3758 3737 μετέ-

2170 3793 2341 3849 χουσι.
2373 3774 2483 3828 Καὶ⁷
2512 3773 2575 3825 τὸ
2605 3771 2759 3840 ἂγιον
2810 3768 2904 3822 τοῦ
2951 3764 3189 3839 Χριστοῦ
3241 3762 3569 3833 βάπτισμα,
3624 3757 3760 3829 μετά

2170 3868 2415 3939 καθαρᾶς
2447 3866 2541 3920 καὶ
2566 3864 2753 3918 ἀδόλου
2784 3861 2962 3933 ψυχῆς
3004 3858 3099 3912 καὶ
3130 3856 3382 3928 καρδίας,
3422 3854 3667 3915 πίστεως
3689 3852 3763 3903 εί·

2168 3958 2443 4032 λικρινοῦς
2470 3955 2712 4026 ἐπιζητῶ
2750 3952 3028 4021 δέξασθαι,
3069 3945 3593 4024 πληροφορούμενος
3632 3943 3762 4012 ἀλη-

2172 4051 2279 4116 θῶς
2326 4049 2589 4121 κάθαρσιν
2638 4046 2769 4101 αύτὸ
2820 4043 3016 4116 νοητὴν
3069 4036 3229 4106 εἶναι,
3258 4040 3353 4104 καὶ
3397 4037 3764 4107 ἀναγέννησιν

2169 4145 2345 4217 ψυχῆς
2376 4160 2436 4196 τε
2464 4143 2558 4196 καὶ
2582 4139 2851 4212 σώματος.

2241 4237 2353 4290 Kal.
2382 4234 2474 4289 τὸν
2503 4233 2794 4304 σεϐάσμιον
2824 4230 2880 4283 δὲ
2907 4227 3142 4300 σταυρὸν
3178 4223 3272 4277 τοῦ
3302 4221 3472 4287 αὐτοῦ
3498 4220 3763 4292 ἀληθινοῦ

2173 4326 2407 4402 Χριστοῦ
2440 4326 2538 4389 καὶ
2558 4324 2693 4387 Θεοῦ
2723 4320 2882 4395 ἡμῶν
2913 4320 2989 4384 ὡς
3020 4322 3121 4373 οὐκ
3154 4316 3233 4369 ἔτι
3259 4314 3465 4384 φθορᾶς
3493 4314 3597 4367 καὶ
3624 4312 3766 4384 ἀρᾶς

2173 4419 2422 4491 δργανον,
2456 4414 2570 4470 ἀλλ’
2604 4411 2918 4484 ἐλευθερίας
2951 4410 3046 4464 καὶ
3077 4408 3223 4479 ζωῆς
3262 4406 3510 4469 αἰωνίου,
3535 4402 3636 4457 καὶ
3667 4421 3770 4483 σητ

498 4527 793 4590 perpetuae,
822 4517 1145 4589 signumque
1182 4514 1425 4569 victoria:
1466 4512 1727 4568 adversus
1758 4519 1987 4566 mortem
2016 4517 2072 4573 et

2179 4515 2327 4584 μεῖον
2358 4510 2459 4581 τῆς
2491 4506 2633 4562 κατὰ
2654 4505 2750 4559 τοῦ
2781 4505 3012 4559 θανάτου
3050 4503 3145 4557 καὶ
3173 4500 3268 4554 τοῦ
3293 4498 3544 4553 διαϐόλου
3575 4498 3767 4566 νίκηςο

500 4612 780 4667 diabolum
807 4620 1008 4681 partae;
1042 4617 1204 4678 atque
1232 4607 1411 4667 adhuc
1439 4604 1778 4661 vcnerandas
1810 4602 2074 4674 imagines

500 4714 617 4758 tum
657 4702 959 4774 praesentia:
1000 4700 1094 4756 Dei
1140 4699 1301 4755 Verbi
1340 4698 1641 4754 secundum
1682 4712 1899 4757 carnem
1932 4695 2075 4760 inter

500 4795 771 4860 homines,
822 4802 937 4847 tum
985 4792 1290 4863 purissima:
1333 4792 1558 4862 virginis
1590 4786 1681 4844 Dei
1734 4787 1921 4847 Matris
1956 4802 2076 4857 qua:

503 4885 847 4943 ineil‘abiliter
877 4901 999 4940 eum
1030 4885 1237 4962 genuit,
1262 4893 1374 4938 tum
1396 4884 1704 4945 divinorum
1735 4880 2072 4951 angelorum,

503 4985 620 5033 tum
651 4976 883 5047 denique
913 4984 1228 5032 sanctorum
1262 4974 1504 5037 omnium
1525 5016 1539 5040 ,
1575 4972 1810 5043 recipio,
1843 4970 2075 5036 honoro,

504 5067 804 5139 amplector
850 5067 998 5122 velut
1044 5065 1293 5137 symbola
1325 5072 1380 5123 et
1422 5063 1627 5119 indicia
1666 5071 2077 5134 prototyporum

501 5176 603 5216 seu
651 5158 1081 5231 exemplarium:
1118 5157 1266 5228 ipsos
1319 5163 1502 5215 autem
1567 5170 1755 5215 sacros
1819 5155 2076 5225 angelos,

505 5266 807 5321 omnesque
837 5259 1075 5311 sanctos,
1100 5264 1208 5303 non
1236 5248 1412 5309 solum
1445 5245 1700 5315 antiquos
1740 5252 1922 5314 patres
1954 5260 2077 5299 cum

506 5343 805 5417 prophetis,
837 5342 931 5398 sed
960 5350 1014 5396 et
1039 5341 1314 5417 apostolos
1334 5379 1349 5403 ,
1382 5344 1652 5408 martyres
1673 5378 1686 5402 ,
1711 5335 2076 5401 confessores,

506 5436 791 5498 doctores,
842 5441 1095 5498 sanctos,
1146 5432 1273 5485 item
1316 5444 1506 5486 omnes
1555 5428 1778 5490 omnino
1827 5429 1920 5499 qui
1966 5429 2079 5498 jam

508 5539 630 5585 orto
673 5526 895 5583 Christo
933 5527 1287 5598 placuerunt,
1324 5508 1583 5593 tanquam
1617 5523 1761 5577 illius
1795 5537 1981 5577 servos
2016 5536 2080 5576 ac

511 5619 699 5675 ﬁdeles
729 5619 965 5675 famulos
996 5619 1226 5682 honoro,
1270 5632 1522 5681 veneror,
1568 5627 1789 5688 propter
1817 5618 2081 5671 honorem

512 5716 590 5769 illi
619 5715 885 5772 debitum.
919 5714 986 5769 Et
1026 5716 1102 5769 ita
1148 5730 1215 5768 ex
1256 5720 1369 5766 toto
1409 5713 1593 5766 animo
1621 5720 1674 5767 et
1700 5710 1892 5776 corde,
1922 5724 2081 5764 vero-

511 5822 619 5883 que
650 5806 930 5881 proposito
958 5806 1116 5862 venio
1147 5805 1211 5861 ad
1238 5805 1395 5861 ﬁdem
1429 5804 1887 5863 Christianorum.
1922 5799 2080 5869 Quod

2175 4590 2254 4659 ἔτι
2276 4602 2332 4656 δὲ
2362 4602 2457 4655 καὶ
2485 4599 2583 4664 τάς
2617 4597 2947 4669 σεϐασμίους
2969 4595 3176 4657 εἰκόνας
3204 4592 3306 4664 τῆς
3324 4609 3381 4644 τε
3410 4588 3560 4644 κατά
3584 4589 3773 4658 σάρκα

2175 4694 2310 4765 πρὸς
2335 4691 2649 4766 ἀνθρώπους
2682 4689 2999 4759 ἐπιφανείας
3024 4687 3118 4741 τοῦ
3147 4685 3281 4739 Θεοῦ
3310 4684 3506 4753 Λόγου,
3538 4683 3635 4735 καὶ
3669 4683 3774 4752 τῆς

2176 4789 2465 4861 ἀφράστως
2490 4785 2648 4839 αὑτὸν
2673 4782 2937 4853 τεκούσης
2976 4780 3147 4850 ἁγνῆς
3189 4778 3461 4849 παρθένου
3498 4776 3601 4829 καὶ
3630 4774 3773 4826 Θεο-

2181 4881 2429 4953 μήτορος,
2453 4878 2548 4939 καὶ
2582 4875 2691 4935 τῶν
2726 4871 2971 4927 θεοειδῶν
3004 4871 3274 4940 ἀγγέλων,
3311 4869 3405 4921 καὶ
3450 4868 3568 4919 τῶν
3595 4866 3775 4933 ἁγίων

2179 4972 2450 5037 ἁπάντων,
2484 4968 2559 5032 ὡς
2594 4965 2833 5038 σύμϐολα
2860 4965 2968 5018 τῶν
3001 4961 3373 5035 πρωτοτύπων
3408 4959 3505 5013 καὶ
3535 4958 3774 5029 δέχομαι

2179 5062 2272 5117 καὶ
2302 5059 2444 5131 τιμῶ
2475 5058 2570 5113 καὶ
2596 5057 2928 5133 ἀσπάζομαι·
2974 5053 3069 5108 καὶ
3102 5053 3298 5116 αὐτοὺς
3335 5051 3390 5104 δὲ
3419 5050 3550 5113 τοὺς
3585 5050 3774 5119 {spe-3.;

2179 5151 2440 5221 ἀγγέλους
2472 5150 2566 5203 καὶ
2589 5149 2713 5211 τοὺς
2746 5146 2934 5215 ἁγίους
2962 5142 3313 5210 ἅπαντας,ού
3344 5141 3507 5213 μόνον
3540 5143 3770 5213 προπάέ

2178 5262 2341 5317 τορας
2371 5244 2464 5296 καὶ
2497 5242 2802 5313 προφήτας,
2838 5236 2973 5303 ἀλλά
3000 5237 3096 5302 καὶ
3130 5234 3467 5300 ἀποστόλους
3496 5236 3597 5288 καὶ
3628 5236 3773 5306 μάρ-

2178 5354 2346 5410 τυρας
2396 5337 2489 5389 καὶ
2532 5332 2869 5406 ὁμολογητάς
2909 5330 3005 5395 καὶ
3045 5327 3393 5393 διδασκάλους
3438 5328 3533 5386 καὶ
3583 5328 3767 5391 ὁσίους

2181 5430 2274 5483 καὶ
2308 5428 2513 5491 πάντας
2542 5424 2731 5501 ἁπλῶς,
2757 5424 2884 5488 τοὺς
2920 5422 2998 5493 τῷ
3029 5422 3131 5493 ἢδη
3177 5420 3379 5474 ἐλθόντι
3408 5419 3639 5491 Χριστῷ
3675 5420 3763 5470 εύ-

2181 5519 2614 5591 αρεστήσαντας,
2634 5516 2708 5580 ὼς
2730 5515 2949 5578 δούλους
2974 5514 3186 5567 ἐκείνου
3219 5513 3313 5573 καὶ⁶
3341 5512 3571 5574 πιστοὺς
3604 5510 3761 5578 θερά-

2182 5627 2380 5674 ποντας
2414 5610 2558 5680 τιμῶ
2590 5608 2684 5662 καὶ
2716 5606 2943 5677 σέϐομαι
2963 5645 2977 5670 ,
3007 5603 3095 5658 διὰ
3134 5604 3233 5675 τὴν
3269 5602 3405 5674 πρὸς
3439 5605 3648 5655 ἐκεῖνον
3670 5615 3757 5650 τι-

2185 5706 2313 5777 μήν.
2360 5703 2471 5757 Καὶ
2520 5700 2695 5764 οὕτως
2736 5699 2797 5775 ἐξ
2841 5699 2970 5769 ὅλης
3017 5696 3195 5767 ψυχῆς
3238 5695 3333 5749 καί⁵
3386 5695 3613 5767 καρδίας
3664 5692 3760 5745 καὶ

2183 5795 2553 5875 προαιρέσεως
2593 5791 2846 5867 ἀληθοῦς,
2894 5788 3265 5869 πρησέρχομαι
3309 5788 3375 5860 τῇ
3420 5787 3602 5839 πίστει
3650 5783 3759 5845 τῶν
