4030 6342
296 367 436 424 N61
1397 358 1973 415 RECOGNITIONES.
2007 363 2073 398 —-‘-
2102 356 2466 414 APPENDIX.
3426 362 3564 419 1461

291 483 662 560 Χριστιανῶν,
697 461 846 536 Εἰδὲ
881 477 999 550 μεθ’
1031 476 1369 548 ὑποκρίσεως
1402 476 1496 527 καὶ
1518 474 1668 527 δόλου
1709 474 1867 528 ταῦτὸ

1987 474 2035 530 si
2066 490 2162 545 per
2189 475 2592 529 simulationem
2621 485 2674 530 et
2707 473 2890 530 dolum
2927 475 3030 529 ista
3060 474 3217 541 dico,
3244 493 3351 533 non
3380 492 3562 536 autem

291 597 466 651 φημι,
492 579 586 632 καὶ
611 577 711 630 οὐκ
732 577 797 628 ὲκ
829 572 1062 634 πίστεως
1095 568 1358 639 ὁλοψύχου
1404 567 1498 620 καὶ
1531 566 1758 638 καρδίας
1788 565 1867 618 ea»

1983 581 2049 621 ex
2103 567 2205 621 lide
2249 567 2419 621 totius
2452 566 2618 620 animi
2650 573 2806 628 teste,
2845 575 2899 621 et
2941 567 3106 624 corde
3144 568 3423 626 Christum
3466 573 3563 642 qui

287 673 398 745 ἤδη
429 671 652 726 ὲλθόντα
682 665 913 738 Χριστὸν
945 662 1268 733 ἀγαπώσης,
1298 659 1430 714 ἀλλά
1462 659 1550 714 διά
1579 676 1701 713 τινα
1735 659 1875 731 βίαν,

288 766 325 838 ἢ
358 767 628 836 ἀνάγκην,
656 763 686 833 ἦ
722 760 904 829 φόϐον,
942 759 975 830 ἢ
1010 759 1295 828 ἐπήρειαν,
1323 755 1355 826 ἢ
1381 754 1594 817 πενίαν,
1623 754 1654 825 ἢ
1696 752 1875 825 χρέος,

287 856 324 928 ἢ
365 856 620 927 ἔγκλημα
656 854 774 907 κατ’
814 849 947 922 ἐμοῦ
995 847 1338 919 κινούμενον,
1374 846 1406 916 ἢ
1453 845 1540 899 διά
1585 843 1748 914 τιμὴν
1789 860 1879 896 κο-

289 949 522 1020 σμικὴν,
549 949 580 1017 ἥ
615 944 930 1017 εὐεργεσίας
954 941 1128 1004 τινὰς,
1153 940 1186 1010 ἦ
1210 939 1312 1010 χρή
1324 955 1485 1009 ματα,
1514 936 1546 1007 ἢ
1582 935 1878 1006 πράγματα

285 1042 448 1112 παρά
498 1056 640 1102 τινος
688 1034 1114 1106 ὑπισχνούμενοι,
1159 1033 1192 1103 ἢ
1233 1031 1369 1095 ὅλως
1423 1028 1510 1082 διὰ
1561 1027 1876 1096 οἱανδήποτε

281 1128 583 1198 ὠφέλειαν,
626 1127 660 1198 ἢ
708 1123 1042 1197 προστασίαν
1085 1120 1472 1193 ἀνθρωπίνην,
1520 1117 1554 1186 ἢ
1587 1116 1655 1170 δι’
1690 1114 1804 1187 ἔριν
1842 1114 1876 1186 ἢ

279 1217 630 1288 φιλονεικίαν
688 1215 825 1288 πρός
874 1230 1023 1278 τινας
1071 1212 1369 1283 γενομένην
1415 1209 1526 1263 τῶν
1569 1207 1878 1280 ὁμοπίστων

279 1310 446 1380 ἐμοῦ,
485 1308 621 1381 ἢὼς
652 1305 967 1380 βουλόμενος
999 1302 1247 1358 ἐντεῦθεν
1273 1298 1581 1373 ἀμύνασθαι
1613 1300 1876 1371 Χριστια-

276 1405 408 1468 νοὺς
443 1404 523 1468 ὡς
556 1400 799 1472 ζηλωτὴς
829 1399 990 1470 δῆθεν
1018 1396 1114 1452 τοῦ
1138 1397 1328 1468 νόμου,
1357 1394 1391 1466 ἢ
1419 1395 1514 1448 καὶ
1546 1394 1676 1463 παρ’
1697 1390 1877 1445 αὐτῶν

279 1497 588 1568 ἀδικηθεὶς,
617 1494 742 1564 ἄρτι
776 1492 874 1564 μὲν
907 1489 1310 1563 σχηματίζομαι
1343 1485 1588 1556 γίνεσθαι
1621 1486 1878 1556 Χριστια-

278 1586 398 1651 voc,
426 1586 654 1656 ὕστερον
701 1583 756 1636 δὲ
801 1581 1013 1652 θελήσω
1063 1577 1442 1651 ἀρνήσασθαι,
1477 1577 1572 1629 καὶ
1611 1574 1748 1646 πρὸς
1778 1574 1878 1646 τὴν

1977 656 2091 725 jam
2143 656 2360 710 advenit
2413 656 2706 727 diligente;
2751 673 2938 712 verum
2993 667 3217 729 prepter
3269 662 3563 730 quamdam

1981 747 2111 811 vim,
2145 749 2550 810 necessitatem,
2575 757 2798 812 metum,
2833 750 3088 804 damnum
3111 791 3124 815 ,
3160 761 3557 822 paupertatem,

1981 835 2246 903 debitum,
2276 841 2681 895 accusationem
2707 841 2971 898 adversus
3003 859 3090 897 me
3133 853 3359 905 motam.
3386 860 3560 900 saecu-

1982 929 2149 985 larem
2181 932 2522 1002 dignitatem,
2554 933 2815 988 beneficia
2846 933 3090 1003 quzedam
3113 975 3128 998 ,
3158 934 3440 1004 pecunias,
3474 953 3564 993 res

1981 1037 2010 1076 a
2042 1020 2316 1094 quoquam
2363 1025 2699 1092 promissas;
2747 1033 2841 1078 aut
2884 1026 3044 1094 plane
3086 1027 3380 1095 cujuslibet
3414 1029 3566 1082 utili-

1979 1115 2110 1170 tatis
2136 1129 2290 1187 ergo,
2323 1116 2408 1171 vel
2451 1115 2677 1170 humani
2717 1117 2976 1186 prmsidii,
3008 1117 3092 1173 vel
3122 1119 3335 1175 dissidii
3369 1136 3564 1185 causa,

1979 1210 2064 1264 vel
2095 1209 2464 1266 contentionis
2495 1225 2620 1265 cum
2652 1211 2931 1267 nonnullis
2980 1210 3104 1268 ﬁdei
3151 1229 3285 1269 meae
3323 1214 3563 1271 homini-

1977 1299 2104 1367 bus,
2129 1308 2223 1355 aut
2249 1301 2408 1372 quasi
2431 1301 2622 1356 volens
2644 1301 2775 1356 hinc
2805 1303 3065 1360 ultionem
3093 1318 3291 1375 capere
3312 1306 3380 1361 de
3399 1305 3565 1362 Chri-

1980 1393 2212 1457 stianis,
2255 1403 2516 1465 tanquam
2562 1393 2814 1449 videlicet
2893 1395 3030 1467 legis
3076 1398 3401 1462 azmulator,
3446 1401 3564 1456 sive

1978 1493 2032 1540 et
2074 1485 2141 1538 ab
2184 1484 2320 1553 ipsis
2372 1483 2629 1552 injuriam
2671 1493 2903 1553 passus,
2947 1500 3094 1540 nunc
3142 1485 3360 1556 quidem
3416 1488 3562 1562 ﬁngo

1978 1574 2323 1630 Christianus
2375 1574 2514 1640 fieri,
2561 1576 2788 1646 posthac
2833 1584 3014 1631 autem
3061 1591 3262 1649 negare
3311 1581 3558 1648 voluero,

296 1665 607 1746 Ἰουδαῖκὴν
652 1670 990 1744 ὑποστρέψαι
1022 1669 1184 1724 πάλιν
1217 1667 1516 1740 θρησκείαν
1538 1706 1554 1732 ,
1596 1665 1632 1736 ἢ·
1669 1662 1867 1738 εὑρεθῶ

1978 1665 2288 1734 iterumque
2313 1663 2382 1719 ad
2407 1662 2694 1722 Iudaicam
2736 1666 3058 1737 religionem
3092 1671 3314 1734 reverti,
3345 1672 3427 1727 vel
3474 1673 3561 1727 in-

285 1764 586 1820 συνεσθίων
615 1767 730 1827 τοῖς
777 1761 1071 1826 Ἰουδαίοις,
1109 1762 1143 1833 ἢ
1191 1757 1586 1830 συνεορτάςων,
1616 1755 1651 1826 ἢ
1685 1771 1867 1825 συννη-

1979 1761 2177 1810 ventus
2209 1752 2381 1808 luero
2428 1770 2538 1808 una
2589 1769 2714 1810 cum
2761 1753 2969 1813 ludzeis
3014 1759 3370 1827 manducare,
3420 1760 3558 1818 festa

284 1858 520 1922 στεύων,
550 1858 582 1929 ἢ
611 1856 911 1928 συνομιλῶν
939 1855 1120 1918 αὐτοῖς
1140 1853 1337 1926 λάθρα,
1366 1852 1460 1908 καὶ
1494 1851 1583 1905 τὸν
1616 1851 1867 1921 Χριστια-

1978 1861 2258 1917 peragere,
2291 1846 2561 1916 jejunare,
2601 1847 2741 1902 clam
2785 1862 2910 1901 cum
2956 1847 3067 1901 illis
3096 1849 3358 1920 colloqui,
3392 1850 3556 1906 Chri-

280 1950 482 2021 νισμὸν
515 1948 844 2013 διαϐάλλων,
887 1948 920 2020 ἢ
966 1948 1103 2020 πρὸς
1147 1945 1247 2010 τὰς
1289 1942 1613 2013 συναγωγὰς
1655 1940 1867 2004 καὶτὰς

1980 1940 2326 2010 stianamque
2352 1938 2511 1994 fidem
2542 1938 2809 1995 infamare
2828 1979 2842 2003 ,
2880 1947 2976 1994 aut
3006 1941 3073 1995 ad
3101 1957 3288 1996 eorum
3309 1942 3557 2014 'synago-

283 2040 600 2114 προσευχὰς
631 2039 808 2095 αὐτῶν
833 2039 1028 2103 ἀπιὼν,
1063 2039 1156 2092 καὶ
1195 2036 1436 2094 ἀνανεῶν
1456 2035 1527 2106 ,ἢ
1563 2031 1867 2106 περιποιού-

1978 2044 2075 2100 gas
2108 2036 2161 2084 et
2191 2028 2526 2099 proseuchas
2563 2027 2841 2098 proﬁcisci
2867 2069 2882 2094 ,
2925 2043 3088 2085 easve
3120 2030 3430 2088 instaurare
3456 2049 3554 2089 seu

286 2151 456 2204 μενος
475 2133 696 2197 ταύτας,
725 2133 818 2186 καὶ
854 2133 974 2203 οὐχ).
1010 2131 1208 2203 μᾶλλον
1238 2126 1488 2199 φανερῶς
1518 2125 1726 2196 ἐλέγχω
1754 2123 1846 2176 τού

1977 2121 2178 2176 tutari:
2210 2128 2264 2176 ‘et
2306 2136 2416 2175 non
2449 2121 2632 2190 potius
2658 2120 2948 2192 praedictos
2989 2120 3206 2177 Judzcos
3253 2140 3554 2196 eorumque

279 2243 437 2291 τους,
470 2224 569 2288 τὰς
614 2224 816 2278 τούτων
863 2223 1122 2296 πράξεις,
1158 2221 1252 2274 καὶ
1297 2217 1474 2274 ἀθετῶ
1515 2214 1867 2287 τὴνματαίαν

1976 2218 2132 2264 actus
2180 2208 2358 2279 palam
2391 2208 2757 2278 reprehendo,
2782 2225 3090 2282 vanamque
3120 2212 3338 2269 illorum
3389 2217 3551 2272 lidem

279 2319 474 2372 πίστιν
495 2317 689 2373 αὐτῶνθ
708 2314 802 2369 νῦν
814 2315 1126 2388 μὲνέλθοιεν
1139 2312 1224 2367 ἐπ’
1246 2313 1347 2384 ἐμὲ
1371 2312 1539 2364 πᾶσαι
1562 2309 1620 2360 αἱ
1640 2307 1867 2378 κατᾶραι

1976 2301 2226 2372 improbo
2261 2316 2451 2356 :nunc
2482 2301 2703 2371 quidem
2749 2303 2971 2357 veniant
3023 2321 3188 2375 super
3229 2321 3317 2361 me
3359 2322 3558 2364 omnes

280 2413 354 2477 ἃς
380 2415 440 2465 ὲν
471 2411 550 2482 τῷ
573 2408 975 2481 Δευτερονομίῳ
999 2406 1205 2476 Μωσῆς
1243 2403 1467 2476 ἔγραψε,
1493 2400 1586 2455 καὶ
1611 2402 1638 2453 ὁ
1667 2398 1867 2469 τρόμος

278 2505 382 2558 τοῦ
414 2505 575 2566 Κάῖν,
605 2504 698 2556 καὶ
730 2507 762 2573 ἡ
793 2501 970 2569 λέπρα
996 2498 1091 2552 τοῦ
1124 2496 1308 2567 Γιεζῆ,
1337 2495 1474 2567 πρὸς
1506 2492 1584 2563 τῷ
1617 2491 1711 2545 καὶ
1747 2493 1867 2554 ταῖς

285 2597 502 2658 ποιναῖς
548 2593 656 2646 τῶν
702 2590 991 2646 πολιτικῶν
1031 2589 1210 2660 νόμων
1266 2584 1405 2640 εἶναί
1459 2601 1525 2655 με
1574 2581 1868 2635 ὑπεύθυνον

283 2687 701 2759 ἀπαραιτήτως,
749 2682 898 2736 me
921 2682 977 2735 δὲ
1014 2682 1113 2734 τὸν
1143 2679 1406 2751 μέλλοντα
1451 2674 1620 2728 αἰῶνα
1655 2672 1739 2742 εἴη
1778 2689 1867 2742 μοι

283 2779 536 2850 ἀνάθεμα
555 2779 647 2832 καὶ
669 2776 970 2845 κατάθεμα,
1005 2773 1098 2826 καὶ
1119 2774 1153 2843 ὴ
1174 2771 1318 2842 ψυχή
1351 2787 1451 2841 μου
1483 2765 1704 2838 ταχθείη
1731 2763 1866 2835 μετά

283 2871 383 2926 τοῦ
411 2873 623 2925 Σατανᾶ
653 2871 747 2924 καὶ
771 2867 878 2922 τῶν
901 2867 1188 2938 δαιμόνων.

1974 2394 2107 2450 dira:
2134 2410 2272 2465 quas
2325 2395 2380 2448 in
2433 2395 2850 2450 Deuteronomio
2903 2395 3082 2451 Moses
3130 2399 3386 2468 scripsit,
3420 2400 3548 2455 item

1973 2496 2178 2543 tremor
2207 2487 2402 2553 Caini,
2441 2496 2494 2543 et
2542 2489 2693 2559 lepra
2743 2487 2946 2550 Giezis.
2992 2490 3324 2562 insuperque
3369 2494 3550 2562 pmnis
3602 2481 3610 2490 ’

1972 2598 2110 2652 quas
2141 2586 2286 2653 leges
2323 2583 2511 2637 civiles
2545 2583 2867 2647 decernunt,
2905 2584 3008 2638 sim
3049 2584 3257 2655 absque
3300 2586 3409 2640 ulla
3452 2604 3550 2658 spe

1973 2675 2142 2731 venia:
2171 2657 2476 2741 obnoiius;
2508 2675 2563 2728 in
2597 2675 2782 2730 futuro
2834 2683 3016 2730 autem
3063 2679 3265 2732 sacculo
3306 2679 3377 2734 sit
3414 2657 3548 2734 mihi

1973 2765 2261 2820 anathema
2289 2773 2345 2821 et
2384 2766 2689 2820 catathema
2710 2807 2724 2825 .
2755 2767 3045 2838 animaque
3087 2784 3206 2823 mea
3251 2771 3550 2827 collocetur

1973 2873 2096 2913 cum
2131 2857 2334 2912 Sataua
2362 2865 2415 2912 et
2444 2855 2803 2912 danuonibus.

1278 3025 1370 3080 Ill.
1405 3022 1489 3078 Ad
1522 3021 1615 3078 lib.
1650 3037 1722 3086 Iv,
1755 3035 1870 3089 cap.
1898 3018 1968 3072 27
1997 3017 2082 3089 (er
2107 3016 2286 3072 eodem
2319 3015 2538 3085 codice).

296 3192 506 3268 "Ortiag-
527 3187 639 3258 χρὴ
684 3184 1120 3268 ἀναθεματίζειν
1147 3180 1448 3268 ἐγγράφως
1484 3177 1861 3268 otiosa}:

1967 3173 2079 3255 Quo
2108 3173 2259 3226 modo
2280 3170 2519 3252 Izwresint
2543 3173 2929 3268 aganislcriptis
2960 3182 3197 3268 oporteat
3231 3175 3544 3268 gnat/tema-

355 3250 582 3321 αλὺτῶῦξ
627 3250 773 3322 τοὺς
808 3250 924 3309 die
974 3250 1335 3326 ΜανίχάίωνΔ
1366 3250 1860 3326 προσίᾷντξιςωτῇ

354 3330 494 3397 ἁγίᾳ
524 3317 628 3382 τοῦ
672 3317 819 3380 Θεοῦ
851 3317 1274 3392 καθο.ῑικῇ’κ(ιὶ
1306 3317 1680 3384 ἀποστολικτῇ
1731 3317 1861 3370 Ἐκ-

353 3401 608 3466 adquia.

365 3511 773 3582 ’Λναθεματίζω
818 3511 1067 3564 Μάνεντα
1117 3506 1209 3558 τὸν
1273 3506 1367 3558 καὶ
1415 3503 1716 3572 Μανιχαῖον
1768 3499 1862 3552 καὶ

274 3603 611 3676 Κούϐρικον,
646 3603 704 3666 ὃς
736 3601 1030 3671 ἐτόλμησεν
1063 3597 1250 3652 ἑαυτὸν
1285 3593 1636 3664 Παράκλητον
1667 3588 1863 3658 ὀνομά-

275 3695 421 3760 ζειν,
455 3697 548 3748 καὶ
593 3691 910 3747 Ἀπόστολον
940 3689 1112 3759 Ἰησοῦ
1148 3684 1404 3758 Χριστοῦ.
1454 3678 1862 3751 Ἀναθεματίζω

274 3785 596 3847 Σκυθιανὸν,
631 3784 726 3837 καὶ
758 3781 1077 3854 Τερέϐινθον
1107 3779 1200 3832 τὸν
1233 3779 1326 3831 καὶ
1359 3775 1565 3828 Κουδᾶν
1587 3772 1715 3842 (7|),
1737 3770 1861 3832 τοὺς

273 3877 561 3939 Μάνεντος
609 3873 986 3936 διδασκάλους.
1049 3867 1456 3938 Ἀναθεματίζω
1501 3862 1768 3934 Ζαράδην,
1803 3859 1861 3911 ὃν

275 3972 305 4023 ὁ
337 3970 536 4040 Μάνης
569 3968 688 4021 θεὸν
720 3967 870 4035 ἔλεγε
904 3965 1011 4037 πρὸ
1055 3962 1219 4016 αὑτοῦ
1255 3958 1486 4029 φανέντα
1519 3955 1646 4026 παρ’
1683 3953 1862 4015 Ἰνδοῖς

278 4063 382 4116 καὶ
414 4061 668 4132 Πέρσαις,
705 4059 799 4112 καὶ
833 4057 1020 4112 ’Ἥλιον
1051 4053 1313 4109 ἀπεκάλει
1337 4069 1348 4080 ·
1372 4051 1468 4103 σὺν
1502 4046 1647 4117 αὐτῴ
1678 4046 1733 4098 δὲ
1768 4045 1862 4097 καὶ

277 4155 386 4217 τὰς
420 4152 741 4223 Ζαραδείους
772 4148 1177 4221 ὀνομαζομένας
1227 4145 1410 4215 εὐχάς.
1461 4136 1862 4209 Ἀναθεματίςω

280 4246 494 4307 πάντας
526 4242 621 4305 οὓς
659 4243 686 4295 ὁ
717 4240 909 4309 Μάνης
941 4235 1208 4290 ἀνέπλασε
1255 4232 1440 4295 θεούς·
1478 4233 1594 4303 ἦτοι
1627 4229 1718 4282 τὸν
1768 4242 1863 4277 τεη

278 4337 682 4411 τραπρὸσωπον
716 4331 926 4402 πατέρα
955 4328 1048 4382 τοῦ
1085 4326 1366 4400 μεγέθους,
1401 4324 1495 4378 καὶ
1524 4322 1614 4378 τὸν
1646 4319 1862 4388 λεγόμε-

281 4446 376 4484 νον
407 4426 623 4498 πρῶτον
667 4424 974 4494 ἄνθρωπον,
1023 4419 1116 4472 καὶ
1144 4419 1236 4471 τὸν
1268 4413 1716 4484 Στεφανηφόρον,
1767 4411 1862 4463 καὶ

278 4523 376 4575 τὸν
407 4516 799 4589 ὀνομαζόμενον
833 4501 1106 4584 Παρθένον
1136 4508 1230 4562 τοῦ
1264 4507 1460 4578 φωτὸς,
1483 4506 1575 4558 καὶ
1605 4505 1696 4556 τὸν
1728 4518 1860 4570 φεγ-

281 4574 616 4680 γοκάστοχον
637 4574 770 4676 (72),
788 4604 882 4658 καὶ
913 4574 1075 4654 πέντε
1109 4574 1504 4670 νοεράνφέγγη,
1527 4595 1620 4649 καὶ
1651 4593 1742 4645 τὸν
1762 4609 1859 4644 κα·-
1889 4574 1934 4630 D

282 4703 377 4759 λού
387 4719 544 4775 μενον
559 4702 632 4770 Δη
643 4715 764 4769 μιου
773 4696 922 4769 ργὸν,
940 4694 1036 4748 καὶ
1064 4691 1157 4745 τὸν
1173 4693 1204 4744 ὑ
1215 4693 1266 4744 π’
1287 4692 1351 4745 αὐ
1359 4690 1452 4744 τοῦ
1487 4685 1856 4760 προϐληθέντα

282 4795 489 4848 δίκαιον
522 4791 716 4862 κριτήν
738 4829 753 4854 ,
789 4787 884 4841 καὶ⁸
927 4786 1019 4838 τὸν
1064 4782 1350 4853 ὠμοφάρον
1393 4782 1486 4834 τὸν
1522 4778 1856 4850 βαστάζοντα

282 4885 383 4957 τὴν
428 4883 549 4954 γῆν,
596 4881 692 4934 καὶ
735 4879 826 4932 τὸν
876 4874 1228 4948 Πρεσϐύτην,
1277 4873 1369 4925 καὶ
1414 4872 1619 4931 πάντας
1671 4865 1854 4929 ἀπλῶς

282 4976 378 5042 οὓς
423 4979 450 5030 ὁ
499 4975 690 5044 Μάνης
740 4971 961 5026 πλάττει
1003 4968 1158 5030 θεοὺς
1204 4965 1296 5019 καὶ
1352 4963 1562 5027 Αίῶνας
1609 4961 1703 5015 καὶ
1745 4959 1853 5012 τῶν

284 5072 504 5127 Δίώνων
535 5067 765 5130 Αίῶνας,
799 5065 894 5118 καὶ
924 5065 1023 5117 ὅσα
1055 5059 1203 5130 αὐτῷ
1250 5054 1674 5129 ὲπραγματεύθη
1729 5053 1860 5125 περὶ

283 5164 553 5235 γιγάντων
597 5161 692 5216 καὶ
742 5156 1129 5231 ὲκτρωμάτων.
1193 5148 1598 5220 Ἀναθεματίζω
1649 5147 1856 5209 πάντας

281 5260 408 5322 τοὺς
440 5256 687 5319 εἰπόντας
720 5253 753 5323 ἦ
785 5247 1089 5318 λέγονταςῆ
1108 5245 1367 5312 λέξοντας
1389 5241 1480 5294 δύο
1502 5240 1674 5310 ἀρχὰς
1692 5241 1854 5308 ἀγεν-

283 5350 476 5421 νήτους
507 5341 974 5403 ἀντικαθεπιῦσας
1006 5336 1284 5409 ἀλλήλαις,
1323 5333 1422 5403 τὴν
1477 5330 1577 5401 μὲν
1618 5329 1851 5400 ἀγαθὴν,

281 5441 381 5512 τὴν
394 5441 450 5494 δὲ
466 5457 598 5509 πονη
608 5439 722 5509 ράν.
758 5432 943 5487 Ἀναθε
952 5448 1054 5502 ματ
1062 5429 1157 5494 ίζω
1173 5425 1496 5497 Μαρκίωνα,
1512 5423 1604 5475 καὶ
1621 5421 1859 5476 Οὐαλενο.

280 5537 446 5598 τίνον,
473 5530 566 5586 καὶ
597 5527 926 5596 Βασιλείδην,
962 5523 1056 5576 καὶ
1090 5521 1265 5574 πάντα
1297 5516 1581 5586 ἄνθρωπον
1614 5513 1706 5570 τὸν
1737 5514 1857 5571 τολ-

354 5783 464 5852 ιῑι)
503 5776 756 5836 Κουδίῑν.
792 5775 918 5848 ch.
953 5774 1170 5828 Bou5iv.
1203 5775 1404 5830 Corn.

2040 3245 2206 3296 tizare
2235 3259 2320 3296 eos
2363 3242 2453 3312 qui
2495 3257 2524 3295 e
2553 3238 2868 3295 Hanichmis
2911 3238 3168 3297 accedunt
3195 3244 3264 3296 ad
3298 3257 3541 3301 sanctam

2037 3313 2134 3369 Dei
2161 3313 2474 3366 catholicam
2499 3320 2550 3366 et
2573 3313 2920 3378 apostolicam
2953 3312 3265 3370 Ecclesium.

2033 3493 2073 3550 Ι.
2113 3493 2471 3550 Anathemate
2518 3493 2653 3550 ferio
2704 3493 3005 3557 lvlanetem,
3042 3510 3135 3549 seu
3185 3493 3541 3552 Manichaaum

1963 3594 2016 3640 et
2045 3584 2365 3649 Cubricum,
2400 3585 2492 3655 qui
2519 3601 2578 3664 sc
2600 3601 2770 3641 ausus
2798 3564 2882 3640 est
2913 3584 3256 3641 Paracletum
3291 3597 3344 3643 et
3391 3587 3541 3659 Apo-

1963 3676 2165 3732 stolum
2193 3676 2322 3731 Jcsu
2354 3674 2561 3730 Christi
2614 3675 2910 3747 appellare.
2961 3675 3378 3734 Anathematizo
3407 3679 3542 3752 Scy-

1963 3767 2209 3823 thianum
2255 3784 2319 3823 ac
2361 3767 2752 3826 Terebinthum
2807 3769 2902 3838 qui
2939 3775 2994 3823 et
3049 3767 3251 3836 Budas,
3305 3771 3540 3830 Manetis

1962 3869 2340 3929 praeceptores.
2383 3859 2800 3915 Anathematizo
2831 3859 3092 3916 Zaradem
3112 3901 3128 3924 ,
3159 3878 3319 3932 quem
3352 3863 3542 3920 Manes

1971 3953 2132 4009 deum
2162 3954 2299 4009 dixit
2327 3959 2452 4007 ante
2479 3968 2540 4008 se
2574 3954 2898 4023 apparuisse
2927 3953 3071 4025 apud
3102 3955 3266 4011 Indos
3311 3963 3367 4011 et
3407 3956 3535 4014 Per-

1963 4060 2072 4110 sas,
2099 4061 2368 4116 quemque
2392 4045 2574 4101 Solem
2604 4045 2816 4100 vocavit
2848 4062 2861 4096 :
2897 4062 3021 4101 cum
3046 4046 3137 4102 illo
3163 4057 3344 4104 autem
3371 4051 3534 4108 etiam

1963 4137 2366 4192 anathematizo
2411 4151 2605 4206 preces
2647 4136 2921 4192 Zaradeas
2963 4137 3160 4194 dictas.
3202 4139 3541 4196 Anathoma—

1963 4231 2071 4284 tizo
2096 4239 2324 4286 cunctos
2353 4245 2381 4284 a
2406 4229 2563 4285 Mane
2593 4229 2887 4286 fabricatos
2914 4229 3045 4286 deos
3077 4251 3092 4286 :
3125 4231 3379 4292 videlicet
3398 4249 3538 4304 qua-.

1963 4322 2278 4378 drilormem
2322 4329 2528 4391 patrem
2562 4321 2979 4392 magnitudinis,
3011 4332 3065 4377 et
3109 4338 3232 4376 eum
3284 4323 3376 4393 qui
3421 4324 3529 4393 prio

1963 4430 2084 4469 mus
2115 4413 2277 4467 homo
2316 4413 2537 4475 dicitur,
2585 4421 2640 4468 et
2681 4412 3106 4484 Coronigerum,
3156 4428 3221 4468 ac
3261 4429 3386 4470 eum
3437 4416 3528 4485 qui

1965 4504 2282 4558 nominatur
2323 4502 2488 4574 Virgo
2543 4503 2706 4567 lucis,
2741 4512 2853 4558 tum
2907 4504 3112 4559 lumine
3161 4504 3447 4568 afﬂatum,
3479 4516 3528 4564 et

1958 4597 2198 4666 quinque
2239 4595 2612 4666 intelligentiis
2656 4596 2914 4666 prmditos
2970 4596 3313 4665 splendores,
3363 4612 3536 4652 voca..

1959 4697 2185 4758 tumque
2213 4685 2497 4757 Opilicem,
2531 4697 2584 4742 et
2612 4688 2682 4742 ab
2709 4688 2813 4742 hoc
2847 4689 3117 4757 prolatum
3144 4689 3524 4759 justumjudi-

1958 4798 2098 4855 cem,
2151 4795 2364 4837 necnon
2390 4779 2634 4850 baiulum
2657 4781 2751 4850 qui
2800 4789 2980 4850 portat
3011 4789 3238 4842 terram,
3271 4781 3398 4836 item
3431 4781 3502 4838 Se

1957 4890 2120 4939 nem,
2191 4880 2531 4942 cunctosque
2583 4887 2813 4942 prorsus
2862 4888 3002 4942 quos
3057 4872 3244 4928 Manes
3303 4873 3531 4942 Conligit

1957 4964 2110 5029 deos,
2143 4962 2371 5026 Eones,
2403 4977 2466 5016 ac
2501 4961 2738 5017 [Eonum
2787 4961 3012 5024 Aiones,
3071 4976 3409 5032 quaecunque
3431 4961 3530 5016 de-

1958 5070 2106 5110 mum
2140 5055 2209 5109 ab
2234 5070 2300 5109 eo
2324 5054 2606 5109 elaborata
2630 5063 2758 5108 sunt
2778 5053 2857 5108 de.
2875 5053 3188 5123 gigantibus.
3225 5059 3279 5108 et
3321 5053 3530 5107 aborti-

1955 5148 2060 5203 vis.
2093 5143 2522 5201 Anathematizo
2543 5159 2734 5199 omnes
2781 5144 2876 5213 qui
2927 5141 3185 5198 dixerunt
3217 5150 3311 5198 aut
3333 5143 3528 5199 dicunt

1955 5246 2050 5294 aut
2073 5236 2273 5292 dicturi
2300 5242 2428 5292 sunt
2458 5235 2568 5290 duo
2589 5234 2854 5305 principia
2874 5233 3132 5305 ingenita,
3161 5233 3266 5288 sibi
3291 5235 3526 5290 invicem

1955 5329 2233 5402 opposita:
2260 5329 2492 5386 alterum
2523 5327 2749 5387 bonum.
2774 5327 3003 5381 alterum
3030 5326 3251 5382 malum.
3284 5327 3526 5384 Anathe-

1956 5420 2157 5477 matizo
2188 5417 2520 5475 Marcionem
2549 5432 2675 5472 cum
2699 5415 2988 5472 Valentino
3018 5425 3072 5473 et
3109 5416 3368 5482 Basilide,
3400 5435 3526 5474 om-

1958 5527 2188 5583 nemque
2217 5511 2492 5566 hominem
2519 5510 2614 5581 qui
2638 5525 2804 5564 ausus
2840 5509 2960 5575 fuit,
2993 5508 3154 5563 audet
3181 5510 3264 5565 vel
3287 5524 3528 5570 ausurus

2033 5769 2139 5840 (7').)
2171 5768 2674 5838 Φεγγοκάστοχον.
2703 5765 2832 5836 ch.
2867 5763 3279 5834 φεγγοκὲιτοχον.
3316 5760 3402 5829 Im,
