4030 6342
437 326 464 380 1
476 323 584 379 665

1229 314 1285 372 S.
1326 307 1712 369 CLEMENTB
1750 309 1769 362 1
1806 304 1978 367 ROM.
2018 303 2219 360 PONT.
2256 301 2483 359 OPEBA
2522 300 2745 359 DUBIA.

3548 296 3691 352 MM

433 444 520 492 est
556 431 931 503 blasphemare
953 428 1215 484 adversus
1251 425 1417 480 Vetus
1444 431 1540 479 aut
1586 421 1796 478 Novum
1818 419 2009 475 Testae

2121 418 2365 491 μήσαντα
2396 415 2431 487 ἢ
2462 415 2744 488 τολμῶντα
2762 414 2795 486 ἢ
2814 414 3152 486 τολμήσοντα
3178 412 3515 485 βλασφημεῖν
3546 415 3693 468 κατὰ

433 540 700 587 mentum,
729 532 785 579 et
815 520 1097 593 aspernari
1131 534 1194 573 ac
1225 517 1558 572 contumelia
1588 516 1807 571 afﬁcere
1834 516 2009 569 Abra-

438 623 684 684 hamum,
739 615 1009 680 lsaacum,
1059 612 1343 673 Iacobum,
1385 609 1569 665 Jesum
1627 609 1795 663 ﬁlium
1840 606 2007 671 Nave,

439 711 767 773 Samuelem,
789 706 1067 771 Davidem,
1099 704 1289 765 Eliam,
1315 713 1650 771 czeterosque
1671 714 1860 754 omnes
1885 713 2012 768 pro.

434 803 627 872 phetas
659 814 960 867 eorumque
996 796 1221 865 scripta.
1259 795 1337 848 Ad
1368 808 1663 857 summam,
1693 791 2012 846 anathema—

436 899 543 950 tizo
571 910 667 951 eos
699 895 794 965 qui
851 893 1162 947 obtrectant
1216 904 1348 944 vero
1402 890 1645 945 universi
1703 886 2009 950 Conditori,

432 999 609 1053 neque
633 982 964 1037 confitentur
990 995 1161 1033 unum
1191 980 1554 1049 eumdemque
1581 994 1704 1034 esse
1727 977 1923 1033 veteris
1947 992 2011 1035 ac

433 1075 559 1131 novi
593 1070 930 1130 Testamenti
961 1070 1155 1133 Deum,
1192 1086 1294 1126 nec
1323 1079 1545 1127 sanctos
1578 1069 1780 1141 Deique
1802 1070 2011 1136 amicos

432 1183 558 1224 esse
585 1168 819 1223 credunt
839 1181 935 1221 eos
968 1168 1063 1235 qui
1102 1164 1157 1219 in
1188 1173 1423 1234 utroque
1464 1163 1819 1221 Testamento
1850 1164 2009 1220 efful-

432 1267 646 1313 serunt.
678 1256 1094 1312 Anatbematizo
1115 1270 1331 1313 omnem
1361 1270 1506 1321 eum,
1537 1255 1630 1325 qui
1653 1270 1763 1310 non
1785 1255 2012 1310 comite-

433 1358 524 1403 tur
540 1366 709 1404 unum
726 1351 906 1405 solum
922 1365 1046 1405 esse
1074 1365 1263 1405 verum
1286 1347 1481 1411 Deum,
1513 1348 1718 1402 bonum
1749 1354 1803 1402 et
1823 1346 2021 1400 mundi

432 1440 706 1510 opiﬁcem,
740 1447 909 1511 atque
939 1440 1388 1510 omnipotentem,
1423 1437 1640 1492 Domini
1677 1439 1852 1493 nostri
1880 1436 2009 1492 Jesu

436 1530 641 1588 Christi
666 1530 915 1597 Patrem;
947 1531 1039 1601 qui
1072 1546 1195 1584 cum
1240 1530 1332 1584 illo
1355 1540 1410 1584 et
1438 1546 1562 1585 cum
1592 1528 1795 1603 Spiritu
1820 1536 2013 1583 sancto

434 1640 500 1679 ex
532 1640 640 1679 non
661 1626 1023 1686 exstantibus,
1054 1633 1106 1679 et
1130 1624 1280 1679 nullo
1311 1639 1537 1693 prorsus
1560 1623 1722 1677 modo
1747 1623 2014 1679 exsisten-

365 1767 374 1775 .
435 1717 606 1781 tibus,
658 1725 793 1771 nutu
843 1718 1143 1772 voluntatis
1195 1717 1454 1787 produxit
1498 1716 1721 1779 etelum,
1779 1724 2004 1778 terram,

2109 512 2207 582 τῆς
2240 511 2481 577 Παλαιᾶς
2512 509 2805 579 Διαθήκης,
2825 508 2858 579 ἢ
2876 507 2978 577 τῆς
2996 508 3226 578 Καινῆς,
3250 510 3344 561 κα)⁴
3362 507 3585 561 ἀθετεῖν
3597 508 3695 560 καὶ

2111 601 2351 675 ὑϐρίζειν
2396 600 2664 672 Ἀϐραὰμ,
2700 600 2792 653 καὶ
2835 596 3040 662 Ἰσαὰκ,
3075 599 3166 655 καὶ
3212 596 3552 661 Ἰακὼ6,καὶ
3598 598 3698 667 Ἰη-

2114 694 2240 748 σοῦν
2290 694 2382 747 τὸν
2430 692 2526 750 τοῦ
2557 691 2734 763 Ναυὴ,
2782 692 2875 744 καὶ
2908 690 3177 761 Σαμουὴλ,
3230 690 3328 743 καὶ
3359 691 3548 753 Δασιδ,
3599 692 3697 745 καὶ

2129 786 2333 853 Ἠλίαν,
2367 787 2460 840 καλ⁸
2490 785 2615 849 τοὺς
2646 785 2867 847 λοιποὺς
2912 783 3119 847 πάντας
3151 783 3460 854 προιξήτας,
3496 783 3596 836 καὶ
3625 784 3698 835 τά

2112 878 2241 942 παρ’
2262 879 2438 931 αὐτῶν
2473 874 2868 949 συγγραφέντα.
2904 873 3016 927 Καὶ
3064 871 3271 937 ἁπλῶς,
3305 871 3700 942 ἀναθεματίξω

2110 974 2235 1036 τοὺς
2269 970 2715 1043 βλασφημοῦντας
2728 968 2820 1022 τὸν
2836 965 3086 1037 ἀληθινὸν
3102 966 3194 1019 τοῦ
3218 966 3417 1029 παντὸς
3438 963 3696 1035 ποιητὴν,

2113 1067 2209 1119 καὶ
2244 1065 2317 1138 μὴ
2348 1062 2739 1139 ὁμολογοῦντας
2771 1060 2868 1113 ’ἐνα
2899 1058 3102 1113 καὶτὸν
3123 1058 3281 1112 αὑτὸν
3298 1053 3433 1115 εἶναι
3455 1057 3699 1121 παλαιᾶς

2113 1161 2206 1217 καὶ
2237 1158 2427 1230 καινῆς
2459 1156 2728 1227 Διαθήκης
2759 1155 2910 1218 Θεὸν,
2944 1154 3038 1207 καὶ
3068 1152 3194 1215 τοὺς
3226 1153 3283 1205 ὲν
3316 1151 3559 1221 ἑκατέρα
3592 1149 3701 1202 δια-

2113 1248 2451 1321 λάμψαντας,
2468 1249 2655 1317 ἁγίους
2672 1243 2809 1300 εἶναι
2832 1244 3184 1306 πιστεύοντας
3202 1242 3293 1299 καὶ
3326 1241 3514 1309 φίλους
3532 1240 3699 1298 Θεοῦ,

2128 1338 2531 1412 Ἀναθεματίζω
2573 1340 2750 1397 πάντα
2780 1338 3062 1407 ἄνθρωπον
3091 1337 3183 1389 τὸν
3220 1335 3295 1407 μὴ
3326 1333 3696 1403 ὁμολογοῦντα

2113 1436 2211 1491 ἕνα
2244 1433 2401 1505 μόνον
2433 1428 2571 1486 εἶναι
2588 1430 2718 1484 Θεὸν
2734 1430 3004 1501 ἀληθινὸν,
3028 1428 3229 1497 ἀγαθόν
3247 1444 3307 1481 τε
3328 1427 3418 1479 καὶ
3431 1426 3488 1495 δη
3494 1442 3619 1495 μιου
3625 1442 3694 1495 ρι-

2116 1524 2209 1593 γὸν
2242 1524 2336 1577 καὶ
2369 1521 2801 1592 παντοκράτορα,
2834 1518 2926 1573 τὸν
2958 1518 3174 1589 Πατέρα
3188 1518 3281 1573 τοῦ
3300 1515 3494 1587 Κυρίου
3520 1514 3691 1583 ἡμῶν

2130 1616 2308 1687 Ἰησοῦ
2340 1612 2575 1688 Χριστοῦ
2597 1652 2612 1678 ,
2646 1612 2736 1666 τὸν
2770 1613 2867 1665 σὺν
2898 1608 3046 1681 αὐτῷ
3078 1610 3171 1663 καὶ
3213 1606 3292 1679 τῷ
3336 1606 3476 1675 ἁγίῳ
3513 1603 3691 1657 Πνεῦ-

2120 1726 2247 1780 ματι
2301 1710 2367 1762 ἐκ
2402 1708 2475 1779 μὴ
2508 1706 2674 1760 ὄντων
2706 1705 2801 1759 καὶ
2835 1702 3058 1774 μηδαμῆ
3092 1699 3355 1773 μηδαμῶς
3399 1697 3590 1761 όντων,
3621 1698 3693 1767 τῇ

435 1823 607 1871 mare,
638 1814 945 1878 cunctaque
973 1809 1040 1862 iis
1070 1817 1363 1874 contenta;
1388 1807 1591 1878 quique
1614 1808 1862 1871 materia,
1892 1823 2014 1878 quae

2121 1802 2257 1871 ῥοπῇ
2307 1799 2401 1852 τοῦ
2448 1798 2750 1871 θελήματος
2783 1793 3161 1868 προαγαγόντα
3206 1791 3295 1847 τὸν
3327 1790 3386 1844 οὐ
3398 1790 3563 1860 ρανδν
3604 1789 3699 1841 καὶ

437 1914 637 1968 nempe
666 1896 909 1953 nondum
959 1906 1098 1962 erat,
1155 1914 1266 1953 non
1317 1898 1576 1968 indiguit,
1609 1914 1712 1953 nec
1748 1899 2007 1969 pellibus,

437 1988 647 2050 nervis,
675 1988 1021 2058 corporibus,
1065 1988 1474 2059 sudoribusque
1508 1990 1777 2044 malorum
1802 1992 2010 2060 princi-

438 2095 590 2149 pum,
618 2093 756 2148 quos
798 2077 985 2133 Manes
1033 2088 1375 2134 commentus
1430 2086 1535 2134 est.
1590 2079 2012 2141 Anathematizo

439 2170 686 2225 dicentes
713 2184 915 2240 corpus
946 2185 978 2223 a
1008 2171 1153 2224 malo
1186 2170 1457 2241 principio
1503 2172 1708 2227 editum
1741 2171 1933 2236 fuisse,
1960 2179 2014 2227 et

436 2263 581 2316 mala
611 2269 809 2317 natura
840 2277 983 2318 esse.
1033 2263 1453 2319 Anathematizo
1495 2264 1724 2320 deliram
1775 2263 2010 2320 Manetis

438 2352 703 2417 fabulam,
741 2355 797 2411 in
831 2370 937 2425 qua
968 2354 1099 2409 dicit
1146 2371 1487 2430 nequaquam
1531 2356 1765 2411 similem
1797 2356 1956 2411 nobis
1982 2371 2013 2409 a

438 2444 549 2500 Deo
568 2444 859 2503 formatum
885 2463 1007 2502 esse
1025 2447 1260 2518 primum
1289 2448 1593 2515 hominem;
1613 2450 1717 2505 hoc
1741 2456 1846 2513 est,
1869 2448 2016 2502 Ada-

438 2553 610 2603 mum,
644 2538 739 2595 sed
767 2554 797 2593 a
816 2540 974 2595 Sacla
1003 2541 1179 2611 stupri
1210 2542 1458 2612 principe
1487 2550 1540 2596 et
1556 2538 1831 2603 Nebroda,
1850 2555 2014 2610 quam

439 2631 521 2685 ait
551 2647 676 2687 esse
705 2632 1015 2698 materiam,
1042 2632 1219 2688 factos
1249 2633 1419 2689 fuisse
1445 2616 1714 2693 Adamum
1746 2643 1799 2689 et
1824 2631 2013 2699 Evam;

439 2736 508 2778 ae
531 2723 685 2779 illum
711 2723 930 2793 quidem
965 2732 1210 2779 creatum
1264 2739 1388 2779 esse
1438 2723 1613 2778 ferina
1643 2722 1841 2785 forma,
1874 2720 2016 2783 hanc

439 2832 572 2871 vero
603 2816 898 2873 inanimam
920 2834 934 2881 ;
960 2826 1124 2886 atque
1153 2815 1319 2869 Evam
1350 2816 1571 2886 quidem
1594 2832 1625 2870 a
1660 2815 1905 2873 mascula
1928 2830 2020 2869 vo-

440 2917 565 2964 cata
605 2910 817 2980 virgine
853 2909 1023 2967 vitam
1057 2909 1359 2979 accepisse,
1410 2906 1677 2965 Adamum
1711 2916 1891 2962 autem
1922 2922 2018 2977 per

439 2999 609 3056 Evam
657 3000 870 3055 feritate
930 3000 1244 3059 liberatum.
1306 2998 1724 3055 Anathematizo
1778 3016 1871 3056 eos
1923 2999 2014 3070 qui

442 3100 699 3147 asserunt
747 3092 1036 3149 Dominum
1068 3100 1316 3148 nostrum
1365 3091 1551 3147 Jesum
1582 3092 1859 3148 Christum
1901 3093 2019 3162 opi-
2046 3129 2087 3187 ε

440 3186 608 3241 nione
648 3184 1057 3244 manifestatum
1089 3183 1257 3241 fuisse
1287 3186 1514 3251 mundo,
1547 3201 1648 3240 nec
1695 3187 2019 3255 proﬁtentur

443 3278 623 3348 ipsum
649 3294 776 3335 vere
806 3293 1024 3334 carnem
1057 3279 1426 3353 assumpsisse
1470 3294 1537 3333 ex
1577 3288 1769 3339 sancta
1810 3279 2021 3350 virgine

441 3371 613 3427 Maria
645 3387 674 3425 a
716 3370 920 3426 Davide
950 3378 1091 3439 orta,
1145 3385 1363 3426 carnem
1412 3371 1706 3427 humanam
1751 3372 2022 3443 nobisque

443 3463 990 3527 consubstantialem,
1036 3470 1207 3537 atque
1244 3462 1485 3534 perfecte
1523 3463 1793 3518 hominem
1818 3464 2019 3519 factum

442 3571 599 3622 esse;
627 3557 696 3609 ab
723 3569 897 3627 eaque
930 3540 1415 3626 Virginegenitum
1440 3555 1624 3625 fuisse
1653 3565 1779 3627 post
1807 3564 2022 3630 tempus

444 3663 640 3705 novem
666 3648 958 3712 mensium,
995 3648 1122 3702 item
1156 3646 1223 3700 ad
1254 3647 1594 3719 trigesimum
1641 3664 1845 3703 annum
1894 3664 2021 3705 cum

444 3740 761 3799 hominibus
806 3749 1088 3795 versatum
1150 3739 1340 3805 fuisse,
1396 3740 1524 3798 dein
1570 3741 1908 3811 baptizatum
1967 3744 2022 3801 in

445 3833 683 3889 Iordane
712 3848 740 3885 a
770 3832 1123 3887 sanctissimo
1148 3846 1489 3902 prazcursore
1508 3839 1560 3887 et
1586 3831 1827 3903 Baptista
1858 3833 2026 3891 Joan-

446 3942 536 3989 ne,
578 3942 642 3981 ac
669 3924 1041 3983 testimonium
1071 3924 1327 3979 retulisse
1366 3938 1397 3977 a
1421 3926 1659 3989 cmlesti,
1699 3942 1829 3981 vero
1851 3928 2027 3981 bono-

446 4034 555 4089 que
586 4018 765 4083 Patre,
800 4017 944 4088 quod
974 4018 1091 4086 ipse
1121 4017 1242 4086 ejus
1290 4027 1434 4072 esset
1462 4016 1657 4082 Filius,
1688 4034 1852 4073 verus
1882 4018 2026 4075 Deus

447 4120 611 4181 atque
630 4109 681 4165 ei
699 4109 1209 4173 consubstantialis,
1233 4125 1331 4179 per
1354 4111 1786 4166 incarnationem
1818 4128 1884 4168 ex
1902 4112 2026 4173 Vir-

449 4204 575 4272 gine
612 4201 788 4259 factus
818 4201 1004 4267 homo,
1035 4216 1329 4263 remanens
1361 4207 1545 4257 tamen
1576 4200 1741 4263 Deus.

520 4467 586 4525 ll.
630 4466 1045 4524 Anathematizo
1073 4467 1259 4537 igitur,
1314 4472 1377 4523 ut
1404 4465 1611 4521 dictum
1639 4473 1742 4529 est,
1784 4480 1880 4521 eos
1925 4467 2019 4537 qui
2053 4466 2099 4521 D

450 4568 645 4617 contra
673 4561 789 4616 haec
816 4560 1077 4625 sentiunt,
1123 4566 1179 4615 et
1206 4559 1373 4613 alium
1429 4558 1654 4628 quidem
1682 4559 1875 4616 volunt
1902 4575 2028 4616 esse

452 4668 578 4708 eum
604 4652 699 4722 qui
736 4658 900 4707 natus
929 4652 1002 4707 sit
1028 4666 1097 4711 ex
1124 4648 1315 4713 Maria,
1351 4650 1560 4721 quique
1581 4650 1892 4723 baptizatus
1929 4666 2028 4707 seu

454 4743 720 4800 intinctus
748 4744 843 4808 sit,
862 4743 996 4807 imo,
1022 4748 1083 4797 ut
1106 4742 1210 4813 ipsi
1239 4742 1496 4808 delirant,
1519 4742 1806 4799 demersus
1827 4760 1842 4809 ;
1862 4742 2028 4799 alium

454 4850 585 4895 vero
614 4852 739 4893 eum
783 4836 877 4907 qui
902 4852 970 4895 ex
1002 4851 1145 4906 aqua
1176 4835 1511 4898 ascenderit,
1535 4836 2030 4905 testimoniumque

455 4930 749 5007 acceperit,
767 4945 929 5001 quem
956 4937 1010 4983 et
1029 4929 1327 5000 ingenitum
1355 4927 1542 4987 Jesum
1569 4944 1631 4983 ac
1652 4927 1857 4983 Lumen
1886 4945 2029 4985 nun...

456 5031 684 5093 cupant,
721 5021 815 5092 qui
867 5022 922 5074 in
973 5020 1141 5090 figura
1198 5019 1433 5073 hominis
1482 5019 1826 5092 apparuerit;
1866 5027 2030 5092 atque

456 5117 612 5173 illum
662 5115 883 5186 quidem
932 5112 1250 5170 fabulantur
1286 5128 1410 5169 esse
1464 5129 1495 5171 a
1547 5114 1691 5171 malo
1732 5113 2026 5183 principio,

457 5208 607 5263 hunc
628 5213 806 5262 autem
832 5221 861 5261 a
890 5207 1057 5265 bono.
1080 5206 1493 5261 Anathematizo
1513 5220 1609 5261 eos
1630 5205 1724 5276 qui
1746 5207 1900 5261 aiunt
1923 5205 2031 5259 Do.

458 5299 664 5353 minum
685 5305 934 5356 nostrum
961 5295 1145 5355 Iesum
1174 5298 1453 5357 Christum
1485 5296 1887 5353 existimatione
1911 5298 2027 5355 sola

458 5405 684 5460 passum
735 5407 878 5456 esse,
918 5399 972 5447 et
1013 5391 1180 5448 alium
1222 5389 1441 5461 quidem
1478 5403 1601 5444 esse
1645 5404 1770 5443 eum
1824 5389 1917 5459 qui
1972 5389 2028 5444 in

460 5496 646 5547 cruce,
675 5483 842 5541 alium
875 5498 1005 5538 vero
1032 5483 1123 5553 qui
1156 5480 1346 5552 procul
1375 5480 1444 5533 ab
1474 5495 1536 5534 ea
1565 5480 1764 5543 stabat,
1791 5480 2028 5535 ridebat-

463 5590 568 5645 que
596 5584 851 5650 tanquam
882 5576 990 5630 alio
1020 5591 1121 5647 pro
1150 5591 1209 5630 se
1230 5574 1583 5645 perpetiente.
1614 5574 2028 5630 Anathematizo

465 5664 647 5735 itaque
676 5667 818 5732 illos,
844 5668 935 5738 qui
955 5684 1063 5723 non
1094 5666 1423 5722 confitentur
1450 5665 1627 5736 ipsum
1646 5682 1769 5723 esse
1791 5665 2027 5722 Verbum

467 5755 634 5817 Deum
680 5773 711 5815 e
758 5766 945 5818 sancta
985 5758 1213 5836 Deipara
1258 5774 1579 5837 semperque
1608 5759 1816 5835 virgine
1857 5757 2027 5813 Maria

2112 1888 2209 1965 τὴν
2243 1889 2344 1960 γῆν
2376 1888 2471 1941 καὶ
2500 1886 2602 1959 τὴν
2634 1886 2906 1940 Θάλασσαν
2940 1885 3033 1941 καὶ
3066 1883 3243 1937 πάντα
3274 1882 3344 1935 τὰ
3389 1884 3452 1935 ὲν
3486 1882 3697 1944 αὑτοξ.

2113 1982 2207 2037 καὶ
2240 1981 2316 2053 μὴ
2347 1980 2600 2052 δεηθέντα
2633 1979 2763 2051 ῦλης
2794 1980 2891 2051 τῆς
2927 1977 3150 2049 μηδέπω
3178 1974 3363 2046 οὔσης,
3401 1976 3545 2045 μήτε
3572 1973 3701 2043 βυρ-

2117 2074 2225 2129 σῶν
2258 2073 2353 2126 καὶ
2376 2071 2585 2143 νεύρων
2618 2072 2713 2125 καὶ
2754 2070 3021 2141 σωμάτων
3054 2069 3149 2122 καὶ
3183 2066 3417 2140 ἱδρώτων
3452 2064 3565 2118 τῶν
3599 2083 3699 2117 ποθ

2114 2167 2296 2239 γηρῶν
2343 2166 2638 2239 ἀρχόντων,
2680 2162 2772 2222 οὓς
2813 2164 2842 2215 ὁ
2874 2163 3065 2234 Μάνης
3102 2162 3423 2216 ἀνέπλασεν.
3475 2162 3701 2214 Ἀναθε-

2119 2260 2327 2330 ματίζω
2358 2261 2483 2324 τοὺς
2520 2258 2779 2328 λέγοντας
2819 2259 2902 2313 ὅτι
2931 2258 2992 2311 τὺ
3025 2256 3180 2327 σῶμα
3212 2259 3277 2309 ἐκ
3317 2255 3419 2326 τῆς
3454 2255 3705 2325 πονηρᾶς

2116 2354 2289 2425 ἀρχῆς
2316 2354 2546 2424 ὑπέστη,
2582 2354 2675 2407 καὶ
2712 2353 2793 2406 ὅτι
2827 2350 2984 2423 φύσει
3016 2350 3130 2404 ἔστι
3162 2350 3231 2404 τὰ
3262 2349 3430 2407 κακά.
3480 2347 3707 2401 ’Δναθεη

2120 2447 2328 2516 ματίζω
2366 2446 2458 2499 τὸν
2500 2443 2717 2516 ληρώδη
2747 2445 3020 2507 Μάνεντος
3058 2442 3244 2515 μῦθον,
3280 2445 3340 2496 ὲν
3378 2435 3422 2510 ᾧ
3457 2458 3593 2511 φησι
3631 2440 3705 2515 μη

2115 2540 2298 2609 ὅμοιον
2322 2539 2453 2609 ἡμῖν
2485 2536 2882 2595 διαπεπλάσθαι
2910 2536 3015 2589 ὑπὸ
3046 2536 3138 2589 τοῦ
3171 2534 3306 2593 Θεοῦ
3340 2534 3436 2587 τὸν
3478 2532 3703 2605 πρῶτον

2117 2630 2423 2703 ἄνθρωπον,
2450 2630 2695 2685 τουτέστι
2726 2629 2819 2684 τὸν
2863 2628 3054 2701 Ἀδὰμ,
3089 2628 3223 2683 ἀλλά
3252 2627 3362 2680 ὑπὸ
3383 2628 3481 2680 τοῦ
3520 2627 3707 2683 ΣακλΞ.

2117 2721 2210 2777 τοῦ
2242 2721 2342 2791 τῆς
2364 2720 2620 2793 πορνείας
2641 2720 2917 2801 ἄρχοντος,
2952 2721 3047 2779 καὶ
3074 2721 3173 2791 τῆς
3192 2718 3444 2791 Νεϐρὼδ,
3472 2720 3541 2791 ἣν
3563 2715 3703 2772 εἶναι

2117 2811 2216 2883 τὴν
2256 2811 2387 2884 ὓλην
2422 2812 2573 2884 φησὶ,
2613 2812 2865 2880 γενέσθαι
2905 2812 2995 2865 τὸν
3049 2811 3220 2883 Ἀδὰμ
3261 2812 3355 2865 καί
3386 2811 3486 2882 τὴν
3516 2811 3699 2864 Εῦανο

2119 2907 2213 2961 καὶ
2243 2905 2333 2958 τὸν
2361 2905 2458 2978 μὲν
2486 2903 2853 2978 θηριόμορφον
2889 2904 3190 2975 κτισθῆναι,
3237 2905 3333 2975 τὴν
3362 2904 3417 2957 δὲ
3449 2904 3697 2973 ila-410w

2120 2998 2211 3052 καὶ
2235 2997 2334 3069 τὴν
2367 2997 2464 3069 μὲν
2497 2995 2637 3051 Εῦαν
2670 2997 2776 3050 ὑπὸ
2799 2997 2898 3067 τῆς
2922 2997 3215 3073 ἀρρενικῆς
3250 2996 3538 3065 λεγομένης
3556 3010 3695 3065 παρ-

2122 3088 2275 3141 θένου
2312 3087 2634 3159 μεταλαϐεῖν
2656 3086 2821 3158 ζωῆς,
2855 3088 2945 3142 τὸν
2988 3088 3157 3159 ’Ἀδὰμ
3182 3088 3239 3143 δὲ
3280 3087 3378 3140 ὑπὸ
3404 3087 3504 3156 τῆς
3543 3086 3695 3150 Εῦας

2119 3180 2494 3251 ἀπαλλαγῆναι
2526 3181 2624 3252 τῆς
2655 3179 2969 3253 θηριωδίας.
3019 3179 3423 3251 Ἀναθεματξζω
3448 3178 3578 3241 τοὺς
3614 3176 3705 3230 )1-

2120 3290 2312 3343 γοντας
2368 3273 2461 3326 τὸν
2500 3272 2702 3344 Κύριον
2748 3272 2902 3345 ἡμῶν
2960 3274 3164 3344 Ἰησοῦν
3196 3271 3431 3345 Χριστὸν
3484 3269 3705 3339 δοκήσει

2121 3366 2539 3439 πεφανερῶσθαι
2558 3366 2635 3438 τῷ
2657 3366 2866 3439 κόσμῳ,
2895 3368 2987 3425 καὶ
3012 3366 3085 3440 μὴ
3106 3366 3504 3438 ὁμολογοῦντας
3535 3364 3699 3417 αὑτὸν

2124 3459 2506 3532 σεσαρκῶσθαι
2536 3458 2751 3530 ἀληθῶς
2772 3463 2838 3514 ὲκ
2860 3460 2962 3531 τῆς
2988 3461 3147 3530 ἀγίας
3180 3458 3455 3530 παρθένου
3484 3458 3703 3529 Μαρίας

2121 3553 2219 3623 τῆς
2255 3555 2319 3606 ὲκ
2352 3551 2516 3605 Δαὸὶδ
2553 3552 2951 3622 καταγομένης,
2999 3552 3177 3623 σάρκα
3208 3550 3308 3622 τὴν
3353 3552 3710 3623 ἀνθρωπίνην

2123 3646 2218 3698 καὶ
2253 3645 2384 3715 ἡμῖν
2418 3642 2720 3714 ὁμοούσιον,
2758 3644 2853 3698 καὶ
2874 3642 3093 3707 τελείως
3130 3643 3580 3715 ὲνανθρωπῆσαι,
3615 3644 3713 3710 καὶ,

2122 3737 2375 3809 τεχθῆναι
2411 3737 2470 3802 ἐξ
2512 3737 2681 3807 αὐτῆς
2715 3737 2781 3792 δι’
2806 3737 3185 3808 ὲνναμηνιαίου
3222 3735 3439 3809 χρόνον,
3474 3739 3577 3791 καὶ
3615 3737 3709 3790 ἐπὶ

2122 3832 2439 3905 τριακοστὸν
2456 3831 2576 3896 ἔτος
2599 3830 2904 3902 ἀνθρώποις
2925 3833 3454 3903 συναναστραφῆναι,
3487 3834 3588 3887 καὶ
3611 3833 3713 3903 βαι»

2126 3925 2415 3997 πτισθῆναι
2454 3925 2559 3979 ὑπὸ
2618 3924 2863 3979 Ἰωάννου
2904 3922 3001 3978 τοῦ
3047 3924 3348 3993 ἁγιωτάτου
3392 3924 3709 3995 προδρόμου

2126 4020 2219 4073 καὶ
2241 4017 2544 4073 Βαπτιοτοῦ
2570 4021 2629 4071 ὲν
2650 4017 2727 4088 τῷ
2763 4017 3019 4095 Ἰορδάνῃ,
3051 4020 3145 4072 καὶ
3188 4018 3294 4071 ὑπὸ
3322 4017 3420 4071 τοῦ
3450 4017 3711 4088 οὐρανίου

2126 4110 2219 4164 καὶ
2245 4108 2501 4181 ἀληθινοῦ
2531 4110 2628 4162 καὶ⁵
2658 4109 2863 4178 ἀγαθοῦ
2908 4109 3319 4181 μαρτυρηθῆναι
3364 4109 3603 4182 Πατρὸς,
3629 4110 3711 4174 ὡς

2127 4198 2288 4262 αὐτὸς
2317 4199 2403 4271 εἴη
2429 4202 2459 4253 ὀ
2480 4200 2611 4263 Υἱὸς
2632 4200 2795 4255 αὐτοῦ
2818 4203 2847 4254 ό
2873 4201 3122 4271 ἀληθινὸς
3149 4201 3282 4264 Θεὸς
3297 4202 3391 4255 καὶ
3417 4201 3715 4271 ὁμοοῦσιος

2127 4290 2294 4361 αὐτῷ,
2319 4290 2592 4364 σαρκώσει
2614 4294 2681 4363 τῇ
2703 4294 2770 4346 ὲκ
2799 4292 3073 4363 Παρθένου
3106 4292 3393 4361 γενόμενος
3417 4291 3715 4363 ἄνθρωπος

2133 4382 2269 4453 μετά
2295 4382 2390 4443 τοῦ
2433 4385 2610 4454 μεῖναι
2632 4381 2783 4447 Θεός.

2210 4473 2615 4546 ’Δναθεματίζω
2634 4469 2747 4538 οὖν,
2793 4472 2869 4540 ὡς
2900 4476 3141 4547 εἴρηται,
3166 4476 3294 4539 τοὺς
3333 4474 3486 4545 παρά
3527 4473 3717 4528 ταῦτα

2128 4566 2478 4639 φρονοῦντας,
2508 4569 2600 4621 καὶ
2626 4566 2785 4623 ἄλλον
2818 4568 2915 4638 μὲν
2946 4566 3198 4636 λέγοντας
3234 4563 3371 4625 εἶναι
3401 4567 3494 4619 τὸν
3512 4585 3719 4636 γεννη-

2128 4658 2287 4712 θέντα
2311 4661 2376 4713 ὲκ
2399 4659 2637 4728 Μαρίας,
2678 4659 2772 4711 καὶ
2793 4657 3175 4729 βαπτισθέντα,
3199 4658 3397 4730 μᾶλλον
3421 4658 3479 4711 δὲ
3498 4658 3578 4722 ὡς
3608 4658 3717 4712 urbe

2125 4752 2209 4803 τοὶ
2241 4750 2465 4822 ληροῦσι
2507 4750 2844 4821 βυθισθέντα,
2873 4751 3029 4806 ἄλλον
3057 4752 3115 4805 δὲ
3148 4752 3240 4811 τὸν
3275 4753 3341 4805 ὲκ
3372 4750 3469 4807 τοῦ
3512 4751 3717 4814 ὕδατος

2126 4842 2411 4897 ἀνελθόντα
2427 4844 2519 4897 καὶ
2536 4843 2964 4916 μαρτυρηθέντα,
2982 4844 3041 4897 δν
3062 4846 3155 4899 καὶ
3170 4844 3463 4915 ἀγέννητον
3494 4845 3719 4915 Ἰησοῦν

2127 4934 2222 4988 καὶ
2251 4933 2457 5003 Φέγγος
2499 4932 2874 5006 ὀνομάζουσιν,
2910 4936 2969 4987 ὲν
2999 4935 3233 5006 σχήματι
3266 4934 3557 5006 ἀνθρώπου
3604 4954 3720 5006 φατε

2128 5024 2308 5089 νέντα,
2328 5025 2541 5084 καὶτὸν
2578 5027 2676 5097 μὲν
2701 5022 2838 5083 εἶναι
2863 5024 2963 5097 τῆς
2984 5026 3160 5096 κακῆς
3186 5026 3380 5097 ἀρχῆς,
3406 5027 3501 5080 τὸν
3520 5027 3583 5082 δὲ
3604 5030 3716 5099 τῆς

2128 5117 2338 5189 ἀγαθῆς
2382 5117 2795 5190 μυθολογοῦσιν.
2848 5117 3248 5189 Ἀναθεματίζω
3277 5117 3402 5180 τοὺς
3446 5116 3714 5186 λέγοντας

2126 5209 2345 5280 δοκήσει
2369 5210 2566 5264 παθεῖν
2585 5211 2675 5264 τὸν
2700 5209 2902 5282 Κύριον
2918 5208 3074 5281 ἡμῶν
3104 5210 3310 5280 Ἰησοῦν
3332 5210 3589 5281 Χριστὸν,
3613 5212 3715 5265 καὶ

2128 5300 2284 5359 ἄλλον
2316 5301 2418 5372 μὲν
2446 5297 2583 5354 εἶναι
2605 5301 2695 5363 τὸν
2716 5302 2775 5354 ὲν
2796 5299 3036 5371 σταυρῷ,
3062 5299 3246 5371 ἕτερον
3267 5300 3325 5353 δὲ
3356 5300 3446 5352 τὸν
3482 5298 3713 5370 nepam.

2128 5393 2218 5447 θεν
2248 5394 2458 5447 ἑστῶτα
2480 5395 2573 5455 καὶ
2603 5392 2865 5462 γελῶντα,
2897 5391 2973 5455 ὡς
2996 5391 3154 5451 ἄλλου
3181 5390 3477 5451 ἀντάὐτοῦ
3508 5390 3712 5444 παθόν-

2127 5501 2235 5547 τος.
2270 5483 2677 5556 Ἀναθεματίζω
2702 5482 2881 5536 τοίνυν
2908 5485 3035 5546 τοὺς
3070 5481 3145 5555 μὴ
3176 5482 3578 5554 ὁμολογοῦντας
3596 5474 3706 5535 ἀὑ-ξ

2127 5574 2218 5627 τὸν
2243 5570 2387 5630 εἶναι
2417 5575 2507 5628 τὸν
2540 5577 2604 5627 ἐκ
2633 5575 2731 5645 τῆς
2760 5575 2919 5643 ἁγίας
2932 5574 3191 5634 Θεοτόκου
3230 5574 3323 5631 καὶ
3345 5573 3702 5644 ἁειπαρθένοο

2128 5668 2351 5739 Μαρίας
2385 5667 2734 5739 σαρκωθέντα
2765 5667 2897 5721 Θεὸν
2928 5666 3117 5735 Λόγον,
3136 5667 3231 5720 καὶ
3251 5665 3707 5735 γεννηθέντα,καὶ

2131 5760 2250 5814 κατ’
2275 5758 2531 5833 ἀλήθειαν
2555 5755 2946 5831 ’σταυρωθέντα
2989 5758 3173 5833 σαρκὶ,
3222 5756 3316 5819 καὶ
3360 5754 3704 5817 ἀποθανόντα
