4030 6342
345 370 477 426 ιωε

1428 350 1998 415 REGOGNlTlONES.
2030 382 2103 398 -
2123 352 2484 410 APPENDIX.

3459 357 3595 414 1466

342 483 553 558 ἀληθῶς
595 483 774 556 σαρκὶ,
813 482 909 536 καὶ
949 481 1246 554 τριήμερον
1288 480 1596 535 ἀναστάντα
1640 478 1716 542 ὡς
1761 474 1914 529 Θεὸν.

2020 470 2387 541 incarnatum,
2418 482 2472 530 et
2496 473 2762 545 genitum,
2797 488 3013 530 necnon
3052 488 3241 529 revera
3272 490 3439 532 carne
3475 493 3597 534 cru-

356 576 759 650 Ἃναθεματίζω
797 575 923 638 reb;
957 574 1051 628 rbv
1093 574 1328 645 Χριστὸν
1356 573 1613 643 λέγοντας
1654 568 1793 625 εἶναι
1818 566 1911 623 rbv

341 671 510 743 ἥλιον,
541 672 634 724 καὶ
673 668 997 740 εὐχομένους
1023 666 1103 737 τῷ
1133 667 1287 741 ἡλίῳ,
1320 667 1352 740 ἢ
1382 669 1448 737 τῇ
1481 667 1701 739 σελήνῃ,
1734 665 1766 735 ἥ
1798 667 1912 728 τοῖς

342 764 582 835 ἄστροις,
618 763 708 815 καὶ
728 760 866 824 ὅλως
912 759 1096 822 αὐτοῖς
1123 758 1200 822 ὡς
1229 759 1370 821 θεοῖς
1400 757 1783 829 προσέχοντας,
1817 756 1913 808 καὶ

343 858 667 927 φανοτάτους
720 852 873 916 θεοὺς
902 852 1332 914 ἀποκαλοῦντας⁸
1379 850 1471 904 καὶ
1512 849 1637 913 reb;
1669 849 1743 919 μὴ
1775 847 1913 919 πρὸς

340 944 601 1006 ἀνατολάς
640 942 798 1013 μόνον
826 941 903 1012 τῷ
927 941 1116 1011 ἀληθεῖ
1143 940 1261 1011 Θεῷ
1296 939 1640 1010 εὐχομένους,
1682 938 1815 992 ἀλλά
1844 939 1911 1008 τῇ

336 1038 428 1091 τοῦ
462 1037 607 1108 ἡλίου
637 1036 846 1106 κινήσει
875 1034 1447 1105 συμπεριφερομένους
1468 1036 1524 1085 ὲν
1543 1033 1664 1095 ταῖς
1697 1031 1913 1103 μυρίαις

335 1130 515 1183 αὐτῶν
546 1130 894 1201 προσευχαῖς.
939 1124 1345 1197 ’Λναθεματίζω
1366 1126 1493 1189 τοὺς
1523 1124 1615 1178 τὸν
1645 1124 1911 1194 Ζαράδην,

334 1223 537 1278 καὶτὸν
567 1222 784 1285 Βουδᾶν,
815 1224 907 1275 καὶ
934 1221 1025 1275 τὸν
1052 1220 1307 1291 Χριστὸν,
1340 1222 1432 1273 καὶ
1464 1219 1554 1271 rbv
1589 1220 1912 1288 Μανιχαῖον,

332 1317 423 1369 καὶ
446 1315 538 1367 τὸν
563 1313 732 1385 ἥλιον,
756 1314 853 1367 ἕνα
868 1313 963 1367 καλ.
984 1312 1075 1364 τὸν
1102 1311 1263 1364 αὐτὸν
1284 1305 1422 1363 εἶναι
1452 1308 1725 1377 λέγοντας.
1764 1308 1916 1359 Ἀνα-

331 1407 615 1477 θεματίζω
669 1407 795 1469 τοὺς
842 1404 934 1459 τὸν
986 1402 1341 1475 Παράκλητον
1361 1440 1376 1465 ,
1431 1400 1490 1453 ὃν
1558 1398 1916 1469 ἐπηγγείλατο

332 1499 576 1569 πέμπειν
594 1498 858 1569 ὀΚύριος,
886 1496 1202 1567 τολμῶντας
1225 1494 1405 1561 λέγειν
1433 1491 1523 1545 τὸν
1544 1491 1775 1545 δείλαιον
1804 1490 1919 1543 Μά-

332 1608 515 1653 νεντα,
556 1589 650 1642 καὶ
687 1589 759 1660 μὴ
798 1588 1190 1659 ὁμολογοῦντας
1229 1586 1320 1640 τὸν
1350 1583 1597 1655 ἀληθινὸν
1626 1583 1918 1654 Παράκλη-

333 1699 429 1735 τον
461 1683 523 1735 rb
560 1681 783 1752 Πνεῦμα
810 1682 908 1752 τῆς
935 1680 1212 1751 ἀληθείας,
1259 1678 1287 1731 ὃ
1334 1680 1450 1741 τοῖς
1478 1676 1655 1745 ἁγίοις
1682 1673 1915 1747 Χριστοῦ

340 1773 609 1845 μαθηταῖς
637 1772 729 1825 καὶ
753 1771 1067 1833 ἀποστόλοις
1090 1769 1447 1839 έπεφοίτησεν
1480 1770 1538 1821 ὲν
1564 1770 1629 1837 τῇ
1650 1767 1750 1836 τῆς
1776 1767 1914 1818 Πεν-

335 1866 610 1937 τηκοστῆς
638 1865 840 1936 ἡμέρᾳ,
882 1863 949 1917 δι’
971 1858 1031 1918 οῦ
1056 1863 1150 1916 καὶ
1178 1862 1280 1926 τὰς
1304 1861 1410 1914 ὐπὸ
1434 1859 1525 1912 rbv
1551 1859 1778 1931 οὐρανὸν
1800 1859 1917 1912 δια-

336 1958 562 2021 λέκτους
585 1956 847 2026 ἔγνωσαν,
880 1955 975 2009 καὶ
1006 1954 1232 2026 νεκροὺς
1259 1954 1513 2025 ἦγειραν,
1564 1952 1657 2005 καὶ
1684 1951 1753 2003 τὰ
1783 1950 1915 2005 ἄλλα

335 2052 619 2123 παράδοξα
638 2051 977 2122 εἰργάσαντο.
1018 2046 1426 2119 Ἀναθεματίζω
1440 2047 1565 2110 reb;
1588 2045 1688 2109 τὰς
1717 2045 1919 2117 ἀνθρω-

336 2145 500 2208 πίνας
519 2144 697 2215 ψυχὰς
723 2144 979 2212 λέγοντας
1020 2140 1335 2213 ὀμοουσίους
1371 2135 1508 2193 εἶναι
1540 2138 1617 2210 τῷ
1648 2138 1787 2208 Θεῷ,
1825 2139 1919 2191 καὶ

335 2236 445 2290 ὑπὸ
478 2236 576 2306 τῆς
618 2234 748 2305 ὖλης
778 2234 1170 2305 καταποθῆναι,
1201 2232 1295 2285 καὶ
1337 2230 1660 2295 καθέζεσθαι
1693 2229 1787 2283 νῦν
1826 2230 1918 2283 τὸν

336 2328 493 2391 Θεὸν,
524 2328 617 2379 καὶ
639 2326 840 2390 ταύτας
856 2325 1127 2392 ἐξαντλεῖν
1155 2323 1399 2377 κάτωθεν
1420 2322 1507 2375 διὰ
1530 2322 1624 2375 τοῦ
1654 2322 1805 2393 ἡλίου
1827 2322 1919 2375 καὶ

333 2420 440 2489 τῆς
486 2420 735 2491 σελήνης,
779 2418 814 2473 ἃ
845 2420 938 2472 καὶ
984 2418 1141 2471 πλοῖα
1183 2417 1455 2472 καλοῦσιν.
1510 2414 1918 2487 Ἀναθεματίζω

335 2511 471 2573 reb;
500 2510 599 2582 τὴν
637 2508 1054 2580 μετεμψύχωσιν
1082 2504 1402 2573 δοξάζοντας
1428 2506 1495 2577 ἣν
1526 2506 1681 2559 αὐτοὶ
1720 2505 1917 2559 καλοῦ-

340 2618 427 2655 σιν
465 2600 832 2672 μεταγγισμὸν
851 2598 1059 2670 ψυχῶν,
1085 2601 1178 2652 καὶ
1207 2601 1333 2661 τοὺς
1351 2598 1451 2661 τὰς
1483 2597 1711 2669 βοτάνας
1733 2598 1827 2650 καὶ
1848 2595 1917 2651 τὰ

339 2691 486 2760 φυτά
513 2692 605 2746 καὶ
631 2692 692 2744 rb
724 2691 866 2763 ὕδωρ
893 2689 1082 2744 καὶτὰ
1114 2689 1249 2744 ἄλλα
1286 2691 1482 2753 πάντα,
1522 2687 1740 2759 ἔμψυχα
1779 2683 1917 2741 εἶναι

339 2778 840 2850 ὑπολαμϐάνοντας,
864 2781 1101 2845 καὶτοὺς
1126 2779 1296 2833 ταῦτα
1327 2778 1643 2842 κόπτοντας,
1669 2778 1790 2848 ἦτοι
1832 2776 1917 2831 λέ-

340 2887 557 2939 γοντας,
586 2873 666 2934 είς
702 2873 885 2923 ἐκεῖνα
923 2868 1420 2942 μεταϐληθήσεσθαι
1465 2870 1787 2938 φάσκοντας,
1822 2868 1917 2921 καὶ

339 2962 489 3031 ἡμᾶς
509 2962 635 3025 reb;
662 2962 1018 3031 Χριστιανοὺς
1051 2962 1179 3025 reb;
1216 2959 1289 3032 μὴ
1318 2958 1791 3031 παραδεχομένους
1818 2958 1917 3022 τὰς

336 3050 596 3115 τοιαύτας
629 3051 950 3121 μυθολογίας
979 3049 1275 3113 καλοῦντας
1313 3048 1654 3120 Ἀπλαρίους.
1692 3046 1912 3100 Ἀναθε-

2016 563 2259 629 οἰῦιιιῐη,
2291 580 2419 621 vere
2450 579 2618 619 carne
2647 571 2949 631 mortuum,
2984 563 3258 635 tertioque
3287 566 3375 622 die
3416 570 3598 624 susci-

2016 665 2209 725 tatum,
2233 668 2422 729 utpote
2457 658 2647 713 Deum.
2668 658 3085 713 Anathematizo
3101 674 3195 713 eos
3213 660 3305 729 qui
3324 660 3597 718 aﬂlrmant

2013 751 2291 805 Christum
2311 766 2433 807 esse
2447 752 2639 816 solem,
2658 760 2710 807 et
2726 751 2793 806 ad
2812 753 3004 817 solem,
3024 755 3106 809 vel
3127 754 3332 824 lunam,
3346 758 3428 813 vel
3447 765 3597 813 astra

2014 859 2207 913 preces
2262 844 2535 911 deferunt,
2557 846 2904 916 omninoque
2932 846 3039 903 illis
3060 858 3118 903 ut
3140 848 3249 904 diis
3280 852 3593 914 attendunt,

2012 944 2322 1007 vocantque
2374 938 2507 993 deos
2557 938 2928 995 lucidissimos
2976 941 3154 995 :item
3192 956 3286 998 eos
3339 944 3432 1014 qui
3482 960 3595 999 non

2015 1031 2176 1087 modo
2201 1032 2268 1086 ad
2302 1030 2582 1087 Orientem
2624 1048 2754 1087 vero
2785 1032 2898 1088 Deo
2927 1035 3261 1106 supplicant,
3297 1035 3392 1090 sed
3437 1035 3595 1106 juxta

2014 1136 2221 1180 motum
2254 1125 2387 1181 solis
2410 1126 2805 1182 circumferunt
2831 1144 2889 1183 se
2912 1128 2966 1182 in
2991 1130 3106 1184 suis
3136 1130 3439 1185 innumeris
3468 1147 3595 1185 ora-

2015 1216 2275 1274 tionibus.
2296 1217 2713 1273 Anathematizo
2736 1220 2858 1274 illos
2892 1220 2987 1290 qui
3013 1219 3275 1275 Zaradem
3300 1229 3355 1277 et
3383 1221 3592 1277 Budam

2016 1321 2070 1364 et
2096 1308 2377 1365 Christum
2415 1317 2467 1365 et
2509 1309 2867 1365 Manichazum
2909 1319 2963 1367 et
3005 1313 3196 1376 solem,
3234 1330 3404 1368 unum
3437 1331 3593 1370 eum-

2017 1401 2251 1472 demque
2278 1417 2400 1458 esse
2424 1402 2636 1457 dicunt.
2660 1403 3074 1458 Anathematizo
3102 1420 3195 1459 eos
3213 1406 3306 1475 qui
3339 1403 3593 1461 Paracle-

2017 1501 2133 1547 tum
2182 1509 2342 1563 quem
2380 1492 2644 1550 Dominus
2678 1495 2974 1551 missurum
3007 1511 3065 1551 se
3091 1497 3364 1567 promisit,
3391 1498 3595 1553 audent

2018 1585 2199 1641 dicere
2231 1585 2493 1641 miserum
2526 1586 2815 1649 Manetem,
2845 1603 3020 1657 neque
3044 1594 3374 1645 contltentur
3403 1608 3592 1647 verum

2017 1676 2361 1732 Pnracletum
2386 1677 2649 1749 Spiritum
2671 1681 2937 1738 veritatis.
2953 1681 3045 1750 qui
3071 1682 3124 1736 in
3145 1694 3365 1740 sanctos
3386 1682 3595 1741 Christi

2018 1764 2318 1835 discipulos
2360 1781 2423 1821 ac
2462 1767 2741 1836 apostolos
2772 1768 3055 1824 descendit
3090 1772 3177 1826 die
3203 1772 3555 1831 Pentecostes
3575 1817 3590 1840 ,

2020 1874 2117 1928 per
2162 1874 2321 1928 quem
2357 1868 2411 1913 et
2446 1859 2614 1913 totius
2640 1859 2790 1916 orbis
2822 1861 3034 1931 linguas
3066 1871 3226 1918 notas
3257 1864 3591 1931 habuerunt,

2020 1968 2083 2007 ac
2115 1960 2361 2005 mortuos
2403 1951 2774 2015 suscitarunt,
2806 1952 3025 2024 aliaque
3068 1954 3336 2009 miracula
3380 1958 3594 2027 operati

2020 2050 2167 2099 sunt.
2208 2042 2623 2097 Anathematizo
2660 2059 2756 2099 eos
2787 2046 2881 2115 qui
2916 2043 3184 2100 humanas
3228 2048 3438 2103 animas
3485 2048 3595 2106 Deo

2018 2130 2521 2187 consubstantiales
2567 2131 2787 2196 dicunt,
2829 2142 2883 2188 et
2927 2150 2956 2188 a
3003 2138 3230 2189 materia
3276 2138 3591 2205 absorberi,

2020 2239 2275 2293 nuncque
2304 2222 2498 2278 sedere
2538 2222 2707 2277 Deum
2753 2238 2818 2277 ac
2859 2240 2952 2279 eas
2985 2224 3206 2280 haurire
3242 2226 3309 2280 ab
3340 2228 3451 2282 imo
3497 2246 3596 2299 per

2020 2322 2188 2375 solem
2211 2329 2264 2375 et
2294 2321 2500 2384 lunam,
2533 2336 2654 2390 quae.
2683 2322 2844 2376 etiam
2873 2320 3086 2392 navigia
3121 2336 3334 2378 vocant.
3363 2324 3597 2382 Anothe-

2018 2414 2216 2468 matizo
2259 2430 2354 2469 eos
2384 2413 2477 2483 qui
2511 2415 3023 2485 metempsychosim
3070 2415 3385 2485 admittunt,
3428 2435 3594 2489 quam

2022 2506 2124 2575 ipsi
2156 2507 2440 2561 nominant
2479 2507 2783 2560 animarum
2829 2506 2895 2561 de
2931 2522 3055 2561 vase
3093 2508 3146 2561 in
3182 2524 3278 2563 vas
3311 2511 3595 2581 migratio—

2018 2614 2182 2655 nem:
2226 2608 2486 2669 praeterea
2530 2614 2625 2655 eos
2663 2599 2752 2669 qui
2801 2598 3021 2664 herbas,
3077 2600 3329 2670 plantas,
3372 2618 3592 2673 aquam,

2019 2702 2321 2761 cmteraque
2362 2692 2549 2746 omnia
2592 2699 2787 2761 putant
2828 2707 2951 2746 esse
3010 2692 3283 2758 animata,
3333 2695 3596 2759 aiuntque

2018 2800 2207 2843 eorum
2233 2791 2476 2839 sectores
2518 2792 2612 2835 aut
2641 2783 2963 2837 collectores
2996 2782 3053 2835 in
3095 2783 3183 2836 illa
3229 2791 3597 2840 transmutan-

2019 2875 2152 2941 dus;
2190 2891 2291 2930 nos
2322 2884 2501 2929 autem
2528 2874 2895 2935 Christianos.
2929 2875 3024 2945 qui
3076 2875 3391 2945 hujusmodi
3438 2877 3598 2936 fabu-

2020 2967 2168 3027 losos
2198 2982 2479 3022 sermones
2510 2968 2733 3022 minime
2767 2967 3085 3037 recipimus,
3126 2970 3401 3038 appellant
3445 2968 3583 3027 Sim-

2021 3058 2209 3130 plices.
2236 3058 2648 3114 Anathematizn
2677 3074 2772 3114 eos
2809 3046 3043 3129 tumqui
3073 3060 3387 3114 inliciantur
3415 3063 3598 3121 carnis

343 3142 559 3214 ματίζω
585 3144 711 3206 reb;
728 3142 1096 3214 ἀρνουμένους
1117 3140 1213 3212 τὴν
1235 3140 1342 3195 τῶν
1361 3140 1579 3213 σαρκῶν
1596 3138 1912 3202 ἀνάστασιν,

2020 3152 2512 3217 resurrectionem;
2558 3158 2673 3204 tum
2708 3151 2801 3220 qui
2846 3150 3303 3207 inhumanitatem
3360 3153 3595 3217 docent,

340 3232 437 3291 καὶ
479 3233 601 3295 τοὺς
629 3231 1019 3304 ἀπανθρωπίαν
1059 3231 1428 3295 διδάσκοντας,
1462 3232 1557 3284 καὶ
1592 3230 1664 3301 μὴ
1705 3246 1915 3299 συγχω-

343 3321 578 3394 ροῦντας
593 3321 830 3375 δίδοσθαι
848 3321 1062 3391 πένησι,
1080 3321 1313 3385 καὶτοὺς
1328 3320 1389 3374 rb
1406 3320 1748 3385 αὐτεξούσιον
1771 3321 1919 3373 avai-

335 3414 695 3488 ροῦντα.ς,καλ⁵
710 3414 783 3485 μὴ
797 3414 880 3483 ἐφ’
892 3417 1024 3485 ἡμῖν
1035 3410 1173 3468 εἶναι
1187 3414 1442 3483 λέγοντας
1454 3414 1516 3466 rb
1532 3410 1667 3467 εἶναι
1684 3412 1868 3476 καλοῖς
1883 3414 1917 3484 ἧ

331 3511 559 3571 κακοῖς,
579 3508 810 3571 καὶτοὺς
825 3508 1124 3579 βρωμάτων
1136 3506 1435 3578 ἀπέχεσθαι
1465 3508 1916 3579 προστάττοντας,

330 3601 371 3655 ἃ
388 3603 428 3653 ὁ
443 3601 572 3665 Θεὸς
588 3599 798 3654 ἔκτισεν
814 3602 892 3664 είς
910 3599 1227 3671 μετάληψιν.
1247 3599 1432 3652 ’Δναθε
1441 3598 1605 3671 ματίζ
1607 3617 1651 3651 ω
1664 3600 1789 3663 reb;
1806 3600 1919 3663 τοίς

332 3695 566 3758 οἰκείοις
590 3693 769 3766 οὔροις
797 3694 1023 3757 ἑαυτοὺς
1056 3692 1386 3765 μιαίνοντας,
1415 3694 1509 3745 καὶ
1542 3692 1616 3763 μὴ
1660 3691 1922 3763 ἀνεχομέ-

334 3803 471 3849 νους
498 3786 597 3849 τὰς
638 3786 912 3857 ρυπαρίας
948 3783 1127 3838 αὐτῶν
1158 3783 1315 3838 libari
1352 3782 1701 3848 ἀποπλύνειν,
1729 3784 1814 3835 ἵνα
1847 3783 1919 3854 μὴ

339 3877 605 3951 μολυνθῇ,
625 3878 778 3945 φασὶ,
810 3879 869 3929 rb
889 3876 1051 3948 ὕδωρ.
1086 3875 1487 3947 Ἀναθεματίζω
1504 3876 1628 3937 reb;
1645 3874 1743 3944 τὴν
1772 3874 1923 3944 παρά

336 3969 509 4042 φύσιν
538 3968 924 4039 ἀσχημοσύνην
958 3969 1460 4041 κατεργαζομένους
1480 4009 1494 4033 ,
1523 3969 1583 4022 οὐ
1627 3969 1787 4041 μόνον
1826 3968 1923 4024 άν-

334 4062 501 4132 δρας,
534 4060 668 4114 ἀλλά
694 4061 789 4115 καὶ
821 4063 1101 4130 γυναῖκας,
1138 4063 1229 4114 τὸν
1254 4061 1310 4114 δὲ
1347 4064 1524 4133 γάμον
1551 4061 1923 4132 ἀποϐαλλομέ-

337 4170 493 4217 νους,
520 4153 614 4206 καὶ
636 4152 738 4221 τῆς
764 4153 1156 4223 νενομισμένης
1180 4153 1315 4222 πρὸς
1330 4153 1430 4216 τάς
1448 4156 1712 4222 γυναῖκας
1738 4170 1925 4206 συνου-

342 4246 471 4309 σίας
510 4244 898 4317 ἀπεχομένους,
927 4245 1015 4299 ῖνα
1058 4244 1130 4316 μὴ
1160 4244 1609 4317 παιδοποιήσωσι,
1646 4245 1801 4314 φασὶ,
1831 4246 1925 4298 καὶ

338 4338 527 4408 ψυχάς
554 4340 632 4401 εἰς
654 4338 742 4392 τὸν
774 4338 1029 4411 βόρϐορον
1056 4338 1165 4390 τῶν
1192 4338 1544 4410 ἀνθρωπίνων
1573 4339 1763 4410 ψυχῶν
1793 4357 1924 4393 κατ-

340 4449 644 4502 αγαγωσιν.

2020 3259 2119 3298 nec
2146 3241 2450 3297 concedunt
2477 3242 2775 3313 quidquam
2812 3243 2930 3297 dari
2962 3226 3327 3313 pauperibus;
3362 3252 3475 3298 tum
3500 3243 3595 3314 qui

2021 3336 2221 3394 tollunt
2241 3336 2471 3390 liberum
2496 3336 2807 3399 arbitrium,
2844 3337 3312 3406 pronuntiantque
3337 3352 3443 3388 non
3472 3353 3596 3392 esse

2020 3426 2075 3479 in
2117 3434 2306 3481 nostra
2338 3433 2607 3496 potestate
2646 3437 2704 3481 ut
2752 3426 2877 3480 boni
2916 3435 3010 3480 aut
3050 3428 3175 3480 mali
3226 3428 3419 3491 simus,
3476 3436 3592 3480 tum

2021 3520 2113 3591 qui
2150 3521 2473 3593 praecipiunt
2518 3519 2794 3574 abstinere
2836 3520 2995 3584 cibis,
3044 3535 3182 3590 quos
3229 3519 3372 3574 Deus
3410 3527 3468 3573 ut
3502 3536 3596 3574 su-

2022 3624 2238 3668 mantur
2263 3614 2488 3668 creavit.
2522 3612 2936 3667 Anathematizo
2966 3626 3061 3665 eos
3085 3613 3176 3681 qui
3214 3627 3270 3665 se
3313 3627 3409 3665 sua
3435 3614 3596 3666 urina

2028 3704 2336 3769 sordidant,
2372 3720 2471 3759 nec
2496 3705 2769 3759 sustinent
2791 3719 2931 3773 aqua
2960 3719 3090 3758 suas
3118 3702 3308 3757 sordes
3340 3702 3557 3756 abluere
3577 3742 3593 3767 ,

2023 3812 2111 3857 ne,
2143 3796 2418 3866 inquiunt,
2456 3810 2594 3865 aqua
2625 3795 2921 3865 polluatur.
2947 3793 3362 3848 Anathematizo
3385 3808 3478 3847 eos
3500 3794 3595 3863 qui

2024 3896 2233 3943 naturae
2274 3887 2604 3942 contrariam
2650 3885 3046 3956 turpitudinem
3097 3891 3433 3954 perpetrant,
3486 3900 3597 3943 non

2023 3982 2199 4037 solum
2232 3982 2400 4045 viros,
2420 3980 2514 4035 sed
2544 3988 2596 4035 et
2626 3978 2886 4048 feminas;
2922 3980 3141 4049 nuptias
3169 3996 3298 4035 vero
3316 3978 3593 4047 rr-jiciunt,

2023 4082 2076 4129 et
2116 4074 2352 4144 legitima
2385 4089 2506 4127 cum
2532 4073 2851 4127 mulieribus
2874 4072 3272 4127 consuetudine
3297 4071 3594 4135 abstinent,

2023 4186 2091 4225 ne
2110 4170 2313 4225 liberos
2330 4169 2651 4239 suscip?ant,
2668 4168 2941 4237 inquiunt,
2957 4168 3277 4238 animasque
3289 4166 3354 4220 ad
3374 4180 3594 4225 canum

2023 4261 2387 4316 humanarum
2416 4261 2725 4319 animarum
2765 4259 3058 4317 deducant.

435 4522 834 4594 ’Λναθεματίζω
861 4523 954 4576 καὶ
981 4522 1397 4594 καταθεματίζω
1422 4524 1630 4587 πάντας
1656 4524 1780 4587 reb;
1800 4523 1918 4577 Ma-

2090 4505 2178 4560 lll.
2220 4506 2577 4562 Anathemate
2622 4512 2678 4559 et
2723 4503 3083 4558 catathemate
3129 4503 3375 4573 percutio
3404 4515 3598 4555 omnes

342 4616 611 4686 νιχαξους,
644 4617 738 4668 καὶ
784 4615 851 4668 ra
895 4614 1098 4668 τούτων
1143 4617 1469 4688 φρονήματα
1519 4616 1613 4669 καὶ
1657 4615 1920 4686 δόγματα,

346 4708 450 4763 σὺν
491 4706 682 4768 αὐταῖς
720 4705 917 4777 ψυχαῖς
958 4721 1018 4757 τε
1049 4705 1142 4758 καὶ
1172 4703 1406 4775 σώμασι,
1431 4706 1525 4759 καὶ
1566 4705 1636 4758 τά
1683 4705 1922 4777 μυσαρὰ,

345 4800 444 4858 καὶ
475 4798 778 4870 ἀκάθαρτα,
813 4799 907 4853 καὶ
935 4798 1189 4869 γοητείας
1216 4797 1397 4870 πλήρη
1431 4799 1725 4871 μυστήρια,
1750 4798 1843 4851 καὶ
1864 4797 1925 4849 rb

346 4891 682 4962 καλούμενον
725 4889 902 4944 αὐτῶν
949 4890 1130 4962 Βῆμα,
1172 4890 1267 4943 καὶ
1312 4889 1487 4946 πάντα
1535 4890 1635 4943 ὅσα
1681 4888 1924 4942 τελοῦσιν

345 4982 545 5045 ἀθέως,
574 4981 610 5035 ἀ
643 4984 763 5044 ταῖς
807 4982 1191 5051 Μανιχαῖκαῖς,
1227 4979 1425 5052 μᾶλλον
1460 4980 1516 5034 δὲ
1550 4984 1925 5052 γοητευτικαῖς

345 5073 529 5128 αὐτῶν
577 5073 887 5144 περιέχεται
927 5072 1169 5142 βιϐλίοις.
1204 5072 1607 5143 Ἀναθεματίζω
1652 5072 1828 5129 πάντα
1856 5071 1925 5126 τὰ

345 5168 593 5238 δόγματα
623 5167 716 5219 καὶ
747 5164 1149 5236 συγγράμματα
1176 5166 1271 5218 τοῦ
1292 5165 1587 5228 Μάνεντος,
1609 5168 1702 5219 καὶ
1728 5166 1789 5218 rb
1816 5165 1922 5217 τῶν

363 5259 735 5319 Ἐπιστολῶν
764 5257 927 5314 αὐτοῦ
959 5258 1181 5328 βιϐλίον,
1210 5260 1304 5312 καὶ
1326 5258 1505 5321 πάσας
1532 5258 1630 5321 τὰς
1657 5260 1924 5329 Μανιχαῖ-

346 5349 453 5411 κάς
499 5349 738 5419 βίϐλους·
786 5344 897 5404 οἷον
944 5351 1006 5403 rb
1048 5350 1365 5423 νεκροποιδν
1407 5349 1556 5424 αὐτῷ
1587 5350 1698 5422 (75)
1733 5354 1925 5420 Εὐαγ-

344 5440 571 5510 τέλιον,
600 5442 736 5512 ὅπερ
781 5440 893 5502 ζῶν
933 5440 1186 5497 καλοῦσι·
1238 5444 1331 5496 καὶ
1373 5442 1465 5496 τὸν
1512 5442 1783 5515 θησαυρὸν
1828 5442 1923 5496 τοῦ

348 5531 603 5597 θανάτου,
627 5533 684 5585 ὃν
711 5533 927 5601 λέγουσι
953 5534 1267 5603 Θησαυρὸν
1288 5533 1437 5603 ζωῆς
1454 5552 1467 5566 ·
1495 5536 1588 5587 καὶ
1616 5534 1713 5607 τὴν
1740 5535 1927 5589 καλου-

353 5624 522 5706 μένην
555 5627 915 5695 Μυστηρίων
948 5626 1149 5698 βίϐλον,
1178 5628 1235 5680 ὲν
1324 5627 1650 5696 ἀνατρέπειν
1688 5627 1923 5699 πειρῶν-

428 5802 539 5874 (73)
577 5801 766 5875 Αὐτῷ.
798 5800 927 5879 Leg.
955 5801 1152 5865 αὐτῶν.
1178 5802 1380 5866 Com.

2026 4600 2370 4663 Manichaees,
2404 4614 2700 4668 eorumque
2741 4596 3039 4652 sententias
3080 4602 3134 4649 et
3162 4594 3436 4664 degrnata,
3468 4607 3595 4646 cum

2026 4695 2162 4765 ipsis
2203 4692 2490 4747 animabus
2518 4698 2571 4745 et
2600 4689 2944 4759 corporibus,
2977 4694 3030 4743 et
3069 4685 3453 4747 abominanda,
3489 4686 3596 4739 im-p

2025 4803 2160 4858 pura
2207 4784 2716 4857 praestigiarumque
2760 4782 2919 4851 plena
2949 4779 3224 4850 mysteria,
3257 4786 3311 4831 et
3339 4784 3592 4831 vocatum

2024 4882 2242 4935 illorum
2272 4878 2469 4943 Bema;
2501 4876 2795 4945 omniaque
2823 4888 2944 4943 quae
2981 4871 3144 4941 impie
3174 4877 3598 4940 peragunt,quaa

2027 4972 2081 5026 in
2113 4970 2488 5034 Manichaicis,
2521 4968 2693 5037 magis
2724 4973 2903 5021 autem
2931 4963 3366 5035 praestigiatoriis
3404 4976 3597 5021 eorum

2025 5066 2180 5121 libris
2221 5064 2588 5119 continentur.
2618 5055 3035 5112 Anathemalize
3076 5070 3266 5109 omnes
3308 5052 3598 5123 epinioues

2026 5172 2089 5211 ac
2140 5157 2307 5211 libros
2354 5153 2603 5218 Manetis,
2636 5159 2799 5220 atque
2829 5147 3194 5216 Epistolarum
3247 5145 3394 5198 illius
3438 5144 3593 5197 velue

2026 5265 2172 5311 men,
2205 5255 2511 5316 cunctaque
2542 5243 2744 5312 scripta
2776 5239 3111 5294 Manichaica
3146 5257 3161 5295 :
3193 5237 3359 5291 veluti
3399 5236 3595 5289 morti-

2026 5342 2199 5395 ferum
2241 5354 2429 5395 eorum
2472 5334 2814 5405 Evangelium
2846 5374 2860 5399 ,
2890 5332 3035 5402 quod
3063 5331 3235 5403 vivum
3277 5328 3595 5398 appellant;

2027 5448 2089 5487 ac
2117 5431 2457 5487 Thesaurum
2491 5428 2705 5491 mortis,
2738 5442 2899 5497 quem
2928 5425 3119 5479 dicunt
3152 5421 3476 5475 Thesaurum
3517 5420 3596 5472 οἱα

2028 5536 2124 5589 tm;
2154 5534 2208 5580 et
2236 5524 2433 5578 librum
2466 5521 2628 5576 titulo
2660 5519 3055 5590 Mysteriorum,
3092 5517 3147 5570 in
3179 5529 3287 5585 quo
3326 5513 3497 5581 legem
3530 5525 3597 5573 ao

2027 5617 2319 5690 prophetas
2345 5624 2590 5673 evertere
2616 5615 2899 5678 nituntur;
2930 5618 2983 5666 et
3020 5610 3218 5664 librum
3251 5603 3597 5679 Apocryphq.
