4030 6342
497 345 634 403 ΗΘἺ

1360 348 1418 405 s.
1461 347 1854 404 CLEMENTIS
1891 347 1913 400 ι
1950 346 2359 407 marrow.
2396 347 2622 407 omna
2659 350 2887 409 DUBIA.

3611 349 3758 405 1468

490 467 633 522 rum,
663 469 717 514 et
772 459 938 514 aium
979 459 1524 525 Commentariorum;
1559 461 1687 516 item
1736 458 1805 514 ab
1845 455 1960 514 Ada
2009 467 2090 519 et,

2174 477 2252 514 catt
2292 461 2452 532 νόμον
2481 462 2573 516 καὶ
2601 463 2882 535 προφήτας
2903 478 2915 491 ·
2948 459 3042 514 καὶ
3066 460 3166 532 τὴν
3190 461 3296 514 τῶν
3335 460 3756 528 Ἀποκρύερων·

491 550 783 605 Adimanto
820 551 1192 621 conscriptum
1237 553 1501 609 adversus
1550 552 1788 622 Moysem
1833 550 2068 620 pmphe-

492 649 687 712 tasque
723 642 894 710 alios;
928 657 1028 696 nec
1077 658 1187 698 non
1239 644 1439 698 librum
1488 642 1680 714 Agapii
1713 639 2066 711 IIeptalogum

492 735 733 798 nomine,
762 733 1180 806 Aristocritique
1209 733 1358 804 Opus
1400 735 1544 805 quod
1583 733 1978 802 Theosophiam,
2011 729 2066 784 id

491 834 596 892 est,
628 825 722 880 Dei
750 825 1070 896 sapientiam
1104 827 1416 898 inscripsit;
1447 829 1499 882 in
1533 842 1639 896 quo
1659 824 1946 882 ostendere
1974 839 2068 878 co-

492 929 654 974 natur
679 919 1045 984 Judaismum,
1076 921 1475 992 paganismum,
1507 918 1992 983 Christianismum
2013 924 2067 973 et

492 1009 946 1068 Manichaismum
995 1028 1160 1066 unum
1207 1027 1330 1067 esse
1370 1011 1624 1080 idemque
1652 1009 1875 1079 dogma;
1904 1017 2069 1077 utque

488 1103 793 1173 probabilia
815 1105 1068 1160 videatur
1099 1104 1303 1170 dicere,
1338 1103 1606 1158 Manetem
1635 1117 1854 1172 quoque
1891 1099 2069 1170 arguit

489 1201 750 1266 tanquam
797 1196 1021 1251 malum.
1066 1196 1374 1252 Anathema
1415 1202 1470 1252 et
1513 1195 1821 1250 catathema
1847 1192 2068 1264 profero

490 1275 755 1343 adversus
808 1301 998 1344 omnes
1045 1287 1398 1362 Manichasos,
1428 1301 1618 1342 omnes
1649 1301 1840 1341 eorum
1870 1285 2065 1350 libros,

487 1392 680 1432 omnes
712 1391 925 1450 preces,
946 1377 1056 1430 imo
1082 1377 1410 1448 praestigias,
1442 1393 1635 1433 omnes
1657 1392 1847 1432 eorum
1877 1375 2067 1441 duces,

487 1468 803 1538 magistros,
837 1469 1144 1538 episcopos,
1169 1470 1518 1539 presbyteros
1538 1511 1553 1537 ,
1589 1470 1816 1532 electos,
1842 1467 2067 1531 electas,

489 1558 792 1621 auditores,
825 1558 1152 1629 discipulos,
1183 1574 1307 1613 cum
1345 1559 1633 1614 animabus
1651 1565 1704 1614 et
1721 1556 2068 1628 corporibus,

489 1648 766 1721 impiaque
806 1650 1121 1706 traditione.
1154 1649 1573 1706 Anathematizo
1601 1656 1810 1722 patrem
1839 1649 2071 1705 Manetis

485 1738 791 1808 Patecium,
825 1748 886 1796 ut
903 1741 1220 1799 mendacem
1243 1749 1295 1798 et
1313 1743 1579 1799 mendacii
1596 1750 1804 1814 patrem
1829 1759 1844 1810 ;
1878 1740 2068 1797 itidem

2167 555 2259 608 καὶ
2285 555 2381 627 τὴν
2409 555 2515 608 τῶν
2562 553 3191 624 Ἀπομνημονευμάτων
3207 572 3225 586 ο·
3250 553 3348 607 και
3373 553 3472 623 τὴν
3500 569 3761 622 γεγραμ-

2171 646 2337 718 μένην
2377 647 2510 717 Ἃδᾳ
2547 647 2639 700 καὶ
2680 646 3029 723 Ἀδειμάντῳ,
3060 646 3195 699 κατὰ
3211 643 3488 706 Μωῦσέως
3520 645 3622 697 καὶ
3649 644 3758 698 τῶν

2166 738 2340 793 ἄλλων
2387 739 2709 810 προφητῶν·
2760 739 2853 792 καὶ
2899 739 2998 808 τὴν
3043 737 3332 808 λεγομένην
3381 734 3759 801 Ἑπτάλοτον

2181 830 2440 898 Ἀγαπίου
2456 848 2468 860 ·
2498 833 2591 884 καὶ
2617 830 2714 901 τὴν
2743 830 3142 901 Ἀριστοκρίτου
3168 827 3366 898 βίϐλον,
3384 829 3455 897 ἣν
3484 825 3756 896 ἐνέγραψε

2172 920 2525 989 Θεοσοςςίαγ,
2553 921 2610 972 ἐν
2639 915 2671 993 ᾖ
2705 922 2960 990 πειρᾶται
2985 917 3252 973 δεικνύναι
3281 916 3373 971 τὸν
3418 916 3755 986 Ἰουδαϊσμδν

2167 1011 2263 1063 καὶ
2292 1010 2381 1064 τὸν
2423 1011 2767 1082 Ἑλληνισμὸν
2810 1011 2903 1064 καὶ
2940 1010 3032 1062 τὸν
3066 1008 3494 1081 Χριστιανισμδν
3539 1009 3638 1060 καὶ
3666 1009 3756 1062 τὸν

2167 1101 2546 1172 Μανιχαϊσμὸν
2577 1101 2634 1154 ἓν
2662 1096 2803 1155 εἶναι
2835 1102 2929 1154 καὶ
2956 1100 3017 1152 τὸ
3045 1100 3175 1154 αὐτὸ
3201 1099 3400 1169 δόγμα,
3427 1099 3516 1151 καὶ
3551 1100 3641 1152 ἵνα
3665 1116 3754 1151 πι-

2170 1194 2308 1249 θανὰ
2351 1193 2477 1268 δόξῃ
2512 1194 2708 1263 λέγειν,
2739 1192 3076 1248 καθάπτεται
3117 1196 3213 1247 καὶ
3244 1192 3340 1247 τοῦ
3370 1194 3645 1257 Μάνεντος
3673 1193 3752 1258 ὡς

2170 1287 2430 1358 πονηροῦ.
2467 1285 2875 1357 Ἀναθεματίζω
2920 1285 3014 1338 καὶ
3071 1284 3477 1356 καταθεματίζω
3527 1286 3750 1350 πάντας

2168 1381 2295 1443 τοὺς
2323 1379 2679 1450 Μανιχαίους,
2711 1379 2806 1432 καὶ
2851 1379 3031 1431 πᾶσαν
3073 1376 3254 1433 αὐτῶν
3293 1375 3480 1446 βίϐλον,
3507 1379 3600 1431 καὶ
3631 1379 3747 1431 rip

2173 1485 2270 1522 σαν
2297 1468 2483 1540 εὐχὴν,
2516 1467 2712 1540 μᾶλλον
2739 1467 2795 1520 δὲ
2825 1466 3100 1537 γοητείαν,
3131 1467 3225 1520 καὶ
3257 1465 3460 1528 πάντας
3482 1469 3601 1529 τοὺς
3631 1468 3740 1537 ἀρ-

2169 1561 2373 1632 χηγοὺς
2399 1560 2599 1625 αὐτῶν,
2630 1561 2724 1614 καὶ
2753 1559 3120 1623 διδασκάλους,
3153 1559 3244 1612 καὶ
3271 1559 3611 1622 ἐπισκόπους,
3639 1560 3740 1620 καὶ

2170 1653 2590 1724 πρεσϐυτέρους,
2652 1651 2747 1707 καὶ
2801 1651 3110 1716 ἐκλεκτοὺς,
3171 1650 3264 1704 καὶ
3316 1648 3593 1713 ὲκλεκτὰς,
3643 1651 3738 1703 καὶ

2170 1744 2464 1817 ἀκροατὰς,
2492 1745 2588 1798 καὶ⁹
2621 1743 2888 1817 μαθητὰς,
2926 1743 3063 1816 μετὰ
3091 1743 3200 1796 τῶν
3228 1741 3418 1812 ψυχῶν
3444 1742 3622 1795 αὐτῶν
3651 1745 3740 1796 καὶ

489 1832 666 1902 ipsius
683 1840 911 1888 matrem
929 1832 1246 1898 Carossam,
1265 1841 1320 1889 et
1349 1833 1658 1900 Hieracem,
1698 1831 2063 1899 Heraclidem,

2174 1837 2457 1908 σωμάτων,
2488 1837 2582 1891 καὶ
2622 1836 2723 1907 τῆς
2765 1835 2926 1889 ἀθέου
2957 1833 3747 1907 παραδόσεως.’ᾹναΘεματίζυ

489 1924 862 1994 Aphthonium
884 1967 898 1990 ,
931 1926 1024 1996 qui
1066 1928 1488 1982 commentarios
1518 1941 1581 1981 ac
1609 1926 1981 1997 expositiones
2009 1924 2068 1978 in

489 2013 640 2068 illius
672 2014 842 2070 libros
858 2016 1330 2085 conscripserunt;
1349 2025 1403 2071 et
1428 2017 1666 2084 reliquos
1681 2017 1800 2087 ejus
1827 2015 2070 2085 discipu-

487 2105 573 2161 los
589 2121 800 2172 omnes,
837 2105 1139 2171 Sisjnnium
1170 2107 1400 2164 Manetis
1417 2109 1642 2164 insania:
1665 2122 2064 2170 successorem,

489 2197 760 2254 Thomam
789 2201 880 2269 qui
901 2197 1124 2254 Thomz'e
1139 2199 1344 2260 dictum
1367 2201 1716 2272 Evangelium
1739 2203 2066 2273 composuit,

487 2291 719 2355 Budam,
740 2290 1205 2360 Iierman,lAdam,
1254 2293 1606 2348 Adimantum
1634 2335 1648 2359 ,
1679 2293 1941 2359 Zaruam,
1972 2295 2072 2349 Ga-

488 2383 784 2449 briabium,
801 2381 1086 2453 Agapium,
1108 2381 1396 2450 Hilarium,
1421 2383 1753 2456 Olympium,
1774 2387 2072 2442 Aristocri—

489 2487 628 2540 tum,
651 2476 962 2542 Salmteum,
983 2477 1244 2546 lnnaeum,
1271 2479 1515 2550 Paapim,
1541 2481 1812 2550 Barazam;
1843 2490 2072 2552 praeter-

490 2584 665 2639 eaque
719 2584 814 2624 eos
859 2568 952 2639 qui
1005 2570 1212 2626 ultimis
1242 2570 1458 2627 demum
1491 2573 1832 2642 temporibus
1876 2571 2069 2628 haeresi

489 2661 1112 2734 praefuerunt,Paulum
1160 2663 1534 2734 Joanncmque
1580 2662 1858 2718 Callinicae
1905 2664 2068 2732 ﬁlios,

489 2750 1033 2823 Constantinumqui
1065 2763 1118 2809 et
1151 2752 1425 2817 Silvanus,
1449 2753 1756 2807 Simeonem
1789 2754 1881 2824 qui
1912 2763 1965 2809 et
1981 2754 2073 2811 Ti-

492 2851 602 2908 tus,
627 2843 921 2900 Genesium
945 2845 1036 2914 qui
1061 2856 1114 2899 et
1131 2844 1472 2910 Timotheus,
1502 2844 1841 2909 Zachariam,
1863 2863 2075 2905 merce-

491 2937 733 3001 narium,
765 2935 1062 3006 Josephum
1109 2936 1202 3008 qui
1233 2943 1285 2991 ct
1315 2935 1741 3005 Epaphroditus,
1793 2937 2070 2995 Baannem

492 3043 775 3098 Spurcum,
807 3028 1055 3099 Sergium
1089 3030 1179 3100 qui
1213 3038 1267 3085 et
1299 3028 1602 3101 Tychicus;
1635 3029 1865 3100 ejusque
1901 3031 2071 3087 disci-

490 3120 652 3191 pulos
679 3120 884 3193 pariter
919 3129 974 3176 et
1019 3122 1246 3176 comites
1275 3121 1564 3187 vocitatos,
1598 3121 1934 3184 Michaelem.
1965 3123 2072 3178 Ca-

490 3189 800 3273 nacari'um,
835 3210 1121 3277 Joannem,
1157 3212 1520 3279 Theodotum,
1552 3211 1812 3268 Basilium
1839 3221 1890 3269 et
1920 3213 2072 3270 Zosi~
2099 3189 2141 3248 Ο

491 3319 641 3358 nium
668 3323 682 3370 ;
714 3320 969 3373 quorum,
1014 3305 1245 3372 scilicet,
1293 3306 1606 3376 superiores
1639 3305 1830 3376 gradu,
1866 3303 2076 3360 Notarii

491 3397 815 3466 nuncupati,
849 3397 1292 3453 abominabilium
1321 3398 1600 3468 orgiorum
1637 3399 1752 3453 sive
1792 3413 2074 3453 sacrorum

492 3505 682 3544 curam
724 3498 1097 3560 susceperant.
1131 3489 1335 3545 Praeter
1364 3491 1463 3546 hos
1488 3499 1670 3546 autem
1700 3491 2069 3545 anathemati-

492 3596 560 3635 zo
590 3582 1071 3640 sceleratissimum
1100 3581 1386 3647 Carbeam,
1412 3590 1466 3638 et
1493 3598 1690 3654 genere
1722 3583 1942 3652 quidem
1971 3583 2075 3654 ipsi

491 3673 730 3736 aﬂinem,
771 3675 825 3727 in
855 3673 964 3727 ﬁlia
994 3689 1124 3728 vero
1152 3690 1414 3745 generum
1439 3674 1898 3745 Chrysocherem.

2167 1931 2258 1985 τὸν
2285 1932 2496 2004 πατέρα
2522 1929 2819 1993 Μάνεντος,
2849 1928 3134 1990 Πατέκιον,
3164 1922 3251 1980 οἷα
3271 1926 3509 1998 ψευστὴν
3543 1928 3642 1979 καὶ
3661 1925 3748 1982 τοῦ

2166 2023 2390 2094 ψευδοῦς
2422 2023 2656 2095 πατέρα,
2686 2023 2781 2076 καὶ
2825 2022 2925 2093 τὴν
2973 2020 3140 2076 αὐτοῦ
3191 2021 3400 2092 μητέρα
3433 2020 3749 2091 Κάροσσαν,

2170 2119 2263 2172 καὶ
2301 2118 2543 2189 Ἰέρακα,
2590 2116 2684 2171 καὶ
2719 2115 3098 2188 Ἡρακλείδην,
3147 2116 3240 2168 καὶ
3281 2113 3582 2182 Ἀφθὸνιον,
3633 2113 3753 2173 τοῦς

2172 2210 2659 2284 ὑπομνηματιστὰς
2687 2211 2782 2264 καὶ
2810 2210 3082 2282 ἐξηγητὰς
3109 2209 3216 2263 τῶν
3244 2208 3432 2262 τούτου
3466 2225 3753 2280 συγγραμ-

2175 2303 2376 2373 μάτων,
2423 2302 2517 2355 καὶ
2561 2301 2688 2364 τοὺς
2730 2299 2950 2363 λοιποὺς
2993 2299 3156 2354 αὑτοῦ
3198 2299 3448 2370 μαθητὰς
3492 2299 3751 2363 ἅπαντας,

2172 2395 2432 2448 Σισίννιον
2475 2392 2566 2446 τὸν
2614 2392 2855 2463 διάδοχον
2902 2393 3003 2463 τῆς
3048 2392 3240 2445 τούτου
3291 2393 3510 2462 μανίας,
3559 2392 3752 2462 Θωμᾶν

2171 2487 2262 2541 τὸν
2310 2484 2705 2556 συνταξάμενον
2745 2484 2806 2536 τὸ
2845 2487 2963 2539 κατ’
2999 2485 3160 2538 αὑτὸν
3198 2483 3489 2554 λεγόμενον
3518 2482 3755 2550 Εὐαγγέ-

2171 2581 2304 2645 λιον,
2335 2581 2554 2644 Βουδᾶω,
2593 2575 2824 2651 Ἑρμᾶν,
2859 2578 3050 2650 Ἀδὰμ,
3087 2577 3451 2648 Ἀδείμαντον,
3489 2577 3750 2647 Ζαροιὲαν,

2173 2671 2517 2744 Γαϐριάϐιον,
2562 2671 2838 2740 Ἀγάπιον,
2865 2668 3112 2741 Ἰλάριον,
3161 2669 3478 2740 Ὀλύμπιον,
3520 2669 3753 2740 Ἀριστό-

2174 2782 2378 2836 κριτον,
2431 2762 2722 2835 Σαλμαῖον,
2771 2763 3010 2826 Ἱνναῖον,
3061 2761 3302 2826 Πάαπιν,
3355 2761 3615 2831 Βαραίαν,
3664 2761 3753 2812 καὶ

2175 2857 2397 2929 προσέτι
2425 2857 2551 2921 τοὺς
2579 2856 2829 2927 ἐσχάτοις
2858 2854 3084 2926 ὕστερον
3113 2854 3328 2925 χρόνοις
3356 2854 3625 2924 προστατή
3636 2869 3756 2904 σαν-

2173 2965 2274 3012 τας
2298 2949 2395 3019 τῆς
2425 2948 2685 3019 αἱρέσεως
2713 2946 2923 3000 Παῦλον
2953 2946 3048 3000 καὶ
3088 2945 3338 3014 Ἰωάννην
3363 2945 3480 3006 τοὺς
3501 2941 3746 2994 Καλλινί-

2176 3056 2280 3110 κης
2325 3038 2540 3104 παῖδας,
2591 3039 2996 3092 Κωνσταντῖνον
3045 3035 3136 3090 τὸν
3186 3038 3281 3089 καὶ¹
3322 3035 3606 3091 Σιλουανὸν,
3637 3033 3744 3084 Συ-

2182 3129 2360 3200 μεῶνα
2405 3129 2496 3183 τὸν
2544 3131 2637 3183 καὶ
2687 3129 2864 3192 Τῖτον,
2902 3126 3146 3182 Γενέσιον
3196 3128 3288 3180 τὸν
3338 3128 3429 3180 καὶ⁸
3465 3123 3744 3194 Τιμόθεον,

2175 3222 2469 3294 Ζαχαρίαν,
2502 3221 2592 3274 τὸν
2645 3219 3148 3292 μισθωτὸν,⁶1ωσὴφ
3177 3219 3267 3272 τὸν
3295 3219 3390 3272 καὶ
3430 3216 3748 3285 Ἐπαφρόδι-

2175 3332 2285 3381 τον,
2319 3315 2562 3386 Βαάννην
2589 3314 2678 3368 τὸν
2711 3313 2974 3385 ῥυπαρὸν,
3006 3312 3232 3384 Σέργιον
3261 3312 3350 3364 τὸν
3381 3311 3476 3362 καὶ
3506 3308 3748 3377 Τυχικὲιν,

2175 3401 2271 3454 καὶ
2311 3402 2438 3464 τοὺς
2480 3400 2670 3454 τούτου
2705 3400 2952 3472 μαθητὰς
2984 3401 3110 3464 τοὺς
3139 3399 3234 3454 καὶ
3266 3400 3631 3470 συνεκδήμους
3658 3398 3754 3450 αὐ-

2177 3489 2272 3544 τοῦ
2325 3491 2693 3563 καλουμένους
2745 3491 2992 3563 Μιχαὴλ,
3053 3490 3428 3562 Κανακάριον,
3491 3490 3754 3559 Ἰωάννην,

2178 3581 2450 3648 Θεόδοτον,
2480 3582 2754 3637 Βασίλειον
2799 3585 2893 3636 καὶ
2941 3577 3305 3654 Ζώσιμον,ὧν
3346 3584 3398 3636 οἱ
3438 3583 3598 3654 δῆθεν
3634 3599 3761 3652 προ-

2179 3673 2564 3747 ϐαθμιὼτεροι,
2627 3676 2863 3748 νοτάριοι
2920 3675 3030 3747 (74)
3084 3675 3606 3746 κατονομαζόμενοι,
3662 3677 3755 3744 τὴν

491 3765 600 3818 τῶν
661 3765 956 3836 βδελυκτῶν
1024 3765 1223 3836 ὀργίων
1291 3766 1675 3837 ἐνεχειρίζοντο
1733 3766 2066 3836 ἐπιμέλειαν.
2102 3768 2248 3838 Πρὸς
2277 3767 2332 3820 δέ
2365 3770 2574 3832 τούτοις
2620 3767 2998 3840 ἁναθεματίζω
3039 3769 3128 3822 τὸν
3168 3768 3578 3839 τρισαλιτήριον
3627 3770 3767 3839 Καρ-

494 3858 643 3920 ϐέαν,
675 3859 767 3911 καὶ
796 3858 886 3910 τὸν
917 3859 980 3910 ἐκ
1008 3858 1196 3926 γένους
1227 3859 1323 3928 μὲν
1355 3857 1504 3928 αὐτῷ
1533 3858 1770 3928 ἀνεψιὸν,
1803 3859 1896 3912 ἐπὶ
1926 3860 2076 3914 παιδὶ
2099 3861 2154 3913 δὲ
2185 3860 2435 3932 γαμϐρὸν
2465 3862 2828 3934 Χρυσόχειρα.

567 3948 657 4004 iV.
698 3949 1001 4034 Anathema
1054 3948 1475 4004 Manichazorum
1528 3965 1648 4021 quae
1685 3951 1944 4006 dicuntur
1973 3951 2074 4006 Ec-

494 4043 710 4109 clesiis;
763 4048 890 4095 sunt
934 4048 1115 4096 autem
1159 4041 1240 4095 hac
1276 4061 1289 4099 :
1326 4041 1660 4110 Macedonia,
1693 4045 1807 4099 sive
1844 4045 2075 4102 Cibossa

495 4136 552 4191 in
582 4133 839 4199 Colonia;
871 4133 1075 4186 Achaia
1112 4134 1229 4202 (seu
1262 4131 1586 4198 Mananalis,
1619 4132 1927 4205 Laodicea),
1962 4135 2075 4190 sive

495 4226 694 4297 Argais
746 4239 865 4294 quae
909 4227 962 4277 in
995 4220 1190 4294 Lycia;
1217 4227 1645 4290 Colossensium,
1667 4241 1763 4280 seu
1790 4224 2076 4296 Cynocho-

493 4319 761 4381 ritarum;
795 4306 1330 4384 Ephesioruin,‘sive
1358 4333 1478 4386 qua:
1508 4316 1853 4386 Mopsuestia:
1884 4324 1996 4381 est;
2022 4324 2078 4371 et

495 4408 744 4463 Ecclesia
788 4407 1238 4477 Philippensium.
1274 4407 1577 4461 Anathema
1612 4409 1939 4478 negantibus
1973 4406 2077 4462 Pa-

495 4509 633 4556 trem
659 4500 1088 4569 omnipotentem
1115 4499 1371 4555 factorem
1404 4500 1527 4554 cceli
1560 4492 1613 4554 et
1640 4508 1822 4564 terra,
1849 4508 2078 4554 cuncto-

497 4609 730 4664 rumque
770 4593 826 4647 in
859 4593 969 4648 illis
1003 4595 1298 4648 visibilium
1330 4609 1393 4648 ac
1430 4593 1811 4658 invisibilium,
1846 4592 2078 4647 dicenti-

499 4682 604 4739 bus
633 4698 762 4738 vero
796 4684 973 4738 solum
1017 4680 1234 4737 Patrem
1281 4685 1582 4750 cmlestem,
1613 4683 1708 4754 qui
1755 4683 1951 4737 habeat
1997 4697 2080 4736 so—

500 4776 608 4832 lam
643 4774 811 4830 futuri
843 4776 1028 4830 saeculi
1047 4782 1392 4845 potestatem,
1414 4784 1668 4845 tanquam
1704 4789 1943 4844 przesens
1973 4789 2078 4829 sae-

499 4867 685 4924 culum
709 4875 871 4937 atque
901 4867 1192 4923 universus
1220 4868 1370 4922 orbis
1401 4868 1470 4922 ab
1491 4884 1556 4922 eo
1587 4883 1697 4921 non
1723 4869 1851 4930 sint,
1886 4866 1981 4921 sed
2013 4865 2081 4922 ab

480 4954 551 5020 ei
584 4963 860 5014 contrario
881 4960 1025 5014 malo
1046 4960 1232 5014 mundi
1265 4961 1532 5030 principe.
1557 4960 1859 5014 Anathema
1891 4957 1958 5012 iis
1987 4957 2081 5027 qui

502 5051 836 5107 contumelia
898 5051 1120 5122 quidem
1181 5051 1422 5107 alliciunt
1485 5059 1731 5107 sanctam
1795 5048 2080 5119 Deiparam

503 5143 751 5206 Mariam,
780 5142 1040 5198 simulant
1068 5150 1248 5198 autem
1293 5158 1412 5198 eam
1462 5142 1755 5207 honorare,
1785 5156 1993 5212 proque
2020 5155 2085 5195 ea

501 5236 814 5308 intelligunt
881 5251 1176 5304 supernam
1236 5234 1599 5301 Hierusalem,
1646 5237 1702 5290 in
1756 5250 1943 5305 quam,
2000 5235 2085 5289 in-

504 5332 724 5397 quiunt,
756 5326 982 5380 intravit
1012 5340 1075 5379 ac
1101 5342 1131 5380 e
1160 5341 1267 5396 qua
1298 5342 1555 5398 egressus
1579 5333 1662 5382 est
1681 5324 1985 5391 Dominus;
2018 5323 2084 5378 iis

503 5421 667 5476 etiam
716 5420 810 5490 qui
859 5417 1228 5473 venerandam
1273 5433 1494 5474 crucem
1540 5417 1831 5481 infamant,
1877 5415 2087 5487 ﬁngunt

505 5529 636 5570 vero
668 5515 814 5569 illam
847 5513 1049 5577 colere,
1083 5520 1140 5567 at
1169 5528 1268 5583 pro
1309 5527 1370 5568 ea
1417 5511 1732 5583 intelligunt
1777 5509 2082 5572 Christum,

505 5608 622 5678 qui,
649 5608 926 5678 inquiunt,
958 5621 1156 5662 manus
1178 5605 1500 5672 extendens,
1531 5605 1713 5660 crucis
1742 5603 1970 5674 ﬁguram
1993 5601 2089 5657 de-

581 5766 692 5837 (74)
732 5763 1021 5839 Νοςάριρι,
1053 5783 1191 5831 κητ.
1227 5765 1275 5822 λ.
1331 5765 1461 5839 Leg.
1511 5767 1655 5824 Petri
1694 5761 1866 5822 Siculi
1901 5760 2087 5818 Histo-

509 5833 667 5908 ria‘m,
699 5851 750 5905 p.
784 5833 870 5890 72.
919 5834 1056 5890 Cor.

2261 3954 2529 4026 Ἀνάθεμα
2561 3959 2682 4018 ταῖς
2711 3954 3030 4026 λεγομέναις
3060 3955 3168 4009 τῶν
3194 3956 3513 4027 Μανιχαίων
3549 3955 3771 4025 Ἐκκλη-

2180 4048 2337 4111 σίαις.
2371 4048 2441 4100 Αἰ
2465 4047 2606 4111 τινές
2637 4049 2773 4102 εἰσιν
2803 4041 2960 4102 αὗται
2981 4065 2994 4076 ·
3043 4049 3108 4100 Ἡ
3137 4049 3468 4113 Μακεδονία,
3499 4050 3628 4119 ἢτοι
3658 4051 3690 4119 ἡ
3718 4050 3774 4101 ἐν

2179 4139 2455 4210 Κολωνείᾳ
2498 4140 2745 4193 Κίϐοσσα
2767 4157 2780 4170 ο
2812 4143 2845 4210 ἠ
2893 4139 3084 4210 ’Λχαῒα
3115 4139 3248 4212 (75),
3279 4141 3399 4210 ἢτοι
3425 4143 3458 4210 ἡ
3492 4142 3643 4194 κατὰ
3669 4141 3771 4193 Δυ-

2180 4231 2301 4284 κίαν
2341 4231 2589 4302 Ἀργαῖς·
2623 4234 2656 4302 ἠ
2689 4231 3066 4295 Κολοσσαέων,
3098 4233 3215 4302 ἢτοι
3253 4233 3285 4302 ἡ
3320 4231 3768 4304 Κυνοχωρητῶν·

2179 4325 2211 4392 ἡ
2259 4323 2540 4392 Ἐφεσίων,
2571 4324 2689 4394 ἦτοι
2717 4326 2749 4394 ἡ
2782 4323 2839 4376 ὲν
2869 4322 3249 4395 Μοψουηστίᾳ,
3281 4323 3375 4376 καὶ
3421 4326 3455 4393 ἡ
3505 4325 3778 4394 Φιλιππηο

2183 4415 2330 4467 σίων.
2367 4414 2637 4485 Ἀνάοεμα
2663 4416 2775 4478 τοῖς
2807 4413 2880 4486 μὴ
2908 4414 3124 4483 λέγουσι
3153 4413 3372 4485 Πατέρα
3399 4417 3778 4490 παντοκράτο-

2111 4515 2155 4570 D
2187 4522 2256 4576 ρα
2302 4506 2531 4576 ποιητὴν
2571 4506 2802 4576 οὐρανοῦ
2836 4508 2930 4560 καὶ
2957 4507 3062 4578 γῆς
3091 4507 3186 4560 καὶ
3211 4506 3318 4559 τῶν
3343 4508 3401 4559 ὲν
3427 4507 3623 4570 αὐτοῖς
3653 4511 3779 4581 ὁρα-

2179 4596 2287 4650 τῶν
2338 4615 2397 4650 τε
2441 4598 2658 4652 πάντων
2710 4600 2805 4653 καὶ
2853 4599 3120 4670 ἀοράτων,
3159 4597 3295 4652 ἀλλὰ
3342 4599 3520 4670 μόνον
3556 4603 3779 4672 Πατέρα

2185 4688 2527 4759 ἐπουράνιον,
2566 4688 2755 4759 ἔχοντα
2807 4690 2974 4761 μόνην
3015 4689 3113 4761 τὴν
3157 4689 3252 4742 τοῦ
3299 4689 3593 4759 μέλλοντος
3631 4692 3780 4769 ἐξοντ

2185 4781 2327 4844 σίαν,
2349 4779 2424 4843 ὡς
2451 4779 2544 4832 τοῦ
2573 4780 2839 4852 παρόντος
2871 4780 3066 4845 αἰῶνος
3093 4781 3185 4834 καὶ
3212 4781 3306 4834 τοῦ
3335 4782 3544 4853 κόσμου
3578 4785 3780 4845 παντὸς

2185 4871 2285 4941 οὐχ
2314 4871 2404 4924 ὑπ’
2433 4868 2596 4923 αὑτοῦ
2631 4871 2958 4942 γενομένων,
2981 4870 3116 4924 ἀλλὰ
3147 4871 3252 4924 ὑπὸ
3279 4870 3374 4924 τοῦ
3407 4873 3667 4926 ἐναντίου
3697 4873 3783 4925 αὖ·

2183 4963 2262 5033 τῷ
2293 4961 2386 5018 τοῦ
2421 4959 2658 5033 πονηροῦ
2699 4963 3160 5036 κοσμοκράτορος.
3180 4964 3452 5034 Ἀνάθεμα
3475 4967 3598 5028 τοῖς
3628 4965 3781 5037 ὑϐρί-

2186 5052 2337 5118 ζουσι
2373 5053 2469 5124 μὲν
2500 5054 2599 5125 τὴν
2631 5055 2792 5123 ἁγίαν
2818 5054 3078 5110 θεοτόκον
3108 5057 3348 5127 Μαρίαν,
3372 5059 3782 5128 προσποιουμέ-

2185 5164 2297 5210 νοις
2351 5147 2408 5199 δὲ
2452 5149 2618 5219 τιμᾷν
2667 5149 2857 5220 αὐτὴν,
2889 5149 2985 5203 καὶ
3026 5149 3237 5204 νοοῦσιν
3279 5151 3399 5204 ἀντὶ
3440 5152 3661 5223 ταύτης
3689 5153 3780 5223 τὴν

2186 5242 2297 5296 ἄνω
2341 5239 2712 5312 Ἰερουσαλὴμ,
2747 5243 2825 5304 είς
2856 5241 2943 5312 ἢν,
2989 5244 3143 5312 φασὶ,
3176 5241 3390 5313 εἰσῆλθε
3423 5242 3521 5296 καὶ
3553 5245 3779 5316 ἐξῆλθεν

2186 5333 2214 5383 ὁ
2246 5331 2448 5401 Κύριος
2472 5347 2486 5360 ο
2520 5332 2614 5384 καὶ
2660 5335 2771 5395 τοῖς
2814 5331 3160 5404 δυσφημοῦσι
3208 5332 3308 5403 μὲν
3349 5333 3440 5386 τὸν
3477 5334 3776 5405 σεϐάσμιον

2190 5423 2442 5493 σταυρὸν,
2489 5423 2934 5494 ὑποκρινομένοις
2986 5423 3043 5477 δὲ
3103 5423 3352 5478 σέϐεσθαι
3403 5423 3627 5490 τοῦτον,
3689 5423 3775 5476 καὶ

2189 5513 2400 5568 νοοῦσιν
2446 5514 2561 5569 ἀντ’
2596 5513 2762 5568 αὑτοῦ
2807 5516 2898 5568 τὸν
2931 5515 3186 5587 Χριστὸν,
3219 5517 3280 5579 ὃς
3309 5515 3581 5580 ἐκτείνας,
3620 5514 3767 5585 φασί,

2188 5607 2286 5672 τὰς
2318 5607 2503 5679 χεῖρας
2538 5609 2628 5662 τὸν
2673 5609 2962 5680 σταυρικὸν
3005 5608 3173 5664 τύπον
3203 5608 3461 5680 διέγραψε
3487 5627 3501 5639 ·
3537 5610 3636 5663 καὶ
3665 5610 3768 5670 τοῖς

2262 5763 2375 5838 (Ἱβ)
2425 5765 2485 5816 'H
2527 5765 2740 5838 Ἀχαΐα,
2778 5783 2830 5838 κ..
2863 5784 2912 5819 τ.
2952 5766 2998 5819 λ.
3033 5765 3160 5838 ch.
3191 5764 3337 5823 Pctr.
3371 5765 3483 5821 Sic.
3519 5780 3572 5836 ρ.
3607 5763 3679 5818 44
3715 5769 3769 5817 et

2194 5836 2280 5896 (36.
2315 5835 2491 5891 Locus
2524 5835 2769 5892 mutilus.
2803 5834 2877 5892 io.
