  <div class='ocr_page' id='page_1' title='image "/cluster/home/n/w/nwhite01/storage/ocr_20150623/1/hvd.32044073501405/744.png"; bbox 0 0 4030 6342; ppageno 0'>
   <div class='ocr_carea' id='block_1_1' title="bbox 356 385 494 444">
    <p class='ocr_par' dir='ltr' id='par_1_1' title="bbox 356 385 494 444">
     <span class='ocr_line' id='line_1_1' title="bbox 356 385 494 444; baseline 0.014 -2"><span class='ocrx_word' id='word_1_1' title='bbox 356 385 494 444; x_wconf 65' lang='grc' dir='ltr'><strong>ηερ</strong></span> 
     </span>
    </p>
   </div>
   <div class='ocr_carea' id='block_1_2' title="bbox 1447 384 2473 446">
    <p class='ocr_par' dir='ltr' id='par_1_2' title="bbox 1447 384 2473 446">
     <span class='ocr_line' id='line_1_2' title="bbox 1447 384 2473 446; baseline 0.005 -5"><span class='ocrx_word' id='word_1_2' title='bbox 1447 384 2016 445; x_wconf 77' lang='lat' dir='ltr'><strong>BECOCNIT‘IONES.</strong></span> <span class='ocrx_word' id='word_1_3' title='bbox 2030 418 2095 429; x_wconf 91' lang='lat'><strong>-</strong></span> <span class='ocrx_word' id='word_1_4' title='bbox 2113 387 2473 446; x_wconf 77' lang='lat' dir='ltr'><strong>APPENDIX.</strong></span> 
     </span>
    </p>
   </div>
   <div class='ocr_carea' id='block_1_3' title="bbox 3465 393 3600 451">
    <p class='ocr_par' dir='ltr' id='par_1_3' title="bbox 3465 393 3600 451">
     <span class='ocr_line' id='line_1_3' title="bbox 3465 393 3600 451; baseline 0 0"><span class='ocrx_word' id='word_1_5' title='bbox 3465 393 3600 451; x_wconf 72' lang='lat' dir='ltr'><strong>H70</strong></span> 
     </span>
    </p>
   </div>
   <div class='ocr_carea' id='block_1_4' title="bbox 354 495 1923 580">
    <p class='ocr_par' dir='ltr' id='par_1_4' title="bbox 354 495 1923 575">
     <span class='ocr_line' id='line_1_4' title="bbox 354 495 1923 575; baseline 0.001 -20"><span class='ocrx_word' id='word_1_6' title='bbox 354 497 849 571; x_wconf 72' lang='grc' dir='ltr'><strong>ἀποστρεφομένοις</strong></span> <span class='ocrx_word' id='word_1_7' title='bbox 881 496 979 568; x_wconf 86' lang='grc' dir='ltr'>μὲν</span> <span class='ocrx_word' id='word_1_8' title='bbox 1004 495 1100 552; x_wconf 84' lang='grc' dir='ltr'><strong>τοῦ</strong></span> <span class='ocrx_word' id='word_1_9' title='bbox 1137 497 1320 571; x_wconf 86' lang='grc' dir='ltr'>τιμίου</span> <span class='ocrx_word' id='word_1_10' title='bbox 1357 499 1587 570; x_wconf 76' lang='grc' dir='ltr'>αἵματος</span> <span class='ocrx_word' id='word_1_11' title='bbox 1616 503 1713 557; x_wconf 66' lang='grc' dir='ltr'><strong>κα)⁸</strong></span> <span class='ocrx_word' id='word_1_12' title='bbox 1739 502 1923 575; x_wconf 86' lang='grc' dir='ltr'>σώμα-</span> 
     </span>
    </p>
   </div>
   <div class='ocr_carea' id='block_1_5' title="bbox 2023 495 3595 580">
    <p class='ocr_par' dir='ltr' id='par_1_5' title="bbox 2031 505 3595 580">
     <span class='ocr_line' id='line_1_5' title="bbox 2031 505 3595 580; baseline 0.003 -18"><span class='ocrx_word' id='word_1_13' title='bbox 2031 506 2299 577; x_wconf 79' lang='lat' dir='ltr'><strong>signavit;</strong></span> <span class='ocrx_word' id='word_1_14' title='bbox 2330 507 2398 562; x_wconf 90' lang='lat' dir='ltr'><strong>iis</strong></span> <span class='ocrx_word' id='word_1_15' title='bbox 2425 521 2644 577; x_wconf 89' lang='lat' dir='ltr'><strong>quoque</strong></span> <span class='ocrx_word' id='word_1_16' title='bbox 2674 507 2769 577; x_wconf 90' lang='lat' dir='ltr'><strong>qui</strong></span> <span class='ocrx_word' id='word_1_17' title='bbox 2806 505 3091 563; x_wconf 80' lang='lat' dir='ltr'><strong>fastidiunt</strong></span> <span class='ocrx_word' id='word_1_18' title='bbox 3131 507 3351 580; x_wconf 84' lang='lat' dir='ltr'><strong>quidem</strong></span> <span class='ocrx_word' id='word_1_19' title='bbox 3376 513 3595 580; x_wconf 74' lang='lat' dir='ltr'><strong>pretiosi</strong></span> 
     </span>
    </p>
   </div>
   <div class='ocr_carea' id='block_1_6' title="bbox 353 587 1934 666">
    <p class='ocr_par' dir='ltr' id='par_1_6' title="bbox 353 587 1934 666">
     <span class='ocr_line' id='line_1_6' title="bbox 353 587 1934 666; baseline 0.003 -22"><span class='ocrx_word' id='word_1_20' title='bbox 353 607 445 653; x_wconf 84' lang='grc' dir='ltr'><strong>τος</strong></span> <span class='ocrx_word' id='word_1_21' title='bbox 482 589 578 643; x_wconf 88' lang='grc' dir='ltr'><strong>τοῦ</strong></span> <span class='ocrx_word' id='word_1_22' title='bbox 622 587 859 662; x_wconf 83' lang='grc' dir='ltr'><strong>Χριστοῦ</strong></span> <span class='ocrx_word' id='word_1_23' title='bbox 897 589 1199 657; x_wconf 77' lang='grc' dir='ltr'><strong>κοινωνίαν,</strong></span> <span class='ocrx_word' id='word_1_24' title='bbox 1230 589 1590 662; x_wconf 84' lang='grc' dir='ltr'>ἀποδέχεσθαι</span> <span class='ocrx_word' id='word_1_25' title='bbox 1625 592 1684 646; x_wconf 86' lang='grc' dir='ltr'>δὲ</span> <span class='ocrx_word' id='word_1_26' title='bbox 1723 593 1934 666; x_wconf 75' lang='grc' dir='ltr'>ταύτην</span> 
     </span>
    </p>
   </div>
   <div class='ocr_carea' id='block_1_7' title="bbox 356 681 1928 756">
    <p class='ocr_par' dir='ltr' id='par_1_7' title="bbox 356 681 1928 756">
     <span class='ocr_line' id='line_1_7' title="bbox 356 681 1928 756; baseline 0.001 -19"><span class='ocrx_word' id='word_1_27' title='bbox 356 681 860 756; x_wconf 65' lang='grc' dir='ltr'>σχηματιζομένοις,</span> <span class='ocrx_word' id='word_1_28' title='bbox 887 682 982 736; x_wconf 77' lang='grc' dir='ltr'>καὶ</span> <span class='ocrx_word' id='word_1_29' title='bbox 1013 681 1224 736; x_wconf 75' lang='grc' dir='ltr'>νοοῦσιν</span> <span class='ocrx_word' id='word_1_30' title='bbox 1250 683 1372 736; x_wconf 80' lang='grc' dir='ltr'>ἀντὶ</span> <span class='ocrx_word' id='word_1_31' title='bbox 1414 683 1618 754; x_wconf 85' lang='grc' dir='ltr'><strong>ταύτης</strong></span> <span class='ocrx_word' id='word_1_32' title='bbox 1643 683 1713 738; x_wconf 85' lang='grc' dir='ltr'><strong>τά</strong></span> <span class='ocrx_word' id='word_1_33' title='bbox 1752 685 1928 756; x_wconf 81' lang='grc' dir='ltr'>ῥήμα-</span> 
     </span>
    </p>
   </div>
   <div class='ocr_carea' id='block_1_8' title="bbox 351 768 1927 846">
    <p class='ocr_par' dir='ltr' id='par_1_8' title="bbox 351 768 1927 846">
     <span class='ocr_line' id='line_1_8' title="bbox 351 768 1927 846; baseline 0.001 -18"><span class='ocrx_word' id='word_1_34' title='bbox 351 793 421 829; x_wconf 85' lang='grc' dir='ltr'><strong>τα</strong></span> <span class='ocrx_word' id='word_1_35' title='bbox 448 775 546 846; x_wconf 81' lang='grc' dir='ltr'>τῆς</span> <span class='ocrx_word' id='word_1_36' title='bbox 563 774 656 828; x_wconf 88' lang='grc' dir='ltr'><strong>τοῦ</strong></span> <span class='ocrx_word' id='word_1_37' title='bbox 681 772 919 844; x_wconf 76' lang='grc' dir='ltr'><strong>Χριστοῦ</strong></span> <span class='ocrx_word' id='word_1_38' title='bbox 940 772 1304 842; x_wconf 79' lang='grc' dir='ltr'><strong>διδασκαλίας,</strong></span> <span class='ocrx_word' id='word_1_39' title='bbox 1323 768 1420 839; x_wconf 79' lang='grc' dir='ltr'>ὧν,</span> <span class='ocrx_word' id='word_1_40' title='bbox 1441 776 1592 846; x_wconf 77' lang='grc' dir='ltr'>φασὶ,</span> <span class='ocrx_word' id='word_1_41' title='bbox 1617 775 1927 846; x_wconf 83' lang='grc' dir='ltr'>μεταδιδοὺς</span> 
     </span>
    </p>
   </div>
   <div class='ocr_carea' id='block_1_9' title="bbox 350 864 1926 937">
    <p class='ocr_par' dir='ltr' id='par_1_9' title="bbox 350 864 1926 937">
     <span class='ocr_line' id='line_1_9' title="bbox 350 864 1926 937; baseline 0.002 -17"><span class='ocrx_word' id='word_1_42' title='bbox 350 870 464 931; x_wconf 52' lang='grc' dir='ltr'>τοῖς</span> <span class='ocrx_word' id='word_1_43' title='bbox 497 865 811 929; x_wconf 81' lang='grc' dir='ltr'>ἀποστόλοις</span> <span class='ocrx_word' id='word_1_44' title='bbox 839 865 1024 935; x_wconf 70' lang='grc' dir='ltr'><strong>ἔλεγεο</strong></span> <span class='ocrx_word' id='word_1_45' title='bbox 1055 864 1296 931; x_wconf 76' lang='grc' dir='ltr'>Λάϐετε,</span> <span class='ocrx_word' id='word_1_46' title='bbox 1315 866 1568 937; x_wconf 71' lang='grc' dir='ltr'>φάγετε,</span> <span class='ocrx_word' id='word_1_47' title='bbox 1601 869 1766 922; x_wconf 68' lang='lat' dir='ltr'><strong>alere</strong></span> <span class='ocrx_word' id='word_1_48' title='bbox 1785 886 1800 899; x_wconf 85' lang='grc'><strong>·</strong></span> <span class='ocrx_word' id='word_1_49' title='bbox 1833 871 1926 923; x_wconf 76' lang='grc' dir='ltr'>καὶ</span> 
     </span>
    </p>
   </div>
   <div class='ocr_carea' id='block_1_10' title="bbox 351 957 1925 1031">
    <p class='ocr_par' dir='ltr' id='par_1_10' title="bbox 351 957 1925 1031">
     <span class='ocr_line' id='line_1_10' title="bbox 351 957 1925 1031; baseline 0.001 -20"><span class='ocrx_word' id='word_1_50' title='bbox 351 957 775 1030; x_wconf 77' lang='grc' dir='ltr'>μυσαττομένοις</span> <span class='ocrx_word' id='word_1_51' title='bbox 822 957 921 1030; x_wconf 78' lang='grc' dir='ltr'>μὲν</span> <span class='ocrx_word' id='word_1_52' title='bbox 964 958 1026 1012; x_wconf 84' lang='grc' dir='ltr'>τὸ</span> <span class='ocrx_word' id='word_1_53' title='bbox 1055 957 1360 1029; x_wconf 86' lang='grc' dir='ltr'><strong>βάπτισμα,</strong></span> <span class='ocrx_word' id='word_1_54' title='bbox 1390 959 1836 1031; x_wconf 68' lang='grc' dir='ltr'>ὑποκρινομένοις</span> <span class='ocrx_word' id='word_1_55' title='bbox 1867 960 1925 1013; x_wconf 86' lang='grc' dir='ltr'>δὲ</span> 
     </span>
    </p>
   </div>
   <div class='ocr_carea' id='block_1_11' title="bbox 344 1049 1925 1123">
    <p class='ocr_par' dir='ltr' id='par_1_11' title="bbox 344 1049 1925 1123">
     <span class='ocr_line' id='line_1_11' title="bbox 344 1049 1925 1123; baseline 0.002 -20"><span class='ocrx_word' id='word_1_56' title='bbox 344 1049 506 1113; x_wconf 64' lang='grc' dir='ltr'>τοῦτο</span> <span class='ocrx_word' id='word_1_57' title='bbox 549 1051 676 1123; x_wconf 73' lang='grc' dir='ltr'>περὶ</span> <span class='ocrx_word' id='word_1_58' title='bbox 722 1049 915 1105; x_wconf 85' lang='grc' dir='ltr'>πολλοῦ</span> <span class='ocrx_word' id='word_1_59' title='bbox 958 1049 1224 1118; x_wconf 89' lang='grc' dir='ltr'>τίθεσθαι,</span> <span class='ocrx_word' id='word_1_60' title='bbox 1258 1051 1352 1104; x_wconf 57' lang='grc' dir='ltr'><strong>καὶ⁸</strong></span> <span class='ocrx_word' id='word_1_61' title='bbox 1393 1049 1571 1104; x_wconf 78' lang='grc' dir='ltr'>νοοῦσι</span> <span class='ocrx_word' id='word_1_62' title='bbox 1617 1053 1732 1106; x_wconf 88' lang='grc' dir='ltr'>ἀντ’</span> <span class='ocrx_word' id='word_1_63' title='bbox 1761 1051 1925 1106; x_wconf 82' lang='grc' dir='ltr'>αὐτοῦ</span> 
     </span>
    </p>
   </div>
   <div class='ocr_carea' id='block_1_12' title="bbox 341 1141 1925 1214">
    <p class='ocr_par' dir='ltr' id='par_1_12' title="bbox 341 1141 1925 1214">
     <span class='ocr_line' id='line_1_12' title="bbox 341 1141 1925 1214; baseline 0.001 -19"><span class='ocrx_word' id='word_1_64' title='bbox 341 1141 433 1196; x_wconf 82' lang='grc' dir='ltr'>τὸν</span> <span class='ocrx_word' id='word_1_65' title='bbox 485 1142 720 1214; x_wconf 78' lang='grc' dir='ltr'>Χριστὸν</span> <span class='ocrx_word' id='word_1_66' title='bbox 764 1142 856 1197; x_wconf 83' lang='grc' dir='ltr'>τὸν</span> <span class='ocrx_word' id='word_1_67' title='bbox 907 1142 1153 1212; x_wconf 80' lang='grc' dir='ltr'>λέγοντα,</span> <span class='ocrx_word' id='word_1_68' title='bbox 1196 1142 1380 1213; x_wconf 79' lang='grc' dir='ltr'>φασὶν,</span> <span class='ocrx_word' id='word_1_69' title='bbox 1429 1143 1512 1197; x_wconf 81' lang='grc' dir='ltr'>ὅτι</span> <span class='ocrx_word' id='word_1_70' title='bbox 1547 1143 1685 1213; x_wconf 73' lang='grc' dir='ltr'><strong>Ἐγώ</strong></span> <span class='ocrx_word' id='word_1_71' title='bbox 1713 1145 1827 1212; x_wconf 80' lang='grc' dir='ltr'>ειμι</span> <span class='ocrx_word' id='word_1_72' title='bbox 1858 1141 1925 1197; x_wconf 82' lang='grc' dir='ltr'>τὸ</span> 
     </span>
    </p>
   </div>
   <div class='ocr_carea' id='block_1_13' title="bbox 339 1233 1925 1308">
    <p class='ocr_par' dir='ltr' id='par_1_13' title="bbox 339 1233 1925 1308">
     <span class='ocr_line' id='line_1_13' title="bbox 339 1233 1925 1308; baseline 0.001 -22"><span class='ocrx_word' id='word_1_73' title='bbox 339 1233 503 1302; x_wconf 76' lang='grc' dir='ltr'>ὕδωρ</span> <span class='ocrx_word' id='word_1_74' title='bbox 533 1234 600 1289; x_wconf 71' lang='grc' dir='ltr'>τὸ</span> <span class='ocrx_word' id='word_1_75' title='bbox 633 1233 773 1296; x_wconf 72' lang='grc' dir='ltr'><strong>ζῶν·</strong></span> <span class='ocrx_word' id='word_1_76' title='bbox 809 1234 905 1290; x_wconf 77' lang='grc' dir='ltr'>καὶ</span> <span class='ocrx_word' id='word_1_77' title='bbox 930 1237 1041 1299; x_wconf 75' lang='grc' dir='ltr'>τοῖς</span> <span class='ocrx_word' id='word_1_78' title='bbox 1064 1235 1486 1308; x_wconf 80' lang='grc' dir='ltr'>ὲκτρεπομένοις</span> <span class='ocrx_word' id='word_1_79' title='bbox 1514 1235 1610 1307; x_wconf 80' lang='grc' dir='ltr'>μὲν</span> <span class='ocrx_word' id='word_1_80' title='bbox 1632 1235 1730 1307; x_wconf 80' lang='grc' dir='ltr'>τὴν</span> <span class='ocrx_word' id='word_1_81' title='bbox 1760 1234 1925 1290; x_wconf 86' lang='grc' dir='ltr'>καθο-</span> 
     </span>
    </p>
   </div>
   <div class='ocr_carea' id='block_1_14' title="bbox 338 1325 1927 1399">
    <p class='ocr_par' dir='ltr' id='par_1_14' title="bbox 338 1325 1927 1399">
     <span class='ocr_line' id='line_1_14' title="bbox 338 1325 1927 1399; baseline 0 -19"><span class='ocrx_word' id='word_1_82' title='bbox 338 1325 503 1399; x_wconf 85' lang='grc' dir='ltr'>λικὴν</span> <span class='ocrx_word' id='word_1_83' title='bbox 547 1325 890 1397; x_wconf 81' lang='grc' dir='ltr'>Ἐκκλησίαν,</span> <span class='ocrx_word' id='word_1_84' title='bbox 908 1328 1076 1398; x_wconf 74' lang='grc' dir='ltr'>τιμᾷν</span> <span class='ocrx_word' id='word_1_85' title='bbox 1099 1326 1156 1380; x_wconf 85' lang='grc' dir='ltr'>δὲ</span> <span class='ocrx_word' id='word_1_86' title='bbox 1183 1327 1400 1396; x_wconf 83' lang='grc' dir='ltr'>λέγουσι</span> <span class='ocrx_word' id='word_1_87' title='bbox 1428 1325 1631 1398; x_wconf 88' lang='grc' dir='ltr'>ταύτην</span> <span class='ocrx_word' id='word_1_88' title='bbox 1660 1327 1754 1380; x_wconf 77' lang='grc' dir='ltr'><strong>καὶ</strong></span> <span class='ocrx_word' id='word_1_89' title='bbox 1778 1326 1927 1381; x_wconf 86' lang='grc' dir='ltr'>νοοῦ-</span> 
     </span>
    </p>
   </div>
   <div class='ocr_carea' id='block_1_15' title="bbox 339 1417 1926 1491">
    <p class='ocr_par' dir='ltr' id='par_1_15' title="bbox 339 1417 1926 1491">
     <span class='ocr_line' id='line_1_15' title="bbox 339 1417 1926 1491; baseline 0.002 -21"><span class='ocrx_word' id='word_1_90' title='bbox 339 1433 422 1477; x_wconf 85' lang='grc' dir='ltr'><strong>σιν</strong></span> <span class='ocrx_word' id='word_1_91' title='bbox 471 1417 585 1471; x_wconf 83' lang='grc' dir='ltr'>ἀντ⁹</span> <span class='ocrx_word' id='word_1_92' title='bbox 612 1417 782 1488; x_wconf 76' lang='grc' dir='ltr'>αὐτῆς</span> <span class='ocrx_word' id='word_1_93' title='bbox 823 1417 894 1471; x_wconf 77' lang='grc' dir='ltr'><strong>τά</strong></span> <span class='ocrx_word' id='word_1_94' title='bbox 923 1431 983 1476; x_wconf 81' lang='grc' dir='ltr'><strong>τε</strong></span> <span class='ocrx_word' id='word_1_95' title='bbox 1005 1417 1112 1472; x_wconf 73' lang='grc' dir='ltr'>ἴδια</span> <span class='ocrx_word' id='word_1_96' title='bbox 1159 1419 1408 1491; x_wconf 86' lang='grc' dir='ltr'>συνέδρια</span> <span class='ocrx_word' id='word_1_97' title='bbox 1440 1419 1534 1473; x_wconf 74' lang='grc' dir='ltr'>καὶ</span> <span class='ocrx_word' id='word_1_98' title='bbox 1568 1421 1926 1491; x_wconf 85' lang='grc' dir='ltr'>συνακτήρια,</span> 
     </span>
    </p>
   </div>
   <div class='ocr_carea' id='block_1_16' title="bbox 339 1509 1927 1583">
    <p class='ocr_par' dir='ltr' id='par_1_16' title="bbox 339 1509 1927 1583">
     <span class='ocr_line' id='line_1_16' title="bbox 339 1509 1927 1583; baseline 0.002 -22"><span class='ocrx_word' id='word_1_99' title='bbox 339 1510 437 1572; x_wconf 73' lang='grc' dir='ltr'>καὶ</span> <span class='ocrx_word' id='word_1_100' title='bbox 469 1509 718 1580; x_wconf 81' lang='grc' dir='ltr'>Ἰωάννην</span> <span class='ocrx_word' id='word_1_101' title='bbox 733 1509 841 1582; x_wconf 89' lang='grc'><strong>(76)</strong></span> <span class='ocrx_word' id='word_1_102' title='bbox 858 1510 948 1564; x_wconf 82' lang='grc' dir='ltr'>τὸν</span> <span class='ocrx_word' id='word_1_103' title='bbox 965 1510 1189 1582; x_wconf 79' lang='grc' dir='ltr'>ἀδελφὸν</span> <span class='ocrx_word' id='word_1_104' title='bbox 1207 1509 1417 1565; x_wconf 80' lang='grc' dir='ltr'>Παύλου</span> <span class='ocrx_word' id='word_1_105' title='bbox 1431 1510 1525 1564; x_wconf 91' lang='grc' dir='ltr'><strong>τοῦ</strong></span> <span class='ocrx_word' id='word_1_106' title='bbox 1547 1511 1645 1582; x_wconf 85' lang='grc' dir='ltr'>τῆς</span> <span class='ocrx_word' id='word_1_107' title='bbox 1665 1511 1927 1583; x_wconf 76' lang='grc' dir='ltr'>αἱρέσεως</span> 
     </span>
    </p>
   </div>
   <div class='ocr_carea' id='block_1_17' title="bbox 338 1601 815 1675">
    <p class='ocr_par' dir='ltr' id='par_1_17' title="bbox 338 1601 815 1675">
     <span class='ocr_line' id='line_1_17' title="bbox 338 1601 815 1675; baseline 0 -20"><span class='ocrx_word' id='word_1_108' title='bbox 338 1602 522 1666; x_wconf 78' lang='grc' dir='ltr'>αὐτῶν</span> <span class='ocrx_word' id='word_1_109' title='bbox 549 1601 815 1675; x_wconf 77' lang='grc' dir='ltr'>ἀρχηγοῦ.</span> 
     </span>
    </p>
   </div>
   <div class='ocr_carea' id='block_1_18' title="bbox 424 1694 1927 1769">
    <p class='ocr_par' dir='ltr' id='par_1_18' title="bbox 424 1694 1927 1769">
     <span class='ocr_line' id='line_1_18' title="bbox 424 1694 1927 1769; baseline 0.001 -20"><span class='ocrx_word' id='word_1_110' title='bbox 424 1694 697 1767; x_wconf 75' lang='grc' dir='ltr'>Ἀνάθεμα</span> <span class='ocrx_word' id='word_1_111' title='bbox 723 1695 902 1749; x_wconf 78' lang='grc' dir='ltr'>τοίνυν</span> <span class='ocrx_word' id='word_1_112' title='bbox 934 1695 1068 1749; x_wconf 78' lang='grc' dir='ltr'>πᾶσι</span> <span class='ocrx_word' id='word_1_113' title='bbox 1101 1698 1214 1760; x_wconf 82' lang='grc' dir='ltr'>τοῖς</span> <span class='ocrx_word' id='word_1_114' title='bbox 1236 1696 1568 1769; x_wconf 73' lang='grc' dir='ltr'><strong>εἰρημένοις,</strong></span> <span class='ocrx_word' id='word_1_115' title='bbox 1602 1695 1696 1754; x_wconf 74' lang='grc' dir='ltr'>καὶ</span> <span class='ocrx_word' id='word_1_116' title='bbox 1721 1697 1834 1759; x_wconf 85' lang='grc' dir='ltr'>τοῖς</span> <span class='ocrx_word' id='word_1_117' title='bbox 1858 1696 1927 1750; x_wconf 73' lang='grc' dir='ltr'>τὰ</span> 
     </span>
    </p>
   </div>
   <div class='ocr_carea' id='block_1_19' title="bbox 339 1786 1928 1860">
    <p class='ocr_par' dir='ltr' id='par_1_19' title="bbox 339 1786 1928 1860">
     <span class='ocr_line' id='line_1_19' title="bbox 339 1786 1928 1860; baseline 0 -21"><span class='ocrx_word' id='word_1_118' title='bbox 339 1787 502 1859; x_wconf 68' lang='grc' dir='ltr'>ὅμοια</span> <span class='ocrx_word' id='word_1_119' title='bbox 531 1786 822 1860; x_wconf 87' lang='grc' dir='ltr'>φρονοῦσι·</span> <span class='ocrx_word' id='word_1_120' title='bbox 851 1788 944 1842; x_wconf 74' lang='grc' dir='ltr'>καὶ</span> <span class='ocrx_word' id='word_1_121' title='bbox 972 1787 1433 1860; x_wconf 81' lang='grc' dir='ltr'>ἀποϐαλλομένοις</span> <span class='ocrx_word' id='word_1_122' title='bbox 1462 1788 1558 1858; x_wconf 86' lang='grc' dir='ltr'>μὲν</span> <span class='ocrx_word' id='word_1_123' title='bbox 1578 1787 1678 1850; x_wconf 79' lang='grc' dir='ltr'>τὰς</span> <span class='ocrx_word' id='word_1_124' title='bbox 1705 1786 1928 1858; x_wconf 85' lang='grc' dir='ltr'>Ἐκκλη-</span> 
     </span>
    </p>
   </div>
   <div class='ocr_carea' id='block_1_20' title="bbox 2029 599 3601 674">
    <p class='ocr_par' dir='ltr' id='par_1_20' title="bbox 2029 599 3601 674">
     <span class='ocr_line' id='line_1_20' title="bbox 2029 599 3601 674; baseline 0.001 -20"><span class='ocrx_word' id='word_1_125' title='bbox 2029 599 2312 669; x_wconf 80' lang='lat' dir='ltr'><strong>sanguinis</strong></span> <span class='ocrx_word' id='word_1_126' title='bbox 2337 607 2392 654; x_wconf 90' lang='lat' dir='ltr'><strong>et</strong></span> <span class='ocrx_word' id='word_1_127' title='bbox 2413 599 2661 669; x_wconf 87' lang='lat' dir='ltr'><strong>corporis</strong></span> <span class='ocrx_word' id='word_1_128' title='bbox 2688 599 2892 654; x_wconf 78' lang='lat' dir='ltr'><strong>Christi</strong></span> <span class='ocrx_word' id='word_1_129' title='bbox 2920 601 3379 672; x_wconf 88' lang='lat' dir='ltr'><strong>communionem,</strong></span> <span class='ocrx_word' id='word_1_130' title='bbox 3402 619 3601 674; x_wconf 82' lang='lat' dir='ltr'><strong>appro-</strong></span> 
     </span>
    </p>
   </div>
   <div class='ocr_carea' id='block_1_21' title="bbox 2028 689 3599 760">
    <p class='ocr_par' dir='ltr' id='par_1_21' title="bbox 2028 689 3599 760">
     <span class='ocr_line' id='line_1_21' title="bbox 2028 689 3599 760; baseline 0.004 -16"><span class='ocrx_word' id='word_1_131' title='bbox 2028 689 2160 746; x_wconf 83' lang='lat' dir='ltr'><strong>bare</strong></span> <span class='ocrx_word' id='word_1_132' title='bbox 2190 697 2370 744; x_wconf 89' lang='lat' dir='ltr'><strong>autem</strong></span> <span class='ocrx_word' id='word_1_133' title='bbox 2396 705 2516 745; x_wconf 90' lang='lat' dir='ltr'><strong>eam</strong></span> <span class='ocrx_word' id='word_1_134' title='bbox 2546 689 2885 760; x_wconf 82' lang='lat' dir='ltr'><strong>conﬁngunt,</strong></span> <span class='ocrx_word' id='word_1_135' title='bbox 2929 699 2984 747; x_wconf 91' lang='lat' dir='ltr'><strong>et</strong></span> <span class='ocrx_word' id='word_1_136' title='bbox 3032 691 3157 747; x_wconf 17' lang='lat' dir='ltr'><strong>loco,</strong></span> <span class='ocrx_word' id='word_1_137' title='bbox 3204 693 3350 749; x_wconf 90' lang='lat' dir='ltr'><strong>illius</strong></span> <span class='ocrx_word' id='word_1_138' title='bbox 3397 696 3599 752; x_wconf 83' lang='lat' dir='ltr'><strong>intelli-</strong></span> 
     </span>
    </p>
   </div>
   <div class='ocr_carea' id='block_1_22' title="bbox 2027 781 3600 854">
    <p class='ocr_par' dir='ltr' id='par_1_22' title="bbox 2027 781 3600 854">
     <span class='ocr_line' id='line_1_22' title="bbox 2027 781 3600 854; baseline 0.006 -19"><span class='ocrx_word' id='word_1_139' title='bbox 2027 789 2160 854; x_wconf 85' lang='lat' dir='ltr'><strong>gunt</strong></span> <span class='ocrx_word' id='word_1_140' title='bbox 2191 782 2355 838; x_wconf 86' lang='lat' dir='ltr'><strong>verba</strong></span> <span class='ocrx_word' id='word_1_141' title='bbox 2374 781 2577 837; x_wconf 89' lang='lat' dir='ltr'><strong>Christi</strong></span> <span class='ocrx_word' id='word_1_142' title='bbox 2598 782 2881 847; x_wconf 70' lang='lat' dir='ltr'><strong>doctrinm,</strong></span> <span class='ocrx_word' id='word_1_143' title='bbox 2905 799 3045 854; x_wconf 66' lang='lat' dir='ltr'><strong>qum,</strong></span> <span class='ocrx_word' id='word_1_144' title='bbox 3073 785 3347 854; x_wconf 82' lang='lat' dir='ltr'><strong>inquiunt,</strong></span> <span class='ocrx_word' id='word_1_145' title='bbox 3376 787 3600 845; x_wconf 74' lang='lat' dir='ltr'><strong>tradens</strong></span> 
     </span>
    </p>
   </div>
   <div class='ocr_carea' id='block_1_23' title="bbox 2027 874 3599 945">
    <p class='ocr_par' dir='ltr' id='par_1_23' title="bbox 2027 874 3599 945">
     <span class='ocr_line' id='line_1_23' title="bbox 2027 874 3599 945; baseline 0.003 -16"><span class='ocrx_word' id='word_1_146' title='bbox 2027 876 2313 945; x_wconf 86' lang='lat' dir='ltr'><strong>apostolis,</strong></span> <span class='ocrx_word' id='word_1_147' title='bbox 2345 874 2482 930; x_wconf 81' lang='lat' dir='ltr'><strong>dixit</strong></span> <span class='ocrx_word' id='word_1_148' title='bbox 2516 895 2530 930; x_wconf 89' lang='lat'><strong>:</strong></span> <span class='ocrx_word' id='word_1_149' title='bbox 2563 876 2817 943; x_wconf 77' lang='lat' dir='ltr'><strong>Accipite,</strong></span> <span class='ocrx_word' id='word_1_150' title='bbox 2856 876 3190 942; x_wconf 83' lang='lat' dir='ltr'><strong>manducate,</strong></span> <span class='ocrx_word' id='word_1_151' title='bbox 3215 877 3372 933; x_wconf 73' lang='lat' dir='ltr'><strong>bibite</strong></span> <span class='ocrx_word' id='word_1_152' title='bbox 3402 895 3420 933; x_wconf 90' lang='lat'><strong><em>:</em></strong></span> <span class='ocrx_word' id='word_1_153' title='bbox 3445 879 3599 934; x_wconf 83' lang='lat' dir='ltr'><strong>simi-</strong></span> 
     </span>
    </p>
   </div>
   <div class='ocr_carea' id='block_1_24' title="bbox 2028 966 3600 1038">
    <p class='ocr_par' dir='ltr' id='par_1_24' title="bbox 2028 966 3600 1038">
     <span class='ocr_line' id='line_1_24' title="bbox 2028 966 3600 1038; baseline 0.004 -18"><span class='ocrx_word' id='word_1_154' title='bbox 2028 966 2152 1022; x_wconf 83' lang='lat' dir='ltr'><strong>liter</strong></span> <span class='ocrx_word' id='word_1_155' title='bbox 2182 967 2249 1022; x_wconf 91' lang='lat' dir='ltr'><strong>lis</strong></span> <span class='ocrx_word' id='word_1_156' title='bbox 2273 967 2365 1037; x_wconf 88' lang='lat' dir='ltr'><strong>qui</strong></span> <span class='ocrx_word' id='word_1_157' title='bbox 2397 967 2614 1037; x_wconf 86' lang='lat' dir='ltr'><strong>quidem</strong></span> <span class='ocrx_word' id='word_1_158' title='bbox 2646 968 2917 1038; x_wconf 89' lang='lat' dir='ltr'><strong>baptisma</strong></span> <span class='ocrx_word' id='word_1_159' title='bbox 2946 967 3305 1038; x_wconf 88' lang='lat' dir='ltr'><strong>detestantur,</strong></span> <span class='ocrx_word' id='word_1_160' title='bbox 3343 971 3600 1026; x_wconf 81' lang='lat' dir='ltr'><strong>simulant</strong></span> 
     </span>
    </p>
   </div>
   <div class='ocr_carea' id='block_1_25' title="bbox 2027 1058 3600 1133">
    <p class='ocr_par' dir='ltr' id='par_1_25' title="bbox 2027 1058 3600 1133">
     <span class='ocr_line' id='line_1_25' title="bbox 2027 1058 3600 1133; baseline 0.004 -22"><span class='ocrx_word' id='word_1_161' title='bbox 2027 1065 2210 1112; x_wconf 89' lang='lat' dir='ltr'><strong>tamen</strong></span> <span class='ocrx_word' id='word_1_162' title='bbox 2235 1059 2363 1113; x_wconf 91' lang='lat' dir='ltr'><strong>illud</strong></span> <span class='ocrx_word' id='word_1_163' title='bbox 2395 1058 2617 1130; x_wconf 85' lang='lat' dir='ltr'><strong>plurimi</strong></span> <span class='ocrx_word' id='word_1_164' title='bbox 2649 1059 2844 1124; x_wconf 83' lang='lat' dir='ltr'><strong>facere,</strong></span> <span class='ocrx_word' id='word_1_165' title='bbox 2880 1067 3043 1131; x_wconf 89' lang='lat' dir='ltr'><strong>atque</strong></span> <span class='ocrx_word' id='word_1_166' title='bbox 3072 1076 3171 1130; x_wconf 91' lang='lat' dir='ltr'><strong>pro</strong></span> <span class='ocrx_word' id='word_1_167' title='bbox 3199 1076 3264 1116; x_wconf 92' lang='lat' dir='ltr'><strong>eo</strong></span> <span class='ocrx_word' id='word_1_168' title='bbox 3292 1062 3600 1133; x_wconf 88' lang='lat' dir='ltr'><strong>intelligunt</strong></span> 
     </span>
    </p>
   </div>
   <div class='ocr_carea' id='block_1_26' title="bbox 2025 1149 3598 1226">
    <p class='ocr_par' dir='ltr' id='par_1_26' title="bbox 2025 1149 3598 1226">
     <span class='ocr_line' id='line_1_26' title="bbox 2025 1149 3598 1226; baseline 0.004 -21"><span class='ocrx_word' id='word_1_169' title='bbox 2025 1149 2326 1215; x_wconf 83' lang='lat' dir='ltr'><strong>Christum,</strong></span> <span class='ocrx_word' id='word_1_170' title='bbox 2353 1151 2469 1221; x_wconf 89' lang='lat' dir='ltr'><strong>qui,</strong></span> <span class='ocrx_word' id='word_1_171' title='bbox 2499 1152 2772 1222; x_wconf 86' lang='lat' dir='ltr'><strong>inquiunt,</strong></span> <span class='ocrx_word' id='word_1_172' title='bbox 2797 1153 2964 1208; x_wconf 76' lang='lat' dir='ltr'><strong>dixit:</strong></span> <span class='ocrx_word' id='word_1_173' title='bbox 2985 1153 3097 1224; x_wconf 87' lang='lat' dir='ltr'><strong>Ego</strong></span> <span class='ocrx_word' id='word_1_174' title='bbox 3128 1171 3246 1208; x_wconf 76' lang='lat' dir='ltr'><strong>sum</strong></span> <span class='ocrx_word' id='word_1_175' title='bbox 3277 1172 3415 1226; x_wconf 83' lang='lat' dir='ltr'><strong>aqua</strong></span> <span class='ocrx_word' id='word_1_176' title='bbox 3443 1157 3598 1220; x_wconf 78' lang='lat' dir='ltr'><strong>viva;</strong></span> 
     </span>
    </p>
   </div>
   <div class='ocr_carea' id='block_1_27' title="bbox 2027 1241 3600 1315">
    <p class='ocr_par' dir='ltr' id='par_1_27' title="bbox 2027 1241 3600 1315">
     <span class='ocr_line' id='line_1_27' title="bbox 2027 1241 3600 1315; baseline 0.004 -20"><span class='ocrx_word' id='word_1_177' title='bbox 2027 1249 2141 1300; x_wconf 86' lang='lat' dir='ltr'><strong>tum</strong></span> <span class='ocrx_word' id='word_1_178' title='bbox 2181 1242 2248 1300; x_wconf 92' lang='lat' dir='ltr'><strong>iis</strong></span> <span class='ocrx_word' id='word_1_179' title='bbox 2276 1242 2370 1313; x_wconf 86' lang='lat' dir='ltr'><strong>qui</strong></span> <span class='ocrx_word' id='word_1_180' title='bbox 2408 1241 2708 1299; x_wconf 89' lang='lat' dir='ltr'><strong>Ecclesiam</strong></span> <span class='ocrx_word' id='word_1_181' title='bbox 2733 1244 2950 1315; x_wconf 82' lang='lat' dir='ltr'><strong>quidem</strong></span> <span class='ocrx_word' id='word_1_182' title='bbox 2981 1246 3306 1303; x_wconf 83' lang='lat' dir='ltr'><strong>catholicam</strong></span> <span class='ocrx_word' id='word_1_183' title='bbox 3343 1263 3600 1302; x_wconf 82' lang='lat' dir='ltr'><strong>aversan-</strong></span> 
     </span>
    </p>
   </div>
   <div class='ocr_carea' id='block_1_28' title="bbox 2027 1336 3601 1410">
    <p class='ocr_par' dir='ltr' id='par_1_28' title="bbox 2027 1336 3601 1410">
     <span class='ocr_line' id='line_1_28' title="bbox 2027 1336 3601 1410; baseline 0.004 -22"><span class='ocrx_word' id='word_1_184' title='bbox 2027 1341 2138 1400; x_wconf 91' lang='lat' dir='ltr'><strong>tur,</strong></span> <span class='ocrx_word' id='word_1_185' title='bbox 2165 1349 2285 1390; x_wconf 88' lang='lat' dir='ltr'><strong>eam</strong></span> <span class='ocrx_word' id='word_1_186' title='bbox 2308 1349 2438 1392; x_wconf 79' lang='lat' dir='ltr'><strong>vero</strong></span> <span class='ocrx_word' id='word_1_187' title='bbox 2464 1336 2520 1389; x_wconf 91' lang='lat' dir='ltr'><strong>in</strong></span> <span class='ocrx_word' id='word_1_188' title='bbox 2549 1337 2724 1406; x_wconf 87' lang='lat' dir='ltr'><strong>pretio</strong></span> <span class='ocrx_word' id='word_1_189' title='bbox 2754 1337 2955 1392; x_wconf 84' lang='lat' dir='ltr'><strong>habere</strong></span> <span class='ocrx_word' id='word_1_190' title='bbox 2983 1338 3156 1402; x_wconf 90' lang='lat' dir='ltr'><strong>aiunt,</strong></span> <span class='ocrx_word' id='word_1_191' title='bbox 3181 1338 3601 1410; x_wconf 80' lang='lat' dir='ltr'><strong>intelliguntque‘</strong></span> 
     </span>
    </p>
   </div>
   <div class='ocr_carea' id='block_1_29' title="bbox 2027 1428 3600 1501">
    <p class='ocr_par' dir='ltr' id='par_1_29' title="bbox 2027 1428 3600 1501">
     <span class='ocr_line' id='line_1_29' title="bbox 2027 1428 3600 1501; baseline 0.005 -21"><span class='ocrx_word' id='word_1_192' title='bbox 2027 1442 2127 1498; x_wconf 90' lang='lat' dir='ltr'><strong>pro</strong></span> <span class='ocrx_word' id='word_1_193' title='bbox 2175 1428 2267 1482; x_wconf 91' lang='lat' dir='ltr'><strong>illa</strong></span> <span class='ocrx_word' id='word_1_194' title='bbox 2315 1443 2616 1486; x_wconf 88' lang='lat' dir='ltr'><strong>consessus</strong></span> <span class='ocrx_word' id='word_1_195' title='bbox 2646 1445 2776 1486; x_wconf 89' lang='lat' dir='ltr'><strong>suos</strong></span> <span class='ocrx_word' id='word_1_196' title='bbox 2808 1437 2971 1501; x_wconf 89' lang='lat' dir='ltr'><strong>atque</strong></span> <span class='ocrx_word' id='word_1_197' title='bbox 2997 1441 3324 1496; x_wconf 86' lang='lat' dir='ltr'><strong>conventus,</strong></span> <span class='ocrx_word' id='word_1_198' title='bbox 3350 1439 3404 1488; x_wconf 92' lang='lat' dir='ltr'><strong>et</strong></span> <span class='ocrx_word' id='word_1_199' title='bbox 3433 1431 3600 1488; x_wconf 81' lang='lat' dir='ltr'><strong>Joan-</strong></span> 
     </span>
    </p>
   </div>
   <div class='ocr_carea' id='block_1_30' title="bbox 2027 1518 3343 1579">
    <p class='ocr_par' dir='ltr' id='par_1_30' title="bbox 2027 1518 3343 1579">
     <span class='ocr_line' id='line_1_30' title="bbox 2027 1518 3343 1579; baseline 0.003 -4"><span class='ocrx_word' id='word_1_200' title='bbox 2027 1535 2152 1575; x_wconf 88' lang='lat' dir='ltr'><strong>nem</strong></span> <span class='ocrx_word' id='word_1_201' title='bbox 2174 1518 2398 1575; x_wconf 84' lang='lat' dir='ltr'><strong>fratrem</strong></span> <span class='ocrx_word' id='word_1_202' title='bbox 2427 1519 2584 1575; x_wconf 84' lang='lat' dir='ltr'><strong>Pauli</strong></span> <span class='ocrx_word' id='word_1_203' title='bbox 2611 1521 2884 1579; x_wconf 62' lang='lat' dir='ltr'><strong>haereseos</strong></span> <span class='ocrx_word' id='word_1_204' title='bbox 2917 1523 3134 1578; x_wconf 86' lang='lat' dir='ltr'><strong>illorum</strong></span> <span class='ocrx_word' id='word_1_205' title='bbox 3165 1522 3343 1579; x_wconf 91' lang='lat' dir='ltr'><strong>ducis.</strong></span> 
     </span>
    </p>
   </div>
   <div class='ocr_carea' id='block_1_31' title="bbox 2098 1696 3601 1772">
    <p class='ocr_par' dir='ltr' id='par_1_31' title="bbox 2098 1696 3601 1772">
     <span class='ocr_line' id='line_1_31' title="bbox 2098 1696 3601 1772; baseline 0.003 -19"><span class='ocrx_word' id='word_1_206' title='bbox 2098 1696 2166 1754; x_wconf 74' lang='grc' dir='ltr'>ν.</span> <span class='ocrx_word' id='word_1_207' title='bbox 2206 1699 2508 1756; x_wconf 85' lang='lat' dir='ltr'><strong>Anathema</strong></span> <span class='ocrx_word' id='word_1_208' title='bbox 2556 1716 2686 1772; x_wconf 85' lang='lat' dir='ltr'><strong>ergo</strong></span> <span class='ocrx_word' id='word_1_209' title='bbox 2722 1703 2974 1759; x_wconf 88' lang='lat' dir='ltr'><strong>omnibus</strong></span> <span class='ocrx_word' id='word_1_210' title='bbox 3021 1703 3206 1768; x_wconf 88' lang='lat' dir='ltr'><strong>dictis,</strong></span> <span class='ocrx_word' id='word_1_211' title='bbox 3252 1703 3379 1760; x_wconf 89' lang='lat' dir='ltr'><strong>item</strong></span> <span class='ocrx_word' id='word_1_212' title='bbox 3412 1702 3478 1758; x_wconf 90' lang='lat' dir='ltr'><strong>iis</strong></span> <span class='ocrx_word' id='word_1_213' title='bbox 3506 1702 3601 1772; x_wconf 90' lang='lat' dir='ltr'><strong>qui</strong></span> 
     </span>
    </p>
   </div>
   <div class='ocr_carea' id='block_1_32' title="bbox 2030 1789 3602 1866">
    <p class='ocr_par' dir='ltr' id='par_1_32' title="bbox 2030 1789 3602 1866">
     <span class='ocr_line' id='line_1_32' title="bbox 2030 1789 3602 1866; baseline 0.003 -20"><span class='ocrx_word' id='word_1_214' title='bbox 2030 1789 2231 1846; x_wconf 87' lang='lat' dir='ltr'><strong>similia</strong></span> <span class='ocrx_word' id='word_1_215' title='bbox 2285 1793 2611 1861; x_wconf 82' lang='lat' dir='ltr'><strong>opinantur;</strong></span> <span class='ocrx_word' id='word_1_216' title='bbox 2644 1804 2696 1848; x_wconf 91' lang='lat' dir='ltr'><strong>et</strong></span> <span class='ocrx_word' id='word_1_217' title='bbox 2722 1793 3162 1850; x_wconf 90' lang='lat' dir='ltr'><strong>Christianorum</strong></span> <span class='ocrx_word' id='word_1_218' title='bbox 3191 1811 3329 1865; x_wconf 89' lang='lat' dir='ltr'><strong>quos</strong></span> <span class='ocrx_word' id='word_1_219' title='bbox 3361 1796 3462 1866; x_wconf 87' lang='lat' dir='ltr'><strong>ipsi</strong></span> <span class='ocrx_word' id='word_1_220' title='bbox 3492 1795 3602 1850; x_wconf 75' lang='lat' dir='ltr'><strong>Ro-</strong></span> 
     </span>
    </p>
   </div>
   <div class='ocr_carea' id='block_1_33' title="bbox 340 1864 1923 1958">
    <p class='ocr_par' dir='ltr' id='par_1_33' title="bbox 340 1879 1915 1952">
     <span class='ocr_line' id='line_1_33' title="bbox 340 1879 1915 1952; baseline -0.002 -18"><span class='ocrx_word' id='word_1_221' title='bbox 340 1879 464 1944; x_wconf 87' lang='grc' dir='ltr'>σίας</span> <span class='ocrx_word' id='word_1_222' title='bbox 491 1879 600 1933; x_wconf 89' lang='grc' dir='ltr'><strong>τῶν</strong></span> <span class='ocrx_word' id='word_1_223' title='bbox 626 1880 986 1952; x_wconf 84' lang='grc' dir='ltr'>Χριστιανῶν,</span> <span class='ocrx_word' id='word_1_224' title='bbox 1012 1879 1107 1945; x_wconf 83' lang='grc' dir='ltr'>οὓς</span> <span class='ocrx_word' id='word_1_225' title='bbox 1135 1882 1289 1935; x_wconf 78' lang='grc' dir='ltr'>αὐτοὶ</span> <span class='ocrx_word' id='word_1_226' title='bbox 1319 1880 1544 1937; x_wconf 87' lang='grc' dir='ltr'>καλοῦσι</span> <span class='ocrx_word' id='word_1_227' title='bbox 1589 1879 1915 1950; x_wconf 77' lang='grc' dir='ltr'>Ῥωμαίους’</span> 
     </span>
    </p>
   </div>
   <div class='ocr_carea' id='block_1_34' title="bbox 2023 1864 3601 1958">
    <p class='ocr_par' dir='ltr' id='par_1_34' title="bbox 2027 1884 3601 1958">
     <span class='ocr_line' id='line_1_34' title="bbox 2027 1884 3601 1958; baseline 0.004 -20"><span class='ocrx_word' id='word_1_228' title='bbox 2027 1899 2218 1939; x_wconf 89' lang='lat' dir='ltr'><strong>manos</strong></span> <span class='ocrx_word' id='word_1_229' title='bbox 2245 1893 2459 1949; x_wconf 84' lang='lat' dir='ltr'><strong>vocant,</strong></span> <span class='ocrx_word' id='word_1_230' title='bbox 2496 1884 2769 1942; x_wconf 89' lang='lat' dir='ltr'><strong>Ecelesias</strong></span> <span class='ocrx_word' id='word_1_231' title='bbox 2802 1886 3092 1957; x_wconf 89' lang='lat' dir='ltr'><strong>rejiciunt;</strong></span> <span class='ocrx_word' id='word_1_232' title='bbox 3126 1895 3362 1958; x_wconf 89' lang='lat' dir='ltr'><strong>suntque</strong></span> <span class='ocrx_word' id='word_1_233' title='bbox 3408 1898 3601 1944; x_wconf 88' lang='lat' dir='ltr'><strong>contu-</strong></span> 
     </span>
    </p>
   </div>
   <div class='ocr_carea' id='block_1_35' title="bbox 337 1972 1922 2046">
    <p class='ocr_par' dir='ltr' id='par_1_35' title="bbox 337 1972 1922 2046">
     <span class='ocr_line' id='line_1_35' title="bbox 337 1972 1922 2046; baseline -0.001 -19"><span class='ocrx_word' id='word_1_234' title='bbox 337 1973 435 2027; x_wconf 78' lang='grc' dir='ltr'>καὶ</span> <span class='ocrx_word' id='word_1_235' title='bbox 467 1972 745 2044; x_wconf 73' lang='grc' dir='ltr'>ὑϐρίζουσι</span> <span class='ocrx_word' id='word_1_236' title='bbox 781 1973 880 2046; x_wconf 79' lang='grc' dir='ltr'>μὲν</span> <span class='ocrx_word' id='word_1_237' title='bbox 906 1974 1006 2044; x_wconf 85' lang='grc' dir='ltr'>τὴν</span> <span class='ocrx_word' id='word_1_238' title='bbox 1053 1973 1210 2042; x_wconf 84' lang='grc' dir='ltr'>ἁγίαν</span> <span class='ocrx_word' id='word_1_239' title='bbox 1259 1972 1517 2027; x_wconf 89' lang='grc' dir='ltr'>Θεοτόκον</span> <span class='ocrx_word' id='word_1_240' title='bbox 1558 1972 1797 2045; x_wconf 86' lang='grc' dir='ltr'>Μαρίαν,</span> <span class='ocrx_word' id='word_1_241' title='bbox 1827 1973 1922 2026; x_wconf 73' lang='grc' dir='ltr'>καὶ</span> 
     </span>
    </p>
   </div>
   <div class='ocr_carea' id='block_1_36' title="bbox 334 2065 1919 2140">
    <p class='ocr_par' dir='ltr' id='par_1_36' title="bbox 334 2065 1919 2140">
     <span class='ocr_line' id='line_1_36' title="bbox 334 2065 1919 2140; baseline -0.003 -18"><span class='ocrx_word' id='word_1_242' title='bbox 334 2065 429 2122; x_wconf 75' lang='grc' dir='ltr'>τὸν</span> <span class='ocrx_word' id='word_1_243' title='bbox 453 2066 632 2137; x_wconf 89' lang='grc' dir='ltr'>τίμιον</span> <span class='ocrx_word' id='word_1_244' title='bbox 661 2065 907 2140; x_wconf 80' lang='grc' dir='ltr'>σταυρὸν,</span> <span class='ocrx_word' id='word_1_245' title='bbox 930 2068 1023 2121; x_wconf 75' lang='grc' dir='ltr'>καὶ</span> <span class='ocrx_word' id='word_1_246' title='bbox 1046 2067 1145 2130; x_wconf 80' lang='grc' dir='ltr'>τὰς</span> <span class='ocrx_word' id='word_1_247' title='bbox 1174 2065 1324 2140; x_wconf 85' lang='grc' dir='ltr'>ἱερὰς</span> <span class='ocrx_word' id='word_1_248' title='bbox 1354 2066 1590 2130; x_wconf 80' lang='grc' dir='ltr'>εἰκόνας,</span> <span class='ocrx_word' id='word_1_249' title='bbox 1611 2065 1784 2120; x_wconf 76' lang='grc' dir='ltr'>καὶτὸ</span> <span class='ocrx_word' id='word_1_250' title='bbox 1814 2082 1919 2124; x_wconf 50' lang='lat' dir='ltr'><strong>3w.-</strong></span> 
     </span>
    </p>
   </div>
   <div class='ocr_carea' id='block_1_37' title="bbox 332 2156 1919 2232">
    <p class='ocr_par' dir='ltr' id='par_1_37' title="bbox 332 2156 1919 2232">
     <span class='ocr_line' id='line_1_37' title="bbox 332 2156 1919 2232; baseline -0.005 -13"><span class='ocrx_word' id='word_1_251' title='bbox 332 2159 524 2230; x_wconf 77' lang='grc' dir='ltr'>τήριον</span> <span class='ocrx_word' id='word_1_252' title='bbox 568 2157 850 2231; x_wconf 82' lang='grc' dir='ltr'><strong>βάπτισμα</strong></span> <span class='ocrx_word' id='word_1_253' title='bbox 868 2177 881 2192; x_wconf 87' lang='grc'><strong>·</strong></span> <span class='ocrx_word' id='word_1_254' title='bbox 912 2160 1004 2213; x_wconf 75' lang='grc' dir='ltr'>καὶ</span> <span class='ocrx_word' id='word_1_255' title='bbox 1031 2158 1529 2232; x_wconf 76' lang='grc' dir='ltr'>ἀποστρεφομένοις</span> <span class='ocrx_word' id='word_1_256' title='bbox 1565 2157 1662 2229; x_wconf 81' lang='grc' dir='ltr'>μὲν</span> <span class='ocrx_word' id='word_1_257' title='bbox 1689 2157 1786 2227; x_wconf 78' lang='grc' dir='ltr'>τὴν</span> <span class='ocrx_word' id='word_1_258' title='bbox 1810 2156 1919 2211; x_wconf 91' lang='grc' dir='ltr'><strong>τῶν</strong></span> 
     </span>
    </p>
   </div>
   <div class='ocr_carea' id='block_1_38' title="bbox 335 2249 1918 2325">
    <p class='ocr_par' dir='ltr' id='par_1_38' title="bbox 335 2249 1918 2325">
     <span class='ocr_line' id='line_1_38' title="bbox 335 2249 1918 2325; baseline -0.003 -20"><span class='ocrx_word' id='word_1_259' title='bbox 335 2251 498 2306; x_wconf 80' lang='grc' dir='ltr'>θείων</span> <span class='ocrx_word' id='word_1_260' title='bbox 545 2252 856 2325; x_wconf 84' lang='grc' dir='ltr'>μυστηρίων</span> <span class='ocrx_word' id='word_1_261' title='bbox 905 2252 1233 2324; x_wconf 78' lang='grc' dir='ltr'>μετάληψιν,</span> <span class='ocrx_word' id='word_1_262' title='bbox 1285 2252 1547 2324; x_wconf 81' lang='grc' dir='ltr'>ὀμφαλοῖς</span> <span class='ocrx_word' id='word_1_263' title='bbox 1593 2251 1651 2304; x_wconf 81' lang='grc' dir='ltr'>δὲ</span> <span class='ocrx_word' id='word_1_264' title='bbox 1704 2249 1918 2321; x_wconf 84' lang='grc' dir='ltr'>βρεφῶν</span> 
     </span>
    </p>
   </div>
   <div class='ocr_carea' id='block_1_39' title="bbox 333 2342 1918 2418">
    <p class='ocr_par' dir='ltr' id='par_1_39' title="bbox 333 2342 1918 2418">
     <span class='ocr_line' id='line_1_39' title="bbox 333 2342 1918 2418; baseline -0.002 -20"><span class='ocrx_word' id='word_1_265' title='bbox 333 2346 698 2418; x_wconf 71' lang='grc' dir='ltr'>κεκαυμένοις</span> <span class='ocrx_word' id='word_1_266' title='bbox 738 2348 820 2410; x_wconf 91' lang='grc' dir='ltr'><strong>είς</strong></span> <span class='ocrx_word' id='word_1_267' title='bbox 859 2345 1144 2418; x_wconf 84' lang='grc' dir='ltr'>κάθαρσιν,</span> <span class='ocrx_word' id='word_1_268' title='bbox 1180 2345 1379 2417; x_wconf 81' lang='grc' dir='ltr'>μᾶλλον</span> <span class='ocrx_word' id='word_1_269' title='bbox 1406 2345 1464 2398; x_wconf 85' lang='grc' dir='ltr'>δὲ</span> <span class='ocrx_word' id='word_1_270' title='bbox 1496 2342 1767 2416; x_wconf 70' lang='grc' dir='ltr'>μολυσμὸν</span> <span class='ocrx_word' id='word_1_271' title='bbox 1812 2343 1918 2413; x_wconf 29' lang='grc' dir='ltr'>ψυλ-</span> 
     </span>
    </p>
   </div>
   <div class='ocr_carea' id='block_1_40' title="bbox 332 2436 1917 2512">
    <p class='ocr_par' dir='ltr' id='par_1_40' title="bbox 332 2436 1917 2512">
     <span class='ocr_line' id='line_1_40' title="bbox 332 2436 1917 2512; baseline -0.001 -20"><span class='ocrx_word' id='word_1_272' title='bbox 332 2437 470 2511; x_wconf 89' lang='grc' dir='ltr'>χῶν,</span> <span class='ocrx_word' id='word_1_273' title='bbox 525 2437 905 2512; x_wconf 77' lang='grc' dir='ltr'>κεχρημένοις,</span> <span class='ocrx_word' id='word_1_274' title='bbox 936 2438 1122 2496; x_wconf 77' lang='grc' dir='ltr'>καὶτὰ</span> <span class='ocrx_word' id='word_1_275' title='bbox 1149 2439 1256 2494; x_wconf 83' lang='grc' dir='ltr'>ίδια</span> <span class='ocrx_word' id='word_1_276' title='bbox 1287 2437 1550 2510; x_wconf 84' lang='grc' dir='ltr'>βρώματα</span> <span class='ocrx_word' id='word_1_277' title='bbox 1575 2436 1785 2500; x_wconf 80' lang='grc' dir='ltr'>τούτοις</span> <span class='ocrx_word' id='word_1_278' title='bbox 1815 2454 1917 2490; x_wconf 89' lang='grc' dir='ltr'>κα-</span> 
     </span>
    </p>
   </div>
   <div class='ocr_carea' id='block_1_41' title="bbox 331 2528 1917 2604">
    <p class='ocr_par' dir='ltr' id='par_1_41' title="bbox 331 2528 1917 2604">
     <span class='ocr_line' id='line_1_41' title="bbox 331 2528 1917 2604; baseline -0.006 -14"><span class='ocrx_word' id='word_1_279' title='bbox 331 2531 1018 2604; x_wconf 75' lang='grc' dir='ltr'>ταμιαίνουσιν.Ἀνάθεμα</span> <span class='ocrx_word' id='word_1_280' title='bbox 1064 2535 1179 2596; x_wconf 75' lang='grc' dir='ltr'>τοῖς</span> <span class='ocrx_word' id='word_1_281' title='bbox 1221 2533 1289 2604; x_wconf 75' lang='grc' dir='ltr'>τῇ</span> <span class='ocrx_word' id='word_1_282' title='bbox 1335 2529 1533 2603; x_wconf 88' lang='grc' dir='ltr'>βρώσει</span> <span class='ocrx_word' id='word_1_283' title='bbox 1576 2528 1684 2583; x_wconf 90' lang='grc' dir='ltr'><strong>τῶν</strong></span> <span class='ocrx_word' id='word_1_284' title='bbox 1732 2528 1917 2601; x_wconf 90' lang='grc' dir='ltr'>θνησι-</span> 
     </span>
    </p>
   </div>
   <div class='ocr_carea' id='block_1_42' title="bbox 335 2619 1920 2698">
    <p class='ocr_par' dir='ltr' id='par_1_42' title="bbox 335 2619 1920 2698">
     <span class='ocr_line' id='line_1_42' title="bbox 335 2619 1920 2698; baseline -0.004 -19"><span class='ocrx_word' id='word_1_285' title='bbox 335 2625 513 2698; x_wconf 84' lang='grc' dir='ltr'>μαίων</span> <span class='ocrx_word' id='word_1_286' title='bbox 542 2625 951 2697; x_wconf 83' lang='grc' dir='ltr'>μολυνομένοις·</span> <span class='ocrx_word' id='word_1_287' title='bbox 980 2625 1075 2679; x_wconf 80' lang='grc' dir='ltr'>καὶ</span> <span class='ocrx_word' id='word_1_288' title='bbox 1102 2627 1216 2688; x_wconf 79' lang='grc' dir='ltr'>τοῖς</span> <span class='ocrx_word' id='word_1_289' title='bbox 1245 2625 1426 2678; x_wconf 83' lang='grc' dir='ltr'>πᾶσαν</span> <span class='ocrx_word' id='word_1_290' title='bbox 1461 2622 1559 2693; x_wconf 83' lang='grc' dir='ltr'>μὲν</span> <span class='ocrx_word' id='word_1_291' title='bbox 1589 2619 1920 2693; x_wconf 82' lang='grc' dir='ltr'>ἐκτρεπομέ-</span> 
     </span>
    </p>
   </div>
   <div class='ocr_carea' id='block_1_43' title="bbox 331 2712 1919 2792">
    <p class='ocr_par' dir='ltr' id='par_1_43' title="bbox 331 2712 1919 2792">
     <span class='ocr_line' id='line_1_43' title="bbox 331 2712 1919 2792; baseline -0.006 -19"><span class='ocrx_word' id='word_1_292' title='bbox 331 2737 449 2784; x_wconf 90' lang='grc' dir='ltr'>νοις</span> <span class='ocrx_word' id='word_1_293' title='bbox 468 2718 859 2792; x_wconf 81' lang='grc' dir='ltr'>Χριστιανικὴν</span> <span class='ocrx_word' id='word_1_294' title='bbox 886 2717 1158 2789; x_wconf 85' lang='grc' dir='ltr'>νηστείαν,</span> <span class='ocrx_word' id='word_1_295' title='bbox 1196 2716 1338 2776; x_wconf 89' lang='grc' dir='ltr'><strong>κατά</strong></span> <span class='ocrx_word' id='word_1_296' title='bbox 1382 2716 1440 2770; x_wconf 76' lang='grc' dir='ltr'>δὲ</span> <span class='ocrx_word' id='word_1_297' title='bbox 1479 2716 1570 2768; x_wconf 85' lang='grc' dir='ltr'>τὸν</span> <span class='ocrx_word' id='word_1_298' title='bbox 1599 2713 1786 2786; x_wconf 81' lang='grc' dir='ltr'>καιρὸν</span> <span class='ocrx_word' id='word_1_299' title='bbox 1817 2712 1919 2782; x_wconf 80' lang='grc' dir='ltr'>τῆς</span> 
     </span>
    </p>
   </div>
   <div class='ocr_carea' id='block_1_44' title="bbox 330 2804 1920 2884">
    <p class='ocr_par' dir='ltr' id='par_1_44' title="bbox 330 2804 1920 2884">
     <span class='ocr_line' id='line_1_44' title="bbox 330 2804 1920 2884; baseline -0.007 -16"><span class='ocrx_word' id='word_1_300' title='bbox 330 2812 598 2884; x_wconf 81' lang='grc' dir='ltr'>δοκούσης</span> <span class='ocrx_word' id='word_1_301' title='bbox 643 2813 828 2876; x_wconf 79' lang='grc' dir='ltr'>αὐτοῖς</span> <span class='ocrx_word' id='word_1_302' title='bbox 858 2810 1339 2884; x_wconf 86' lang='grc' dir='ltr'>Τεσσαρακοστῆς,</span> <span class='ocrx_word' id='word_1_303' title='bbox 1369 2808 1532 2880; x_wconf 88' lang='grc' dir='ltr'>τυροῦ</span> <span class='ocrx_word' id='word_1_304' title='bbox 1581 2824 1639 2860; x_wconf 91' lang='grc' dir='ltr'><strong>τε</strong></span> <span class='ocrx_word' id='word_1_305' title='bbox 1687 2806 1782 2859; x_wconf 75' lang='grc' dir='ltr'>καὶ</span> <span class='ocrx_word' id='word_1_306' title='bbox 1818 2804 1920 2873; x_wconf 85' lang='grc' dir='ltr'><strong>γά-</strong></span> 
     </span>
    </p>
   </div>
   <div class='ocr_carea' id='block_1_45' title="bbox 331 2895 1916 2976">
    <p class='ocr_par' dir='ltr' id='par_1_45' title="bbox 331 2895 1916 2976">
     <span class='ocr_line' id='line_1_45' title="bbox 331 2895 1916 2976; baseline -0.004 -19"><span class='ocrx_word' id='word_1_307' title='bbox 331 2903 532 2968; x_wconf 87' lang='grc' dir='ltr'>λακτος</span> <span class='ocrx_word' id='word_1_308' title='bbox 571 2905 1020 2976; x_wconf 67' lang='grc' dir='ltr'>ὲμφορουμὲνοις.</span> <span class='ocrx_word' id='word_1_309' title='bbox 1046 2901 1320 2973; x_wconf 79' lang='grc' dir='ltr'>Ἀνάθεμα</span> <span class='ocrx_word' id='word_1_310' title='bbox 1357 2903 1469 2963; x_wconf 79' lang='grc' dir='ltr'>τοῖς</span> <span class='ocrx_word' id='word_1_311' title='bbox 1508 2895 1916 2970; x_wconf 78' lang='grc' dir='ltr'>ἀρνουμένοιςῆ</span> 
     </span>
    </p>
   </div>
   <div class='ocr_carea' id='block_1_46' title="bbox 329 2987 1920 3070">
    <p class='ocr_par' dir='ltr' id='par_1_46' title="bbox 329 2987 1920 3070">
     <span class='ocr_line' id='line_1_46' title="bbox 329 2987 1920 3070; baseline -0.006 -20"><span class='ocrx_word' id='word_1_312' title='bbox 329 2997 608 3061; x_wconf 76' lang='grc' dir='ltr'>νοθεύουσι</span> <span class='ocrx_word' id='word_1_313' title='bbox 653 2995 724 3050; x_wconf 82' lang='grc' dir='ltr'>τὰ</span> <span class='ocrx_word' id='word_1_314' title='bbox 771 2997 1014 3070; x_wconf 78' lang='grc' dir='ltr'>τέσσαρα</span> <span class='ocrx_word' id='word_1_315' title='bbox 1059 2995 1154 3050; x_wconf 90' lang='grc' dir='ltr'><strong>τοῦ</strong></span> <span class='ocrx_word' id='word_1_316' title='bbox 1193 2992 1430 3066; x_wconf 86' lang='grc' dir='ltr'>Χριστοῦ</span> <span class='ocrx_word' id='word_1_317' title='bbox 1464 2990 1789 3061; x_wconf 80' lang='grc' dir='ltr'>Εὐαγγέλια,</span> <span class='ocrx_word' id='word_1_318' title='bbox 1825 2987 1920 3042; x_wconf 75' lang='grc' dir='ltr'>καὶ</span> 
     </span>
    </p>
   </div>
   <div class='ocr_carea' id='block_1_47' title="bbox 329 3071 1914 3156">
    <p class='ocr_par' dir='ltr' id='par_1_47' title="bbox 329 3071 1914 3156">
     <span class='ocr_line' id='line_1_47' title="bbox 329 3071 1914 3156; baseline -0.004 -14"><span class='ocrx_word' id='word_1_319' title='bbox 329 3089 431 3153; x_wconf 87' lang='grc' dir='ltr'><strong>τάς</strong></span> <span class='ocrx_word' id='word_1_320' title='bbox 474 3088 568 3141; x_wconf 89' lang='grc' dir='ltr'><strong>τοῦ</strong></span> <span class='ocrx_word' id='word_1_321' title='bbox 617 3087 773 3156; x_wconf 83' lang='grc' dir='ltr'>ἁγίου</span> <span class='ocrx_word' id='word_1_322' title='bbox 816 3071 1030 3144; x_wconf 86' lang='grc' dir='ltr'>Παύλου</span> <span class='ocrx_word' id='word_1_323' title='bbox 1079 3084 1174 3140; x_wconf 89' lang='grc' dir='ltr'><strong>τοῦ</strong></span> <span class='ocrx_word' id='word_1_324' title='bbox 1225 3085 1522 3140; x_wconf 87' lang='grc' dir='ltr'>ἀποστόλου</span> <span class='ocrx_word' id='word_1_325' title='bbox 1564 3081 1914 3146; x_wconf 83' lang='grc' dir='ltr'>Ἐπιστολάς·</span> 
     </span>
    </p>
   </div>
   <div class='ocr_carea' id='block_1_48' title="bbox 329 3173 1992 3267">
    <p class='ocr_par' dir='ltr' id='par_1_48' title="bbox 329 3173 1992 3267">
     <span class='ocr_line' id='line_1_48' title="bbox 329 3173 1992 3267; baseline 0.003 -36"><span class='ocrx_word' id='word_1_326' title='bbox 329 3180 429 3233; x_wconf 74' lang='grc' dir='ltr'>καὶ</span> <span class='ocrx_word' id='word_1_327' title='bbox 456 3180 578 3232; x_wconf 76' lang='grc' dir='ltr'>ἀντὶ</span> <span class='ocrx_word' id='word_1_328' title='bbox 612 3181 709 3248; x_wconf 64' lang='grc' dir='ltr'>μὲν</span> <span class='ocrx_word' id='word_1_329' title='bbox 735 3178 838 3232; x_wconf 74' lang='grc' dir='ltr'>τοῦ.</span> <span class='ocrx_word' id='word_1_330' title='bbox 867 3178 1198 3250; x_wconf 84' lang='grc' dir='ltr'>δημιουργοῦ</span> <span class='ocrx_word' id='word_1_331' title='bbox 1226 3177 1333 3231; x_wconf 92' lang='grc' dir='ltr'><strong>τῶν</strong></span> <span class='ocrx_word' id='word_1_332' title='bbox 1363 3175 1616 3230; x_wconf 84' lang='grc' dir='ltr'>ἁπάντων</span> <span class='ocrx_word' id='word_1_333' title='bbox 1643 3173 1800 3267; x_wconf 78' lang='grc' dir='ltr'>Θεοῦ,</span> <span class='ocrx_word' id='word_1_334' title='bbox 1830 3190 1918 3231; x_wconf 75' lang='grc' dir='ltr'>σε-</span> <span class='ocrx_word' id='word_1_335' title='bbox 1947 3205 1992 3267; x_wconf 79' lang='lat' dir='ltr'><strong>C</strong></span> 
     </span>
    </p>
   </div>
   <div class='ocr_carea' id='block_1_49' title="bbox 329 3266 1916 3341">
    <p class='ocr_par' dir='ltr' id='par_1_49' title="bbox 329 3266 1916 3341">
     <span class='ocr_line' id='line_1_49' title="bbox 329 3266 1916 3341; baseline -0.003 -18"><span class='ocrx_word' id='word_1_336' title='bbox 329 3269 584 3341; x_wconf 80' lang='grc' dir='ltr'>σομένοις</span> <span class='ocrx_word' id='word_1_337' title='bbox 612 3269 703 3322; x_wconf 80' lang='grc' dir='ltr'>τὸν</span> <span class='ocrx_word' id='word_1_338' title='bbox 730 3268 1025 3341; x_wconf 86' lang='grc' dir='ltr'>λεγομένον</span> <span class='ocrx_word' id='word_1_339' title='bbox 1053 3270 1292 3340; x_wconf 79' lang='grc' dir='ltr'>ἄρχοντα</span> <span class='ocrx_word' id='word_1_340' title='bbox 1331 3267 1427 3321; x_wconf 91' lang='grc' dir='ltr'><strong>τοῦ</strong></span> <span class='ocrx_word' id='word_1_341' title='bbox 1463 3267 1668 3338; x_wconf 86' lang='grc' dir='ltr'>κόσμου</span> <span class='ocrx_word' id='word_1_342' title='bbox 1693 3266 1881 3320; x_wconf 87' lang='grc' dir='ltr'>τούτου</span> <span class='ocrx_word' id='word_1_343' title='bbox 1902 3283 1916 3297; x_wconf 88' lang='grc'><strong>·</strong></span> 
     </span>
    </p>
   </div>
   <div class='ocr_carea' id='block_1_50' title="bbox 325 3359 1922 3432">
    <p class='ocr_par' dir='ltr' id='par_1_50' title="bbox 325 3359 1922 3432">
     <span class='ocr_line' id='line_1_50' title="bbox 325 3359 1922 3432; baseline -0.004 -14"><span class='ocrx_word' id='word_1_344' title='bbox 325 3364 454 3418; x_wconf 71' lang='grc' dir='ltr'>ἀντὶ</span> <span class='ocrx_word' id='word_1_345' title='bbox 497 3363 554 3416; x_wconf 77' lang='grc' dir='ltr'>δὲ</span> <span class='ocrx_word' id='word_1_346' title='bbox 595 3361 690 3416; x_wconf 91' lang='grc' dir='ltr'><strong>τοῦ</strong></span> <span class='ocrx_word' id='word_1_347' title='bbox 731 3362 1032 3416; x_wconf 88' lang='grc' dir='ltr'>ἀποστόλου</span> <span class='ocrx_word' id='word_1_348' title='bbox 1067 3362 1301 3427; x_wconf 90' lang='grc' dir='ltr'>Παύλου,</span> <span class='ocrx_word' id='word_1_349' title='bbox 1324 3362 1415 3416; x_wconf 86' lang='grc' dir='ltr'>τὸν</span> <span class='ocrx_word' id='word_1_350' title='bbox 1447 3361 1548 3432; x_wconf 82' lang='grc' dir='ltr'>τῆς</span> <span class='ocrx_word' id='word_1_351' title='bbox 1585 3359 1922 3431; x_wconf 83' lang='grc' dir='ltr'>Καλλινίκης</span> 
     </span>
    </p>
   </div>
   <div class='ocr_carea' id='block_1_51' title="bbox 323 3450 1919 3527">
    <p class='ocr_par' dir='ltr' id='par_1_51' title="bbox 323 3450 1919 3527">
     <span class='ocr_line' id='line_1_51' title="bbox 323 3450 1919 3527; baseline -0.003 -17"><span class='ocrx_word' id='word_1_352' title='bbox 323 3455 449 3510; x_wconf 76' lang='grc' dir='ltr'>υἱὸν</span> <span class='ocrx_word' id='word_1_353' title='bbox 497 3453 708 3517; x_wconf 85' lang='grc' dir='ltr'>Παῦλον</span> <span class='ocrx_word' id='word_1_354' title='bbox 740 3455 963 3527; x_wconf 89' lang='grc' dir='ltr'>τιμῶσι,</span> <span class='ocrx_word' id='word_1_355' title='bbox 990 3455 1083 3510; x_wconf 74' lang='grc' dir='ltr'>καὶ</span> <span class='ocrx_word' id='word_1_356' title='bbox 1130 3456 1258 3519; x_wconf 76' lang='grc' dir='ltr'>τοὺς</span> <span class='ocrx_word' id='word_1_357' title='bbox 1309 3455 1409 3526; x_wconf 82' lang='grc' dir='ltr'>μὲν</span> <span class='ocrx_word' id='word_1_358' title='bbox 1454 3454 1725 3526; x_wconf 82' lang='grc' dir='ltr'>τέσσαρας</span> <span class='ocrx_word' id='word_1_359' title='bbox 1756 3450 1919 3506; x_wconf 82' lang='grc' dir='ltr'>αὐτοῦ</span> 
     </span>
    </p>
   </div>
   <div class='ocr_carea' id='block_1_52' title="bbox 326 3545 1922 3619">
    <p class='ocr_par' dir='ltr' id='par_1_52' title="bbox 326 3545 1922 3619">
     <span class='ocr_line' id='line_1_52' title="bbox 326 3545 1922 3619; baseline -0.001 -20"><span class='ocrx_word' id='word_1_360' title='bbox 326 3545 582 3619; x_wconf 79' lang='grc' dir='ltr'>μαθητὰς</span> <span class='ocrx_word' id='word_1_361' title='bbox 610 3547 689 3610; x_wconf 71' lang='grc' dir='ltr'><strong>είς</strong></span> <span class='ocrx_word' id='word_1_362' title='bbox 713 3546 893 3608; x_wconf 78' lang='grc' dir='ltr'><strong>⁹τύπον</strong></span> <span class='ocrx_word' id='word_1_363' title='bbox 921 3545 1030 3600; x_wconf 90' lang='grc' dir='ltr'><strong>τῶν</strong></span> <span class='ocrx_word' id='word_1_364' title='bbox 1065 3545 1412 3616; x_wconf 78' lang='grc' dir='ltr'>Εὑαγγελίων</span> <span class='ocrx_word' id='word_1_365' title='bbox 1444 3546 1773 3617; x_wconf 83' lang='grc' dir='ltr'>δεχομένοις,</span> <span class='ocrx_word' id='word_1_366' title='bbox 1808 3547 1922 3608; x_wconf 84' lang='grc' dir='ltr'>τοῖς</span> 
     </span>
    </p>
   </div>
   <div class='ocr_carea' id='block_1_53' title="bbox 321 3637 1915 3711">
    <p class='ocr_par' dir='ltr' id='par_1_53' title="bbox 321 3637 1915 3711">
     <span class='ocr_line' id='line_1_53' title="bbox 321 3637 1915 3711; baseline -0.003 -18"><span class='ocrx_word' id='word_1_367' title='bbox 321 3639 392 3706; x_wconf 73' lang='grc' dir='ltr'><strong>δὲ.</strong></span> <span class='ocrx_word' id='word_1_368' title='bbox 417 3639 622 3711; x_wconf 79' lang='grc' dir='ltr'>ἑτέροις</span> <span class='ocrx_word' id='word_1_369' title='bbox 645 3639 792 3711; x_wconf 77' lang='grc' dir='ltr'>τρισὶ</span> <span class='ocrx_word' id='word_1_370' title='bbox 817 3638 878 3692; x_wconf 83' lang='grc' dir='ltr'>τὸ</span> <span class='ocrx_word' id='word_1_371' title='bbox 905 3639 1005 3709; x_wconf 80' lang='grc' dir='ltr'>τῆς</span> <span class='ocrx_word' id='word_1_372' title='bbox 1031 3639 1258 3710; x_wconf 76' lang='grc' dir='ltr'>Τριάδος</span> <span class='ocrx_word' id='word_1_373' title='bbox 1279 3637 1700 3710; x_wconf 79' lang='grc' dir='ltr'>ὲπιφημίζουσιν</span> <span class='ocrx_word' id='word_1_374' title='bbox 1727 3637 1915 3708; x_wconf 75' lang='grc' dir='ltr'>ὄνομα.</span> 
     </span>
    </p>
   </div>
   <div class='ocr_carea' id='block_1_54' title="bbox 336 3729 1922 3804">
    <p class='ocr_par' dir='ltr' id='par_1_54' title="bbox 336 3729 1922 3804">
     <span class='ocr_line' id='line_1_54' title="bbox 336 3729 1922 3804; baseline -0.003 -18"><span class='ocrx_word' id='word_1_375' title='bbox 336 3731 618 3802; x_wconf 77' lang='grc' dir='ltr'>’Δνάθεμα</span> <span class='ocrx_word' id='word_1_376' title='bbox 644 3735 756 3796; x_wconf 87' lang='grc' dir='ltr'>τοῖς</span> <span class='ocrx_word' id='word_1_377' title='bbox 801 3732 1292 3804; x_wconf 66' lang='grc' dir='ltr'>συμφθειρομένοις</span> <span class='ocrx_word' id='word_1_378' title='bbox 1325 3732 1524 3802; x_wconf 72' lang='grc' dir='ltr'>ἀδελφῇ</span> <span class='ocrx_word' id='word_1_379' title='bbox 1557 3731 1652 3784; x_wconf 76' lang='grc' dir='ltr'>καὶ</span> <span class='ocrx_word' id='word_1_380' title='bbox 1685 3729 1922 3801; x_wconf 74' lang='grc' dir='ltr'>πενθερᾷ</span> 
     </span>
    </p>
   </div>
   <div class='ocr_carea' id='block_1_55' title="bbox 323 3821 1922 3896">
    <p class='ocr_par' dir='ltr' id='par_1_55' title="bbox 323 3821 1922 3896">
     <span class='ocr_line' id='line_1_55' title="bbox 323 3821 1922 3896; baseline -0.003 -17"><span class='ocrx_word' id='word_1_381' title='bbox 323 3825 430 3891; x_wconf 70' lang='grc' dir='ltr'>καὶ</span> <span class='ocrx_word' id='word_1_382' title='bbox 461 3825 674 3896; x_wconf 78' lang='grc' dir='ltr'>νύμφῃ·</span> <span class='ocrx_word' id='word_1_383' title='bbox 709 3825 803 3889; x_wconf 65' lang='grc' dir='ltr'><strong>καῖι</strong></span> <span class='ocrx_word' id='word_1_384' title='bbox 834 3827 945 3890; x_wconf 80' lang='grc' dir='ltr'>τοῖς</span> <span class='ocrx_word' id='word_1_385' title='bbox 972 3822 1114 3878; x_wconf 87' lang='grc' dir='ltr'><strong>κατά</strong></span> <span class='ocrx_word' id='word_1_386' title='bbox 1145 3824 1245 3895; x_wconf 83' lang='grc' dir='ltr'>τὴν</span> <span class='ocrx_word' id='word_1_387' title='bbox 1273 3821 1497 3894; x_wconf 80' lang='grc' dir='ltr'>πρώτην</span> <span class='ocrx_word' id='word_1_388' title='bbox 1526 3821 1620 3876; x_wconf 89' lang='grc' dir='ltr'><strong>τοῦ</strong></span> <span class='ocrx_word' id='word_1_389' title='bbox 1656 3821 1922 3875; x_wconf 78' lang='grc' dir='ltr'>Ἰαννουα-</span> 
     </span>
    </p>
   </div>
   <div class='ocr_carea' id='block_1_56' title="bbox 321 3913 1920 3992">
    <p class='ocr_par' dir='ltr' id='par_1_56' title="bbox 321 3913 1920 3992">
     <span class='ocr_line' id='line_1_56' title="bbox 321 3913 1920 3992; baseline -0.004 -19"><span class='ocrx_word' id='word_1_390' title='bbox 321 3920 453 3992; x_wconf 79' lang='grc' dir='ltr'>ρίου</span> <span class='ocrx_word' id='word_1_391' title='bbox 490 3917 675 3990; x_wconf 82' lang='grc' dir='ltr'>μηνὸς,</span> <span class='ocrx_word' id='word_1_392' title='bbox 710 3919 791 3981; x_wconf 85' lang='grc' dir='ltr'><strong>εἰς</strong></span> <span class='ocrx_word' id='word_1_393' title='bbox 820 3915 1014 3989; x_wconf 70' lang='grc' dir='ltr'>ἑορτὴν</span> <span class='ocrx_word' id='word_1_394' title='bbox 1039 3916 1201 3988; x_wconf 81' lang='grc' dir='ltr'>δῆθεν</span> <span class='ocrx_word' id='word_1_395' title='bbox 1237 3915 1673 3988; x_wconf 79' lang='grc' dir='ltr'>ἀθροιζομένοις,</span> <span class='ocrx_word' id='word_1_396' title='bbox 1701 3913 1839 3986; x_wconf 88' lang='grc' dir='ltr'><strong>μετά</strong></span> <span class='ocrx_word' id='word_1_397' title='bbox 1864 3914 1920 3966; x_wconf 83' lang='grc' dir='ltr'>δὲ</span> 
     </span>
    </p>
   </div>
   <div class='ocr_carea' id='block_1_57' title="bbox 324 4006 1919 4082">
    <p class='ocr_par' dir='ltr' id='par_1_57' title="bbox 324 4006 1919 4082">
     <span class='ocr_line' id='line_1_57' title="bbox 324 4006 1919 4082; baseline -0.005 -17"><span class='ocrx_word' id='word_1_398' title='bbox 324 4010 434 4082; x_wconf 82' lang='grc' dir='ltr'>τὴν</span> <span class='ocrx_word' id='word_1_399' title='bbox 477 4008 766 4080; x_wconf 74' lang='grc' dir='ltr'>ὲσπερινὴν</span> <span class='ocrx_word' id='word_1_400' title='bbox 810 4009 978 4080; x_wconf 82' lang='grc' dir='ltr'>μέθην</span> <span class='ocrx_word' id='word_1_401' title='bbox 1022 4007 1445 4074; x_wconf 80' lang='grc' dir='ltr'>ἀποσϐεννύουσι</span> <span class='ocrx_word' id='word_1_402' title='bbox 1478 4006 1545 4061; x_wconf 84' lang='grc' dir='ltr'>τὰ</span> <span class='ocrx_word' id='word_1_403' title='bbox 1577 4006 1750 4076; x_wconf 83' lang='grc' dir='ltr'>φῶτα,</span> <span class='ocrx_word' id='word_1_404' title='bbox 1787 4023 1919 4077; x_wconf 84' lang='grc' dir='ltr'>σαρ-</span> 
     </span>
    </p>
   </div>
   <div class='ocr_carea' id='block_1_58' title="bbox 327 4085 1922 4172">
    <p class='ocr_par' dir='ltr' id='par_1_58' title="bbox 327 4085 1922 4172">
     <span class='ocr_line' id='line_1_58' title="bbox 327 4085 1922 4172; baseline -0.005 -16"><span class='ocrx_word' id='word_1_405' title='bbox 327 4101 508 4170; x_wconf 68' lang='grc' dir='ltr'>κικῶς</span> <span class='ocrx_word' id='word_1_406' title='bbox 526 4118 586 4154; x_wconf 85' lang='grc' dir='ltr'><strong>τε</strong></span> <span class='ocrx_word' id='word_1_407' title='bbox 613 4085 860 4172; x_wconf 73' lang='grc' dir='ltr'>ἀλληλοις</span> <span class='ocrx_word' id='word_1_408' title='bbox 883 4101 1343 4170; x_wconf 83' lang='grc' dir='ltr'>ὲνασελγαίνουσι,</span> <span class='ocrx_word' id='word_1_409' title='bbox 1370 4100 1463 4165; x_wconf 74' lang='grc' dir='ltr'>καὶ</span> <span class='ocrx_word' id='word_1_410' title='bbox 1496 4099 1763 4170; x_wconf 81' lang='grc' dir='ltr'>μηδεμιᾶς</span> <span class='ocrx_word' id='word_1_411' title='bbox 1785 4097 1922 4160; x_wconf 82' lang='grc' dir='ltr'>ὅλως</span> 
     </span>
    </p>
   </div>
   <div class='ocr_carea' id='block_1_59' title="bbox 330 4189 1920 4267">
    <p class='ocr_par' dir='ltr' id='par_1_59' title="bbox 330 4189 1920 4267">
     <span class='ocr_line' id='line_1_59' title="bbox 330 4189 1920 4267; baseline -0.003 -19"><span class='ocrx_word' id='word_1_412' title='bbox 330 4195 671 4267; x_wconf 83' lang='grc' dir='ltr'>φειδομένοις</span> <span class='ocrx_word' id='word_1_413' title='bbox 707 4193 922 4263; x_wconf 81' lang='grc' dir='ltr'>φύσεως</span> <span class='ocrx_word' id='word_1_414' title='bbox 942 4193 974 4264; x_wconf 79' lang='grc' dir='ltr'>ἦ</span> <span class='ocrx_word' id='word_1_415' title='bbox 1008 4193 1322 4263; x_wconf 77' lang='grc' dir='ltr'>συγγενείας</span> <span class='ocrx_word' id='word_1_416' title='bbox 1341 4193 1374 4264; x_wconf 75' lang='grc' dir='ltr'>ἢ</span> <span class='ocrx_word' id='word_1_417' title='bbox 1393 4193 1639 4263; x_wconf 43' lang='grc' dir='ltr'>ἡλικίας,</span> <span class='ocrx_word' id='word_1_418' title='bbox 1649 4189 1836 4245; x_wconf 82' lang='grc' dir='ltr'>Ἀνάθε</span> <span class='ocrx_word' id='word_1_419' title='bbox 1845 4208 1920 4261; x_wconf 87' lang='grc' dir='ltr'><strong>μα</strong></span> 
     </span>
    </p>
   </div>
   <div class='ocr_carea' id='block_1_60' title="bbox 329 4282 1920 4358">
    <p class='ocr_par' dir='ltr' id='par_1_60' title="bbox 329 4282 1920 4358">
     <span class='ocr_line' id='line_1_60' title="bbox 329 4282 1920 4358; baseline -0.004 -17"><span class='ocrx_word' id='word_1_420' title='bbox 329 4291 448 4351; x_wconf 84' lang='grc' dir='ltr'>τοῖς</span> <span class='ocrx_word' id='word_1_421' title='bbox 479 4286 744 4358; x_wconf 79' lang='grc' dir='ltr'>μηδέποτε</span> <span class='ocrx_word' id='word_1_422' title='bbox 769 4285 835 4350; x_wconf 64' lang='grc' dir='ltr'>διῗ</span> <span class='ocrx_word' id='word_1_423' title='bbox 871 4285 1033 4356; x_wconf 85' lang='grc' dir='ltr'>ὅρκου</span> <span class='ocrx_word' id='word_1_424' title='bbox 1063 4283 1435 4356; x_wconf 82' lang='grc' dir='ltr'>ἀληθεύουσιν,</span> <span class='ocrx_word' id='word_1_425' title='bbox 1461 4283 1576 4338; x_wconf 81' lang='grc' dir='ltr'>ἀλλ’</span> <span class='ocrx_word' id='word_1_426' title='bbox 1605 4282 1920 4356; x_wconf 73' lang='grc' dir='ltr'>ἐξεπίτηδες</span> 
     </span>
    </p>
   </div>
   <div class='ocr_carea' id='block_1_61' title="bbox 331 4373 1919 4451">
    <p class='ocr_par' dir='ltr' id='par_1_61' title="bbox 331 4373 1919 4451">
     <span class='ocr_line' id='line_1_61' title="bbox 331 4373 1919 4451; baseline -0.006 -16"><span class='ocrx_word' id='word_1_427' title='bbox 331 4381 424 4436; x_wconf 74' lang='grc' dir='ltr'>ἀεὶ</span> <span class='ocrx_word' id='word_1_428' title='bbox 464 4379 812 4451; x_wconf 79' lang='grc' dir='ltr'>ψευδομένοις</span> <span class='ocrx_word' id='word_1_429' title='bbox 853 4378 947 4440; x_wconf 66' lang='grc' dir='ltr'>καὶ</span> <span class='ocrx_word' id='word_1_430' title='bbox 994 4377 1331 4448; x_wconf 82' lang='grc' dir='ltr'>ἐπιορκοῦσι,</span> <span class='ocrx_word' id='word_1_431' title='bbox 1368 4376 1520 4442; x_wconf 49' lang='grc' dir='ltr'>κατὰ,</span> <span class='ocrx_word' id='word_1_432' title='bbox 1536 4377 1635 4447; x_wconf 86' lang='grc' dir='ltr'>τὴν</span> <span class='ocrx_word' id='word_1_433' title='bbox 1673 4373 1766 4428; x_wconf 88' lang='grc' dir='ltr'><strong>τοῦ</strong></span> <span class='ocrx_word' id='word_1_434' title='bbox 1800 4391 1919 4446; x_wconf 37' lang='grc' dir='ltr'>τρι,-</span> 
     </span>
    </p>
   </div>
   <div class='ocr_carea' id='block_1_62' title="bbox 333 4467 1915 4544">
    <p class='ocr_par' dir='ltr' id='par_1_62' title="bbox 333 4467 1915 4544">
     <span class='ocr_line' id='line_1_62' title="bbox 333 4467 1915 4544; baseline -0.006 -17"><span class='ocrx_word' id='word_1_435' title='bbox 333 4471 644 4544; x_wconf 81' lang='grc' dir='ltr'>καταράτου</span> <span class='ocrx_word' id='word_1_436' title='bbox 700 4470 974 4536; x_wconf 83' lang='grc' dir='ltr'>Μάνεντος</span> <span class='ocrx_word' id='word_1_437' title='bbox 1026 4469 1390 4535; x_wconf 76' lang='grc' dir='ltr'>διδασκαλίαν,</span> <span class='ocrx_word' id='word_1_438' title='bbox 1447 4468 1588 4522; x_wconf 72' lang='grc' dir='ltr'>οὕτω</span> <span class='ocrx_word' id='word_1_439' title='bbox 1639 4467 1915 4536; x_wconf 78' lang='grc' dir='ltr'>λέγοντος·</span> 
     </span>
    </p>
   </div>
   <div class='ocr_carea' id='block_1_63' title="bbox 333 4545 1995 4634">
    <p class='ocr_par' dir='ltr' id='par_1_63' title="bbox 333 4545 1995 4634">
     <span class='ocr_line' id='line_1_63' title="bbox 333 4545 1995 4634; baseline -0.007 -16"><span class='ocrx_word' id='word_1_440' title='bbox 333 4565 454 4630; x_wconf 81' lang='grc' dir='ltr'><strong>οὐκ</strong></span> <span class='ocrx_word' id='word_1_441' title='bbox 481 4565 594 4634; x_wconf 72' lang='grc' dir='ltr'>είμὶ</span> <span class='ocrx_word' id='word_1_442' title='bbox 625 4562 970 4632; x_wconf 61' lang='grc' dir='ltr'>ἄσπλαγχνος</span> <span class='ocrx_word' id='word_1_443' title='bbox 999 4560 1188 4632; x_wconf 84' lang='grc' dir='ltr'>ὥσπερ</span> <span class='ocrx_word' id='word_1_444' title='bbox 1216 4563 1244 4615; x_wconf 84' lang='grc' dir='ltr'><strong>ό</strong></span> <span class='ocrx_word' id='word_1_445' title='bbox 1272 4560 1524 4633; x_wconf 83' lang='grc' dir='ltr'>Χριστὸς,</span> <span class='ocrx_word' id='word_1_446' title='bbox 1544 4559 1663 4612; x_wconf 76' lang='grc' dir='ltr'>οὐδὲ</span> <span class='ocrx_word' id='word_1_447' title='bbox 1689 4559 1921 4629; x_wconf 83' lang='grc' dir='ltr'>ἀρνήσο-</span> <span class='ocrx_word' id='word_1_448' title='bbox 1951 4545 1995 4600; x_wconf 81' lang='grc' dir='ltr'><strong>Ῑ)</strong></span> 
     </span>
    </p>
   </div>
   <div class='ocr_carea' id='block_1_64' title="bbox 337 4648 1916 4743">
    <p class='ocr_par' dir='ltr' id='par_1_64' title="bbox 337 4648 1916 4743">
     <span class='ocr_line' id='line_1_64' title="bbox 337 4648 1916 4743; baseline -0.006 -33"><span class='ocrx_word' id='word_1_449' title='bbox 337 4675 438 4743; x_wconf 77' lang='grc' dir='ltr'><strong>μαι</strong></span> <span class='ocrx_word' id='word_1_450' title='bbox 483 4657 573 4710; x_wconf 80' lang='grc' dir='ltr'>τὸν</span> <span class='ocrx_word' id='word_1_451' title='bbox 605 4654 982 4728; x_wconf 48' lang='grc' dir='ltr'>ἀρνησάμενόν,</span> <span class='ocrx_word' id='word_1_452' title='bbox 1011 4670 1077 4724; x_wconf 89' lang='grc' dir='ltr'><strong>με</strong></span> <span class='ocrx_word' id='word_1_453' title='bbox 1120 4652 1422 4724; x_wconf 74' lang='grc' dir='ltr'>ἔμπροσθεν</span> <span class='ocrx_word' id='word_1_454' title='bbox 1453 4651 1559 4704; x_wconf 90' lang='grc' dir='ltr'><strong>τῶν</strong></span> <span class='ocrx_word' id='word_1_455' title='bbox 1596 4648 1916 4721; x_wconf 83' lang='grc' dir='ltr'>ἀνθρώπων,</span> 
     </span>
    </p>
   </div>
   <div class='ocr_carea' id='block_1_65' title="bbox 332 4743 1915 4816">
    <p class='ocr_par' dir='ltr' id='par_1_65' title="bbox 332 4743 1915 4816">
     <span class='ocr_line' id='line_1_65' title="bbox 332 4743 1915 4816; baseline -0.006 -13"><span class='ocrx_word' id='word_1_456' title='bbox 332 4748 469 4804; x_wconf 86' lang='grc' dir='ltr'><strong>ἀλλά</strong></span> <span class='ocrx_word' id='word_1_457' title='bbox 502 4749 594 4801; x_wconf 75' lang='grc' dir='ltr'>καὶ</span> <span class='ocrx_word' id='word_1_458' title='bbox 639 4747 730 4800; x_wconf 84' lang='grc' dir='ltr'>τὸν</span> <span class='ocrx_word' id='word_1_459' title='bbox 773 4746 1102 4816; x_wconf 72' lang='grc' dir='ltr'>ψευδόμενον</span> <span class='ocrx_word' id='word_1_460' title='bbox 1135 4743 1222 4797; x_wconf 75' lang='grc' dir='ltr'>διὰ</span> <span class='ocrx_word' id='word_1_461' title='bbox 1247 4746 1345 4816; x_wconf 77' lang='grc' dir='ltr'>τὴν</span> <span class='ocrx_word' id='word_1_462' title='bbox 1386 4744 1590 4808; x_wconf 82' lang='grc' dir='ltr'>οἰκείαν</span> <span class='ocrx_word' id='word_1_463' title='bbox 1623 4743 1915 4814; x_wconf 83' lang='grc' dir='ltr'>σωτηρίαν,</span> 
     </span>
    </p>
   </div>
   <div class='ocr_carea' id='block_1_66' title="bbox 336 4836 1917 4912">
    <p class='ocr_par' dir='ltr' id='par_1_66' title="bbox 336 4836 1917 4912">
     <span class='ocr_line' id='line_1_66' title="bbox 336 4836 1917 4912; baseline -0.008 -14"><span class='ocrx_word' id='word_1_464' title='bbox 336 4845 430 4899; x_wconf 78' lang='grc' dir='ltr'>καὶ</span> <span class='ocrx_word' id='word_1_465' title='bbox 458 4844 550 4897; x_wconf 84' lang='grc' dir='ltr'>τὸν</span> <span class='ocrx_word' id='word_1_466' title='bbox 575 4842 661 4896; x_wconf 82' lang='grc' dir='ltr'><strong>διὰ</strong></span> <span class='ocrx_word' id='word_1_467' title='bbox 694 4841 856 4911; x_wconf 74' lang='grc' dir='ltr'>φόϐον</span> <span class='ocrx_word' id='word_1_468' title='bbox 886 4840 1218 4912; x_wconf 83' lang='grc' dir='ltr'>ἀρνούμενον</span> <span class='ocrx_word' id='word_1_469' title='bbox 1247 4839 1343 4912; x_wconf 84' lang='grc' dir='ltr'>τὴν</span> <span class='ocrx_word' id='word_1_470' title='bbox 1381 4839 1514 4892; x_wconf 87' lang='grc' dir='ltr'>ίδίαν</span> <span class='ocrx_word' id='word_1_471' title='bbox 1548 4839 1748 4899; x_wconf 88' lang='grc' dir='ltr'>πίστιν,</span> <span class='ocrx_word' id='word_1_472' title='bbox 1783 4836 1917 4906; x_wconf 69' lang='grc' dir='ltr'>μετὰ</span> 
     </span>
    </p>
   </div>
   <div class='ocr_carea' id='block_1_67' title="bbox 335 4928 1918 5009">
    <p class='ocr_par' dir='ltr' id='par_1_67' title="bbox 335 4928 1918 5009">
     <span class='ocr_line' id='line_1_67' title="bbox 335 4928 1918 5009; baseline -0.007 -19"><span class='ocrx_word' id='word_1_473' title='bbox 335 4939 510 5009; x_wconf 81' lang='grc' dir='ltr'>χαρᾶς</span> <span class='ocrx_word' id='word_1_474' title='bbox 547 4933 1070 5008; x_wconf 47' lang='grc' dir='ltr'>προσδέξομαιεἘάν</span> <span class='ocrx_word' id='word_1_475' title='bbox 1103 4933 1160 4986; x_wconf 84' lang='grc' dir='ltr'>δὲ</span> <span class='ocrx_word' id='word_1_476' title='bbox 1202 4933 1274 5002; x_wconf 75' lang='grc' dir='ltr'>μὴ</span> <span class='ocrx_word' id='word_1_477' title='bbox 1302 4932 1360 4995; x_wconf 77' lang='grc' dir='ltr'>ἐξ</span> <span class='ocrx_word' id='word_1_478' title='bbox 1389 4931 1516 5003; x_wconf 76' lang='grc' dir='ltr'>ὅλης</span> <span class='ocrx_word' id='word_1_479' title='bbox 1543 4931 1719 5002; x_wconf 72' lang='grc' dir='ltr'>ψυχῆς</span> <span class='ocrx_word' id='word_1_480' title='bbox 1746 4928 1918 4994; x_wconf 83' lang='grc' dir='ltr'>ταῦτα</span> 
     </span>
    </p>
   </div>
   <div class='ocr_carea' id='block_1_68' title="bbox 337 5023 1919 5102">
    <p class='ocr_par' dir='ltr' id='par_1_68' title="bbox 337 5023 1919 5102">
     <span class='ocr_line' id='line_1_68' title="bbox 337 5023 1919 5102; baseline -0.005 -20"><span class='ocrx_word' id='word_1_481' title='bbox 337 5028 518 5102; x_wconf 81' lang='grc' dir='ltr'>φρονῶ</span> <span class='ocrx_word' id='word_1_482' title='bbox 548 5028 642 5082; x_wconf 74' lang='grc' dir='ltr'><strong>καὶ</strong></span> <span class='ocrx_word' id='word_1_483' title='bbox 688 5027 850 5096; x_wconf 63' lang='grc' dir='ltr'>λέγω,</span> <span class='ocrx_word' id='word_1_484' title='bbox 881 5025 990 5095; x_wconf 79' lang='grc' dir='ltr'>ἐγὼ</span> <span class='ocrx_word' id='word_1_485' title='bbox 1017 5028 1044 5080; x_wconf 86' lang='grc' dir='ltr'>ὁ</span> <span class='ocrx_word' id='word_1_486' title='bbox 1071 5026 1237 5090; x_wconf 76' lang='grc' dir='ltr'>δεῖνα,</span> <span class='ocrx_word' id='word_1_487' title='bbox 1269 5024 1402 5078; x_wconf 75' lang='grc' dir='ltr'><strong>ἀλλά</strong></span> <span class='ocrx_word' id='word_1_488' title='bbox 1433 5024 1549 5094; x_wconf 72' lang='grc' dir='ltr'>μεθ’</span> <span class='ocrx_word' id='word_1_489' title='bbox 1584 5023 1919 5094; x_wconf 76' lang='grc' dir='ltr'>ὑποκρίσεως</span> 
     </span>
    </p>
   </div>
   <div class='ocr_carea' id='block_1_69' title="bbox 336 5115 1921 5192">
    <p class='ocr_par' dir='ltr' id='par_1_69' title="bbox 336 5115 1921 5192">
     <span class='ocr_line' id='line_1_69' title="bbox 336 5115 1921 5192; baseline -0.004 -18"><span class='ocrx_word' id='word_1_490' title='bbox 336 5120 565 5192; x_wconf 79' lang='grc' dir='ltr'>ἐποίησα</span> <span class='ocrx_word' id='word_1_491' title='bbox 607 5121 732 5182; x_wconf 83' lang='grc' dir='ltr'>τοὺς</span> <span class='ocrx_word' id='word_1_492' title='bbox 773 5119 1170 5191; x_wconf 77' lang='grc' dir='ltr'>προκειμένους</span> <span class='ocrx_word' id='word_1_493' title='bbox 1203 5115 1698 5186; x_wconf 66' lang='grc' dir='ltr'>ἀναθεματισμοῦς,</span> <span class='ocrx_word' id='word_1_494' title='bbox 1728 5116 1921 5178; x_wconf 74' lang='grc' dir='ltr'>ἀνάθε-</span> 
     </span>
    </p>
   </div>
   <div class='ocr_carea' id='block_1_70' title="bbox 340 5207 1919 5289">
    <p class='ocr_par' dir='ltr' id='par_1_70' title="bbox 340 5207 1919 5289">
     <span class='ocr_line' id='line_1_70' title="bbox 340 5207 1919 5289; baseline -0.006 -21"><span class='ocrx_word' id='word_1_495' title='bbox 340 5214 417 5289; x_wconf 85' lang='grc' dir='ltr'><strong>μά</strong></span> <span class='ocrx_word' id='word_1_496' title='bbox 449 5231 535 5284; x_wconf 88' lang='grc' dir='ltr'><strong>μοι</strong></span> <span class='ocrx_word' id='word_1_497' title='bbox 565 5214 650 5284; x_wconf 76' lang='grc' dir='ltr'>εἴη</span> <span class='ocrx_word' id='word_1_498' title='bbox 687 5213 782 5266; x_wconf 72' lang='grc' dir='ltr'>καὶ</span> <span class='ocrx_word' id='word_1_499' title='bbox 811 5212 1115 5282; x_wconf 80' lang='grc' dir='ltr'>κατάθεμα,</span> <span class='ocrx_word' id='word_1_500' title='bbox 1140 5211 1195 5262; x_wconf 80' lang='grc' dir='ltr'><strong>έν</strong></span> <span class='ocrx_word' id='word_1_501' title='bbox 1229 5227 1286 5262; x_wconf 90' lang='grc' dir='ltr'><strong>τε</strong></span> <span class='ocrx_word' id='word_1_502' title='bbox 1317 5207 1396 5279; x_wconf 82' lang='grc' dir='ltr'>τῷ</span> <span class='ocrx_word' id='word_1_503' title='bbox 1425 5207 1518 5262; x_wconf 86' lang='grc' dir='ltr'><strong>νῦν</strong></span> <span class='ocrx_word' id='word_1_504' title='bbox 1548 5208 1722 5269; x_wconf 81' lang='grc' dir='ltr'>αἰῶνι,</span> <span class='ocrx_word' id='word_1_505' title='bbox 1745 5208 1836 5261; x_wconf 69' lang='grc' dir='ltr'><strong>καὶ</strong></span> <span class='ocrx_word' id='word_1_506' title='bbox 1864 5209 1919 5260; x_wconf 82' lang='grc' dir='ltr'>ὲν</span> 
     </span>
    </p>
   </div>
   <div class='ocr_carea' id='block_1_71' title="bbox 346 5299 1918 5382">
    <p class='ocr_par' dir='ltr' id='par_1_71' title="bbox 346 5299 1918 5382">
     <span class='ocr_line' id='line_1_71' title="bbox 346 5299 1918 5382; baseline -0.004 -24"><span class='ocrx_word' id='word_1_507' title='bbox 346 5305 414 5376; x_wconf 29' lang='grc' dir='ltr'><strong>ιηῷ</strong></span> <span class='ocrx_word' id='word_1_508' title='bbox 447 5305 708 5376; x_wconf 85' lang='grc' dir='ltr'>μέλλοντι,</span> <span class='ocrx_word' id='word_1_509' title='bbox 741 5306 835 5370; x_wconf 62' lang='grc' dir='ltr'>καῗι</span> <span class='ocrx_word' id='word_1_510' title='bbox 865 5301 1222 5375; x_wconf 79' lang='grc' dir='ltr'>κατακριθείη</span> <span class='ocrx_word' id='word_1_511' title='bbox 1257 5301 1362 5354; x_wconf 71' lang='grc' dir='ltr'>’καὶ</span> <span class='ocrx_word' id='word_1_512' title='bbox 1410 5299 1660 5353; x_wconf 78' lang='grc' dir='ltr'>ἀπόλοιτο</span> <span class='ocrx_word' id='word_1_513' title='bbox 1698 5303 1731 5371; x_wconf 79' lang='grc' dir='ltr'>ἡ</span> <span class='ocrx_word' id='word_1_514' title='bbox 1776 5299 1918 5382; x_wconf 68' lang='grc' dir='ltr'>ψυχή</span> 
     </span>
    </p>
   </div>
   <div class='ocr_carea' id='block_1_72' title="bbox 337 5394 1326 5469">
    <p class='ocr_par' dir='ltr' id='par_1_72' title="bbox 337 5394 1326 5469">
     <span class='ocr_line' id='line_1_72' title="bbox 337 5394 1326 5469; baseline -0.005 -17"><span class='ocrx_word' id='word_1_515' title='bbox 337 5415 462 5469; x_wconf 88' lang='grc' dir='ltr'>μου,</span> <span class='ocrx_word' id='word_1_516' title='bbox 498 5398 590 5451; x_wconf 76' lang='grc' dir='ltr'>καὶ</span> <span class='ocrx_word' id='word_1_517' title='bbox 621 5397 886 5468; x_wconf 88' lang='grc' dir='ltr'>διηνεκῶς</span> <span class='ocrx_word' id='word_1_518' title='bbox 916 5394 1326 5467; x_wconf 48' lang='grc' dir='ltr'>ταρταρωθείη,</span> 
     </span>
    </p>
   </div>
   <div class='ocr_carea' id='block_1_73' title="bbox 353 5474 1919 5561">
    <p class='ocr_par' dir='ltr' id='par_1_73' title="bbox 353 5474 1919 5561">
     <span class='ocr_line' id='line_1_73' title="bbox 353 5474 1919 5561; baseline -0.003 -17"><span class='ocrx_word' id='word_1_519' title='bbox 353 5474 362 5482; x_wconf 60' lang='grc'><em>’</em></span> <span class='ocrx_word' id='word_1_520' title='bbox 405 5491 598 5554; x_wconf 15' lang='grc' dir='ltr'>Ταῦτα,</span> <span class='ocrx_word' id='word_1_521' title='bbox 611 5489 704 5543; x_wconf 91' lang='grc' dir='ltr'><strong>τοῦ</strong></span> <span class='ocrx_word' id='word_1_522' title='bbox 731 5488 1164 5561; x_wconf 87' lang='grc' dir='ltr'>προσερχομένου</span> <span class='ocrx_word' id='word_1_523' title='bbox 1205 5487 1452 5556; x_wconf 82' lang='grc' dir='ltr'>λέγοντος</span> <span class='ocrx_word' id='word_1_524' title='bbox 1488 5487 1572 5543; x_wconf 76' lang='grc' dir='ltr'><strong>ἐπ’</strong></span> <span class='ocrx_word' id='word_1_525' title='bbox 1606 5487 1919 5557; x_wconf 78' lang='grc' dir='ltr'>ἐκκλησίας,</span> 
     </span>
    </p>
   </div>
   <div class='ocr_carea' id='block_1_74' title="bbox 333 5577 1922 5654">
    <p class='ocr_par' dir='ltr' id='par_1_74' title="bbox 333 5577 1922 5654">
     <span class='ocr_line' id='line_1_74' title="bbox 333 5577 1922 5654; baseline -0.006 -16"><span class='ocrx_word' id='word_1_526' title='bbox 333 5583 595 5654; x_wconf 77' lang='grc' dir='ltr'>ποιοῦμεν</span> <span class='ocrx_word' id='word_1_527' title='bbox 651 5582 811 5641; x_wconf 82' lang='grc' dir='ltr'>αὑτὸν</span> <span class='ocrx_word' id='word_1_528' title='bbox 864 5581 1208 5653; x_wconf 74' lang='grc' dir='ltr'>Χριστιανὸν,</span> <span class='ocrx_word' id='word_1_529' title='bbox 1242 5579 1338 5646; x_wconf 68' lang='grc' dir='ltr'>εἰτ’</span> <span class='ocrx_word' id='word_1_530' title='bbox 1377 5577 1468 5632; x_wconf 77' lang='grc' dir='ltr'>οὖν</span> <span class='ocrx_word' id='word_1_531' title='bbox 1515 5579 1792 5650; x_wconf 75' lang='grc' dir='ltr'>ἡγούμεθα</span> <span class='ocrx_word' id='word_1_532' title='bbox 1846 5579 1922 5642; x_wconf 84' lang='grc' dir='ltr'>ὼς</span> 
     </span>
    </p>
   </div>
   <div class='ocr_carea' id='block_1_75' title="bbox 334 5667 1921 5750">
    <p class='ocr_par' dir='ltr' id='par_1_75' title="bbox 334 5667 1921 5750">
     <span class='ocr_line' id='line_1_75' title="bbox 334 5667 1921 5750; baseline -0.004 -19"><span class='ocrx_word' id='word_1_533' title='bbox 334 5677 669 5746; x_wconf 74' lang='grc' dir='ltr'>ἀϐάπτιστον</span> <span class='ocrx_word' id='word_1_534' title='bbox 699 5674 1042 5750; x_wconf 77' lang='grc' dir='ltr'>Χριστιανὸν,</span> <span class='ocrx_word' id='word_1_535' title='bbox 1070 5667 1157 5727; x_wconf 72' lang='grc' dir='ltr'>οἷα</span> <span class='ocrx_word' id='word_1_536' title='bbox 1192 5673 1350 5744; x_wconf 83' lang='grc' dir='ltr'>τυχόν</span> <span class='ocrx_word' id='word_1_537' title='bbox 1383 5674 1498 5725; x_wconf 81' lang='grc' dir='ltr'>ἐστι</span> <span class='ocrx_word' id='word_1_538' title='bbox 1535 5671 1604 5726; x_wconf 80' lang='grc' dir='ltr'><strong>τὰ</strong></span> <span class='ocrx_word' id='word_1_539' title='bbox 1641 5671 1749 5725; x_wconf 86' lang='grc' dir='ltr'><strong>τῶν</strong></span> <span class='ocrx_word' id='word_1_540' title='bbox 1788 5672 1921 5744; x_wconf 86' lang='grc' dir='ltr'>Χρι-</span> 
     </span>
    </p>
   </div>
   <div class='ocr_carea' id='block_1_76' title="bbox 2021 1977 3602 2050">
    <p class='ocr_par' dir='ltr' id='par_1_76' title="bbox 2021 1977 3602 2050">
     <span class='ocr_line' id='line_1_76' title="bbox 2021 1977 3602 2050; baseline 0.004 -20"><span class='ocrx_word' id='word_1_541' title='bbox 2021 1977 2234 2031; x_wconf 91' lang='lat' dir='ltr'><strong>meliosi</strong></span> <span class='ocrx_word' id='word_1_542' title='bbox 2283 1977 2337 2030; x_wconf 91' lang='lat' dir='ltr'><strong>in</strong></span> <span class='ocrx_word' id='word_1_543' title='bbox 2386 1986 2632 2032; x_wconf 90' lang='lat' dir='ltr'><strong>sanctam</strong></span> <span class='ocrx_word' id='word_1_544' title='bbox 2665 1977 2756 2034; x_wconf 89' lang='lat' dir='ltr'><strong>Dei</strong></span> <span class='ocrx_word' id='word_1_545' title='bbox 2786 1980 3104 2050; x_wconf 81' lang='lat' dir='ltr'><strong>genitricem</strong></span> <span class='ocrx_word' id='word_1_546' title='bbox 3136 1979 3380 2044; x_wconf 87' lang='lat' dir='ltr'><strong>Mariam,</strong></span> <span class='ocrx_word' id='word_1_547' title='bbox 3414 1981 3470 2034; x_wconf 92' lang='lat' dir='ltr'><strong>in</strong></span> <span class='ocrx_word' id='word_1_548' title='bbox 3510 1997 3602 2036; x_wconf 80' lang='lat' dir='ltr'><strong>ve-</strong></span> 
     </span>
    </p>
   </div>
   <div class='ocr_carea' id='block_1_77' title="bbox 2020 2069 3598 2142">
    <p class='ocr_par' dir='ltr' id='par_1_77' title="bbox 2020 2069 3598 2142">
     <span class='ocr_line' id='line_1_77' title="bbox 2020 2069 3598 2142; baseline 0.005 -20"><span class='ocrx_word' id='word_1_549' title='bbox 2020 2069 2318 2125; x_wconf 91' lang='lat' dir='ltr'><strong>nerandam</strong></span> <span class='ocrx_word' id='word_1_550' title='bbox 2365 2084 2606 2134; x_wconf 89' lang='lat' dir='ltr'><strong>erucem,</strong></span> <span class='ocrx_word' id='word_1_551' title='bbox 2640 2085 2827 2127; x_wconf 89' lang='lat' dir='ltr'><strong>sacras</strong></span> <span class='ocrx_word' id='word_1_552' title='bbox 2873 2071 3158 2142; x_wconf 81' lang='lat' dir='ltr'><strong>imagines,</strong></span> <span class='ocrx_word' id='word_1_553' title='bbox 3197 2081 3251 2127; x_wconf 91' lang='lat' dir='ltr'><strong>et</strong></span> <span class='ocrx_word' id='word_1_554' title='bbox 3297 2073 3598 2130; x_wconf 87' lang='lat' dir='ltr'><strong>salutarem</strong></span> 
     </span>
    </p>
   </div>
   <div class='ocr_carea' id='block_1_78' title="bbox 2019 2161 3601 2234">
    <p class='ocr_par' dir='ltr' id='par_1_78' title="bbox 2019 2161 3601 2234">
     <span class='ocr_line' id='line_1_78' title="bbox 2019 2161 3601 2234; baseline 0.001 -15"><span class='ocrx_word' id='word_1_555' title='bbox 2019 2161 2398 2230; x_wconf 80' lang='lat' dir='ltr'><strong>baptismum;</strong></span> <span class='ocrx_word' id='word_1_556' title='bbox 2442 2161 2679 2233; x_wconf 89' lang='lat' dir='ltr'><strong>denique</strong></span> <span class='ocrx_word' id='word_1_557' title='bbox 2726 2164 3089 2234; x_wconf 85' lang='lat' dir='ltr'><strong>sumptionem</strong></span> <span class='ocrx_word' id='word_1_558' title='bbox 3137 2165 3356 2234; x_wconf 88' lang='lat' dir='ltr'><strong>quidem</strong></span> <span class='ocrx_word' id='word_1_559' title='bbox 3388 2165 3601 2220; x_wconf 78' lang='lat' dir='ltr'><strong>divino-</strong></span> 
     </span>
    </p>
   </div>
   <div class='ocr_carea' id='block_1_79' title="bbox 2021 2255 3600 2325">
    <p class='ocr_par' dir='ltr' id='par_1_79' title="bbox 2021 2255 3600 2325">
     <span class='ocr_line' id='line_1_79' title="bbox 2021 2255 3600 2325; baseline 0.003 -18"><span class='ocrx_word' id='word_1_560' title='bbox 2021 2269 2141 2307; x_wconf 87' lang='lat' dir='ltr'><strong>rum</strong></span> <span class='ocrx_word' id='word_1_561' title='bbox 2175 2255 2558 2325; x_wconf 82' lang='lat' dir='ltr'><strong>mysteriorum</strong></span> <span class='ocrx_word' id='word_1_562' title='bbox 2607 2257 2862 2321; x_wconf 72' lang='lat' dir='ltr'><strong>oderunt,</strong></span> <span class='ocrx_word' id='word_1_563' title='bbox 2893 2258 3168 2313; x_wconf 89' lang='lat' dir='ltr'><strong>umbilicis</strong></span> <span class='ocrx_word' id='word_1_564' title='bbox 3209 2266 3389 2313; x_wconf 90' lang='lat' dir='ltr'><strong>autem</strong></span> <span class='ocrx_word' id='word_1_565' title='bbox 3419 2257 3600 2312; x_wconf 76' lang='lat' dir='ltr'><strong>infan-</strong></span> 
     </span>
    </p>
   </div>
   <div class='ocr_carea' id='block_1_80' title="bbox 2019 2345 3600 2421">
    <p class='ocr_par' dir='ltr' id='par_1_80' title="bbox 2019 2345 3600 2421">
     <span class='ocr_line' id='line_1_80' title="bbox 2019 2345 3600 2421; baseline 0.004 -22"><span class='ocrx_word' id='word_1_566' title='bbox 2019 2345 2153 2405; x_wconf 82' lang='lat' dir='ltr'><strong>tium</strong></span> <span class='ocrx_word' id='word_1_567' title='bbox 2190 2347 2491 2402; x_wconf 87' lang='lat' dir='ltr'><strong>combustis</strong></span> <span class='ocrx_word' id='word_1_568' title='bbox 2535 2357 2766 2403; x_wconf 89' lang='lat' dir='ltr'><strong>utuntur</strong></span> <span class='ocrx_word' id='word_1_569' title='bbox 2811 2349 2880 2403; x_wconf 90' lang='lat' dir='ltr'><strong>ad</strong></span> <span class='ocrx_word' id='word_1_570' title='bbox 2930 2349 3234 2405; x_wconf 90' lang='lat' dir='ltr'><strong>animarum</strong></span> <span class='ocrx_word' id='word_1_571' title='bbox 3263 2349 3600 2421; x_wconf 80' lang='lat' dir='ltr'><strong>puriﬁcatio-</strong></span> 
     </span>
    </p>
   </div>
   <div class='ocr_carea' id='block_1_81' title="bbox 2019 2441 3604 2514">
    <p class='ocr_par' dir='ltr' id='par_1_81' title="bbox 2019 2441 3604 2514">
     <span class='ocr_line' id='line_1_81' title="bbox 2019 2441 3604 2514; baseline 0.003 -20"><span class='ocrx_word' id='word_1_572' title='bbox 2019 2455 2167 2502; x_wconf 87' lang='lat' dir='ltr'><strong>nem,</strong></span> <span class='ocrx_word' id='word_1_573' title='bbox 2202 2456 2297 2495; x_wconf 91' lang='lat' dir='ltr'><strong>seu</strong></span> <span class='ocrx_word' id='word_1_574' title='bbox 2347 2441 2530 2511; x_wconf 89' lang='lat' dir='ltr'><strong>potius</strong></span> <span class='ocrx_word' id='word_1_575' title='bbox 2574 2441 3066 2512; x_wconf 90' lang='lat' dir='ltr'><strong>inquinamentum,</strong></span> <span class='ocrx_word' id='word_1_576' title='bbox 3103 2451 3265 2514; x_wconf 89' lang='lat' dir='ltr'><strong>atque</strong></span> <span class='ocrx_word' id='word_1_577' title='bbox 3295 2458 3424 2498; x_wconf 92' lang='lat' dir='ltr'><strong>suos</strong></span> <span class='ocrx_word' id='word_1_578' title='bbox 3449 2443 3604 2499; x_wconf 79' lang='lat' dir='ltr'><strong>cibos</strong></span> 
     </span>
    </p>
   </div>
   <div class='ocr_carea' id='block_1_82' title="bbox 2019 2527 3604 2606">
    <p class='ocr_par' dir='ltr' id='par_1_82' title="bbox 2019 2527 3604 2606">
     <span class='ocr_line' id='line_1_82' title="bbox 2019 2527 3604 2606; baseline 0.001 -22"><span class='ocrx_word' id='word_1_579' title='bbox 2019 2530 2092 2588; x_wconf 82' lang='lat' dir='ltr'><strong>iis</strong></span> <span class='ocrx_word' id='word_1_580' title='bbox 2127 2540 2516 2602; x_wconf 90' lang='lat' dir='ltr'><strong>conspurcant.</strong></span> <span class='ocrx_word' id='word_1_581' title='bbox 2563 2532 2866 2588; x_wconf 82' lang='lat' dir='ltr'><strong>Anathema</strong></span> <span class='ocrx_word' id='word_1_582' title='bbox 2914 2534 2982 2588; x_wconf 91' lang='lat' dir='ltr'><strong>iis</strong></span> <span class='ocrx_word' id='word_1_583' title='bbox 3029 2527 3122 2606; x_wconf 84' lang='lat' dir='ltr'><strong>qui</strong></span> <span class='ocrx_word' id='word_1_584' title='bbox 3153 2550 3252 2590; x_wconf 90' lang='lat' dir='ltr'><strong>esu</strong></span> <span class='ocrx_word' id='word_1_585' title='bbox 3283 2534 3604 2589; x_wconf 73' lang='lat' dir='ltr'><strong>inorticino-</strong></span> 
     </span>
    </p>
   </div>
   <div class='ocr_carea' id='block_1_83' title="bbox 2019 2627 3604 2698">
    <p class='ocr_par' dir='ltr' id='par_1_83' title="bbox 2019 2627 3604 2698">
     <span class='ocr_line' id='line_1_83' title="bbox 2019 2627 3604 2698; baseline 0.001 -18"><span class='ocrx_word' id='word_1_586' title='bbox 2019 2641 2141 2680; x_wconf 88' lang='lat' dir='ltr'><strong>rum</strong></span> <span class='ocrx_word' id='word_1_587' title='bbox 2195 2641 2254 2681; x_wconf 90' lang='lat' dir='ltr'><strong>se</strong></span> <span class='ocrx_word' id='word_1_588' title='bbox 2301 2627 2591 2698; x_wconf 90' lang='lat' dir='ltr'><strong>polluunt;</strong></span> <span class='ocrx_word' id='word_1_589' title='bbox 2642 2627 2845 2697; x_wconf 90' lang='lat' dir='ltr'><strong>quique</strong></span> <span class='ocrx_word' id='word_1_590' title='bbox 2891 2643 3052 2682; x_wconf 89' lang='lat' dir='ltr'><strong>omne</strong></span> <span class='ocrx_word' id='word_1_591' title='bbox 3083 2628 3300 2698; x_wconf 88' lang='lat' dir='ltr'><strong>quidem</strong></span> <span class='ocrx_word' id='word_1_592' title='bbox 3333 2627 3604 2683; x_wconf 87' lang='lat' dir='ltr'><strong>Christia-</strong></span> 
     </span>
    </p>
   </div>
   <div class='ocr_carea' id='block_1_84' title="bbox 2018 2716 3604 2789">
    <p class='ocr_par' dir='ltr' id='par_1_84' title="bbox 2018 2716 3604 2789">
     <span class='ocr_line' id='line_1_84' title="bbox 2018 2716 3604 2789; baseline 0.004 -19"><span class='ocrx_word' id='word_1_593' title='bbox 2018 2732 2150 2770; x_wconf 92' lang='lat' dir='ltr'><strong>num</strong></span> <span class='ocrx_word' id='word_1_594' title='bbox 2209 2716 2480 2786; x_wconf 83' lang='lat' dir='ltr'><strong>jejunium</strong></span> <span class='ocrx_word' id='word_1_595' title='bbox 2536 2725 2823 2787; x_wconf 89' lang='lat' dir='ltr'><strong>respuunt,</strong></span> <span class='ocrx_word' id='word_1_596' title='bbox 2866 2727 3108 2788; x_wconf 89' lang='lat' dir='ltr'><strong>tempore</strong></span> <span class='ocrx_word' id='word_1_597' title='bbox 3160 2734 3290 2774; x_wconf 75' lang='lat' dir='ltr'><strong>vero</strong></span> <span class='ocrx_word' id='word_1_598' title='bbox 3341 2719 3409 2773; x_wconf 89' lang='lat' dir='ltr'><strong>ab</strong></span> <span class='ocrx_word' id='word_1_599' title='bbox 3465 2719 3604 2789; x_wconf 76' lang='lat' dir='ltr'><strong>ipsis</strong></span> 
     </span>
    </p>
   </div>
   <div class='ocr_carea' id='block_1_85' title="bbox 2019 2805 3599 2880">
    <p class='ocr_par' dir='ltr' id='par_1_85' title="bbox 2019 2805 3599 2880">
     <span class='ocr_line' id='line_1_85' title="bbox 2019 2805 3599 2880; baseline 0.003 -18"><span class='ocrx_word' id='word_1_600' title='bbox 2019 2807 2343 2863; x_wconf 69' lang='lat' dir='ltr'><strong>existimata:</strong></span> <span class='ocrx_word' id='word_1_601' title='bbox 2365 2805 2829 2878; x_wconf 65' lang='lat' dir='ltr'><strong>Quadragesimm,</strong></span> <span class='ocrx_word' id='word_1_602' title='bbox 2848 2825 3009 2864; x_wconf 88' lang='lat' dir='ltr'><strong>caseo</strong></span> <span class='ocrx_word' id='word_1_603' title='bbox 3035 2817 3088 2864; x_wconf 90' lang='lat' dir='ltr'><strong>et</strong></span> <span class='ocrx_word' id='word_1_604' title='bbox 3115 2811 3256 2865; x_wconf 88' lang='lat' dir='ltr'><strong>lacte</strong></span> <span class='ocrx_word' id='word_1_605' title='bbox 3281 2825 3338 2866; x_wconf 92' lang='lat' dir='ltr'><strong>se</strong></span> <span class='ocrx_word' id='word_1_606' title='bbox 3361 2811 3599 2880; x_wconf 81' lang='lat' dir='ltr'><strong>explent.</strong></span> 
     </span>
    </p>
   </div>
   <div class='ocr_carea' id='block_1_86' title="bbox 2021 2904 3604 2977">
    <p class='ocr_par' dir='ltr' id='par_1_86' title="bbox 2021 2904 3604 2977">
     <span class='ocr_line' id='line_1_86' title="bbox 2021 2904 3604 2977; baseline 0.002 -20"><span class='ocrx_word' id='word_1_607' title='bbox 2021 2904 2323 2958; x_wconf 89' lang='lat' dir='ltr'><strong>Anathema</strong></span> <span class='ocrx_word' id='word_1_608' title='bbox 2356 2905 2423 2961; x_wconf 89' lang='lat' dir='ltr'><strong>iis</strong></span> <span class='ocrx_word' id='word_1_609' title='bbox 2454 2906 2548 2974; x_wconf 90' lang='lat' dir='ltr'><strong>qui</strong></span> <span class='ocrx_word' id='word_1_610' title='bbox 2581 2913 2677 2960; x_wconf 88' lang='lat' dir='ltr'><strong>aut</strong></span> <span class='ocrx_word' id='word_1_611' title='bbox 2707 2915 2930 2977; x_wconf 82' lang='lat' dir='ltr'><strong>negant,</strong></span> <span class='ocrx_word' id='word_1_612' title='bbox 2964 2914 3058 2959; x_wconf 91' lang='lat' dir='ltr'><strong>aut</strong></span> <span class='ocrx_word' id='word_1_613' title='bbox 3086 2913 3447 2975; x_wconf 87' lang='lat' dir='ltr'><strong>corrumpunt</strong></span> <span class='ocrx_word' id='word_1_614' title='bbox 3466 2921 3604 2976; x_wconf 85' lang='lat' dir='ltr'><strong>qua-</strong></span> 
     </span>
    </p>
   </div>
   <div class='ocr_carea' id='block_1_87' title="bbox 2022 2996 3601 3069">
    <p class='ocr_par' dir='ltr' id='par_1_87' title="bbox 2022 2996 3601 3069">
     <span class='ocr_line' id='line_1_87' title="bbox 2022 2996 3601 3069; baseline -0.001 -18"><span class='ocrx_word' id='word_1_615' title='bbox 2022 3005 2147 3052; x_wconf 89' lang='lat' dir='ltr'><strong>tuor</strong></span> <span class='ocrx_word' id='word_1_616' title='bbox 2187 2997 2390 3054; x_wconf 84' lang='lat' dir='ltr'><strong>Christi</strong></span> <span class='ocrx_word' id='word_1_617' title='bbox 2435 2997 2768 3069; x_wconf 82' lang='lat' dir='ltr'><strong>Evangelia,</strong></span> <span class='ocrx_word' id='word_1_618' title='bbox 2823 2999 3110 3069; x_wconf 87' lang='lat' dir='ltr'><strong>sanctique</strong></span> <span class='ocrx_word' id='word_1_619' title='bbox 3156 2999 3389 3068; x_wconf 89' lang='lat' dir='ltr'><strong>apostoli</strong></span> <span class='ocrx_word' id='word_1_620' title='bbox 3441 2996 3601 3054; x_wconf 87' lang='lat' dir='ltr'><strong>Pauli</strong></span> 
     </span>
    </p>
   </div>
   <div class='ocr_carea' id='block_1_88' title="bbox 2023 3088 3603 3160">
    <p class='ocr_par' dir='ltr' id='par_1_88' title="bbox 2023 3088 3603 3160">
     <span class='ocr_line' id='line_1_88' title="bbox 2023 3088 3603 3160; baseline 0.004 -19"><span class='ocrx_word' id='word_1_621' title='bbox 2023 3088 2328 3159; x_wconf 86' lang='lat' dir='ltr'><strong>Epistolas;</strong></span> <span class='ocrx_word' id='word_1_622' title='bbox 2363 3091 2566 3160; x_wconf 88' lang='lat' dir='ltr'><strong>quique</strong></span> <span class='ocrx_word' id='word_1_623' title='bbox 2609 3090 2730 3145; x_wconf 87' lang='lat' dir='ltr'><strong>loco</strong></span> <span class='ocrx_word' id='word_1_624' title='bbox 2775 3090 2994 3159; x_wconf 87' lang='lat' dir='ltr'><strong>quidem</strong></span> <span class='ocrx_word' id='word_1_625' title='bbox 3037 3098 3360 3145; x_wconf 90' lang='lat' dir='ltr'><strong>cunctorum</strong></span> <span class='ocrx_word' id='word_1_626' title='bbox 3391 3089 3603 3160; x_wconf 83' lang='lat' dir='ltr'><strong>opiﬁcis</strong></span> 
     </span>
    </p>
   </div>
   <div class='ocr_carea' id='block_1_89' title="bbox 2023 3181 3601 3252">
    <p class='ocr_par' dir='ltr' id='par_1_89' title="bbox 2023 3181 3601 3252">
     <span class='ocr_line' id='line_1_89' title="bbox 2023 3181 3601 3252; baseline 0.001 -16"><span class='ocrx_word' id='word_1_627' title='bbox 2023 3181 2140 3247; x_wconf 88' lang='lat' dir='ltr'><strong>Dei,</strong></span> <span class='ocrx_word' id='word_1_628' title='bbox 2172 3181 2358 3236; x_wconf 88' lang='lat' dir='ltr'><strong>colunt</strong></span> <span class='ocrx_word' id='word_1_629' title='bbox 2387 3197 2510 3237; x_wconf 89' lang='lat' dir='ltr'><strong>eum</strong></span> <span class='ocrx_word' id='word_1_630' title='bbox 2541 3181 2635 3250; x_wconf 89' lang='lat' dir='ltr'><strong>qui</strong></span> <span class='ocrx_word' id='word_1_631' title='bbox 2672 3182 2928 3252; x_wconf 89' lang='lat' dir='ltr'><strong>princeps</strong></span> <span class='ocrx_word' id='word_1_632' title='bbox 2955 3183 3122 3252; x_wconf 88' lang='lat' dir='ltr'><strong>hujus</strong></span> <span class='ocrx_word' id='word_1_633' title='bbox 3149 3183 3338 3237; x_wconf 88' lang='lat' dir='ltr'><strong>mundi</strong></span> <span class='ocrx_word' id='word_1_634' title='bbox 3361 3181 3601 3249; x_wconf 88' lang='lat' dir='ltr'><strong>dicitur;</strong></span> 
     </span>
    </p>
   </div>
   <div class='ocr_carea' id='block_1_90' title="bbox 2026 3271 3604 3343">
    <p class='ocr_par' dir='ltr' id='par_1_90' title="bbox 2026 3271 3604 3343">
     <span class='ocr_line' id='line_1_90' title="bbox 2026 3271 3604 3343; baseline 0.001 -15"><span class='ocrx_word' id='word_1_635' title='bbox 2026 3275 2146 3330; x_wconf 87' lang='lat' dir='ltr'><strong>loco</strong></span> <span class='ocrx_word' id='word_1_636' title='bbox 2186 3290 2317 3329; x_wconf 83' lang='lat' dir='ltr'><strong>vero</strong></span> <span class='ocrx_word' id='word_1_637' title='bbox 2352 3273 2585 3343; x_wconf 90' lang='lat' dir='ltr'><strong>apostoli</strong></span> <span class='ocrx_word' id='word_1_638' title='bbox 2633 3271 2809 3336; x_wconf 88' lang='lat' dir='ltr'><strong>Pauli,</strong></span> <span class='ocrx_word' id='word_1_639' title='bbox 2845 3272 3072 3327; x_wconf 89' lang='lat' dir='ltr'><strong>Paulum</strong></span> <span class='ocrx_word' id='word_1_640' title='bbox 3109 3274 3276 3328; x_wconf 82' lang='lat' dir='ltr'><strong>ﬁlium</strong></span> <span class='ocrx_word' id='word_1_641' title='bbox 3325 3273 3604 3329; x_wconf 71' lang='lat' dir='ltr'><strong>Callinicre</strong></span> 
     </span>
    </p>
   </div>
   <div class='ocr_carea' id='block_1_91' title="bbox 2023 3364 3603 3435">
    <p class='ocr_par' dir='ltr' id='par_1_91' title="bbox 2023 3364 3603 3435">
     <span class='ocr_line' id='line_1_91' title="bbox 2023 3364 3603 3435; baseline 0.001 -17"><span class='ocrx_word' id='word_1_642' title='bbox 2023 3364 2315 3426; x_wconf 84' lang='lat' dir='ltr'><strong>honorant,</strong></span> <span class='ocrx_word' id='word_1_643' title='bbox 2361 3370 2414 3417; x_wconf 89' lang='lat' dir='ltr'><strong>et</strong></span> <span class='ocrx_word' id='word_1_644' title='bbox 2448 3379 2570 3416; x_wconf 89' lang='lat' dir='ltr'><strong>cum</strong></span> <span class='ocrx_word' id='word_1_645' title='bbox 2619 3373 2856 3432; x_wconf 88' lang='lat' dir='ltr'><strong>quatuor</strong></span> <span class='ocrx_word' id='word_1_646' title='bbox 2897 3364 3017 3432; x_wconf 90' lang='lat' dir='ltr'><strong>ejus</strong></span> <span class='ocrx_word' id='word_1_647' title='bbox 3045 3364 3344 3433; x_wconf 86' lang='lat' dir='ltr'><strong>discipulos</strong></span> <span class='ocrx_word' id='word_1_648' title='bbox 3375 3365 3430 3419; x_wconf 91' lang='lat' dir='ltr'><strong>in</strong></span> <span class='ocrx_word' id='word_1_649' title='bbox 3463 3367 3603 3435; x_wconf 79' lang='lat' dir='ltr'><strong>[igu-</strong></span> 
     </span>
    </p>
   </div>
   <div class='ocr_carea' id='block_1_92' title="bbox 2022 3455 3604 3526">
    <p class='ocr_par' dir='ltr' id='par_1_92' title="bbox 2022 3455 3604 3526">
     <span class='ocr_line' id='line_1_92' title="bbox 2022 3455 3604 3526; baseline 0.003 -16"><span class='ocrx_word' id='word_1_650' title='bbox 2022 3472 2138 3510; x_wconf 89' lang='lat' dir='ltr'><strong>ram</strong></span> <span class='ocrx_word' id='word_1_651' title='bbox 2161 3464 2399 3524; x_wconf 90' lang='lat' dir='ltr'><strong>quatuor</strong></span> <span class='ocrx_word' id='word_1_652' title='bbox 2419 3455 2834 3526; x_wconf 82' lang='lat' dir='ltr'><strong>Evangeliorum</strong></span> <span class='ocrx_word' id='word_1_653' title='bbox 2867 3456 3196 3525; x_wconf 85' lang='lat' dir='ltr'><strong>suscipiunt,</strong></span> <span class='ocrx_word' id='word_1_654' title='bbox 3227 3464 3342 3508; x_wconf 91' lang='lat' dir='ltr'><strong>tum</strong></span> <span class='ocrx_word' id='word_1_655' title='bbox 3374 3464 3604 3514; x_wconf 80' lang='lat' dir='ltr'><strong>caeteros</strong></span> 
     </span>
    </p>
   </div>
   <div class='ocr_carea' id='block_1_93' title="bbox 2022 3545 3602 3618">
    <p class='ocr_par' dir='ltr' id='par_1_93' title="bbox 2022 3545 3602 3618">
     <span class='ocr_line' id='line_1_93' title="bbox 2022 3545 3602 3618; baseline 0.002 -19"><span class='ocrx_word' id='word_1_656' title='bbox 2022 3552 2135 3601; x_wconf 90' lang='lat' dir='ltr'><strong>tres</strong></span> <span class='ocrx_word' id='word_1_657' title='bbox 2166 3545 2452 3602; x_wconf 83' lang='lat' dir='ltr'><strong>Trinitatis</strong></span> <span class='ocrx_word' id='word_1_658' title='bbox 2482 3546 2702 3601; x_wconf 88' lang='lat' dir='ltr'><strong>nomine</strong></span> <span class='ocrx_word' id='word_1_659' title='bbox 2734 3547 3054 3618; x_wconf 84' lang='lat' dir='ltr'><strong>insigniunt.</strong></span> <span class='ocrx_word' id='word_1_660' title='bbox 3082 3547 3382 3601; x_wconf 86' lang='lat' dir='ltr'><strong>Anathema</strong></span> <span class='ocrx_word' id='word_1_661' title='bbox 3409 3548 3475 3602; x_wconf 90' lang='lat' dir='ltr'><strong>iis</strong></span> <span class='ocrx_word' id='word_1_662' title='bbox 3507 3549 3602 3617; x_wconf 91' lang='lat' dir='ltr'><strong>qui</strong></span> 
     </span>
    </p>
   </div>
   <div class='ocr_carea' id='block_1_94' title="bbox 2022 3639 3604 3704">
    <p class='ocr_par' dir='ltr' id='par_1_94' title="bbox 2022 3639 3604 3704">
     <span class='ocr_line' id='line_1_94' title="bbox 2022 3639 3604 3704; baseline 0.001 -11"><span class='ocrx_word' id='word_1_663' title='bbox 2022 3639 2393 3694; x_wconf 85' lang='lat' dir='ltr'><strong>concumbunt</strong></span> <span class='ocrx_word' id='word_1_664' title='bbox 2447 3654 2577 3692; x_wconf 91' lang='lat' dir='ltr'><strong>cum.</strong></span> <span class='ocrx_word' id='word_1_665' title='bbox 2621 3653 2830 3702; x_wconf 86' lang='lat' dir='ltr'><strong>sorore,</strong></span> <span class='ocrx_word' id='word_1_666' title='bbox 2865 3646 2919 3692; x_wconf 89' lang='lat' dir='ltr'><strong>et</strong></span> <span class='ocrx_word' id='word_1_667' title='bbox 2968 3653 3152 3703; x_wconf 87' lang='lat' dir='ltr'><strong>socru,</strong></span> <span class='ocrx_word' id='word_1_668' title='bbox 3192 3648 3244 3693; x_wconf 84' lang='lat' dir='ltr'><strong>et</strong></span> <span class='ocrx_word' id='word_1_669' title='bbox 3292 3655 3468 3704; x_wconf 87' lang='lat' dir='ltr'><strong>nuru;</strong></span> <span class='ocrx_word' id='word_1_670' title='bbox 3501 3654 3604 3694; x_wconf 86' lang='lat' dir='ltr'><strong>nec</strong></span> 
     </span>
    </p>
   </div>
   <div class='ocr_carea' id='block_1_95' title="bbox 2022 3730 3604 3802">
    <p class='ocr_par' dir='ltr' id='par_1_95' title="bbox 2022 3730 3604 3802">
     <span class='ocr_line' id='line_1_95' title="bbox 2022 3730 3604 3802; baseline -0.001 -15"><span class='ocrx_word' id='word_1_671' title='bbox 2022 3749 2132 3787; x_wconf 88' lang='lat' dir='ltr'><strong>non</strong></span> <span class='ocrx_word' id='word_1_672' title='bbox 2172 3733 2239 3788; x_wconf 90' lang='lat' dir='ltr'><strong>iis</strong></span> <span class='ocrx_word' id='word_1_673' title='bbox 2267 3733 2358 3802; x_wconf 91' lang='lat' dir='ltr'><strong>qui</strong></span> <span class='ocrx_word' id='word_1_674' title='bbox 2391 3732 2569 3802; x_wconf 89' lang='lat' dir='ltr'><strong>primo</strong></span> <span class='ocrx_word' id='word_1_675' title='bbox 2613 3732 2818 3786; x_wconf 85' lang='lat' dir='ltr'><strong>mensis</strong></span> <span class='ocrx_word' id='word_1_676' title='bbox 2867 3730 3114 3786; x_wconf 85' lang='lat' dir='ltr'><strong>Januarii</strong></span> <span class='ocrx_word' id='word_1_677' title='bbox 3164 3733 3252 3787; x_wconf 88' lang='lat' dir='ltr'><strong>die</strong></span> <span class='ocrx_word' id='word_1_678' title='bbox 3296 3733 3364 3790; x_wconf 81' lang='lat' dir='ltr'><strong>ad</strong></span> <span class='ocrx_word' id='word_1_679' title='bbox 3403 3733 3604 3796; x_wconf 80' lang='lat' dir='ltr'><strong>festum</strong></span> 
     </span>
    </p>
   </div>
   <div class='ocr_carea' id='block_1_96' title="bbox 2022 3824 3600 3895">
    <p class='ocr_par' dir='ltr' id='par_1_96' title="bbox 2022 3824 3600 3895">
     <span class='ocr_line' id='line_1_96' title="bbox 2022 3824 3600 3895; baseline -0.001 -15"><span class='ocrx_word' id='word_1_680' title='bbox 2022 3826 2360 3895; x_wconf 81' lang='lat' dir='ltr'><strong>congregati,</strong></span> <span class='ocrx_word' id='word_1_681' title='bbox 2393 3831 2516 3895; x_wconf 89' lang='lat' dir='ltr'><strong>post</strong></span> <span class='ocrx_word' id='word_1_682' title='bbox 2559 3824 2925 3892; x_wconf 85' lang='lat' dir='ltr'><strong>vespertinam</strong></span> <span class='ocrx_word' id='word_1_683' title='bbox 2978 3825 3355 3882; x_wconf 18' lang='lat' dir='ltr'><strong>temulentiam,</strong></span> <span class='ocrx_word' id='word_1_684' title='bbox 3388 3824 3600 3878; x_wconf 82' lang='lat' dir='ltr'><strong>exstin-</strong></span> 
     </span>
    </p>
   </div>
   <div class='ocr_carea' id='block_1_97' title="bbox 2020 3916 3601 3989">
    <p class='ocr_par' dir='ltr' id='par_1_97' title="bbox 2020 3916 3601 3989">
     <span class='ocr_line' id='line_1_97' title="bbox 2020 3916 3601 3989; baseline -0.001 -16"><span class='ocrx_word' id='word_1_685' title='bbox 2020 3927 2194 3989; x_wconf 82' lang='lat' dir='ltr'><strong>guunt</strong></span> <span class='ocrx_word' id='word_1_686' title='bbox 2223 3918 2448 3979; x_wconf 88' lang='lat' dir='ltr'><strong>lumina,</strong></span> <span class='ocrx_word' id='word_1_687' title='bbox 2477 3923 2532 3971; x_wconf 90' lang='lat' dir='ltr'><strong>et</strong></span> <span class='ocrx_word' id='word_1_688' title='bbox 2558 3917 2702 3970; x_wconf 90' lang='lat' dir='ltr'><strong>inter</strong></span> <span class='ocrx_word' id='word_1_689' title='bbox 2731 3932 2789 3972; x_wconf 84' lang='lat' dir='ltr'><strong>se</strong></span> <span class='ocrx_word' id='word_1_690' title='bbox 2817 3931 2982 3970; x_wconf 90' lang='lat' dir='ltr'><strong>carne</strong></span> <span class='ocrx_word' id='word_1_691' title='bbox 3028 3916 3343 3980; x_wconf 87' lang='lat' dir='ltr'><strong>lasciviunt,</strong></span> <span class='ocrx_word' id='word_1_692' title='bbox 3375 3932 3474 3970; x_wconf 89' lang='lat' dir='ltr'><strong>nec</strong></span> <span class='ocrx_word' id='word_1_693' title='bbox 3504 3917 3601 3972; x_wconf 89' lang='lat' dir='ltr'><strong>ulli</strong></span> 
     </span>
    </p>
   </div>
   <div class='ocr_carea' id='block_1_98' title="bbox 2021 4005 3604 4078">
    <p class='ocr_par' dir='ltr' id='par_1_98' title="bbox 2021 4005 3604 4078">
     <span class='ocr_line' id='line_1_98' title="bbox 2021 4005 3604 4078; baseline -0.001 -16"><span class='ocrx_word' id='word_1_694' title='bbox 2021 4009 2247 4063; x_wconf 89' lang='lat' dir='ltr'><strong>omnino</strong></span> <span class='ocrx_word' id='word_1_695' title='bbox 2298 4014 2532 4078; x_wconf 87' lang='lat' dir='ltr'><strong>parcunt</strong></span> <span class='ocrx_word' id='word_1_696' title='bbox 2584 4007 2761 4069; x_wconf 80' lang='lat' dir='ltr'><strong>sexui,</strong></span> <span class='ocrx_word' id='word_1_697' title='bbox 2795 4006 3209 4077; x_wconf 86' lang='lat' dir='ltr'><strong>propinquitati,</strong></span> <span class='ocrx_word' id='word_1_698' title='bbox 3257 4007 3424 4062; x_wconf 67' lang='lat' dir='ltr'><strong>aetati.</strong></span> <span class='ocrx_word' id='word_1_699' title='bbox 3455 4005 3604 4067; x_wconf 83' lang='lat' dir='ltr'><strong>Ana-</strong></span> 
     </span>
    </p>
   </div>
   <div class='ocr_carea' id='block_1_99' title="bbox 2021 4098 3602 4170">
    <p class='ocr_par' dir='ltr' id='par_1_99' title="bbox 2021 4098 3602 4170">
     <span class='ocr_line' id='line_1_99' title="bbox 2021 4098 3602 4170; baseline -0.002 -15"><span class='ocrx_word' id='word_1_700' title='bbox 2021 4101 2205 4156; x_wconf 86' lang='lat' dir='ltr'><strong>thema</strong></span> <span class='ocrx_word' id='word_1_701' title='bbox 2252 4101 2320 4156; x_wconf 88' lang='lat' dir='ltr'><strong>iis</strong></span> <span class='ocrx_word' id='word_1_702' title='bbox 2369 4100 2462 4170; x_wconf 88' lang='lat' dir='ltr'><strong>qui</strong></span> <span class='ocrx_word' id='word_1_703' title='bbox 2513 4115 2791 4169; x_wconf 85' lang='lat' dir='ltr'><strong>nunquam</strong></span> <span class='ocrx_word' id='word_1_704' title='bbox 2821 4100 2877 4153; x_wconf 89' lang='lat' dir='ltr'><strong>in</strong></span> <span class='ocrx_word' id='word_1_705' title='bbox 2905 4099 3218 4168; x_wconf 87' lang='lat' dir='ltr'><strong>juramento</strong></span> <span class='ocrx_word' id='word_1_706' title='bbox 3248 4114 3373 4152; x_wconf 85' lang='lat' dir='ltr'><strong>vera</strong></span> <span class='ocrx_word' id='word_1_707' title='bbox 3405 4098 3602 4169; x_wconf 66' lang='lat' dir='ltr'><strong>praedi-</strong></span> 
     </span>
    </p>
   </div>
   <div class='ocr_carea' id='block_1_100' title="bbox 2021 4192 3601 4261">
    <p class='ocr_par' dir='ltr' id='par_1_100' title="bbox 2021 4192 3601 4261">
     <span class='ocr_line' id='line_1_100' title="bbox 2021 4192 3601 4261; baseline -0.003 -11"><span class='ocrx_word' id='word_1_708' title='bbox 2021 4201 2172 4259; x_wconf 89' lang='lat' dir='ltr'><strong>cant,</strong></span> <span class='ocrx_word' id='word_1_709' title='bbox 2207 4193 2302 4248; x_wconf 89' lang='lat' dir='ltr'><strong>sed</strong></span> <span class='ocrx_word' id='word_1_710' title='bbox 2332 4192 2398 4247; x_wconf 90' lang='lat' dir='ltr'><strong>de</strong></span> <span class='ocrx_word' id='word_1_711' title='bbox 2430 4192 2702 4246; x_wconf 85' lang='lat' dir='ltr'><strong>industria</strong></span> <span class='ocrx_word' id='word_1_712' title='bbox 2735 4207 2948 4261; x_wconf 90' lang='lat' dir='ltr'><strong>semper</strong></span> <span class='ocrx_word' id='word_1_713' title='bbox 2978 4192 3317 4246; x_wconf 89' lang='lat' dir='ltr'><strong>mentiuntur</strong></span> <span class='ocrx_word' id='word_1_714' title='bbox 3354 4206 3417 4244; x_wconf 90' lang='lat' dir='ltr'><strong>ac</strong></span> <span class='ocrx_word' id='word_1_715' title='bbox 3449 4193 3601 4260; x_wconf 86' lang='lat' dir='ltr'><strong>peje-</strong></span> 
     </span>
    </p>
   </div>
   <div class='ocr_carea' id='block_1_101' title="bbox 2021 4282 3598 4355">
    <p class='ocr_par' dir='ltr' id='par_1_101' title="bbox 2021 4282 3598 4355">
     <span class='ocr_line' id='line_1_101' title="bbox 2021 4282 3598 4355; baseline -0.001 -15"><span class='ocrx_word' id='word_1_716' title='bbox 2021 4295 2169 4352; x_wconf 75' lang='lat' dir='ltr'><strong>rant,</strong></span> <span class='ocrx_word' id='word_1_717' title='bbox 2198 4287 2354 4355; x_wconf 53' lang='lat' dir='ltr'><strong>juxta</strong></span> <span class='ocrx_word' id='word_1_718' title='bbox 2395 4286 2698 4340; x_wconf 87' lang='lat' dir='ltr'><strong>doctrinam</strong></span> <span class='ocrx_word' id='word_1_719' title='bbox 2733 4285 2966 4339; x_wconf 77' lang='lat' dir='ltr'><strong>maxime</strong></span> <span class='ocrx_word' id='word_1_720' title='bbox 2995 4282 3314 4338; x_wconf 81' lang='lat' dir='ltr'><strong>exsecrandi</strong></span> <span class='ocrx_word' id='word_1_721' title='bbox 3349 4284 3598 4349; x_wconf 81' lang='lat' dir='ltr'><strong>Manetis,</strong></span> 
     </span>
    </p>
   </div>
   <div class='ocr_carea' id='block_1_102' title="bbox 2021 4374 3603 4458">
    <p class='ocr_par' dir='ltr' id='par_1_102' title="bbox 2021 4374 3603 4458">
     <span class='ocr_line' id='line_1_102' title="bbox 2021 4374 3603 4458; baseline -0.001 -26"><span class='ocrx_word' id='word_1_722' title='bbox 2021 4379 2114 4458; x_wconf 80' lang='lat' dir='ltr'><strong>qui</strong></span> <span class='ocrx_word' id='word_1_723' title='bbox 2168 4378 2247 4433; x_wconf 89' lang='lat' dir='ltr'><strong>sic</strong></span> <span class='ocrx_word' id='word_1_724' title='bbox 2298 4377 2588 4446; x_wconf 90' lang='lat' dir='ltr'><strong>loquitur:</strong></span> <span class='ocrx_word' id='word_1_725' title='bbox 2628 4374 2747 4429; x_wconf 80' lang='lat' dir='ltr'><strong>Non</strong></span> <span class='ocrx_word' id='word_1_726' title='bbox 2803 4391 2923 4430; x_wconf 88' lang='lat' dir='ltr'><strong>sum</strong></span> <span class='ocrx_word' id='word_1_727' title='bbox 2981 4375 3394 4437; x_wconf 84' lang='lat' dir='ltr'><strong>immisericors,</strong></span> <span class='ocrx_word' id='word_1_728' title='bbox 3455 4376 3603 4430; x_wconf 88' lang='lat' dir='ltr'><strong>sicut</strong></span> 
     </span>
    </p>
   </div>
   <div class='ocr_carea' id='block_1_103' title="bbox 2021 4467 3600 4540">
    <p class='ocr_par' dir='ltr' id='par_1_103' title="bbox 2021 4467 3600 4540">
     <span class='ocr_line' id='line_1_103' title="bbox 2021 4467 3600 4540; baseline 0 -18"><span class='ocrx_word' id='word_1_729' title='bbox 2021 4469 2295 4531; x_wconf 89' lang='lat' dir='ltr'><strong>Christus,</strong></span> <span class='ocrx_word' id='word_1_730' title='bbox 2332 4484 2430 4529; x_wconf 89' lang='lat' dir='ltr'><strong>nec</strong></span> <span class='ocrx_word' id='word_1_731' title='bbox 2457 4468 2666 4540; x_wconf 85' lang='lat' dir='ltr'><strong>negabo</strong></span> <span class='ocrx_word' id='word_1_732' title='bbox 2693 4483 2816 4521; x_wconf 91' lang='lat' dir='ltr'><strong>eum</strong></span> <span class='ocrx_word' id='word_1_733' title='bbox 2842 4467 2935 4537; x_wconf 91' lang='lat' dir='ltr'><strong>qui</strong></span> <span class='ocrx_word' id='word_1_734' title='bbox 2958 4483 3042 4522; x_wconf 90' lang='lat' dir='ltr'><strong>me</strong></span> <span class='ocrx_word' id='word_1_735' title='bbox 3069 4482 3255 4521; x_wconf 89' lang='lat' dir='ltr'><strong>coram</strong></span> <span class='ocrx_word' id='word_1_736' title='bbox 3285 4467 3600 4522; x_wconf 81' lang='lat' dir='ltr'><strong>hominibus</strong></span> 
     </span>
    </p>
   </div>
   <div class='ocr_carea' id='block_1_104' title="bbox 2025 4560 3598 4635">
    <p class='ocr_par' dir='ltr' id='par_1_104' title="bbox 2025 4560 3598 4635">
     <span class='ocr_line' id='line_1_104' title="bbox 2025 4560 3598 4635; baseline -0.001 -19"><span class='ocrx_word' id='word_1_737' title='bbox 2025 4562 2346 4635; x_wconf 77' lang='lat' dir='ltr'><strong>negaverit;</strong></span> <span class='ocrx_word' id='word_1_738' title='bbox 2371 4560 2616 4630; x_wconf 79' lang='lat' dir='ltr'><strong>quinin&#39;.o</strong></span> <span class='ocrx_word' id='word_1_739' title='bbox 2645 4574 2767 4612; x_wconf 86' lang='lat' dir='ltr'><strong>eum</strong></span> <span class='ocrx_word' id='word_1_740' title='bbox 2812 4560 2904 4629; x_wconf 89' lang='lat' dir='ltr'><strong>qui</strong></span> <span class='ocrx_word' id='word_1_741' title='bbox 2949 4561 3180 4630; x_wconf 65' lang='lat' dir='ltr'><strong>propriae</strong></span> <span class='ocrx_word' id='word_1_742' title='bbox 3215 4561 3407 4615; x_wconf 86' lang='lat' dir='ltr'><strong>salutis</strong></span> <span class='ocrx_word' id='word_1_743' title='bbox 3433 4576 3598 4615; x_wconf 86' lang='lat' dir='ltr'><strong>causa</strong></span> 
     </span>
    </p>
   </div>
   <div class='ocr_carea' id='block_1_105' title="bbox 2026 4654 3600 4724">
    <p class='ocr_par' dir='ltr' id='par_1_105' title="bbox 2026 4654 3600 4724">
     <span class='ocr_line' id='line_1_105' title="bbox 2026 4654 3600 4724; baseline -0.003 -14"><span class='ocrx_word' id='word_1_744' title='bbox 2026 4656 2298 4714; x_wconf 54' lang='lat' dir='ltr'><strong>mentitus,</strong></span> <span class='ocrx_word' id='word_1_745' title='bbox 2322 4654 2504 4724; x_wconf 78' lang='lat' dir='ltr'><strong>fuerit,</strong></span> <span class='ocrx_word' id='word_1_746' title='bbox 2535 4669 2767 4723; x_wconf 82' lang='lat' dir='ltr'><strong>eumque</strong></span> <span class='ocrx_word' id='word_1_747' title='bbox 2797 4654 2889 4723; x_wconf 91' lang='lat' dir='ltr'><strong>qui</strong></span> <span class='ocrx_word' id='word_1_748' title='bbox 2926 4669 3020 4721; x_wconf 88' lang='lat' dir='ltr'><strong>per</strong></span> <span class='ocrx_word' id='word_1_749' title='bbox 3045 4654 3293 4707; x_wconf 88' lang='lat' dir='ltr'><strong>timorem</strong></span> <span class='ocrx_word' id='word_1_750' title='bbox 3325 4655 3600 4719; x_wconf 75' lang='lat' dir='ltr'><strong>negaverit</strong></span> 
     </span>
    </p>
   </div>
   <div class='ocr_carea' id='block_1_106' title="bbox 2026 4731 3598 4821">
    <p class='ocr_par' dir='ltr' id='par_1_106' title="bbox 2026 4731 3598 4821">
     <span class='ocr_line' id='line_1_106' title="bbox 2026 4731 3598 4821; baseline -0.004 -19"><span class='ocrx_word' id='word_1_751' title='bbox 2026 4765 2178 4814; x_wconf 83' lang='lat' dir='ltr'><strong>suam</strong></span> <span class='ocrx_word' id='word_1_752' title='bbox 2211 4747 2396 4810; x_wconf 82' lang='lat' dir='ltr'><strong>ﬁdem,</strong></span> <span class='ocrx_word' id='word_1_753' title='bbox 2417 4763 2541 4800; x_wconf 91' lang='lat' dir='ltr'><strong>cum</strong></span> <span class='ocrx_word' id='word_1_754' title='bbox 2564 4731 3239 4821; x_wconf 15' lang='lat' dir='ltr'><strong>gaudio‘recipiamﬂuod</strong></span> <span class='ocrx_word' id='word_1_755' title='bbox 3274 4747 3316 4799; x_wconf 86' lang='lat' dir='ltr'><strong>si</strong></span> <span class='ocrx_word' id='word_1_756' title='bbox 3353 4747 3463 4798; x_wconf 74' lang='lat' dir='ltr'><strong>haec</strong></span> <span class='ocrx_word' id='word_1_757' title='bbox 3486 4754 3598 4801; x_wconf 82' lang='lat' dir='ltr'><strong>toto</strong></span> 
     </span>
    </p>
   </div>
   <div class='ocr_carea' id='block_1_107' title="bbox 2023 4839 3595 4907">
    <p class='ocr_par' dir='ltr' id='par_1_107' title="bbox 2023 4839 3595 4907">
     <span class='ocr_line' id='line_1_107' title="bbox 2023 4839 3595 4907; baseline -0.003 -13"><span class='ocrx_word' id='word_1_758' title='bbox 2023 4855 2089 4894; x_wconf 73' lang='lat' dir='ltr'><strong>ex</strong></span> <span class='ocrx_word' id='word_1_759' title='bbox 2123 4839 2312 4901; x_wconf 79' lang='lat' dir='ltr'><strong>animo</strong></span> <span class='ocrx_word' id='word_1_760' title='bbox 2348 4856 2454 4896; x_wconf 86' lang='lat' dir='ltr'><strong>non</strong></span> <span class='ocrx_word' id='word_1_761' title='bbox 2503 4840 2678 4894; x_wconf 82' lang='lat' dir='ltr'><strong>sentio</strong></span> <span class='ocrx_word' id='word_1_762' title='bbox 2708 4855 2770 4893; x_wconf 81' lang='lat' dir='ltr'><strong>ac</strong></span> <span class='ocrx_word' id='word_1_763' title='bbox 2801 4839 2944 4900; x_wconf 82' lang='lat' dir='ltr'><strong>dico,</strong></span> <span class='ocrx_word' id='word_1_764' title='bbox 2981 4853 3080 4907; x_wconf 75' lang='lat' dir='ltr'><strong>ego</strong></span> <span class='ocrx_word' id='word_1_765' title='bbox 3117 4839 3224 4899; x_wconf 86' lang='lat' dir='ltr'><strong>ille,</strong></span> <span class='ocrx_word' id='word_1_766' title='bbox 3261 4854 3443 4890; x_wconf 74' lang='lat' dir='ltr'><strong>verum</strong></span> <span class='ocrx_word' id='word_1_767' title='bbox 3474 4853 3595 4890; x_wconf 84' lang='lat' dir='ltr'><strong>cum</strong></span> 
     </span>
    </p>
   </div>
   <div class='ocr_carea' id='block_1_108' title="bbox 2024 4926 3596 5004">
    <p class='ocr_par' dir='ltr' id='par_1_108' title="bbox 2024 4926 3596 5004">
     <span class='ocr_line' id='line_1_108' title="bbox 2024 4926 3596 5004; baseline -0.003 -22"><span class='ocrx_word' id='word_1_768' title='bbox 2024 4930 2372 4990; x_wconf 86' lang='lat' dir='ltr'><strong>simulatione</strong></span> <span class='ocrx_word' id='word_1_769' title='bbox 2405 4930 2726 5004; x_wconf 56' lang='lat' dir='ltr'><strong>praepositos</strong></span> <span class='ocrx_word' id='word_1_770' title='bbox 2773 4930 3258 4982; x_wconf 84' lang='lat' dir='ltr'><strong>anathematismos</strong></span> <span class='ocrx_word' id='word_1_771' title='bbox 3310 4926 3430 4986; x_wconf 80' lang='lat' dir='ltr'><strong>feci,</strong></span> <span class='ocrx_word' id='word_1_772' title='bbox 3465 4927 3596 4979; x_wconf 77' lang='lat' dir='ltr'><strong>mihi</strong></span> 
     </span>
    </p>
   </div>
   <div class='ocr_carea' id='block_1_109' title="bbox 2023 5022 3594 5087">
    <p class='ocr_par' dir='ltr' id='par_1_109' title="bbox 2023 5022 3594 5087">
     <span class='ocr_line' id='line_1_109' title="bbox 2023 5022 3594 5087; baseline -0.005 -9"><span class='ocrx_word' id='word_1_773' title='bbox 2023 5024 2095 5079; x_wconf 84' lang='lat' dir='ltr'><strong>sit</strong></span> <span class='ocrx_word' id='word_1_774' title='bbox 2123 5023 2409 5076; x_wconf 86' lang='lat' dir='ltr'><strong>anathema</strong></span> <span class='ocrx_word' id='word_1_775' title='bbox 2438 5029 2492 5076; x_wconf 90' lang='lat' dir='ltr'><strong>et</strong></span> <span class='ocrx_word' id='word_1_776' title='bbox 2520 5022 2844 5087; x_wconf 85' lang='lat' dir='ltr'><strong>catathema,</strong></span> <span class='ocrx_word' id='word_1_777' title='bbox 2865 5029 2974 5074; x_wconf 85' lang='lat' dir='ltr'><strong>tam</strong></span> <span class='ocrx_word' id='word_1_778' title='bbox 3000 5022 3054 5074; x_wconf 87' lang='lat' dir='ltr'><strong>in</strong></span> <span class='ocrx_word' id='word_1_779' title='bbox 3082 5023 3183 5074; x_wconf 86' lang='lat' dir='ltr'><strong>hoc</strong></span> <span class='ocrx_word' id='word_1_780' title='bbox 3206 5022 3403 5074; x_wconf 60' lang='lat' dir='ltr'><strong>seculo</strong></span> <span class='ocrx_word' id='word_1_781' title='bbox 3434 5034 3594 5086; x_wconf 84' lang='lat' dir='ltr'><strong>quam</strong></span> 
     </span>
    </p>
   </div>
   <div class='ocr_carea' id='block_1_110' title="bbox 2025 5114 3702 5182">
    <p class='ocr_par' dir='ltr' id='par_1_110' title="bbox 2025 5114 3702 5182">
     <span class='ocr_line' id='line_1_110' title="bbox 2025 5114 3702 5182; baseline -0.003 -12"><span class='ocrx_word' id='word_1_782' title='bbox 2025 5117 2080 5170; x_wconf 89' lang='lat' dir='ltr'><strong>in</strong></span> <span class='ocrx_word' id='word_1_783' title='bbox 2111 5115 2315 5179; x_wconf 81' lang='lat' dir='ltr'><strong>futuro,</strong></span> <span class='ocrx_word' id='word_1_784' title='bbox 2351 5116 2638 5182; x_wconf 86' lang='lat' dir='ltr'><strong>animaque</strong></span> <span class='ocrx_word' id='word_1_785' title='bbox 2673 5129 2796 5170; x_wconf 81' lang='lat' dir='ltr'><strong>mea</strong></span> <span class='ocrx_word' id='word_1_786' title='bbox 2820 5114 3212 5167; x_wconf 85' lang='lat' dir='ltr'><strong>condemnetur</strong></span> <span class='ocrx_word' id='word_1_787' title='bbox 3243 5130 3304 5166; x_wconf 82' lang='lat' dir='ltr'><strong>ae</strong></span> <span class='ocrx_word' id='word_1_788' title='bbox 3336 5120 3518 5181; x_wconf 81' lang='lat' dir='ltr'><strong>pereat</strong></span> <span class='ocrx_word' id='word_1_789' title='bbox 3546 5119 3594 5165; x_wconf 83' lang='lat' dir='ltr'><strong>et</strong></span> <span class='ocrx_word' id='word_1_790' title='bbox 3691 5159 3702 5170; x_wconf 88' lang='lat'><em>.</em></span> 
     </span>
    </p>
   </div>
   <div class='ocr_carea' id='block_1_111' title="bbox 2027 5200 2947 5288">
    <p class='ocr_par' dir='ltr' id='par_1_111' title="bbox 2027 5200 2947 5288">
     <span class='ocr_line' id='line_1_111' title="bbox 2027 5200 2947 5288; baseline -0.005 -24"><span class='ocrx_word' id='word_1_791' title='bbox 2027 5207 2293 5279; x_wconf 71' lang='lat' dir='ltr'><strong>perpetior</strong></span> <span class='ocrx_word' id='word_1_792' title='bbox 2317 5209 2373 5262; x_wconf 90' lang='lat' dir='ltr'><strong>in</strong></span> <span class='ocrx_word' id='word_1_793' title='bbox 2400 5200 2630 5274; x_wconf 62' lang='lat' dir='ltr'><strong>Tartaro</strong></span> <span class='ocrx_word' id='word_1_794' title='bbox 2660 5207 2947 5288; x_wconf 32' lang='lat' dir='ltr'><strong>puniatur&quot;</strong></span> 
     </span>
    </p>
   </div>
   <div class='ocr_carea' id='block_1_112' title="bbox 2096 5469 3592 5544">
    <p class='ocr_par' dir='ltr' id='par_1_112' title="bbox 2096 5469 3592 5544">
     <span class='ocr_line' id='line_1_112' title="bbox 2096 5469 3592 5544; baseline -0.004 -15"><span class='ocrx_word' id='word_1_795' title='bbox 2096 5476 2187 5532; x_wconf 79' lang='lat' dir='ltr'><strong>Vl.</strong></span> <span class='ocrx_word' id='word_1_796' title='bbox 2228 5475 2353 5532; x_wconf 69' lang='lat' dir='ltr'><strong>Haec</strong></span> <span class='ocrx_word' id='word_1_797' title='bbox 2376 5475 2588 5532; x_wconf 90' lang='lat' dir='ltr'><strong>dicente</strong></span> <span class='ocrx_word' id='word_1_798' title='bbox 2633 5489 2698 5530; x_wconf 90' lang='lat' dir='ltr'><strong>eo</strong></span> <span class='ocrx_word' id='word_1_799' title='bbox 2747 5475 2837 5544; x_wconf 88' lang='lat' dir='ltr'><strong>qui</strong></span> <span class='ocrx_word' id='word_1_800' title='bbox 2870 5472 3082 5527; x_wconf 68' lang='lat' dir='ltr'><strong>accedit</strong></span> <span class='ocrx_word' id='word_1_801' title='bbox 3120 5488 3301 5525; x_wconf 82' lang='lat' dir='ltr'><strong>coram</strong></span> <span class='ocrx_word' id='word_1_802' title='bbox 3336 5469 3592 5533; x_wconf 81' lang='lat' dir='ltr'><strong>ecclesia,</strong></span> 
     </span>
    </p>
   </div>
   <div class='ocr_carea' id='block_1_113' title="bbox 2026 5560 3596 5629">
    <p class='ocr_par' dir='ltr' id='par_1_113' title="bbox 2026 5560 3596 5629">
     <span class='ocr_line' id='line_1_113' title="bbox 2026 5560 3596 5629; baseline -0.007 -7"><span class='ocrx_word' id='word_1_803' title='bbox 2026 5569 2258 5622; x_wconf 82' lang='lat' dir='ltr'><strong>facimus</strong></span> <span class='ocrx_word' id='word_1_804' title='bbox 2287 5585 2408 5623; x_wconf 90' lang='lat' dir='ltr'><strong>eum</strong></span> <span class='ocrx_word' id='word_1_805' title='bbox 2440 5566 2835 5627; x_wconf 84' lang='lat' dir='ltr'><strong>Christianum,</strong></span> <span class='ocrx_word' id='word_1_806' title='bbox 2867 5565 2978 5618; x_wconf 79' lang='lat' dir='ltr'><strong>sive</strong></span> <span class='ocrx_word' id='word_1_807' title='bbox 3013 5563 3272 5615; x_wconf 81' lang='lat' dir='ltr'><strong>habemus</strong></span> <span class='ocrx_word' id='word_1_808' title='bbox 3306 5577 3403 5629; x_wconf 92' lang='lat' dir='ltr'><strong>pro</strong></span> <span class='ocrx_word' id='word_1_809' title='bbox 3433 5560 3596 5614; x_wconf 83' lang='lat' dir='ltr'><strong>Chri-</strong></span> 
     </span>
    </p>
   </div>
   <div class='ocr_carea' id='block_1_114' title="bbox 2023 5653 3599 5731">
    <p class='ocr_par' dir='ltr' id='par_1_114' title="bbox 2023 5653 3599 5731">
     <span class='ocr_line' id='line_1_114' title="bbox 2023 5653 3599 5731; baseline -0.006 -15"><span class='ocrx_word' id='word_1_810' title='bbox 2023 5661 2201 5718; x_wconf 86' lang='lat' dir='ltr'><strong>stiano</strong></span> <span class='ocrx_word' id='word_1_811' title='bbox 2228 5659 2467 5715; x_wconf 83' lang='lat' dir='ltr'><strong>nondum</strong></span> <span class='ocrx_word' id='word_1_812' title='bbox 2494 5660 2787 5731; x_wconf 88' lang='lat' dir='ltr'><strong>baptizato,</strong></span> <span class='ocrx_word' id='word_1_813' title='bbox 2816 5657 3003 5727; x_wconf 86' lang='lat' dir='ltr'><strong>quales</strong></span> <span class='ocrx_word' id='word_1_814' title='bbox 3033 5654 3144 5709; x_wconf 79' lang='lat' dir='ltr'><strong>fere</strong></span> <span class='ocrx_word' id='word_1_815' title='bbox 3173 5663 3296 5710; x_wconf 83' lang='lat' dir='ltr'><strong>sunt</strong></span> <span class='ocrx_word' id='word_1_816' title='bbox 3330 5653 3599 5720; x_wconf 68' lang='lat' dir='ltr'><strong>Christia-</strong></span> 
     </span>
    </p>
   </div>
   <div class='ocr_carea' id='block_1_115' title="bbox 435 5820 2398 5910">
    <p class='ocr_par' dir='ltr' id='par_1_115' title="bbox 435 5820 2398 5910">
     <span class='ocr_line' id='line_1_115' title="bbox 435 5820 2398 5910; baseline -0.006 -22"><span class='ocrx_word' id='word_1_817' title='bbox 435 5834 553 5910; x_wconf 59' lang='lat'><strong>(761</strong></span> <span class='ocrx_word' id='word_1_818' title='bbox 587 5834 693 5897; x_wconf 73' lang='grc' dir='ltr'><strong>Καὶ</strong></span> <span class='ocrx_word' id='word_1_819' title='bbox 734 5834 956 5900; x_wconf 49' lang='grc' dir='ltr'><em>Ἰαάννε</em></span> <span class='ocrx_word' id='word_1_820' title='bbox 980 5829 1138 5892; x_wconf 83' lang='lat' dir='ltr'><strong>Forte</strong></span> <span class='ocrx_word' id='word_1_821' title='bbox 1181 5829 1382 5910; x_wconf 87' lang='lat' dir='ltr'><strong>aliquid</strong></span> <span class='ocrx_word' id='word_1_822' title='bbox 1419 5829 1587 5886; x_wconf 81' lang='lat' dir='ltr'><strong>deest.</strong></span> <span class='ocrx_word' id='word_1_823' title='bbox 1623 5827 1754 5884; x_wconf 78' lang='lat' dir='ltr'><strong>Vide</strong></span> <span class='ocrx_word' id='word_1_824' title='bbox 1778 5826 1921 5890; x_wconf 79' lang='lat' dir='ltr'><strong>Petr.</strong></span> <span class='ocrx_word' id='word_1_825' title='bbox 1958 5827 2091 5890; x_wconf 73' lang='lat' dir='ltr'><strong>Sit‘.,</strong></span> <span class='ocrx_word' id='word_1_826' title='bbox 2129 5841 2181 5896; x_wconf 73' lang='grc' dir='ltr'><strong>ρ.</strong></span> <span class='ocrx_word' id='word_1_827' title='bbox 2212 5823 2296 5882; x_wconf 73' lang='lat'><strong>50,</strong></span> <span class='ocrx_word' id='word_1_828' title='bbox 2325 5820 2398 5882; x_wconf 68' lang='lat' dir='ltr'><strong>In.</strong></span> 
     </span>
    </p>
   </div>
  </div>
