4030 6342
491 383 620 440 1471
1351 381 1410 439 S.
1447 379 1837 439 CLEMENTIS
1872 380 1889 435 l
1924 378 2059 435 llOM

2164 379 2329 437 ὈΝΤ.
2372 377 2603 436 OPERA
2634 380 2862 436 DUBIA.
3616 374 3771 430 {1H

485 512 683 551 norum
715 497 867 568 pueri
897 496 990 567 qui
1020 497 1333 567 baptizandi
1360 505 1524 553 sunt:
1550 496 1790 552 secunda
1808 510 1947 550 ivero
1975 493 2059 551 die

2165 495 2393 549 στιανῶν
2425 495 2615 551 παιδία
2643 494 2713 548 τά
2744 494 3001 566 μέλλοντα
3034 489 3391 563 βαπτίζεσθαι
3413 506 3428 521 ·
3450 492 3519 561 τῇ
3550 488 3616 543 δε
3644 490 3771 544 6:0—

486 591 908 645 adnumeramus
949 590 1377 655 catechumenis,
1429 590 1849 659 pronuntiantes
1891 602 2058 656 super

2164 589 2295 660 τέρα
2338 588 2520 660 ἡμέρᾳ
2566 590 2679 651 τοῖς
2720 585 3144 657 κατηχουμένοις
3174 582 3652 655 συναριθμοῦμεν,
3688 582 3771 636 λίο

485 697 607 736 eum
638 681 966 746 orationem,
1009 696 1171 752 quam
1204 696 1369 751 super
1400 696 1597 751 pueros
1628 680 2057 734 catechumenos

2164 696 2349 749 γοντες
2368 680 2455 731 ἐπ’
2485 678 2633 749 αὑτῷ
2653 679 2751 749 τὴν
2785 678 2949 748 εὐχὴν
2978 677 3044 753 ἢν
3072 678 3161 729 ὲπ).
3178 678 3286 729 τῶν
3318 676 3765 747 κατηχουμὲνων

485 774 724 828 solemus
770 773 994 830 dicere:
1030 776 1153 830 dein
1186 774 1434 844 sequenti
1479 773 1565 828 die
1607 772 1859 842 precibus
1899 785 2059 826 exon-

2164 771 2366 828 παίδων
2394 771 2573 842 φαμέν
2595 787 2609 801 ·
2643 770 2736 823 καὶ
2764 772 2831 840 τῇ
2864 768 2993 838 ἑξῆς
3023 768 3281 840 χρώμεθα
3310 771 3433 831 ταῖς
3458 768 3578 825 τῶν
3606 766 3767 839 ἐξορο

484 865 780 921 cismorum
812 869 1016 922 utimur
1048 887 1060 924 :
1093 869 1282 939 sicque
1313 867 1505 922 ordine
1557 864 1870 935 peragimus
1918 877 2054 917 cun-

2164 862 2375 933 κισμῶν
2416 863 2626 932 εὐχαῖς·
2682 862 2775 915 καὶ
2825 860 2999 923 οὕτως
3040 860 3345 923 ἀκολούθως
3391 858 3763 931 ἐπιτελοῦμεν

483 964 601 1011 ctos
632 957 891 1027 baptismi
920 962 1076 1016 ritus.
1882 956 1885 961 ’

2170 955 2346 1015 πάντα
2367 954 2436 1009 τά
2463 955 2555 1008 ἐπὶ
2582 954 2660 1026 τῷ
2689 952 3025 1025 βαπτίσματι
3052 953 3430 1024 νενομισμένα.

1235 1111 1345 1184 (IV.
1382 1114 1464 1167 Ad
1489 1112 1581 1169 lib.
1616 1130 1669 1180 ν,
1695 1130 1814 1184 cap.
1839 1112 1926 1169 20.
1960 1112 2045 1186 (ea:
2072 1110 2227 1166 codd.
2260 1109 2388 1181 Reg.
2423 1109 2548 1175 919,
2575 1108 2737 1174 1769,
2766 1110 2955 1181 2216).

551 1249 763 1321 Jupiter
805 1251 1084 1308 adinvenit
1144 1260 1316 1306 artem
1370 1252 1804 1323 navigatoriam;
1850 1251 2056 1322 Neptu-

482 1358 608 1405 nus,
640 1344 1115 1413 gubernatoriam;
1146 1341 1448 1409 Vulcanus,
1490 1344 1771 1410 fabrilem;
1805 1343 2057 1400 Escula-

484 1433 629 1503 pius,
660 1434 956 1499 medicam;
987 1433 1200 1503 Apollo,
1235 1436 1535 1501 musicam;
1573 1434 1833 1501 Minerva,
1880 1443 2059 1493 texto-

485 1527 657 1589 riam;
708 1524 898 1591 Diana,
948 1528 1285 1591 venaticam;
1333 1526 1497 1593 Juno,
1539 1529 1827 1593 vestitum;
1868 1526 2055 1591 Ceres,

486 1618 917 1687 agriculturam;
950 1617 1262 1683 Phwnices,
1312 1620 1556 1683 litteras;
1601 1618 1892 1683 Homerus,
1930 1634 2060 1689 poe-

484 1707 587 1760 sim
616 1724 629 1772 ;
660 1707 806 1762 Zeno
837 1707 1069 1773 Eleates,
1099 1698 1477 1774 dialecticam;
1508 1708 1679 1764 Corax
1707 1707 2056 1779 Syracusius,

483 1797 841 1864 rhetoricam;
871 1800 1153 1862 Aristaeus,
1176 1816 1336 1870 apum
1362 1799 1634 1865 fructum;
1667 1796 2057 1870 Triptolemus,

484 1889 741 1943 frumenti
776 1892 1059 1945 sementim
1085 1909 1097 1955 ;
1125 1890 1291 1945 Solon
1322 1891 1675 1946 Atheniensis
1698 1900 1750 1946 et
1780 1891 2059 1963 Lycurgus

486 1978 782 2051 Spartiata,
820 1982 995 2052 leges;
1042 1982 1382 2048 Palamedes,
1420 1987 1881 2040 constructionem
1916 1986 2061 2040 litte-

482 2089 691 2137 rarum,
726 2090 1004 2139 numeros,
1048 2092 1335 2132 mensuras
1384 2086 1438 2132 et
1489 2080 1762 2148 pondera;
1796 2078 2057 2149 :Egyptii,

482 2167 871 2233 geometriam;
902 2167 1195 2231 Chaldcazi,
1228 2170 1576 2238 astrologiam
1620 2176 1674 2224 et
1702 2170 2059 2233 genethlialo-

388 2302 393 2307 .
484 2256 624 2325 giam
653 2273 665 2320 ;
695 2255 900 2313 Arabes
933 2273 995 2311 ac
1026 2258 1288 2329 Phryges,
1322 2260 1644 2330 augurium;
1679 2261 1814 2315 Medi
1848 2270 1900 2315 et
1929 2260 2061 2316 Per-

382 2424 391 2431 ‘
484 2364 578 2412 sae,
612 2350 865 2419 magiam,
897 2352 1203 2420 praestigias
1248 2361 1411 2424 atque
1436 2352 1793 2419 veneficium;
1825 2352 2061 2425 Tyrrhe-

483 2443 561 2506 ni,
592 2442 757 2497 urbes
792 2444 964 2497 muris
998 2443 1238 2511 cingere.

554 2535 715 2598 Nota,
750 2536 969 2604 quinam
1001 2535 1313 2589 exstiterint
1358 2535 1558 2589 artium
1608 2544 1659 2590 et
1708 2536 2059 2591 scientiarum

483 2637 758 2682 auctores.
799 2628 1037 2697 Apelles,
1083 2628 1382 2693 herbariae;
1430 2627 1840 2695 Demosthenes,
1879 2629 2062 2682 rheto-

483 2721 646 2785 ricaa;
681 2719 1035 2790 Papinianus,
1067 2711 1553 2797 jurisprudentize;
1585 2721 1818 2776 Antinus
1845 2721 1927 2775 vel
1959 2724 2063 2775 An-

485 2816 653 2885 tylus,
686 2813 1063 2868 fabricationis
1115 2814 1463 2877 lancearum;
1494 2812 1801 2885 Eurynous,
1839 2816 2060 2884 sagitta-

489 2907 619 2971 rite;
647 2904 1560 2975 EurydamnusMessenius,bellici
1586 2906 1860 2970 thoracis;
1894 2906 2062 2961 Evan-

487 2998 608 3059 der,
633 3012 807 3052 ocreze
828 3004 882 3051 et
903 2997 1109 3067 clypei;
1140 2995 1442 3066 Oppianus,
1476 2997 1819 3067 piscatoria;
1852 2998 2062 3070 Tripto-

485 3088 931 3151 lemus,sationis
954 3088 1158 3153 tritici;
1190 3087 1804 3160 Pamphilus,picturaa;
1831 3090 2057 3162 Typhis,
2088 3122 2130 3181 α

486 3181 748 3247 nauticae;
797 3181 995 3251 Argus,
1027 3182 1453 3238 constructionis
1501 3182 1743 3248 navium,
1774 3197 1804 3235 a
1856 3199 1962 3254 quo
2004 3192 2058 3239 et

485 3271 851 3343 Argonautae;
884 3272 1259 3339 Archimedes,
1294 3273 1641 3329 mechanicas.

2229 1246 2281 1301 1.
2335 1246 2391 1300 '0
2424 1246 2558 1310 Ζεὺς
2589 1246 2781 1318 ἐφεῦρε
2813 1246 3140 1323 πλευστικήνν
3172 1244 3305 1318 (77)·
3336 1247 3613 1311 Ποσειδῶν,
3642 1267 3753 1303 xu-

2160 1337 2489 1410 ϐερνητικήν
2515 1355 2528 1368 ·
2564 1340 2906 1408 Ἥφαιστος,
2958 1338 3347 1409 χαλκευτικήν·
3390 1340 3743 1412 Ἀσκληπιὸς,

2163 1432 2442 1504 ἰατρικήν·
2488 1431 2779 1494 Ἀπόλλων,
2810 1432 3101 1502 μουσικήν·
3150 1429 3367 1501 Ἀθηνᾶ,
3400 1432 3695 1505 ὕσαντικήν
3721 1452 3739 1467 ι

2164 1525 2444 1596 Ἀρτεμις,
2480 1525 2849 1596 κυνηγετικὴν
2873 1541 2886 1557 ·
2915 1524 3083 1595 Ἥρα,
3116 1523 3426 1595 στολισμόν·
3456 1528 3735 1598 Δημήτηρ,

2160 1616 2466 1687 γεωργίαν·
2513 1616 2776 1683 Φοίνικες,
2809 1616 3112 1688 γράμματα
3135 1632 3148 1645 ·
3190 1618 3455 1687 Ὅμηρος,
3498 1618 3729 1688 ποίησιν·

2160 1708 2344 1778 Ζήνων
2386 1710 2413 1762 6
2458 1708 2737 1781 Ἐλεάτης,
2772 1708 3142 1779 διαλεκτικήν·
3179 1709 3361 1780 Κόραξ
3398 1709 3427 1760 6
3471 1709 3731 1779 Συρακούο

2164 1816 2294 1864 σιος,
2330 1803 2653 1873 ῥητορικήν·
2701 1803 3019 1872 Ἀρισταῖος,
3056 1801 3319 1873 μελισσῶν
3352 1801 3600 1872 καρπόν·
3622 1803 3739 1872 Τρι-

2162 1890 2445 1962 πτόλεμος,
2485 1894 2629 1946 σίτου
2682 1893 2913 1968 σπόρον·
2968 1894 3142 1947 Σόλων
3192 1894 3221 1945 ὁ
3262 1894 3544 1964 Ἀθηναῖος
3594 1896 3683 1947 καὶ
3717 1897 3742 1947 ὁ

2162 1983 2516 2055 Σπαρτιάτης
2542 1984 2875 2056 Λυκοῦργος,
2892 1988 3116 2057 νόμους·
3148 1988 3177 2039 6
3204 1986 3557 2057 Παλαμήδης,
3583 2002 3748 2057 γραμ-

2166 2075 2348 2146 μάτων
2381 2076 2650 2143 σύνταξιν,
2685 2078 2976 2149 ἀριθμοὺς,
3013 2080 3184 2151 μέτρα
3208 2080 3301 2132 καὶ
3328 2077 3635 2148 σταθμούς·
3661 2080 3747 2130 Λῖ-

2162 2167 2401 2235 γύπτιοι,
2434 2170 2801 2241 γεωμετρίαν·
2835 2171 3109 2237 Χαλδαῖοι,
3141 2170 3497 2242 ἀστρολογίαν
3530 2172 3632 2224 καὶ
3661 2189 3748 2239 γε⁸

2161 2260 2559 2330 νεΟλιαλογίαν·
2601 2263 2836 2333 ’Ἄραϐες
2890 2263 2985 2316 καὶ
3030 2263 3271 2335 Φρύγες,
3323 2263 3748 2317 οἰωνοσκοπίαν·

2160 2352 2334 2423 Μῆδοι
2366 2355 2460 2406 καὶ
2480 2352 2706 2423 Πέρσαι,
2736 2355 2963 2425 μαγείαν
2996 2356 3088 2409 καὶ
3120 2354 3371 2425 γοητείαν
3400 2356 3497 2407 καὶ
3531 2372 3747 2427 φαρμαο

2163 2446 2342 2499 κείαν·
2377 2446 2673 2518 Τυρρηνοὶ,
2702 2448 2955 2519 τειχίζειν
2983 2448 3181 2512 πόλεις.

2229 2539 2283 2592 2.
2325 2540 2658 2611 Σημείωσαι,
2688 2542 2832 2603 τίνες
2854 2541 3135 2609 γεγόνασιν
3156 2540 3392 2612 ἀρχηγοὶ
3418 2540 3624 2611 τεχνῶν
3650 2539 3744 2594 καὶ

2162 2628 2479 2700 ἐπιστημῶν
2503 2647 2515 2660 ·
2561 2630 2846 2701 Ἀπελλῆς,
2890 2631 3205 2702 βοτανικῆς·
3239 2630 3608 2702 Δημοσθένης,
3645 2635 3744 2701 ρη’

2160 2722 2411 2793 τορικῆς·
2448 2722 2798 2787 Παπινιανὸς,
2833 2721 3183 2792 νομοθεσίας·
3231 2722 3471 2786 Ἀντίνος
3505 2724 3595 2792 (al.
3630 2723 3735 2775 ’Λν-

2161 2812 2359 2882 τύλος),
2394 2812 2741 2883 λογχοποιίας
2770 2814 2862 2885 (al.
2894 2815 3248 2889 λοχοποιίας)·
3281 2815 3563 2886 Εὐρύνοος,
3595 2814 3740 2879 ταξι-

2163 2904 2265 2974 κῆς
2298 2904 2390 2975 (al.
2426 2904 2756 2977 τοξοσύνης)·
2792 2906 3141 2978 Εὐρύδαμνος
3174 2909 3456 2978 Μεσήνιος,
3493 2907 3736 2977 θώρακος

2163 2996 2484 3068 πολεμικοῦ·
2534 2997 2824 3069 Εὔανδρος,
2876 3001 3134 3071 κνημῖδος
3184 3002 3280 3055 καὶ
3324 3001 3563 3063 ἀσπίδος·
3600 3001 3728 3052 '07:-

2165 3089 2374 3153 πιανὸς,
2437 3090 2772 3161 ἁλιευτικῆς·
2833 3092 3221 3164 Τριπτόλεμος,
3292 3097 3485 3169 σπορᾶς
3539 3094 3723 3145 σίτου·

2163 3182 2465 3253 Πάμφιλος,
2509 3184 2896 3255 ζωγραφικῆς·
2944 3185 3136 3255 Τῖφυς,
3189 3187 3474 3256 ναυτικῆς·
3512 3187 3730 3257 Ἄργος.

2160 3275 2486 3346 ναυπηγίας,
2517 3272 2576 3341 ἐξ
2601 3267 2662 3328 οὗ
2692 3278 2785 3329 καὶ
2837 3278 3211 3349 Ἀργοναῦται·
3256 3279 3605 3352 Ἀρχιμήδης,
3630 3296 3733 3349 μηο

2161 3382 2409 3438 χανικης.

1791 3515 1859 3575 v.
1888 3516 1973 3571 Ad
2004 3517 2097 3577 tib.
2121 3535 2181 3587 ι,
2210 3537 2326 3591 cap.
2362 3521 2448 3577 ιο.

555 3650 624 3705 Et
668 3657 823 3721 pater
861 3669 876 3706 ;
910 3648 1157 3721 Ignosce,
1210 3650 1409 3721 inquit,
1460 3651 1535 3705 Illi
1567 3671 1579 3707 :
1615 3651 1855 3707 nondum
1911 3653 2055 3707 enim

488 3760 649 3800 usum
678 3744 906 3797 multum
956 3744 1012 3797 in
1059 3743 1145 3799 bis
1175 3742 1348 3798 habeo
1384 3761 1397 3797 :
1431 3759 1557 3797 nam
1588 3752 1641 3798 et
1671 3744 1911 3798 hesterni
1943 3758 2059 3799 ser-

489 3851 679 3891 mones
702 3835 780 3888 tui
810 3831 1035 3889 veritate
1062 3835 1180 3905 ipsa
1206 3834 1593 3889 concluserunt
1620 3850 1726 3900 me,
1758 3841 1815 3888 ut
1839 3834 1937 3888 tibi
1968 3848 2061 3888 ac-

488 3926 865 3995 quiescerem;
898 3924 952 3978 in
980 3925 1315 3980 conscientia
1345 3932 1528 3979 tamen
1573 3940 1693 3980 mea
1744 3933 1870 3980 sunt
1900 3925 2057 3995 quasi

487 4017 731 4087 quaedam
763 4016 1006 4085 reliquiae
1036 4015 1287 4082 febrium,
1326 4032 1445 4087 quae
1472 4017 1751 4086 paululum
1781 4034 1867 4072 me
1896 4032 1926 4071 a
1954 4016 2057 4072 lide

2232 3654 2342 3712 Kal
2374 3659 2402 3709 6
2436 3660 2643 3731 πατήρ·
2677 3660 2955 3730 Σὺγγνωθί
2987 3681 3096 3734 μοι,
3120 3658 3164 3717 ὦ
3184 3665 3406 3718 τέκνον·
3430 3668 3481 3719 οἱ
3506 3669 3608 3738 μὲν
3638 3668 3743 3741 γὰρ

2162 3747 2290 3819 χθές
2321 3767 2412 3802 σου
2450 3751 2596 3820 λόγοι
2624 3752 2841 3825 ἀληθεῖς
2869 3756 3017 3819 ὄντες
3052 3757 3463 3826 συνελογίσαντό
3497 3778 3592 3831 μοι
3622 3781 3742 3816 συν-

2164 3839 2349 3894 θέσθαι
2400 3846 2581 3915 σοι·ή
2635 3845 2692 3898 δὲ
2737 3845 2843 3916 ἐμὴ
2881 3849 3182 3919 συνείδησις
3217 3853 3390 3922 μικρά
3440 3872 3509 3925 με
3559 3855 3745 3930 ὥσπερ

2161 3935 2394 4007 πυρετοῦ
2438 3934 2702 4009 ἔλλειμμα
2735 3939 2869 4011 πρὸς
2899 3941 3153 3996 ἀπιστίαν
3183 3943 3389 4015 βραχέα
3422 3947 3707 4017 βασανίζει
3727 3967 3740 3981 ·

2164 4025 2377 4081 σύνοιδα
2406 4027 2514 4100 γὰρ
2542 4029 2762 4102 ἐμαυτῷ
2788 4031 2857 4085 τὰ
2883 4033 2989 4104 τῆς,
3027 4035 3277 4103 γενέσεως
3298 4040 3477 4096 πάντα
3499 4060 3596 4112 μοι
3618 4044 3750 4095 ἀτρο-

487 4107 644 4176 quasi
695 4122 725 4161 a
777 4108 1010 4163 sanitate
1048 4107 1367 4173 retrahunt;
1408 4108 1717 4164 discrucior
1760 4109 1904 4164 enim
1935 4110 2059 4180 quia

2164 4118 2491 4177 τελεσθέντα,
2527 4120 2698 4191 Κάγὼ
2744 4124 3163 4199 ἀπεκρινάμην·
3199 4107 3513 4201 Συννόησόνν
3555 4152 3668 4204 μοι,
3702 4128 3749 4188 ὦ

488 4197 605 4253 scio
631 4197 799 4251 multa
830 4197 986 4262 mihi,
1029 4197 1139 4252 imo
1172 4211 1309 4268 pene
1334 4199 1518 4253 omnia
1554 4199 1822 4255 accidisse
1861 4216 2059 4256 secun-

487 4288 617 4344 dum
650 4289 911 4358 genesim.
941 4287 1007 4343 Et
1053 4304 1154 4361 ego
1199 4291 1455 4360 respondi
1484 4311 1497 4346 :
1526 4290 1668 4346 Audi
1695 4308 1846 4364 ergo,
1878 4301 2053 4363 pater,

487 4396 609 4454 quae
630 4382 701 4438 sit
721 4382 985 4439 mathesis
1006 4391 1222 4449 natura,
1247 4393 1302 4440 et
1332 4384 1497 4440 facito
1527 4386 1825 4442 secundum
1851 4400 1914 4441 ea
1936 4401 2057 4456 quae

2164 4212 2357 4286 πάτερ,
2392 4213 2509 4266 οἵαν
2560 4214 2718 4284 φύσιν
2769 4216 2879 4287 ἔχει
2923 4217 2985 4271 τὸ
3036 4219 3282 4292 μάθημα,
3315 4221 3374 4287 ἐξ
3404 4218 3481 4277 ὧν
3513 4226 3633 4295 ἐγώ
3666 4244 3748 4282 σοι

2164 4302 2534 4374 συμϐουλεύω.
2568 4307 2946 4380 Μαθηματικῷ
2994 4311 3301 4382 συμϐαλὼν,
3350 4317 3472 4370 εἰπὲ
3525 4322 3749 4391 πρῶτον

2161 4395 2310 4466 αὐτῷ
2342 4397 2421 4449 ὅτι
2452 4398 2576 4450 τάδε
2612 4416 2701 4469 μοι
2734 4399 2909 4468 φαῦλα
2942 4402 3000 4455 ἐν
3032 4403 3167 4475 τῷδε
3188 4406 3265 4480 τῷ
3283 4408 3460 4480 χρόνῳ
3479 4412 3745 4479 γέγονεν·

487 4474 613 4535 dico
646 4472 905 4533 tibi.Vide
933 4476 1398 4543 mathematicum,
1428 4485 1481 4531 et
1512 4477 1601 4532 dic
1630 4478 1678 4533 ei
1712 4478 1907 4547 primo,
1928 4478 2055 4549 quia

2164 4489 2224 4541 ἐκ
2252 4488 2399 4553 τίνος
2424 4492 2532 4563 ἄρα
2563 4509 2651 4563 μοι
2682 4493 2790 4548 τῶν
2822 4472 3503 4573 ἀστέρωνήγέγονε-μαθεῖν
3524 4472 3745 4576 ἧθελον.

486 4565 617 4618 talia
641 4565 885 4637 quaedam
909 4566 1040 4623 mihi
1064 4567 1378 4622 acciderunt
1406 4568 1547 4621 mala
1571 4568 1625 4622 iu
1656 4568 1749 4627 illo
1777 4576 2054 4639 tempore;

488 4656 634 4713 unde
658 4673 818 4728 ergo,
850 4665 944 4712 aut
980 4659 1284 4729 quomodo,
1324 4668 1417 4714 aut
1460 4676 1557 4730 per
1585 4676 1722 4731 quas
1752 4661 1881 4715 mihi
1916 4660 2059 4716 acci-

488 4748 670 4809 derint
713 4748 919 4814 stellas,
947 4748 1158 4805 discere
1202 4751 1347 4806 vnlo.
1380 4750 1749 4822 Respondebit
1800 4752 1898 4806 tibi
1942 4752 2059 4809 sine

488 4840 676 4903 dubio,
710 4842 839 4911 quia
871 4851 1113 4913 tempora
1147 4849 1239 4900 tua
1278 4845 1588 4901 malitiosus
1618 4846 1858 4915 suscepit
1891 4843 2055 4910 Mars,

490 4943 583 4995 aut
626 4931 931 5001 Saturnus;
986 4946 1080 4990 aut
1128 4938 1325 5008 aliquis
1363 4954 1553 4995 eorum
1598 4940 2056 5010 apocatastaticus

492 5027 627 5091 fuit;
660 5032 752 5080 aut
779 5026 978 5097 aliquis
1018 5043 1220 5089 annum
1249 5038 1401 5084 tuum
1433 5031 1645 5101 aspexit
1674 5046 1741 5086 ex
1767 5031 2054 5098 diametro,

487 5124 583 5174 aut
611 5118 959 5185 conjunctus,
988 5128 1081 5174 aut
1113 5121 1167 5175 in
1214 5128 1435 5188 centro;
1483 5122 1567 5206 vel
1607 5122 1712 5176 alia
1741 5123 1827 5179 his
1857 5124 2057 5178 similia

488 5211 838 5281 respondebit
869 5231 882 5267 :
914 5211 1122 5268 addens
1162 5215 1289 5284 quia
1325 5215 1380 5270 in
1428 5216 1515 5271 his
1553 5216 1811 5272 omnibus
1858 5216 2057 5287 aliquis

488 5310 582 5362 aut
606 5303 905 5373 asyndetus
933 5303 1036 5358 fuit
1061 5321 1186 5360 cum
1222 5307 1387 5372 malo,
1421 5316 1515 5364 aut
1546 5308 1860 5374 invisibilis,
1892 5308 2054 5362 autin

487 5394 786 5460 schemate,
806 5403 902 5450 aut
926 5404 1081 5453 extra
1110 5397 1380 5466 haeresim,
1405 5406 1499 5454 aut
1524 5400 1803 5465 deﬁciens,
1834 5409 1929 5455 aut
1947 5416 2056 5467 non

487 5487 832 5556 contingens,
859 5496 953 5543 aut
983 5490 1038 5543 in
1061 5492 1312 5547 obscuris
1336 5491 1541 5558 stellis;
1564 5499 1629 5565 et
1647 5493 1816 5549 multa
1839 5494 1944 5548 alia
1970 5494 2056 5551 his

487 5581 711 5649 similia,
740 5585 1039 5641 secundum
1093 5587 1330 5645 rationes
1384 5589 1636 5659 proprias
1684 5591 2051 5663 respondebit,

484 5679 540 5733 et
583 5675 651 5731 de
699 5677 930 5747 singulis
978 5679 1295 5751 assignabit.
1326 5679 1458 5736 Post
1503 5681 1648 5738 hunc
1696 5684 1861 5741 alium
1909 5684 2056 5742 adito

563 5828 677 5900 (77)
712 5832 1111 5901 Πλευστικήν.
1142 5832 1304 5894 Forte
1333 5835 1651 5907 πλαστικήν.

2160 4582 2267 4672 βα).
2296 4581 2411 4654 ἐρεῖ
2436 4584 2516 4636 ὅτι
2542 4586 2668 4647 τοὺς
2696 4586 2921 4658 χρόνους
2952 4592 3241 4655 κακοποιὸς
3270 4593 3539 4660 διεδέξατο
3570 4603 3747 4672 Ἀρης

2160 4669 2192 4742 ἢ
2234 4671 2439 4742 Κρόνος
2469 4673 2502 4744 ἢ
2534 4673 2737 4727 τούτων
2769 4692 2852 4740 τις
2883 4678 3385 4747 ἀποκαταστατικὸς
3412 4669 3677 4754 ἐγένετο·
3706 4669 3744 4763 -ἧ

2157 4762 2248 4817 τὸν
2280 4765 2520 4819 ἐνιαυτὸν
2538 4764 2725 4821 τοῦτόν
2755 4783 2839 4831 τις
2866 4768 3239 4843 ἐπεθεὼρησεν
3270 4776 3335 4827 ὲκ
3364 4762 3744 4850 τετραγώνου,

2156 4853 2190 4928 ἢ
2223 4854 2536 4928 διαμέτρου,
2570 4856 2603 4929 ἢ
2636 4857 2827 4943 συνὼν,
2861 4860 2894 4932 ἢ
2928 4867 3365 4938 κεκεντρωμένος
3396 4870 3428 4941 ἢ
3466 4876 3632 4945 παρὰ
3664 4880 3749 4931 αῖ.

2158 4965 2326 5020 ρεσιν,
2360 4951 2509 5024 όμῶς
2552 4951 2645 5004 καὶ
2689 4951 2822 5005 ἄλλα
2855 4953 3021 5025 μυρία
3051 4957 3224 5011 εἰπεῖν
3256 4957 3367 5031 ἔχει
3389 4979 3403 4992 ·
3440 4965 3585 5036 πρὸς
3619 4970 3747 5023 τού.

2154 5059 2266 5106 τοις
2297 5043 2375 5108 δὲ,
2408 5044 2441 5115 ἢ
2476 5044 2806 5114 ἀγαθοποιός
2837 5048 2993 5120 κακῷ
3037 5050 3299 5118 ἀσύνετος
3342 5052 3429 5127 ἦν,
3466 5059 3499 5129 ἢ
3545 5062 3748 5116 ἀνεπι..

2156 5136 2444 5207 θεώρητος,
2473 5139 2506 5210 ἦ
2541 5140 2597 5192 ὲν
2631 5141 2943 5213 σχήματι,ἢ
2982 5144 3129 5216 παρά
3159 5146 3441 5221 αῖρεσιν,ἥ
3473 5154 3532 5204 ὲν
3558 5156 3745 5210 ἐκλεί-

2154 5228 2330 5299 ψει,ἦ
2385 5230 2867 5306 ἀνεπισύναφος,ῆ
2918 5237 2975 5289 ὲν
3023 5237 3291 5311 ἀμαυροῖς
3335 5241 3593 5314 ἀστροῖς·
3650 5252 3743 5302 καὶ

2153 5320 2302 5393 ὁμῶς
2347 5322 2556 5376 πολλῶν
2590 5326 2912 5397 προφάσεων
2943 5329 3136 5393 οὐσῶν,
3171 5333 3307 5402 πρὸς
3336 5333 3372 5387 ἃ
3402 5335 3609 5405 ἤκουσε
3644 5339 3744 5403 τὰς

2153 5415 2450 5481 ἀποδείξεις
2482 5422 2781 5491 παρασχεῖν
2818 5420 2948 5492 ἔχει.
2980 5422 3133 5477 Μετά
3163 5424 3351 5479 τοῦτον
3373 5423 3469 5482 οὖν
3502 5429 3600 5483 τὸν
3635 5450 3739 5502 μα-

2154 5508 2452 5580 θηματικὸν
2485 5511 2656 5582 ἑτέρῳ
2688 5512 3020 5583 προσελθὼν,
3052 5514 3121 5568 τά
3150 5517 3367 5572 ἐναντία
3415 5523 3539 5575 είπέ
3560 5539 3576 5553 ·
3615 5526 3733 5579 Ὅτι

2153 5599 2269 5654 τόδε
2305 5618 2394 5673 μοι
2420 5601 2483 5655 τὸ
2515 5602 2715 5672 ἀγαθὸν
2747 5605 2805 5658 ὲν
2836 5604 2971 5676 τῷδε
3004 5606 3081 5678 τῷ
3109 5609 3283 5680 χρόνῳ
3316 5612 3538 5682 γέγονε·
3576 5618 3645 5671 σὺ
3673 5617 3728 5669 δὲ

2152 5693 2243 5749 τὸν
2280 5693 2468 5766 χρόνον
2499 5695 2588 5750 τὸν
2620 5691 2780 5752 αὑτὸν
2800 5697 2955 5768 λέγε·
2990 5701 3209 5758 ἀπαίτει
3252 5704 3309 5758 δὲ
3350 5707 3415 5759 ὲκ
3443 5707 3592 5773 τινος
3620 5710 3731 5782 ἄρα
