4030 6342
304 325 451 383 ωδ

1424 312 1998 377 RECOGNITIONES.
2031 349 2102 361 —
2129 318 2496 379 APPENDIX.
2540 376 2545 383 .

3424 330 3563 389 1474

298 442 401 515 τῆς
427 437 693 512 γενέσεως
730 436 888 494 τοῦτο
924 437 1132 507 γέγονεο
1168 434 1263 491 καὶ
1294 436 1462 508 ὅμως,
1495 435 1572 501 ὡς
1600 440 1868 509 προεῖπον

1987 435 2457 504 mathematicum,
2486 444 2541 494 et
2566 432 2736 495 dicito
2763 436 3042 497 contraria
3063 461 3076 499 :
3095 438 3234 511 Quia
3266 445 3400 504 illud
3428 450 3564 509 mihi

300 534 437 607 ἔχει,
474 532 566 587 σοῦ
614 531 1118 603 καταψευσαμένου,
1149 528 1312 593 αὐτὸς
1341 530 1404 583 ἐκ
1431 528 1637 583 πολλῶν
1670 530 1882 603 σχημά-

297 646 409 683 των
453 628 513 682 ἐν
556 645 610 681 τι
650 627 829 700 εὑρεῖν
861 618 1045 696 σχῆμα
1067 659 1084 690 ,
1117 623 1212 677 καὶ
1251 620 1522 694 δεύτερον,
1555 622 1650 676 καὶ
1675 622 1878 695 τρίτον,

297 721 396 775 καὶ
439 720 693 784 πλείονα,
734 718 810 783 ὡς
856 708 987 771 αὐτὸ
1030 715 1367 789 ἐνεργῆσαν,
1415 714 1536 769 ὅθεν
1582 713 1653 768 τά
1699 713 1880 784 ἀγαθά

298 816 417 887 ἐρεῖ
440 814 793 886 γεγενῆσθαι·
830 810 1088 866 ἀδύνατον
1133 809 1242 881 γὰρ
1270 810 1330 863 ἐν
1361 808 1513 883 πάσῃ
1543 806 1753 878 γενέσει
1784 810 1878 862 ἀν-

299 905 554 979 θρώπων,
592 908 664 979 μὴ
714 906 772 960 ἐν
821 906 972 979 πάσῃ
1016 900 1134 976 ὥρᾳ
1179 903 1289 957 τῶν
1320 904 1585 977 ἀστέρων,
1618 906 1745 971 τοὺς
1780 902 1878 977 μὲν

294 999 479 1063 καλῶς
529 999 758 1064 κεῖσθαι,
791 999 919 1063 τοὺς
964 996 1021 1051 δὲ
1064 997 1287 1062 κακῶς⁶
1324 996 1523 1063 κύκλος
1570 997 1679 1071 γάρ
1729 1000 1877 1053 ἐστιν

298 1091 556 1165 ἰσομερὴς
599 1092 879 1156 ποικίλος,
928 1090 1188 1164 ἀπείρους
1234 1091 1373 1163 έχων
1410 1091 1510 1156 τάς
1553 1092 1873 1163 προφάσεις,

294 1183 432 1255 πρὸς
461 1184 526 1246 ἃς
566 1183 796 1245 ἕκαστος
827 1185 1000 1237 εἰπεῖν
1031 1182 1143 1254 ἔχει
1174 1183 1204 1236 ό
1236 1182 1377 1237 Θέλει
1400 1199 1414 1213 ⁸
1448 1183 1508 1237 ὃν
1537 1182 1645 1255 γὰρ
1674 1184 1874 1255 τρόπον

292 1276 386 1328 ἐπὶ
433 1275 541 1329 τῶν
586 1274 754 1340 λοξῶν
803 1275 1026 1346 ὀνείρων
1068 1276 1239 1329 ἐνίοτε
1274 1270 1426 1329 οὐδὲν
1462 1274 1708 1347 νοοῦμεν,
1736 1276 1873 1328 ἀπο-

293 1365 499 1421 ὅάντων
530 1368 587 1421 δὲ
621 1367 958 1439 οἰκειοτάτην
991 1368 1372 1440 προσφέρομεν
1398 1368 1644 1421 ἐπίλυσιν
1663 1378 1677 1398 ⁶
1700 1365 1873 1431 οὓτως

291 1460 384 1513 καὶ
431 1460 493 1513 τὸ
544 1460 804 1531 μάθημα*
840 1458 946 1532 πρὸ
992 1460 1087 1513 τοῦ
1136 1477 1189 1514 τι
1238 1459 1684 1529 ἀποτελεσθῆναι,
1718 1457 1871 1513 οὐδὲν

293 1551 459 1622 σαφὲς
489 1553 620 1623 ἡμῖν
646 1549 881 1623 μηνῦσαι
922 1550 1144 1606 δύναται
1162 1569 1177 1583 ο
1216 1552 1354 1624 μετά
1383 1553 1441 1607 δὲ
1466 1553 1565 1623 τὴν
1595 1552 1689 1606 τοῦ
1721 1570 1873 1621 γενο-

293 1643 452 1715 μένου
482 1642 739 1723 ἱστορξαν,
765 1644 885 1697 τότε
926 1644 1189 1717 πρόδηλος
1216 1647 1250 1715 ἡ
1285 1645 1385 1715 τῆς
1416 1643 1693 1707 ἐκϐάσεως
1723 1643 1870 1697 αἰτία

289 1734 565 1804 φαίνεται·
602 1735 860 1800 πολλάκις
890 1735 985 1807 μὲν
1017 1733 1109 1791 οῦν
1138 1737 1187 1790 οἱ
1214 1734 1570 1808 προλέγοντες
1593 1736 1865 1798 πταίουσι,

286 1828 381 1881 καὶ
425 1825 561 1898 μετά
606 1828 705 1899 τὴν
754 1827 973 1883 ἔκϐασιν
1006 1831 1231 1909 ἐαυτοὺς
1266 1831 1585 1901 μέμφονται,
1619 1829 1867 1898 λέγοντες

286 1918 368 1971 ὅτι
395 1919 513 1972 τόδε
544 1914 613 1991 ἢν
640 1918 702 1972 τὸ
729 1922 980 1992 ποιῆσαν,
1014 1922 1108 1975 καὶ
1137 1921 1237 1974 οὐκ
1270 1922 1500 1993 εἴδομεν.
1536 1920 1609 1974 Τὸ
1644 1921 1743 1994 μὲν
1770 1918 1866 1975 οὖν

285 2010 381 2065 καὶ
427 2011 553 2074 τοὺς
599 2011 739 2065 πάνυ
790 2012 1160 2085 ἐπιστήμονας
1192 2012 1424 2077 πταίειν,
1454 2012 1660 2082 γίνεται
1688 2012 1775 2067 διά
1804 2010 1865 2068 τὸ

289 2103 363 2175 μὴ
412 2101 627 2171 εἰδέναι,
665 2104 741 2169 ὡς
782 2106 908 2176 χθὲς
952 2105 1108 2176 ἔφην,
1146 2109 1273 2159 ποῖα
1318 2105 1536 2170 πάντως
1573 2106 1675 2177 τῆς
1713 2107 1865 2175 γενέέ

287 2211 424 2259 σεως
454 2196 600 2249 αἴτια
634 2196 744 2269 (78)
773 2198 1001 2265 γίνεται,
1020 2200 1147 2250 ποῖα
1177 2197 1234 2251 δὲ
1259 2198 1321 2252 οῦ
1352 2199 1588 2263 πάντως,
1618 2200 1710 2253 καὶ
1735 2204 1863 2254 ποῖα

284 2287 501 2352 πάντως
532 2290 752 2361 ποιῆσαι
784 2290 1176 2361 ἐπιθυμοῦμεν,
1210 2291 1271 2345 οὒ
1318 2290 1534 2355 πάντως
1574 2292 1631 2345 δὲ
1679 2291 1864 2345 ποιοῦ-

287 2398 416 2454 μενο
452 2383 532 2435 ὅτι
564 2384 660 2453 ἥδε
691 2386 723 2455 η
756 2383 902 2437 αἰτία
932 2386 1066 2455 ἡμῖν
1110 2385 1224 2449 τοῖς
1277 2384 1575 2456 μυστήριον
1612 2385 1861 2457 μεμαθηκ-

282 2475 423 2538 κόσι,
456 2477 632 2547 σαφής
674 2477 820 2530 ἐστιν
844 2493 855 2503 ·
888 2477 969 2530 ὅτι
1008 2475 1290 2549 ἐλεύθερον
1329 2475 1541 2547 ἔχοντες
1583 2476 1860 2549 λογισμὸν,

283 2567 449 2621 ἐνίοτε
483 2568 697 2639 ἐπέχειν
740 2569 948 2642 ταύτην
993 2568 1427 2641 βουλευσάμενοι,
1461 2571 1858 2643 νενικήκαμεν·

281 2661 329 2714 οἱ
361 2661 418 2715 δὲ
450 2662 763 2733 ἀστρολόγοι
793 2662 950 2718 τοῦτο
979 2663 1109 2717 αὐτὸ
1148 2662 1208 2716 τὸ
1251 2664 1566 2736 μυστήριον,
1596 2665 1725 2736 περὶ
1755 2663 1863 2718 πά-

283 2770 383 2825 σης
411 2753 782 2826 προαιρέσεως
809 2755 1218 2827 ἀποφηνάμενοι
1248 2755 1305 2823 ἐξ
1323 2757 1516 2827 ἀρχῆς,
1536 2756 1860 2820 πταίσαντες

279 2849 403 2909 τοὺς
435 2847 813 2919 κλιμακτῆρας
845 2848 1160 2920 ἐπενόησαν,
1197 2850 1277 2911 εἰς
1320 2848 1623 2920 ἀδηλότητα
1670 2847 1857 2901 ποιού-

283 2957 431 3009 μενοι
475 2940 574 3010 τὴν
618 2941 953 3012 προαίρεσιν,
980 2940 1055 3005 ὡς
1102 2940 1227 3012 χθὲς
1270 2939 1648 3011 ἀπεδείξαμεν.
1681 2942 1752 2994 Σὺ
1798 2940 1856 2994 δὲ

277 3029 371 3082 τοῦ
403 3030 587 3084 λοιποῦ
621 3031 756 3102 πρὸς
786 3031 957 3085 ταῦτα
992 3032 1047 3086 εἴ
1079 3050 1132 3086 τι
1178 3032 1322 3103 ἔχεις
1345 3032 1539 3095 εἰπεῖν,
1570 3032 1717 3100 λέγε.
1744 3033 1856 3085 Καὶ

1983 526 2113 583 boni
2144 528 2374 600 contigit
2416 530 2472 583 in
2506 530 2602 585 illo
2643 539 2920 603 tempore;
2971 542 3189 607 tempus
3231 546 3411 596 autem
3458 540 3567 598 hoc

1981 617 2126 673 idem
2150 618 2318 673 dicito
2354 620 2454 676 :‘et
2496 621 2715 691 require
2740 637 2809 678 ex
2838 624 3041 695 quibus
3069 628 3318 697 partibus
3349 632 3567 701 genesis

1980 709 2086 766 hoc
2115 710 2216 767 tibi
2244 712 2489 767 evenerit
2518 713 2683 781 boni;
2717 722 2773 771 et
2801 725 3068 788 tempora,
3101 726 3161 773 ut
3186 720 3320 788 dixi,
3368 726 3561 782 eadem

1978 819 2103 874 qua:
2130 804 2197 860 de
2225 805 2386 863 malis
2405 806 2866 878 interrogaveras,
2892 811 3170 867 custodito
3200 833 3213 868 :
3239 829 3475 887 cumque
3506 828 3564 875 tu

1980 893 2237 953 fefelleris
2284 898 2351 954 de
2404 899 2767 969 temporibus,
2803 900 2929 958 vide
2959 911 3163 974 quanta
3192 906 3289 962 tibi
3325 907 3566 967 inveniet

1978 988 2280 1056 schemata,
2312 1005 2410 1061 per
2437 1007 2559 1062 quae
2586 991 2841 1048 ostendat
2870 996 3019 1064 quod
3050 996 3149 1052 tibi
3192 997 3249 1053 in
3290 1000 3400 1058 illis
3429 1002 3565 1073 ipsis

1979 1082 2319 1154 temporibus
2386 1083 2606 1140 evenire
2656 1086 2946 1142 debuerint
2992 1088 3135 1144 bona
3170 1107 3184 1145 :
3224 1090 3565 1162 impossibile
3614 1089 3617 1092 ⁴

1976 1177 2123 1232 enim
2168 1183 2254 1233 est
2300 1176 2583 1232 hominum
2628 1178 2870 1249 genesim
2914 1182 3306 1249 tractantibus,
3346 1200 3457 1240 non
3503 1187 3563 1243 in

1974 1269 2125 1326 omni
2165 1283 2330 1340 quam
2374 1268 2568 1323 dicunt
2598 1270 2819 1340 regione
2847 1272 3133 1329 stellarum
3164 1289 3382 1347 semper
3409 1277 3564 1333 inve-

1974 1366 2093 1420 nire
2122 1364 2390 1435 quasdam
2429 1363 2569 1419 bene
2596 1364 2806 1434 positas
2833 1367 3044 1431 stellas,
3066 1375 3126 1424 et
3149 1370 3415 1439 quasdam
3445 1387 3566 1425 ma-

1972 1458 2024 1514 le
2050 1476 2063 1512 :
2092 1457 2334 1512 circulus
2362 1457 2511 1513 enim
2540 1463 2626 1513 est
2653 1457 2939 1528 aequaliter
2964 1473 3033 1514 ex
3062 1461 3211 1516 omni
3259 1471 3412 1532 parte
3447 1464 3564 1517 col-

1972 1548 2147 1604 lectus
2174 1548 2473 1605 secundum
2507 1548 2819 1614 mathesim,
2853 1550 3101 1607 diversas
3131 1560 3185 1607 et
3211 1553 3393 1609 varias
3420 1556 3564 1609 acci-

1971 1642 2126 1712 piens
2156 1657 2376 1707 causas,
2403 1657 2470 1697 ex
2492 1642 2695 1712 quibus
2722 1644 3070 1699 occasionem
3091 1646 3313 1715 capiant
3335 1647 3560 1703 dicendi

1970 1736 2115 1805 quod
2143 1736 2356 1790 volunt.
2396 1732 2551 1789 Sicut
2580 1735 2726 1790 enim
2756 1734 2872 1791 ﬁeri
2896 1737 3037 1792 solet
3065 1737 3157 1791 ubi
3184 1738 3398 1792 somnia
3418 1739 3560 1794 obli-

1970 1842 2079 1898 qua
2125 1826 2365 1883 viderint
2412 1826 2683 1892 homines,
2712 1834 2767 1881 ct
2818 1826 2957 1881 nihil
3008 1828 3146 1884 certi
3203 1828 3554 1899 intelligunt;

1969 1934 2095 1975 cum
2144 1919 2343 1989 aliquis
2391 1920 2699 1976 occurrerit
2748 1919 2930 1974 exitus
2974 1935 3181 1986 rerum,
3211 1928 3346 1974 tunc
3390 1921 3459 1975 ad
3492 1937 3558 1978 ea

1969 2026 2089 2082 quae
2122 2010 2422 2066 acciderint
2453 2012 2640 2081 aptant
2667 2011 2831 2065 etiam
2864 2012 3065 2066 somnii
3087 2012 3266 2066 visum
3294 2028 3308 2077 ;
3354 2012 3427 2066 ita
3470 2020 3557 2068 est

1965 2113 2020 2159 et
2048 2102 2311 2158 m‘athesis
2343 2119 2359 2159 :
2395 2110 2689 2174 antequam
2718 2103 2926 2174 aliquid
2955 2103 3068 2169 ﬁat,
3095 2104 3229 2159 certi
3261 2105 3399 2158 nihil
3423 2120 3554 2175 pro-

1965 2195 2289 2261 nuntiatur;
2325 2203 2517 2265 postea
2547 2209 2678 2251 vero
2713 2210 2880 2267 quam
2912 2196 3119 2266 aliquid
3146 2196 3430 2263 acciderit,
3472 2199 3553 2253 rci

1961 2286 2074 2356 jam
2104 2294 2269 2357 gesta:
2290 2288 2556 2359 colligunt
2572 2303 2789 2344 causas.
2809 2287 3056 2360 Denique
3089 2289 3405 2361 frequenter
3425 2306 3552 2345 cum

1964 2378 2289 2441 erraverint,
2322 2387 2376 2434 et
2425 2380 2583 2435 aliter
2630 2396 2720 2436 res
2772 2381 3055 2449 acciderit,
3092 2383 3420 2453 semctipsos
3465 2384 3553 2439 in-

1964 2478 2212 2542 crepant,
2230 2471 2477 2528 dicentes
2504 2473 2631 2543 quia
2659 2472 2753 2528 illa
2782 2473 2884 2528 fuit
2909 2474 3066 2530 stella
3092 2490 3213 2545 quae
3243 2474 3547 2546 impedivit,

1963 2581 2085 2638 quae
2134 2566 2394 2632 occurrit,
2426 2575 2480 2622 et
2508 2584 2619 2623 non
2650 2569 2922 2635 vidimus;
2965 2570 3279 2641 ignorantes
3305 2570 3432 2641 quia
3461 2587 3551 2626 er-

1962 2674 2056 2714 ror
2082 2675 2273 2715 eorum
2309 2675 2420 2714 non
2454 2676 2523 2716 ex
2552 2661 2689 2715 artis
2723 2660 3117 2732 imprudentia,
3148 2661 3245 2717 sed
3286 2676 3352 2717 ex
3382 2663 3549 2718 totius

1960 2767 2141 2808 causa:
2159 2752 2598 2810 inconvenientia
2622 2757 2907 2812 descendit
2931 2776 2944 2811 :
2975 2756 3230 2829 ignorant
3254 2758 3398 2812 enim
3423 2772 3547 2827 qua:

1961 2846 2091 2908 sint,
2117 2862 2237 2916 qum
2266 2845 2446 2901 facere
2467 2847 2690 2916 quidem
2711 2850 3191 2919 concupiscamus,
3222 2865 3333 2904 non
3360 2859 3545 2905 tamen

1959 2936 2341 3008 indulgeamus
2384 2941 2870 3010 concupiscentiis.
2908 2939 3020 2997 Nos
3058 2951 3241 2996 autem
3285 2942 3381 3013 qui
3427 2958 3549 3013 my-

1959 3029 2114 3084 sterii
2140 3029 2307 3099 hujus
2337 3030 2631 3088 didicimus
2661 3031 2955 3096 rationem,
2978 3032 3185 3087 scimus
3210 3039 3262 3087 et
3295 3047 3543 3098 causam;

277 3121 480 3195 ὀμόσας
508 3124 616 3194 (79)
653 3126 985 3197 ἀπεκρίνατο
1009 3160 1024 3189 ,
1062 3120 1225 3197 μηδὲν
1252 3124 1455 3178 τούτων
1500 3124 1857 3198 ἀληθέστερον

1969 3121 2087 3192 quia
2122 3122 2428 3177 libertatem
2459 3124 2724 3179 habentes
2753 3123 2987 3188 arbitrii,
3020 3124 3295 3179 interdum
3330 3139 3540 3179 concu—

278 3210 417 3269 εἶναι
444 3210 516 3270 ὧν
546 3212 725 3280 εἶπας.

1969 3214 2244 3285 piscentiis
2281 3216 2626 3280 obsistimus,
2676 3215 2953 3271 interdum
2986 3215 3234 3271 cedimus
3270 3234 3285 3272 :
3318 3224 3372 3270 et
3418 3216 3542 3271 ideo

279 3306 642 3362 humanorum
685 3317 962 3380 gestorum
1003 3308 1245 3366 incertus
1275 3315 1360 3365 est
1394 3309 1607 3374 exitus;
1641 3307 1771 3378 quia
1800 3309 1858 3363 in
1879 3307 2130 3364 libertate
2159 3308 2358 3380 pendet
2389 3308 2620 3363 arbitrii.
2679 3306 2815 3361 Nam
2866 3309 3373 3380 concupiscentiam
3416 3310 3542 3379 qui-

278 3398 424 3461 dem,
447 3414 609 3468 quam
639 3408 895 3468 Operatur
922 3401 1161 3472 maligna
1192 3402 1387 3465 virtus,
1408 3405 1588 3472 potest
1615 3398 1861 3455 indicare
1889 3399 2310 3457 mathematicus
2358 3421 2371 3455 :
2421 3399 2516 3456 sed
2568 3400 2616 3456 si
2662 3400 3124 3477 concupiscentiae
3175 3401 3340 3471 hujus
3383 3411 3541 3459 actus

277 3493 377 3547 vel,
408 3496 589 3549 exitus
636 3494 846 3564 impleri
898 3497 1094 3566 possit,
1122 3510 1224 3550 nec
1263 3511 1364 3561 ne,
1399 3495 1526 3565 quia
1565 3496 1620 3550 in
1649 3495 1859 3550 arbitrii
1887 3494 2137 3552 libertate
2167 3504 2273 3559 est,
2316 3497 2447 3552 sciri
2476 3504 2603 3551 ante
2630 3497 2881 3552 eli'ectum
2913 3497 2992 3551 rei
3038 3511 3068 3551 a
3123 3496 3276 3552 nullo
3326 3490 3557 3569 potest:

277 3592 333 3641 et
376 3574 481 3639 hoc
528 3594 612 3641 est
656 3586 802 3657 quod
852 3586 1167 3659 ignorantes
1216 3588 1479 3661 astrologi
1524 3587 1857 3644 invenerunt
1924 3589 2051 3655 sibi,
2117 3598 2177 3643 ut
2228 3589 2573 3643 climacteras
2616 3589 2885 3654 dicerent,
2928 3588 3012 3645 rei
3059 3589 3272 3645 scilicet
3314 3590 3537 3646 incerta:

275 3677 542 3747 perfugia,
570 3677 711 3732 sicut
734 3677 995 3734 hesterno
1024 3680 1343 3751 plenissime
1372 3679 1734 3738 ostendimus.
1768 3679 1851 3735 Ad
1886 3680 2003 3737 haec
2052 3681 2101 3737 si
2151 3681 2281 3753 quid
2331 3681 2429 3736 tibi
2471 3679 2763 3738 dicendum
2799 3681 3040 3753 videtur,
3072 3682 3261 3741 dicito.
3324 3682 3391 3739 Et
3440 3700 3537 3755 pa-

276 3784 361 3830 ter
395 3790 408 3829 :
442 3773 585 3828 Nihil
614 3775 818 3840 verius,
850 3774 1048 3847 inquit,
1080 3776 1177 3845 ﬁli,
1208 3776 1314 3849 _his
1360 3791 1482 3850 qua:
1524 3782 1850 3847 prosecutus
1877 3792 1958 3833 es.

347 3949 458 4025 ('18)
495 3954 684 4011 Αἷτια.
714 3952 799 4009 Al.
833 3954 1001 4011 αἰτία.
1514 3949 1539 3960 ⁷

2025 3951 2137 4028 (79)
2173 3954 2285 4010 Kal
2311 3954 2484 4025 ὀμόσ.
2514 3954 2600 4012 Al.
2632 3954 2730 4012 xui.
2753 3952 2783 4004 ὁ
2810 3954 3013 4032 πατήρ.
