  <div class='ocr_page' id='page_1' title='image "/cluster/home/n/w/nwhite01/storage/ocr_20150623/1/umn.31951002477295j/012.png"; bbox 0 0 4060 6356; ppageno 0'>
   <div class='ocr_carea' id='block_1_1' title="bbox 223 513 3657 580">
    <p class='ocr_par' dir='ltr' id='par_1_1' title="bbox 277 527 3636 539">
     <span class='ocr_line' id='line_1_1' title="bbox 277 527 3636 539; baseline -0 -2"><span class='ocrx_word' id='word_1_1' title='bbox 277 527 1622 538; x_wconf 53' lang='lat'>_‘—~_—._———————-—-—————-—-——-</span> <span class='ocrx_word' id='word_1_2' title='bbox 1651 531 2412 538; x_wconf 63' lang='lat'>_.—-_—-——--——-_-—-</span> <span class='ocrx_word' id='word_1_3' title='bbox 2455 533 2534 539; x_wconf 76' lang='lat'>—_</span> <span class='ocrx_word' id='word_1_4' title='bbox 2595 532 2902 538; x_wconf 71' lang='lat'>_-</span> <span class='ocrx_word' id='word_1_5' title='bbox 2937 531 3410 538; x_wconf 62' lang='lat'>--_—-_</span> <span class='ocrx_word' id='word_1_6' title='bbox 3433 530 3636 537; x_wconf 58' lang='grc' dir='ltr'>--δ</span> 
     </span>
    </p>
   </div>
   <div class='ocr_carea' id='block_1_2' title="bbox 1496 773 2389 909">
    <p class='ocr_par' dir='ltr' id='par_1_2' title="bbox 1496 773 2389 909">
     <span class='ocr_line' id='line_1_2' title="bbox 1496 773 2389 909; baseline 0.006 -4"><span class='ocrx_word' id='word_1_7' title='bbox 1496 773 2389 909; x_wconf 76' lang='grc' dir='ltr'>ΡΒλἘΕΑΤΙΟ.</span> 
     </span>
    </p>
   </div>
   <div class='ocr_carea' id='block_1_3' title="bbox 282 1301 3645 1376">
    <p class='ocr_par' dir='ltr' id='par_1_3' title="bbox 282 1301 3645 1376">
     <span class='ocr_line' id='line_1_3' title="bbox 282 1301 3645 1376; baseline -0.001 -12"><span class='ocrx_word' id='word_1_8' title='bbox 282 1308 500 1364; x_wconf 80' lang='lat' dir='ltr'>Omnes</span> <span class='ocrx_word' id='word_1_9' title='bbox 524 1306 757 1363; x_wconf 65' lang='lat' dir='ltr'>Latina:</span> <span class='ocrx_word' id='word_1_10' title='bbox 781 1304 997 1376; x_wconf 64' lang='lat' dir='ltr'>linguae</span> <span class='ocrx_word' id='word_1_11' title='bbox 1015 1302 1678 1374; x_wconf 88' lang='lat' dir='ltr'>Patres,scriptoresque</span> <span class='ocrx_word' id='word_1_12' title='bbox 1704 1301 1884 1357; x_wconf 89' lang='lat' dir='ltr'>ecole-</span> <span class='ocrx_word' id='word_1_13' title='bbox 1912 1304 1968 1370; x_wconf 81' lang='grc' dir='ltr'><strong>Α</strong></span> <span class='ocrx_word' id='word_1_14' title='bbox 2001 1318 2110 1357; x_wconf 92' lang='lat' dir='ltr'>usu</span> <span class='ocrx_word' id='word_1_15' title='bbox 2138 1318 2204 1358; x_wconf 92' lang='lat' dir='ltr'>ac</span> <span class='ocrx_word' id='word_1_16' title='bbox 2234 1316 2369 1358; x_wconf 90' lang='lat' dir='ltr'>vera</span> <span class='ocrx_word' id='word_1_17' title='bbox 2399 1303 2740 1359; x_wconf 78' lang='lat' dir='ltr'>auctoritate</span> <span class='ocrx_word' id='word_1_18' title='bbox 2771 1304 2999 1376; x_wconf 58' lang='lat' dir='ltr'>praefari</span> <span class='ocrx_word' id='word_1_19' title='bbox 3032 1319 3149 1359; x_wconf 91' lang='lat' dir='ltr'>non</span> <span class='ocrx_word' id='word_1_20' title='bbox 3181 1304 3487 1376; x_wconf 85' lang='lat' dir='ltr'>supererit.</span> <span class='ocrx_word' id='word_1_21' title='bbox 3528 1305 3645 1361; x_wconf 87' lang='lat' dir='ltr'>Alii</span> 
     </span>
    </p>
   </div>
   <div class='ocr_carea' id='block_1_4' title="bbox 224 1390 1882 1463">
    <p class='ocr_par' dir='ltr' id='par_1_4' title="bbox 224 1390 1882 1463">
     <span class='ocr_line' id='line_1_4' title="bbox 224 1390 1882 1463; baseline -0.005 -10"><span class='ocrx_word' id='word_1_22' title='bbox 224 1397 490 1453; x_wconf 88' lang='lat' dir='ltr'>siasticos</span> <span class='ocrx_word' id='word_1_23' title='bbox 515 1394 998 1460; x_wconf 80' lang='lat' dir='ltr'>iterum,favente</span> <span class='ocrx_word' id='word_1_24' title='bbox 1030 1393 1168 1458; x_wconf 91' lang='lat' dir='ltr'>Deo,</span> <span class='ocrx_word' id='word_1_25' title='bbox 1201 1392 1471 1463; x_wconf 80' lang='lat' dir='ltr'>almaque</span> <span class='ocrx_word' id='word_1_26' title='bbox 1492 1390 1729 1463; x_wconf 79' lang='lat' dir='ltr'>Virgine</span> <span class='ocrx_word' id='word_1_27' title='bbox 1751 1392 1882 1447; x_wconf 87' lang='lat' dir='ltr'>Dei-</span> 
     </span>
    </p>
   </div>
   <div class='ocr_carea' id='block_1_5' title="bbox 225 1481 1883 1559">
    <p class='ocr_par' dir='ltr' id='par_1_5' title="bbox 225 1481 1883 1559">
     <span class='ocr_line' id='line_1_5' title="bbox 225 1481 1883 1559; baseline -0.004 -17"><span class='ocrx_word' id='word_1_28' title='bbox 225 1504 389 1559; x_wconf 85' lang='lat' dir='ltr'>para,</span> <span class='ocrx_word' id='word_1_29' title='bbox 422 1487 482 1541; x_wconf 91' lang='lat' dir='ltr'>in</span> <span class='ocrx_word' id='word_1_30' title='bbox 507 1485 709 1541; x_wconf 85' lang='lat' dir='ltr'>lucem</span> <span class='ocrx_word' id='word_1_31' title='bbox 745 1482 1099 1538; x_wconf 87' lang='lat' dir='ltr'>emittendos</span> <span class='ocrx_word' id='word_1_32' title='bbox 1131 1481 1501 1553; x_wconf 82' lang='lat' dir='ltr'>aggressuri;</span> <span class='ocrx_word' id='word_1_33' title='bbox 1556 1498 1690 1536; x_wconf 91' lang='lat' dir='ltr'>cum</span> <span class='ocrx_word' id='word_1_34' title='bbox 1722 1485 1883 1535; x_wconf 91' lang='lat' dir='ltr'>tanto</span> 
     </span>
    </p>
   </div>
   <div class='ocr_carea' id='block_1_6' title="bbox 225 1570 1883 1643">
    <p class='ocr_par' dir='ltr' id='par_1_6' title="bbox 225 1570 1883 1643">
     <span class='ocr_line' id='line_1_6' title="bbox 225 1570 1883 1643; baseline -0.004 -12"><span class='ocrx_word' id='word_1_35' title='bbox 225 1593 416 1631; x_wconf 80' lang='lat' dir='ltr'>causae</span> <span class='ocrx_word' id='word_1_36' title='bbox 448 1574 799 1631; x_wconf 77' lang='lat' dir='ltr'>Christianae</span> <span class='ocrx_word' id='word_1_37' title='bbox 821 1572 1059 1627; x_wconf 77' lang='lat' dir='ltr'>testium</span> <span class='ocrx_word' id='word_1_38' title='bbox 1084 1570 1325 1643; x_wconf 80' lang='lat' dir='ltr'>agmini,</span> <span class='ocrx_word' id='word_1_39' title='bbox 1350 1572 1482 1642; x_wconf 89' lang='lat' dir='ltr'>quis</span> <span class='ocrx_word' id='word_1_40' title='bbox 1508 1570 1883 1642; x_wconf 89' lang='lat' dir='ltr'>potissimum</span> 
     </span>
    </p>
   </div>
   <div class='ocr_carea' id='block_1_7' title="bbox 229 1662 1882 1738">
    <p class='ocr_par' dir='ltr' id='par_1_7' title="bbox 229 1662 1882 1738">
     <span class='ocr_line' id='line_1_7' title="bbox 229 1662 1882 1738; baseline -0.004 -18"><span class='ocrx_word' id='word_1_41' title='bbox 229 1666 463 1738; x_wconf 70' lang='lat' dir='ltr'>praeiret</span> <span class='ocrx_word' id='word_1_42' title='bbox 493 1662 942 1735; x_wconf 89' lang='lat' dir='ltr'>antesignanus,</span> <span class='ocrx_word' id='word_1_43' title='bbox 974 1676 1261 1732; x_wconf 79' lang='lat' dir='ltr'>perpensa</span> <span class='ocrx_word' id='word_1_44' title='bbox 1292 1665 1644 1732; x_wconf 83' lang='lat' dir='ltr'>temporum,</span> <span class='ocrx_word' id='word_1_45' title='bbox 1664 1676 1882 1729; x_wconf 87' lang='lat' dir='ltr'>rerum,</span> 
     </span>
    </p>
   </div>
   <div class='ocr_carea' id='block_1_8' title="bbox 232 1749 1882 1826">
    <p class='ocr_par' dir='ltr' id='par_1_8' title="bbox 232 1749 1882 1826">
     <span class='ocr_line' id='line_1_8' title="bbox 232 1749 1882 1826; baseline -0.005 -15"><span class='ocrx_word' id='word_1_46' title='bbox 232 1772 478 1826; x_wconf 90' lang='lat' dir='ltr'>operum</span> <span class='ocrx_word' id='word_1_47' title='bbox 508 1754 753 1819; x_wconf 78' lang='lat' dir='ltr'>ratione,</span> <span class='ocrx_word' id='word_1_48' title='bbox 785 1766 1200 1822; x_wconf 73' lang='lat' dir='ltr'>quaereremus,</span> <span class='ocrx_word' id='word_1_49' title='bbox 1234 1749 1519 1804; x_wconf 81' lang='lat' dir='ltr'>adfuisset</span> <span class='ocrx_word' id='word_1_50' title='bbox 1558 1750 1796 1820; x_wconf 86' lang='lat' dir='ltr'>quidem</span> <span class='ocrx_word' id='word_1_51' title='bbox 1825 1749 1882 1803; x_wconf 92' lang='lat' dir='ltr'>in</span> 
     </span>
    </p>
   </div>
   <div class='ocr_carea' id='block_1_9' title="bbox 233 1837 1883 1917">
    <p class='ocr_par' dir='ltr' id='par_1_9' title="bbox 233 1837 1883 1917">
     <span class='ocr_line' id='line_1_9' title="bbox 233 1837 1883 1917; baseline -0.004 -18"><span class='ocrx_word' id='word_1_52' title='bbox 233 1847 537 1917; x_wconf 91' lang='lat' dir='ltr'>promptu,</span> <span class='ocrx_word' id='word_1_53' title='bbox 572 1859 601 1897; x_wconf 90' lang='lat' dir='ltr'>e</span> <span class='ocrx_word' id='word_1_54' title='bbox 632 1840 841 1913; x_wconf 81' lang='lat' dir='ltr'>primis</span> <span class='ocrx_word' id='word_1_55' title='bbox 883 1838 1147 1894; x_wconf 82' lang='lat' dir='ltr'>Ecclesiae</span> <span class='ocrx_word' id='word_1_56' title='bbox 1198 1837 1591 1906; x_wconf 85' lang='lat' dir='ltr'>incunabulis,</span> <span class='ocrx_word' id='word_1_57' title='bbox 1624 1837 1883 1893; x_wconf 83' lang='lat' dir='ltr'>melioris</span> 
     </span>
    </p>
   </div>
   <div class='ocr_carea' id='block_1_10' title="bbox 150 1926 1886 1999">
    <p class='ocr_par' dir='ltr' id='par_1_10' title="bbox 150 1926 1886 1999">
     <span class='ocr_line' id='line_1_10' title="bbox 150 1926 1886 1999; baseline -0.004 -11"><span class='ocrx_word' id='word_1_58' title='bbox 150 1950 192 1999; x_wconf 54' lang='grc' dir='ltr'>δ</span> <span class='ocrx_word' id='word_1_59' title='bbox 235 1937 386 1988; x_wconf 63' lang='lat' dir='ltr'>notae</span> <span class='ocrx_word' id='word_1_60' title='bbox 416 1931 505 1986; x_wconf 93' lang='lat' dir='ltr'>vir</span> <span class='ocrx_word' id='word_1_61' title='bbox 534 1947 600 1986; x_wconf 90' lang='lat' dir='ltr'>ac</span> <span class='ocrx_word' id='word_1_62' title='bbox 632 1927 943 1985; x_wconf 82' lang='lat' dir='ltr'>sanctioris</span> <span class='ocrx_word' id='word_1_63' title='bbox 973 1928 1188 1983; x_wconf 85' lang='lat' dir='ltr'>ominis</span> <span class='ocrx_word' id='word_1_64' title='bbox 1219 1944 1431 1983; x_wconf 86' lang='lat' dir='ltr'>nomen</span> <span class='ocrx_word' id='word_1_65' title='bbox 1466 1945 1478 1993; x_wconf 92' lang='lat'>;</span> <span class='ocrx_word' id='word_1_66' title='bbox 1514 1926 1886 1999; x_wconf 80' lang='lat' dir='ltr'>praestantior</span> 
     </span>
    </p>
   </div>
   <div class='ocr_carea' id='block_1_11' title="bbox 233 2010 1881 2093">
    <p class='ocr_par' dir='ltr' id='par_1_11' title="bbox 233 2010 1881 2093">
     <span class='ocr_line' id='line_1_11' title="bbox 233 2010 1881 2093; baseline -0.004 -16"><span class='ocrx_word' id='word_1_67' title='bbox 233 2039 371 2078; x_wconf 86' lang='lat' dir='ltr'>vero</span> <span class='ocrx_word' id='word_1_68' title='bbox 413 2021 667 2093; x_wconf 86' lang='lat' dir='ltr'>pondere</span> <span class='ocrx_word' id='word_1_69' title='bbox 698 2017 917 2090; x_wconf 82' lang='lat' dir='ltr'>ingenii</span> <span class='ocrx_word' id='word_1_70' title='bbox 948 2034 1013 2072; x_wconf 89' lang='lat' dir='ltr'>ac</span> <span class='ocrx_word' id='word_1_71' title='bbox 1057 2010 1453 2072; x_wconf 81' lang='lat' dir='ltr'>doctrinarum</span> <span class='ocrx_word' id='word_1_72' title='bbox 1493 2018 1659 2088; x_wconf 91' lang='lat' dir='ltr'>copia</span> <span class='ocrx_word' id='word_1_73' title='bbox 1690 2033 1881 2085; x_wconf 91' lang='lat' dir='ltr'>nemo,</span> 
     </span>
    </p>
   </div>
   <div class='ocr_carea' id='block_1_12' title="bbox 236 2106 1884 2183">
    <p class='ocr_par' dir='ltr' id='par_1_12' title="bbox 236 2106 1884 2183">
     <span class='ocr_line' id='line_1_12' title="bbox 236 2106 1884 2183; baseline -0.003 -17"><span class='ocrx_word' id='word_1_74' title='bbox 236 2117 448 2183; x_wconf 65' lang='lat' dir='ltr'>preter</span> <span class='ocrx_word' id='word_1_75' title='bbox 477 2111 633 2164; x_wconf 90' lang='lat' dir='ltr'>hunc</span> <span class='ocrx_word' id='word_1_76' title='bbox 665 2118 929 2162; x_wconf 85' lang='lat' dir='ltr'>nostrum</span> <span class='ocrx_word' id='word_1_77' title='bbox 960 2107 1233 2171; x_wconf 76' lang='lat' dir='ltr'>QUINTUM</span> <span class='ocrx_word' id='word_1_78' title='bbox 1260 2107 1585 2162; x_wconf 78' lang='lat' dir='ltr'>SEPTIMIUM</span> <span class='ocrx_word' id='word_1_79' title='bbox 1629 2106 1884 2161; x_wconf 76' lang='lat' dir='ltr'>FLOREN-</span> 
     </span>
    </p>
   </div>
   <div class='ocr_carea' id='block_1_13' title="bbox 128 2201 861 2257">
    <p class='ocr_par' dir='ltr' id='par_1_13' title="bbox 128 2201 861 2257">
     <span class='ocr_line' id='line_1_13' title="bbox 128 2201 861 2257; baseline -0.007 -1"><span class='ocrx_word' id='word_1_80' title='bbox 128 2205 178 2256; x_wconf 76' lang='grc' dir='ltr'>ω</span> <span class='ocrx_word' id='word_1_81' title='bbox 233 2219 350 2257; x_wconf 75' lang='lat' dir='ltr'>&#39;rszs</span> <span class='ocrx_word' id='word_1_82' title='bbox 383 2201 861 2255; x_wconf 75' lang='lat' dir='ltr'>TERTULLIANUM.</span> 
     </span>
    </p>
   </div>
   <div class='ocr_carea' id='block_1_14' title="bbox 123 2284 1883 2383">
    <p class='ocr_par' dir='ltr' id='par_1_14' title="bbox 123 2284 1883 2383">
     <span class='ocr_line' id='line_1_14' title="bbox 123 2284 1883 2383; baseline -0.003 -37"><span class='ocrx_word' id='word_1_83' title='bbox 123 2320 177 2383; x_wconf 72' lang='grc' dir='ltr'>Σ</span> <span class='ocrx_word' id='word_1_84' title='bbox 312 2289 698 2345; x_wconf 88' lang='lat' dir='ltr'>Laudandum</span> <span class='ocrx_word' id='word_1_85' title='bbox 729 2285 963 2356; x_wconf 86' lang='lat' dir='ltr'>quidem</span> <span class='ocrx_word' id='word_1_86' title='bbox 1022 2284 1346 2356; x_wconf 90' lang='lat' dir='ltr'>ingenium,</span> <span class='ocrx_word' id='word_1_87' title='bbox 1389 2286 1725 2341; x_wconf 89' lang='lat' dir='ltr'>damnanda</span> <span class='ocrx_word' id='word_1_88' title='bbox 1753 2301 1883 2341; x_wconf 92' lang='lat' dir='ltr'>vero</span> 
     </span>
    </p>
   </div>
   <div class='ocr_carea' id='block_1_15' title="bbox 120 2373 1883 2449">
    <p class='ocr_par' dir='ltr' id='par_1_15' title="bbox 120 2373 1883 2449">
     <span class='ocr_line' id='line_1_15' title="bbox 120 2373 1883 2449; baseline -0.003 -14"><span class='ocrx_word' id='word_1_89' title='bbox 120 2373 175 2449; x_wconf 63' lang='grc' dir='ltr'>ξ</span> <span class='ocrx_word' id='word_1_90' title='bbox 234 2378 503 2446; x_wconf 68' lang='lat' dir='ltr'>haeresis,</span> <span class='ocrx_word' id='word_1_91' title='bbox 549 2393 613 2433; x_wconf 86' lang='lat' dir='ltr'>ac</span> <span class='ocrx_word' id='word_1_92' title='bbox 656 2392 800 2431; x_wconf 86' lang='lat' dir='ltr'>sane</span> <span class='ocrx_word' id='word_1_93' title='bbox 836 2375 1089 2447; x_wconf 85' lang='lat' dir='ltr'>lugenda</span> <span class='ocrx_word' id='word_1_94' title='bbox 1116 2373 1397 2445; x_wconf 81' lang='lat' dir='ltr'>longioris</span> <span class='ocrx_word' id='word_1_95' title='bbox 1437 2374 1586 2429; x_wconf 88' lang='lat' dir='ltr'>tanti</span> <span class='ocrx_word' id='word_1_96' title='bbox 1618 2374 1722 2429; x_wconf 91' lang='lat' dir='ltr'>viri</span> <span class='ocrx_word' id='word_1_97' title='bbox 1754 2375 1883 2430; x_wconf 80' lang='lat' dir='ltr'>vitae</span> 
     </span>
    </p>
   </div>
   <div class='ocr_carea' id='block_1_16' title="bbox 126 2454 1882 2542">
    <p class='ocr_par' dir='ltr' id='par_1_16' title="bbox 126 2454 1882 2542">
     <span class='ocr_line' id='line_1_16' title="bbox 126 2454 1882 2542; baseline -0.004 -18"><span class='ocrx_word' id='word_1_98' title='bbox 126 2454 171 2500; x_wconf 81' lang='grc' dir='ltr'>ο</span> <span class='ocrx_word' id='word_1_99' title='bbox 234 2486 378 2542; x_wconf 90' lang='lat' dir='ltr'>pars</span> <span class='ocrx_word' id='word_1_100' title='bbox 410 2466 637 2530; x_wconf 90' lang='lat' dir='ltr'>ultima,</span> <span class='ocrx_word' id='word_1_101' title='bbox 672 2465 1006 2536; x_wconf 85' lang='lat' dir='ltr'>majorque,</span> <span class='ocrx_word' id='word_1_102' title='bbox 1032 2463 1091 2518; x_wconf 90' lang='lat' dir='ltr'>in</span> <span class='ocrx_word' id='word_1_103' title='bbox 1124 2464 1305 2519; x_wconf 81' lang='lat' dir='ltr'>fcedos</span> <span class='ocrx_word' id='word_1_104' title='bbox 1336 2480 1561 2520; x_wconf 89' lang='lat' dir='ltr'>errores</span> <span class='ocrx_word' id='word_1_105' title='bbox 1594 2464 1882 2535; x_wconf 85' lang='lat' dir='ltr'>impensa.</span> 
     </span>
    </p>
   </div>
   <div class='ocr_carea' id='block_1_17' title="bbox 116 2543 1883 2625">
    <p class='ocr_par' dir='ltr' id='par_1_17' title="bbox 116 2543 1883 2625">
     <span class='ocr_line' id='line_1_17' title="bbox 116 2543 1883 2625; baseline -0.003 -11"><span class='ocrx_word' id='word_1_106' title='bbox 116 2543 169 2599; x_wconf 70' lang='grc'>³</span> <span class='ocrx_word' id='word_1_107' title='bbox 232 2563 303 2614; x_wconf 79' lang='lat' dir='ltr'>At</span> <span class='ocrx_word' id='word_1_108' title='bbox 330 2573 467 2612; x_wconf 93' lang='lat' dir='ltr'>cum</span> <span class='ocrx_word' id='word_1_109' title='bbox 499 2554 677 2610; x_wconf 86' lang='lat' dir='ltr'>altera</span> <span class='ocrx_word' id='word_1_110' title='bbox 697 2571 832 2625; x_wconf 89' lang='lat' dir='ltr'>pars</span> <span class='ocrx_word' id='word_1_111' title='bbox 852 2560 909 2608; x_wconf 87' lang='lat' dir='ltr'>et</span> <span class='ocrx_word' id='word_1_112' title='bbox 935 2551 1140 2608; x_wconf 86' lang='lat' dir='ltr'>melior</span> <span class='ocrx_word' id='word_1_113' title='bbox 1162 2553 1218 2607; x_wconf 91' lang='lat' dir='ltr'>in</span> <span class='ocrx_word' id='word_1_114' title='bbox 1240 2553 1374 2608; x_wconf 81' lang='lat' dir='ltr'>fidei</span> <span class='ocrx_word' id='word_1_115' title='bbox 1397 2554 1717 2609; x_wconf 87' lang='lat' dir='ltr'>certamina</span> <span class='ocrx_word' id='word_1_116' title='bbox 1738 2559 1883 2609; x_wconf 87' lang='lat' dir='ltr'>stre-</span> 
     </span>
    </p>
   </div>
   <div class='ocr_carea' id='block_1_18' title="bbox 139 2640 1884 2737">
    <p class='ocr_par' dir='ltr' id='par_1_18' title="bbox 139 2640 1884 2737">
     <span class='ocr_line' id='line_1_18' title="bbox 139 2640 1884 2737; baseline -0.003 -33"><span class='ocrx_word' id='word_1_117' title='bbox 139 2653 203 2737; x_wconf 63' lang='grc' dir='ltr'>β</span> <span class='ocrx_word' id='word_1_118' title='bbox 233 2664 353 2704; x_wconf 88' lang='lat' dir='ltr'>nue</span> <span class='ocrx_word' id='word_1_119' title='bbox 390 2646 566 2701; x_wconf 82' lang='lat' dir='ltr'>fuerit</span> <span class='ocrx_word' id='word_1_120' title='bbox 594 2642 992 2715; x_wconf 85' lang='lat' dir='ltr'>erogata,huic</span> <span class='ocrx_word' id='word_1_121' title='bbox 1015 2640 1215 2714; x_wconf 80' lang='lat' dir='ltr'>igitur,</span> <span class='ocrx_word' id='word_1_122' title='bbox 1250 2644 1487 2698; x_wconf 82' lang='lat' dir='ltr'>attentis</span> <span class='ocrx_word' id='word_1_123' title='bbox 1509 2642 1718 2698; x_wconf 85' lang='lat' dir='ltr'>saltem</span> <span class='ocrx_word' id='word_1_124' title='bbox 1744 2648 1884 2698; x_wconf 88' lang='lat' dir='ltr'>tem-</span> 
     </span>
    </p>
   </div>
   <div class='ocr_carea' id='block_1_19' title="bbox 134 2732 1883 2819">
    <p class='ocr_par' dir='ltr' id='par_1_19' title="bbox 134 2732 1883 2819">
     <span class='ocr_line' id='line_1_19' title="bbox 134 2732 1883 2819; baseline -0.003 -26"><span class='ocrx_word' id='word_1_125' title='bbox 134 2732 181 2819; x_wconf 62' lang='lat' dir='ltr'>i-</span> <span class='ocrx_word' id='word_1_126' title='bbox 230 2753 452 2810; x_wconf 91' lang='lat' dir='ltr'>porum</span> <span class='ocrx_word' id='word_1_127' title='bbox 483 2734 703 2790; x_wconf 85' lang='lat' dir='ltr'>ratione</span> <span class='ocrx_word' id='word_1_128' title='bbox 735 2750 801 2788; x_wconf 90' lang='lat' dir='ltr'>ac</span> <span class='ocrx_word' id='word_1_129' title='bbox 832 2733 1016 2787; x_wconf 69' lang='lat' dir='ltr'>aetatis</span> <span class='ocrx_word' id='word_1_130' title='bbox 1034 2732 1416 2803; x_wconf 86' lang='lat' dir='ltr'>jure,primas</span> <span class='ocrx_word' id='word_1_131' title='bbox 1449 2733 1658 2788; x_wconf 83' lang='lat' dir='ltr'>habere</span> <span class='ocrx_word' id='word_1_132' title='bbox 1689 2740 1883 2804; x_wconf 89' lang='lat' dir='ltr'>partes</span> 
     </span>
    </p>
   </div>
   <div class='ocr_carea' id='block_1_20' title="bbox 130 2821 1883 2901">
    <p class='ocr_par' dir='ltr' id='par_1_20' title="bbox 130 2821 1883 2901">
     <span class='ocr_line' id='line_1_20' title="bbox 130 2821 1883 2901; baseline -0.003 -19"><span class='ocrx_word' id='word_1_133' title='bbox 231 2825 634 2896; x_wconf 87' lang='lat' dir='ltr'>indulgeatur.</span> <span class='ocrx_word' id='word_1_134' title='bbox 666 2822 831 2877; x_wconf 86' lang='lat' dir='ltr'>Hunc</span> <span class='ocrx_word' id='word_1_135' title='bbox 853 2821 1058 2876; x_wconf 90' lang='lat' dir='ltr'>merito</span> <span class='ocrx_word' id='word_1_136' title='bbox 1089 2838 1263 2876; x_wconf 83' lang='lat' dir='ltr'>suum</span> <span class='ocrx_word' id='word_1_137' title='bbox 1287 2821 1671 2877; x_wconf 85' lang='lat' dir='ltr'>Occidentalis</span> <span class='ocrx_word' id='word_1_138' title='bbox 1690 2822 1883 2878; x_wconf 84' lang='lat' dir='ltr'>Eccle-</span> 
     </span>
    </p>
   </div>
   <div class='ocr_carea' id='block_1_21' title="bbox 128 2888 1883 2983">
    <p class='ocr_par' dir='ltr' id='par_1_21' title="bbox 128 2888 1883 2983">
     <span class='ocr_line' id='line_1_21' title="bbox 128 2888 1883 2983; baseline -0.005 -9"><span class='ocrx_word' id='word_1_139' title='bbox 128 2888 176 2945; x_wconf 44' lang='grc' dir='ltr'>ἐξ</span> <span class='ocrx_word' id='word_1_140' title='bbox 234 2916 327 2973; x_wconf 88' lang='lat' dir='ltr'>sia</span> <span class='ocrx_word' id='word_1_141' title='bbox 358 2915 472 2971; x_wconf 89' lang='lat' dir='ltr'>sibi</span> <span class='ocrx_word' id='word_1_142' title='bbox 498 2912 750 2968; x_wconf 84' lang='lat' dir='ltr'>vindicet</span> <span class='ocrx_word' id='word_1_143' title='bbox 772 2911 1029 2983; x_wconf 89' lang='lat' dir='ltr'>primum</span> <span class='ocrx_word' id='word_1_144' title='bbox 1063 2916 1433 2966; x_wconf 88' lang='lat' dir='ltr'>assertorem.</span> <span class='ocrx_word' id='word_1_145' title='bbox 1467 2912 1722 2981; x_wconf 86' lang='lat' dir='ltr'>Hujusce</span> <span class='ocrx_word' id='word_1_146' title='bbox 1745 2928 1883 2982; x_wconf 88' lang='lat' dir='ltr'>pro-</span> 
     </span>
    </p>
   </div>
   <div class='ocr_carea' id='block_1_22' title="bbox 233 2999 1880 3073">
    <p class='ocr_par' dir='ltr' id='par_1_22' title="bbox 233 2999 1880 3073">
     <span class='ocr_line' id='line_1_22' title="bbox 233 2999 1880 3073; baseline -0.003 -14"><span class='ocrx_word' id='word_1_147' title='bbox 233 3004 377 3059; x_wconf 85' lang='lat' dir='ltr'>inde</span> <span class='ocrx_word' id='word_1_148' title='bbox 410 3000 607 3073; x_wconf 86' lang='lat' dir='ltr'>magni</span> <span class='ocrx_word' id='word_1_149' title='bbox 639 2999 893 3054; x_wconf 90' lang='lat' dir='ltr'>nominis</span> <span class='ocrx_word' id='word_1_150' title='bbox 924 3001 1132 3054; x_wconf 87' lang='lat' dir='ltr'>umbra</span> <span class='ocrx_word' id='word_1_151' title='bbox 1169 3016 1235 3054; x_wconf 92' lang='lat' dir='ltr'>ac</span> <span class='ocrx_word' id='word_1_152' title='bbox 1266 3000 1588 3070; x_wconf 89' lang='lat' dir='ltr'>patrocinio</span> <span class='ocrx_word' id='word_1_153' title='bbox 1621 3000 1880 3067; x_wconf 86' lang='lat' dir='ltr'>delensa,</span> 
     </span>
    </p>
   </div>
   <div class='ocr_carea' id='block_1_23' title="bbox 234 3088 1885 3159">
    <p class='ocr_par' dir='ltr' id='par_1_23' title="bbox 234 3088 1885 3159">
     <span class='ocr_line' id='line_1_23' title="bbox 234 3088 1885 3159; baseline -0.002 -12"><span class='ocrx_word' id='word_1_154' title='bbox 234 3091 533 3148; x_wconf 81' lang='lat' dir='ltr'>exoriatur</span> <span class='ocrx_word' id='word_1_155' title='bbox 562 3094 618 3145; x_wconf 88' lang='lat' dir='ltr'>et</span> <span class='ocrx_word' id='word_1_156' title='bbox 646 3093 867 3144; x_wconf 88' lang='lat' dir='ltr'>crescat</span> <span class='ocrx_word' id='word_1_157' title='bbox 894 3104 1040 3143; x_wconf 89' lang='lat' dir='ltr'>nova</span> <span class='ocrx_word' id='word_1_158' title='bbox 1072 3088 1192 3142; x_wconf 59' lang='lat' dir='ltr'>hate</span> <span class='ocrx_word' id='word_1_159' title='bbox 1223 3088 1729 3159; x_wconf 88' lang='lat' dir='ltr'>omnium,quibus</span> <span class='ocrx_word' id='word_1_160' title='bbox 1752 3090 1885 3143; x_wconf 89' lang='lat' dir='ltr'>ado-</span> 
     </span>
    </p>
   </div>
   <div class='ocr_carea' id='block_1_24' title="bbox 234 3176 1884 3243">
    <p class='ocr_par' dir='ltr' id='par_1_24' title="bbox 234 3176 1884 3243">
     <span class='ocr_line' id='line_1_24' title="bbox 234 3176 1884 3243; baseline -0.002 -7"><span class='ocrx_word' id='word_1_161' title='bbox 234 3182 379 3238; x_wconf 82' lang='lat' dir='ltr'>levit</span> <span class='ocrx_word' id='word_1_162' title='bbox 410 3179 711 3236; x_wconf 82' lang='lat' dir='ltr'>Catholica</span> <span class='ocrx_word' id='word_1_163' title='bbox 750 3176 1029 3243; x_wconf 88' lang='lat' dir='ltr'>Traditio,</span> <span class='ocrx_word' id='word_1_164' title='bbox 1064 3177 1531 3233; x_wconf 84' lang='lat' dir='ltr'>testimoniorum</span> <span class='ocrx_word' id='word_1_165' title='bbox 1581 3178 1762 3233; x_wconf 85' lang='lat' dir='ltr'>series</span> <span class='ocrx_word' id='word_1_166' title='bbox 1792 3178 1884 3233; x_wconf 88' lang='lat' dir='ltr'>in-</span> 
     </span>
    </p>
   </div>
   <div class='ocr_carea' id='block_1_25' title="bbox 232 3265 1886 3341">
    <p class='ocr_par' dir='ltr' id='par_1_25' title="bbox 232 3265 1886 3341">
     <span class='ocr_line' id='line_1_25' title="bbox 232 3265 1886 3341; baseline -0.002 -16"><span class='ocrx_word' id='word_1_167' title='bbox 232 3276 423 3341; x_wconf 89' lang='lat' dir='ltr'>tegra,</span> <span class='ocrx_word' id='word_1_168' title='bbox 444 3285 511 3323; x_wconf 83' lang='lat' dir='ltr'>ex</span> <span class='ocrx_word' id='word_1_169' title='bbox 541 3267 814 3322; x_wconf 88' lang='lat' dir='ltr'>omnibus</span> <span class='ocrx_word' id='word_1_170' title='bbox 838 3266 1089 3337; x_wconf 81' lang='lat' dir='ltr'>magnis,</span> <span class='ocrx_word' id='word_1_171' title='bbox 1124 3265 1458 3321; x_wconf 89' lang='lat' dir='ltr'>minimisve</span> <span class='ocrx_word' id='word_1_172' title='bbox 1480 3267 1886 3322; x_wconf 88' lang='lat' dir='ltr'>concinnanda</span> 
     </span>
    </p>
   </div>
   <div class='ocr_carea' id='block_1_26' title="bbox 235 3354 1885 3428">
    <p class='ocr_par' dir='ltr' id='par_1_26' title="bbox 235 3354 1885 3428">
     <span class='ocr_line' id='line_1_26' title="bbox 235 3354 1885 3428; baseline -0.002 -13"><span class='ocrx_word' id='word_1_173' title='bbox 235 3358 502 3428; x_wconf 85' lang='lat' dir='ltr'>scriptis,</span> <span class='ocrx_word' id='word_1_174' title='bbox 561 3373 683 3427; x_wconf 74' lang='lat' dir='ltr'>quae</span> <span class='ocrx_word' id='word_1_175' title='bbox 737 3355 809 3410; x_wconf 91' lang='lat' dir='ltr'>ab</span> <span class='ocrx_word' id='word_1_176' title='bbox 865 3354 1274 3425; x_wconf 87' lang='lat' dir='ltr'>Apostolorum</span> <span class='ocrx_word' id='word_1_177' title='bbox 1325 3360 1492 3411; x_wconf 79' lang='lat' dir='ltr'>astate</span> <span class='ocrx_word' id='word_1_178' title='bbox 1539 3356 1610 3410; x_wconf 92' lang='lat' dir='ltr'>ad</span> <span class='ocrx_word' id='word_1_179' title='bbox 1646 3355 1885 3412; x_wconf 90' lang='lat' dir='ltr'>ultimos</span> 
     </span>
    </p>
   </div>
   <div class='ocr_carea' id='block_1_27' title="bbox 233 3442 1883 3517">
    <p class='ocr_par' dir='ltr' id='par_1_27' title="bbox 233 3442 1883 3517">
     <span class='ocr_line' id='line_1_27' title="bbox 233 3442 1883 3517; baseline 0.001 -18"><span class='ocrx_word' id='word_1_180' title='bbox 233 3452 439 3501; x_wconf 75' lang='lat' dir='ltr'>Patres</span> <span class='ocrx_word' id='word_1_181' title='bbox 471 3446 529 3499; x_wconf 91' lang='lat' dir='ltr'>in</span> <span class='ocrx_word' id='word_1_182' title='bbox 561 3446 697 3499; x_wconf 90' lang='lat' dir='ltr'>orbe</span> <span class='ocrx_word' id='word_1_183' title='bbox 726 3442 1078 3511; x_wconf 85' lang='lat' dir='ltr'>Christiano,</span> <span class='ocrx_word' id='word_1_184' title='bbox 1113 3443 1246 3498; x_wconf 88' lang='lat' dir='ltr'>tidei</span> <span class='ocrx_word' id='word_1_185' title='bbox 1278 3445 1504 3499; x_wconf 70' lang='lat' dir='ltr'>tuenda:</span> <span class='ocrx_word' id='word_1_186' title='bbox 1536 3461 1733 3513; x_wconf 88' lang='lat' dir='ltr'>causa,</span> <span class='ocrx_word' id='word_1_187' title='bbox 1753 3463 1883 3517; x_wconf 88' lang='lat' dir='ltr'>pro-</span> 
     </span>
    </p>
   </div>
   <div class='ocr_carea' id='block_1_28' title="bbox 234 3534 1883 3604">
    <p class='ocr_par' dir='ltr' id='par_1_28' title="bbox 234 3534 1883 3604">
     <span class='ocr_line' id='line_1_28' title="bbox 234 3534 1883 3604; baseline 0.001 -15"><span class='ocrx_word' id='word_1_188' title='bbox 234 3536 401 3590; x_wconf 86' lang='lat' dir='ltr'>diere</span> <span class='ocrx_word' id='word_1_189' title='bbox 428 3539 483 3588; x_wconf 90' lang='lat' dir='ltr'>et</span> <span class='ocrx_word' id='word_1_190' title='bbox 514 3537 868 3604; x_wconf 83' lang='lat' dir='ltr'>supersunt:</span> <span class='ocrx_word' id='word_1_191' title='bbox 920 3538 1132 3587; x_wconf 86' lang='lat' dir='ltr'>cuncta.</span> <span class='ocrx_word' id='word_1_192' title='bbox 1166 3534 1291 3602; x_wconf 88' lang='lat' dir='ltr'>jam</span> <span class='ocrx_word' id='word_1_193' title='bbox 1322 3534 1496 3601; x_wconf 88' lang='lat' dir='ltr'>edita,</span> <span class='ocrx_word' id='word_1_194' title='bbox 1523 3534 1737 3589; x_wconf 89' lang='lat' dir='ltr'>iterum</span> <span class='ocrx_word' id='word_1_195' title='bbox 1760 3536 1883 3590; x_wconf 88' lang='lat' dir='ltr'>edi-</span> 
     </span>
    </p>
   </div>
   <div class='ocr_carea' id='block_1_29' title="bbox 234 3621 1880 3689">
    <p class='ocr_par' dir='ltr' id='par_1_29' title="bbox 234 3621 1880 3689">
     <span class='ocr_line' id='line_1_29' title="bbox 234 3621 1880 3689; baseline -0.001 -10"><span class='ocrx_word' id='word_1_196' title='bbox 234 3631 414 3689; x_wconf 88' lang='lat' dir='ltr'>tura;</span> <span class='ocrx_word' id='word_1_197' title='bbox 448 3622 852 3677; x_wconf 84' lang='lat' dir='ltr'>deﬁcientibus</span> <span class='ocrx_word' id='word_1_198' title='bbox 882 3621 951 3676; x_wconf 90' lang='lat' dir='ltr'>de</span> <span class='ocrx_word' id='word_1_199' title='bbox 983 3621 1074 3677; x_wconf 90' lang='lat' dir='ltr'>die</span> <span class='ocrx_word' id='word_1_200' title='bbox 1110 3622 1168 3675; x_wconf 90' lang='lat' dir='ltr'>in</span> <span class='ocrx_word' id='word_1_201' title='bbox 1202 3623 1354 3677; x_wconf 88' lang='lat' dir='ltr'>diem</span> <span class='ocrx_word' id='word_1_202' title='bbox 1387 3628 1489 3678; x_wconf 89' lang='lat' dir='ltr'>aut</span> <span class='ocrx_word' id='word_1_203' title='bbox 1520 3640 1648 3678; x_wconf 89' lang='lat' dir='ltr'>raro</span> <span class='ocrx_word' id='word_1_204' title='bbox 1680 3640 1880 3679; x_wconf 90' lang='lat' dir='ltr'>occur-</span> 
     </span>
    </p>
   </div>
   <div class='ocr_carea' id='block_1_30' title="bbox 236 3709 1884 3779">
    <p class='ocr_par' dir='ltr' id='par_1_30' title="bbox 236 3709 1884 3779">
     <span class='ocr_line' id='line_1_30' title="bbox 236 3709 1884 3779; baseline 0.001 -12"><span class='ocrx_word' id='word_1_205' title='bbox 236 3714 510 3768; x_wconf 87' lang='lat' dir='ltr'>rentibus</span> <span class='ocrx_word' id='word_1_206' title='bbox 548 3716 804 3765; x_wconf 88' lang='lat' dir='ltr'>veterum</span> <span class='ocrx_word' id='word_1_207' title='bbox 856 3709 1023 3764; x_wconf 88' lang='lat' dir='ltr'>libris</span> <span class='ocrx_word' id='word_1_208' title='bbox 1069 3710 1450 3779; x_wconf 80' lang='lat' dir='ltr'>sufﬁcienda;</span> <span class='ocrx_word' id='word_1_209' title='bbox 1486 3712 1586 3766; x_wconf 89' lang='lat' dir='ltr'>diu</span> <span class='ocrx_word' id='word_1_210' title='bbox 1619 3730 1651 3767; x_wconf 89' lang='lat' dir='ltr'>a</span> <span class='ocrx_word' id='word_1_211' title='bbox 1684 3713 1884 3768; x_wconf 88' lang='lat' dir='ltr'>multis</span> 
     </span>
    </p>
   </div>
   <div class='ocr_carea' id='block_1_31' title="bbox 235 3800 1883 3874">
    <p class='ocr_par' dir='ltr' id='par_1_31' title="bbox 235 3800 1883 3874">
     <span class='ocr_line' id='line_1_31' title="bbox 235 3800 1883 3874; baseline -0.001 -15"><span class='ocrx_word' id='word_1_212' title='bbox 235 3804 411 3859; x_wconf 83' lang='lat' dir='ltr'>enixe</span> <span class='ocrx_word' id='word_1_213' title='bbox 442 3800 803 3867; x_wconf 85' lang='lat' dir='ltr'>desiderata;</span> <span class='ocrx_word' id='word_1_214' title='bbox 857 3800 1211 3869; x_wconf 89' lang='lat' dir='ltr'>jamdudum</span> <span class='ocrx_word' id='word_1_215' title='bbox 1264 3800 1551 3866; x_wconf 86' lang='lat' dir='ltr'>nuntiata,</span> <span class='ocrx_word' id='word_1_216' title='bbox 1586 3818 1737 3871; x_wconf 92' lang='lat' dir='ltr'>sero,</span> <span class='ocrx_word' id='word_1_217' title='bbox 1771 3819 1883 3874; x_wconf 91' lang='lat' dir='ltr'>quo</span> 
     </span>
    </p>
   </div>
   <div class='ocr_carea' id='block_1_32' title="bbox 236 3888 1883 3963">
    <p class='ocr_par' dir='ltr' id='par_1_32' title="bbox 236 3888 1883 3963">
     <span class='ocr_line' id='line_1_32' title="bbox 236 3888 1883 3963; baseline 0.001 -18"><span class='ocrx_word' id='word_1_218' title='bbox 236 3890 568 3963; x_wconf 89' lang='lat' dir='ltr'>providius,</span> <span class='ocrx_word' id='word_1_219' title='bbox 626 3888 935 3943; x_wconf 89' lang='lat' dir='ltr'>inchoata:</span> <span class='ocrx_word' id='word_1_220' title='bbox 996 3888 1178 3943; x_wconf 88' lang='lat' dir='ltr'>ardua</span> <span class='ocrx_word' id='word_1_221' title='bbox 1208 3888 1418 3961; x_wconf 89' lang='lat' dir='ltr'>quippe</span> <span class='ocrx_word' id='word_1_222' title='bbox 1468 3907 1560 3945; x_wconf 89' lang='lat' dir='ltr'>res</span> <span class='ocrx_word' id='word_1_223' title='bbox 1616 3896 1672 3945; x_wconf 90' lang='lat' dir='ltr'>et</span> <span class='ocrx_word' id='word_1_224' title='bbox 1712 3895 1883 3946; x_wconf 73' lang='lat' dir='ltr'>tantis</span> 
     </span>
    </p>
   </div>
   <div class='ocr_carea' id='block_1_33' title="bbox 238 3977 1885 4062">
    <p class='ocr_par' dir='ltr' id='par_1_33' title="bbox 238 3977 1885 4062">
     <span class='ocr_line' id='line_1_33' title="bbox 238 3977 1885 4062; baseline -0.001 -27"><span class='ocrx_word' id='word_1_225' title='bbox 238 3980 453 4035; x_wconf 90' lang='lat' dir='ltr'>molis:</span> <span class='ocrx_word' id='word_1_226' title='bbox 504 3978 797 4033; x_wconf 80' lang='lat' dir='ltr'>indefesso</span> <span class='ocrx_word' id='word_1_227' title='bbox 842 3978 1077 4032; x_wconf 81' lang='lat' dir='ltr'>tandem</span> <span class='ocrx_word' id='word_1_228' title='bbox 1112 3977 1434 4047; x_wconf 88' lang='lat' dir='ltr'>molimine,</span> <span class='ocrx_word' id='word_1_229' title='bbox 1484 3984 1885 4062; x_wconf 75' lang='lat' dir='ltr'>perpetuaque</span> 
     </span>
    </p>
   </div>
   <div class='ocr_carea' id='block_1_34' title="bbox 133 1993 183 2194">
    <p class='ocr_par' dir='ltr' id='par_1_34' title="bbox 140 1993 183 2173">
     <span class='ocr_line' id='line_1_34' title="bbox 147 1993 183 2021; baseline 0 0"><span class='ocrx_word' id='word_1_230' title='bbox 147 1993 183 2021; x_wconf 58' lang='grc' dir='ltr'><strong>ι</strong></span> 
     </span>
     <span class='ocr_line' id='line_1_35' title="bbox 146 2032 183 2072; baseline 0 0"><span class='ocrx_word' id='word_1_231' title='bbox 146 2032 183 2072; x_wconf 71' lang='grc' dir='ltr'>Φ</span> 
     </span>
     <span class='ocr_line' id='line_1_36' title="bbox 140 2084 182 2173; baseline 0 -3"><span class='ocrx_word' id='word_1_232' title='bbox 140 2084 182 2173; x_wconf 76' lang='grc' dir='ltr'>ἓ</span> 
     </span>
    </p>
   </div>
   <div class='ocr_carea' id='block_1_35' title="bbox 1994 1391 3647 1466">
    <p class='ocr_par' dir='ltr' id='par_1_35' title="bbox 1994 1391 3647 1466">
     <span class='ocr_line' id='line_1_37' title="bbox 1994 1391 3647 1466; baseline 0.002 -21"><span class='ocrx_word' id='word_1_233' title='bbox 1994 1392 2148 1446; x_wconf 89' lang='lat' dir='ltr'>enim</span> <span class='ocrx_word' id='word_1_234' title='bbox 2180 1391 2294 1447; x_wconf 89' lang='lat' dir='ltr'>alia</span> <span class='ocrx_word' id='word_1_235' title='bbox 2314 1409 2441 1463; x_wconf 72' lang='lat' dir='ltr'>quaa</span> <span class='ocrx_word' id='word_1_236' title='bbox 2472 1394 2543 1447; x_wconf 93' lang='lat' dir='ltr'>de</span> <span class='ocrx_word' id='word_1_237' title='bbox 2575 1394 2777 1449; x_wconf 91' lang='lat' dir='ltr'>eodem</span> <span class='ocrx_word' id='word_1_238' title='bbox 2809 1393 3154 1449; x_wconf 89' lang='lat' dir='ltr'>disserenda</span> <span class='ocrx_word' id='word_1_239' title='bbox 3188 1398 3330 1451; x_wconf 91' lang='lat' dir='ltr'>sunt</span> <span class='ocrx_word' id='word_1_240' title='bbox 3360 1410 3463 1466; x_wconf 92' lang='lat' dir='ltr'>pro</span> <span class='ocrx_word' id='word_1_241' title='bbox 3495 1393 3647 1450; x_wconf 88' lang='lat' dir='ltr'>virili</span> 
     </span>
    </p>
   </div>
   <div class='ocr_carea' id='block_1_36' title="bbox 1994 1480 3011 1553">
    <p class='ocr_par' dir='ltr' id='par_1_36' title="bbox 1994 1480 3011 1553">
     <span class='ocr_line' id='line_1_38' title="bbox 1994 1480 3011 1553; baseline 0.003 -19"><span class='ocrx_word' id='word_1_242' title='bbox 1994 1480 2055 1535; x_wconf 93' lang='lat' dir='ltr'>in</span> <span class='ocrx_word' id='word_1_243' title='bbox 2085 1481 2258 1536; x_wconf 88' lang='lat' dir='ltr'>istius</span> <span class='ocrx_word' id='word_1_244' title='bbox 2289 1482 2481 1553; x_wconf 90' lang='lat' dir='ltr'>operis</span> <span class='ocrx_word' id='word_1_245' title='bbox 2512 1482 2762 1537; x_wconf 87' lang='lat' dir='ltr'>decursu</span> <span class='ocrx_word' id='word_1_246' title='bbox 2794 1482 3011 1538; x_wconf 89' lang='lat' dir='ltr'>dicent.</span> 
     </span>
    </p>
   </div>
   <div class='ocr_carea' id='block_1_37' title="bbox 2066 1570 3646 1644">
    <p class='ocr_par' dir='ltr' id='par_1_37' title="bbox 2066 1570 3646 1644">
     <span class='ocr_line' id='line_1_39' title="bbox 2066 1570 3646 1644; baseline 0.004 -21"><span class='ocrx_word' id='word_1_247' title='bbox 2066 1570 2302 1625; x_wconf 68' lang='lat' dir='ltr'>Praeibit</span> <span class='ocrx_word' id='word_1_248' title='bbox 2340 1587 2548 1642; x_wconf 89' lang='lat' dir='ltr'>nempe</span> <span class='ocrx_word' id='word_1_249' title='bbox 2604 1572 2910 1634; x_wconf 59' lang='lat' dir='ltr'>Passuus.</span> <span class='ocrx_word' id='word_1_250' title='bbox 2968 1572 3365 1644; x_wconf 90' lang='lat' dir='ltr'>Septimianos</span> <span class='ocrx_word' id='word_1_251' title='bbox 3405 1571 3646 1630; x_wconf 84' lang='lat' dir='ltr'>annales</span> 
     </span>
    </p>
   </div>
   <div class='ocr_carea' id='block_1_38' title="bbox 1994 1660 3641 1731">
    <p class='ocr_par' dir='ltr' id='par_1_38' title="bbox 1994 1660 3641 1731">
     <span class='ocr_line' id='line_1_40' title="bbox 1994 1660 3641 1731; baseline 0.003 -18"><span class='ocrx_word' id='word_1_252' title='bbox 1994 1675 2097 1730; x_wconf 92' lang='lat' dir='ltr'>per</span> <span class='ocrx_word' id='word_1_253' title='bbox 2124 1664 2375 1730; x_wconf 89' lang='lat' dir='ltr'>quatuor</span> <span class='ocrx_word' id='word_1_254' title='bbox 2395 1664 2451 1715; x_wconf 91' lang='lat' dir='ltr'>et</span> <span class='ocrx_word' id='word_1_255' title='bbox 2470 1660 2672 1731; x_wconf 87' lang='lat' dir='ltr'>viginti</span> <span class='ocrx_word' id='word_1_256' title='bbox 2690 1660 3226 1729; x_wconf 68' lang='lat' dir='ltr'>iastus§consulares</span> <span class='ocrx_word' id='word_1_257' title='bbox 3244 1666 3641 1718; x_wconf 85' lang='lat' dir='ltr'>contexturus.</span> 
     </span>
    </p>
   </div>
   <div class='ocr_carea' id='block_1_39' title="bbox 2068 1748 3641 1822">
    <p class='ocr_par' dir='ltr' id='par_1_39' title="bbox 2068 1748 3641 1822">
     <span class='ocr_line' id='line_1_41' title="bbox 2068 1748 3641 1822; baseline 0.003 -19"><span class='ocrx_word' id='word_1_258' title='bbox 2068 1748 2329 1804; x_wconf 89' lang='lat' dir='ltr'>Subinde</span> <span class='ocrx_word' id='word_1_259' title='bbox 2359 1766 2485 1820; x_wconf 79' lang='lat' dir='ltr'>quae</span> <span class='ocrx_word' id='word_1_260' title='bbox 2531 1749 2848 1820; x_wconf 85' lang='lat' dir='ltr'>cujuslibet</span> <span class='ocrx_word' id='word_1_261' title='bbox 2878 1750 3010 1805; x_wconf 89' lang='lat' dir='ltr'>libri</span> <span class='ocrx_word' id='word_1_262' title='bbox 3060 1751 3308 1818; x_wconf 89' lang='lat' dir='ltr'>occasio,</span> <span class='ocrx_word' id='word_1_263' title='bbox 3344 1755 3506 1822; x_wconf 65' lang='lat' dir='ltr'>aetas,</span> <span class='ocrx_word' id='word_1_264' title='bbox 3538 1768 3641 1807; x_wconf 90' lang='lat' dir='ltr'>au-</span> 
     </span>
    </p>
   </div>
   <div class='ocr_carea' id='block_1_40' title="bbox 1998 1837 3640 1909">
    <p class='ocr_par' dir='ltr' id='par_1_40' title="bbox 1998 1837 3640 1909">
     <span class='ocr_line' id='line_1_42' title="bbox 1998 1837 3640 1909; baseline 0.002 -17"><span class='ocrx_word' id='word_1_265' title='bbox 1998 1837 2258 1904; x_wconf 88' lang='lat' dir='ltr'>ctoritas,</span> <span class='ocrx_word' id='word_1_266' title='bbox 2293 1842 2435 1908; x_wconf 88' lang='lat' dir='ltr'>quot</span> <span class='ocrx_word' id='word_1_267' title='bbox 2492 1838 2613 1893; x_wconf 90' lang='lat' dir='ltr'>sint</span> <span class='ocrx_word' id='word_1_268' title='bbox 2670 1845 2727 1894; x_wconf 91' lang='lat' dir='ltr'>et</span> <span class='ocrx_word' id='word_1_269' title='bbox 2784 1840 3155 1909; x_wconf 89' lang='lat' dir='ltr'>quandodam</span> <span class='ocrx_word' id='word_1_270' title='bbox 3187 1839 3307 1895; x_wconf 89' lang='lat' dir='ltr'>sive</span> <span class='ocrx_word' id='word_1_271' title='bbox 3338 1844 3492 1907; x_wconf 88' lang='lat' dir='ltr'>ante,</span> <span class='ocrx_word' id='word_1_272' title='bbox 3521 1839 3640 1896; x_wconf 89' lang='lat' dir='ltr'>sive</span> 
     </span>
    </p>
   </div>
   <div class='ocr_carea' id='block_1_41' title="bbox 1998 1928 3643 1999">
    <p class='ocr_par' dir='ltr' id='par_1_41' title="bbox 1998 1928 3643 1999">
     <span class='ocr_line' id='line_1_43' title="bbox 1998 1928 3643 1999; baseline 0.001 -17"><span class='ocrx_word' id='word_1_273' title='bbox 1998 1932 2128 1999; x_wconf 87' lang='lat' dir='ltr'>post</span> <span class='ocrx_word' id='word_1_274' title='bbox 2152 1934 2493 1998; x_wconf 89' lang='lat' dir='ltr'>susceptum</span> <span class='ocrx_word' id='word_1_275' title='bbox 2525 1928 2599 1984; x_wconf 89' lang='lat' dir='ltr'>ab</span> <span class='ocrx_word' id='word_1_276' title='bbox 2630 1932 2866 1985; x_wconf 87' lang='lat' dir='ltr'>auctore</span> <span class='ocrx_word' id='word_1_277' title='bbox 2896 1928 3359 1985; x_wconf 89' lang='lat' dir='ltr'>Montanismum</span> <span class='ocrx_word' id='word_1_278' title='bbox 3389 1930 3643 1986; x_wconf 89' lang='lat' dir='ltr'>conscri-</span> 
     </span>
    </p>
   </div>
   <div class='ocr_carea' id='block_1_42' title="bbox 1996 2016 3643 2091">
    <p class='ocr_par' dir='ltr' id='par_1_42' title="bbox 1996 2016 3643 2091">
     <span class='ocr_line' id='line_1_44' title="bbox 1996 2016 3643 2091; baseline 0.002 -20"><span class='ocrx_word' id='word_1_279' title='bbox 1996 2018 2100 2088; x_wconf 87' lang='lat' dir='ltr'>pti,</span> <span class='ocrx_word' id='word_1_280' title='bbox 2162 2016 2377 2072; x_wconf 86' lang='lat' dir='ltr'>diserte</span> <span class='ocrx_word' id='word_1_281' title='bbox 2433 2017 2818 2088; x_wconf 87' lang='lat' dir='ltr'>disputabunt</span> <span class='ocrx_word' id='word_1_282' title='bbox 2871 2018 3003 2073; x_wconf 88' lang='lat' dir='ltr'>Joh.</span> <span class='ocrx_word' id='word_1_283' title='bbox 3062 2021 3209 2091; x_wconf 86' lang='lat' dir='ltr'>Aug.</span> <span class='ocrx_word' id='word_1_284' title='bbox 3266 2018 3556 2074; x_wconf 76' lang='lat' dir='ltr'>Nossssur</span> <span class='ocrx_word' id='word_1_285' title='bbox 3584 2021 3643 2075; x_wconf 87' lang='lat' dir='ltr'>et</span> 
     </span>
    </p>
   </div>
   <div class='ocr_carea' id='block_1_43' title="bbox 1995 2105 2782 2161">
    <p class='ocr_par' dir='ltr' id='par_1_43' title="bbox 1995 2105 2782 2161">
     <span class='ocr_line' id='line_1_45' title="bbox 1995 2105 2782 2161; baseline 0.001 -1"><span class='ocrx_word' id='word_1_286' title='bbox 1995 2105 2062 2161; x_wconf 92' lang='lat' dir='ltr'>D.</span> <span class='ocrx_word' id='word_1_287' title='bbox 2098 2105 2488 2160; x_wconf 78' lang='lat' dir='ltr'>Gotheiredus</span> <span class='ocrx_word' id='word_1_288' title='bbox 2521 2106 2782 2161; x_wconf 81' lang='lat' dir='ltr'>LUMPER.</span> 
     </span>
    </p>
   </div>
   <div class='ocr_carea' id='block_1_44' title="bbox 2066 2193 3638 2265">
    <p class='ocr_par' dir='ltr' id='par_1_44' title="bbox 2066 2193 3638 2265">
     <span class='ocr_line' id='line_1_46' title="bbox 2066 2193 3638 2265; baseline 0.003 -16"><span class='ocrx_word' id='word_1_289' title='bbox 2066 2196 2215 2249; x_wconf 92' lang='lat' dir='ltr'>Tum</span> <span class='ocrx_word' id='word_1_290' title='bbox 2244 2193 2589 2250; x_wconf 84' lang='lat' dir='ltr'>Tertulliani</span> <span class='ocrx_word' id='word_1_291' title='bbox 2620 2195 2932 2263; x_wconf 86' lang='lat' dir='ltr'>Paradoxa,</span> <span class='ocrx_word' id='word_1_292' title='bbox 2958 2212 3093 2251; x_wconf 92' lang='lat' dir='ltr'>cum</span> <span class='ocrx_word' id='word_1_293' title='bbox 3124 2212 3326 2251; x_wconf 92' lang='lat' dir='ltr'>eorum</span> <span class='ocrx_word' id='word_1_294' title='bbox 3359 2195 3638 2265; x_wconf 87' lang='lat' dir='ltr'>antidoto,</span> 
     </span>
    </p>
   </div>
   <div class='ocr_carea' id='block_1_45' title="bbox 1996 2282 3495 2355">
    <p class='ocr_par' dir='ltr' id='par_1_45' title="bbox 1996 2282 3495 2355">
     <span class='ocr_line' id='line_1_47' title="bbox 1996 2282 3495 2355; baseline 0 -16"><span class='ocrx_word' id='word_1_295' title='bbox 1996 2284 2202 2339; x_wconf 91' lang='lat' dir='ltr'>iterata</span> <span class='ocrx_word' id='word_1_296' title='bbox 2231 2284 2498 2353; x_wconf 82' lang='lat' dir='ltr'>ejusdem</span> <span class='ocrx_word' id='word_1_297' title='bbox 2530 2282 2772 2339; x_wconf 89' lang='lat' dir='ltr'>Pamelii</span> <span class='ocrx_word' id='word_1_298' title='bbox 2805 2300 2981 2355; x_wconf 84' lang='lat' dir='ltr'>Opera</span> <span class='ocrx_word' id='word_1_299' title='bbox 3012 2285 3495 2340; x_wconf 89' lang='lat' dir='ltr'>recensebuntur.</span> 
     </span>
    </p>
   </div>
   <div class='ocr_carea' id='block_1_46' title="bbox 2066 2372 3638 2429">
    <p class='ocr_par' dir='ltr' id='par_1_46' title="bbox 2066 2372 3638 2429">
     <span class='ocr_line' id='line_1_48' title="bbox 2066 2372 3638 2429; baseline -0.001 -1"><span class='ocrx_word' id='word_1_300' title='bbox 2066 2373 2190 2429; x_wconf 89' lang='lat' dir='ltr'>Una</span> <span class='ocrx_word' id='word_1_301' title='bbox 2219 2372 2535 2427; x_wconf 87' lang='lat' dir='ltr'>succedent</span> <span class='ocrx_word' id='word_1_302' title='bbox 2580 2374 2639 2428; x_wconf 92' lang='lat' dir='ltr'>B.</span> <span class='ocrx_word' id='word_1_303' title='bbox 2678 2373 2991 2428; x_wconf 74' lang='lat' dir='ltr'>Rusmmus</span> <span class='ocrx_word' id='word_1_304' title='bbox 3043 2373 3221 2429; x_wconf 91' lang='lat' dir='ltr'>simul</span> <span class='ocrx_word' id='word_1_305' title='bbox 3265 2378 3321 2429; x_wconf 90' lang='lat' dir='ltr'>et</span> <span class='ocrx_word' id='word_1_306' title='bbox 3365 2378 3638 2428; x_wconf 70' lang='lat' dir='ltr'>Annuus</span> 
     </span>
    </p>
   </div>
   <div class='ocr_carea' id='block_1_47' title="bbox 1993 2461 3637 2534">
    <p class='ocr_par' dir='ltr' id='par_1_47' title="bbox 1993 2461 3637 2534">
     <span class='ocr_line' id='line_1_49' title="bbox 1993 2461 3637 2534; baseline 0 -16"><span class='ocrx_word' id='word_1_307' title='bbox 1993 2463 2188 2518; x_wconf 88' lang='lat' dir='ltr'>Hovus</span> <span class='ocrx_word' id='word_1_308' title='bbox 2221 2462 2552 2534; x_wconf 90' lang='lat' dir='ltr'>Brugensis,</span> <span class='ocrx_word' id='word_1_309' title='bbox 2582 2461 2643 2516; x_wconf 90' lang='lat' dir='ltr'>in</span> <span class='ocrx_word' id='word_1_310' title='bbox 2675 2462 3032 2534; x_wconf 84' lang='lat' dir='ltr'>explicandis</span> <span class='ocrx_word' id='word_1_311' title='bbox 3055 2479 3183 2534; x_wconf 65' lang='lat' dir='ltr'>quin</span> <span class='ocrx_word' id='word_1_312' title='bbox 3212 2462 3637 2534; x_wconf 81' lang='lat' dir='ltr'>frequentiores</span> 
     </span>
    </p>
   </div>
   <div class='ocr_carea' id='block_1_48' title="bbox 1996 2550 3636 2624">
    <p class='ocr_par' dir='ltr' id='par_1_48' title="bbox 1996 2550 3636 2624">
     <span class='ocr_line' id='line_1_50' title="bbox 1996 2550 3636 2624; baseline 0 -16"><span class='ocrx_word' id='word_1_313' title='bbox 1996 2555 2241 2624; x_wconf 88' lang='lat' dir='ltr'>usurpat</span> <span class='ocrx_word' id='word_1_314' title='bbox 2267 2550 2664 2607; x_wconf 88' lang='lat' dir='ltr'>Tertullianus</span> <span class='ocrx_word' id='word_1_315' title='bbox 2714 2550 3108 2607; x_wconf 78' lang='lat' dir='ltr'>Proverbiales</span> <span class='ocrx_word' id='word_1_316' title='bbox 3142 2551 3445 2620; x_wconf 88' lang='lat' dir='ltr'>formulas,</span> <span class='ocrx_word' id='word_1_317' title='bbox 3480 2552 3636 2608; x_wconf 86' lang='lat' dir='ltr'>unde</span> 
     </span>
    </p>
   </div>
   <div class='ocr_carea' id='block_1_49' title="bbox 1994 2640 3359 2712">
    <p class='ocr_par' dir='ltr' id='par_1_49' title="bbox 1994 2640 3359 2712">
     <span class='ocr_line' id='line_1_51' title="bbox 1994 2640 3359 2712; baseline -0.001 -15"><span class='ocrx_word' id='word_1_318' title='bbox 1994 2641 2092 2697; x_wconf 84' lang='lat' dir='ltr'>lux</span> <span class='ocrx_word' id='word_1_319' title='bbox 2122 2659 2237 2696; x_wconf 83' lang='lat' dir='ltr'>non</span> <span class='ocrx_word' id='word_1_320' title='bbox 2270 2640 2515 2695; x_wconf 91' lang='lat' dir='ltr'>minima</span> <span class='ocrx_word' id='word_1_321' title='bbox 2544 2641 2603 2696; x_wconf 92' lang='lat' dir='ltr'>in</span> <span class='ocrx_word' id='word_1_322' title='bbox 2634 2646 2754 2696; x_wconf 87' lang='lat' dir='ltr'>toto</span> <span class='ocrx_word' id='word_1_323' title='bbox 2778 2657 2949 2712; x_wconf 91' lang='lat' dir='ltr'>opere</span> <span class='ocrx_word' id='word_1_324' title='bbox 2980 2640 3359 2697; x_wconf 66' lang='lat' dir='ltr'>suffunditur.</span> 
     </span>
    </p>
   </div>
   <div class='ocr_carea' id='block_1_50' title="bbox 2064 2729 3639 2802">
    <p class='ocr_par' dir='ltr' id='par_1_50' title="bbox 2064 2729 3639 2802">
     <span class='ocr_line' id='line_1_52' title="bbox 2064 2729 3639 2802; baseline 0.001 -15"><span class='ocrx_word' id='word_1_325' title='bbox 2064 2731 2281 2787; x_wconf 88' lang='lat' dir='ltr'>Deinde</span> <span class='ocrx_word' id='word_1_326' title='bbox 2313 2748 2446 2786; x_wconf 88' lang='lat' dir='ltr'>rara</span> <span class='ocrx_word' id='word_1_327' title='bbox 2493 2731 2812 2786; x_wconf 87' lang='lat' dir='ltr'>admodum</span> <span class='ocrx_word' id='word_1_328' title='bbox 2868 2746 2933 2786; x_wconf 91' lang='lat' dir='ltr'>ac</span> <span class='ocrx_word' id='word_1_329' title='bbox 2990 2731 3324 2802; x_wconf 89' lang='lat' dir='ltr'>pererudita</span> <span class='ocrx_word' id='word_1_330' title='bbox 3368 2729 3427 2785; x_wconf 91' lang='lat' dir='ltr'>in</span> <span class='ocrx_word' id='word_1_331' title='bbox 3458 2729 3639 2788; x_wconf 86' lang='lat' dir='ltr'>libros</span> 
     </span>
    </p>
   </div>
   <div class='ocr_carea' id='block_1_51' title="bbox 1993 2819 3637 2892">
    <p class='ocr_par' dir='ltr' id='par_1_51' title="bbox 1993 2819 3637 2892">
     <span class='ocr_line' id='line_1_53' title="bbox 1993 2819 3637 2892; baseline 0.001 -18"><span class='ocrx_word' id='word_1_332' title='bbox 1993 2820 2393 2892; x_wconf 82' lang='lat' dir='ltr'>Apologeticos</span> <span class='ocrx_word' id='word_1_333' title='bbox 2420 2819 2827 2876; x_wconf 86' lang='lat' dir='ltr'>dissertatione</span> <span class='ocrx_word' id='word_1_334' title='bbox 2853 2820 2920 2875; x_wconf 95' lang='lat' dir='ltr'>D.</span> <span class='ocrx_word' id='word_1_335' title='bbox 2944 2820 3137 2875; x_wconf 80' lang='lat' dir='ltr'>NICOL.</span> <span class='ocrx_word' id='word_1_336' title='bbox 3175 2821 3245 2875; x_wconf 79' lang='lat' dir='ltr'>Ls</span> <span class='ocrx_word' id='word_1_337' title='bbox 3274 2820 3519 2876; x_wconf 74' lang='lat' dir='ltr'>Nousav</span> <span class='ocrx_word' id='word_1_338' title='bbox 3539 2838 3637 2878; x_wconf 90' lang='lat' dir='ltr'>ar-</span> 
     </span>
    </p>
   </div>
   <div class='ocr_carea' id='block_1_52' title="bbox 1992 2910 3636 2982">
    <p class='ocr_par' dir='ltr' id='par_1_52' title="bbox 1992 2910 3636 2982">
     <span class='ocr_line' id='line_1_54' title="bbox 1992 2910 3636 2982; baseline 0.002 -18"><span class='ocrx_word' id='word_1_339' title='bbox 1992 2912 2109 2965; x_wconf 89' lang='lat' dir='ltr'>dua</span> <span class='ocrx_word' id='word_1_340' title='bbox 2139 2926 2382 2981; x_wconf 67' lang='lat' dir='ltr'>quisque</span> <span class='ocrx_word' id='word_1_341' title='bbox 2414 2910 2785 2982; x_wconf 73' lang='lat' dir='ltr'>Septimianze</span> <span class='ocrx_word' id='word_1_342' title='bbox 2833 2910 3112 2966; x_wconf 79' lang='lat' dir='ltr'>doctrinae</span> <span class='ocrx_word' id='word_1_343' title='bbox 3143 2915 3441 2967; x_wconf 89' lang='lat' dir='ltr'>momenta</span> <span class='ocrx_word' id='word_1_344' title='bbox 3462 2927 3636 2981; x_wconf 90' lang='lat' dir='ltr'>quam</span> 
     </span>
    </p>
   </div>
   <div class='ocr_carea' id='block_1_53' title="bbox 1993 2999 2865 3070">
    <p class='ocr_par' dir='ltr' id='par_1_53' title="bbox 1993 2999 2865 3070">
     <span class='ocr_line' id='line_1_55' title="bbox 1993 2999 2865 3070; baseline 0.002 -16"><span class='ocrx_word' id='word_1_345' title='bbox 1993 2999 2234 3055; x_wconf 86' lang='lat' dir='ltr'>uberius</span> <span class='ocrx_word' id='word_1_346' title='bbox 2255 3004 2311 3054; x_wconf 92' lang='lat' dir='ltr'>et</span> <span class='ocrx_word' id='word_1_347' title='bbox 2340 2999 2568 3070; x_wconf 88' lang='lat' dir='ltr'>plenius</span> <span class='ocrx_word' id='word_1_348' title='bbox 2598 3003 2865 3070; x_wconf 86' lang='lat' dir='ltr'>exponet.</span> 
     </span>
    </p>
   </div>
   <div class='ocr_carea' id='block_1_54' title="bbox 2064 3087 3636 3146">
    <p class='ocr_par' dir='ltr' id='par_1_54' title="bbox 2064 3087 3636 3146">
     <span class='ocr_line' id='line_1_56' title="bbox 2064 3087 3636 3146; baseline 0 -3"><span class='ocrx_word' id='word_1_349' title='bbox 2064 3088 2302 3143; x_wconf 88' lang='lat' dir='ltr'>Interim</span> <span class='ocrx_word' id='word_1_350' title='bbox 2354 3088 2724 3144; x_wconf 90' lang='lat' dir='ltr'>subnectitur</span> <span class='ocrx_word' id='word_1_351' title='bbox 2778 3088 2967 3143; x_wconf 90' lang='lat' dir='ltr'>brevis</span> <span class='ocrx_word' id='word_1_352' title='bbox 3014 3092 3071 3143; x_wconf 90' lang='lat' dir='ltr'>et</span> <span class='ocrx_word' id='word_1_353' title='bbox 3128 3087 3426 3145; x_wconf 86' lang='lat' dir='ltr'>luculenta</span> <span class='ocrx_word' id='word_1_354' title='bbox 3455 3090 3636 3146; x_wconf 61' lang='lat' dir='ltr'>Lana.</span> 
     </span>
    </p>
   </div>
   <div class='ocr_carea' id='block_1_55' title="bbox 1993 3177 3636 3251">
    <p class='ocr_par' dir='ltr' id='par_1_55' title="bbox 1993 3177 3636 3251">
     <span class='ocr_line' id='line_1_57' title="bbox 1993 3177 3636 3251; baseline 0.001 -17"><span class='ocrx_word' id='word_1_355' title='bbox 1993 3179 2288 3234; x_wconf 73' lang='lat' dir='ltr'>Mosusmu</span> <span class='ocrx_word' id='word_1_356' title='bbox 2320 3177 2389 3232; x_wconf 91' lang='lat' dir='ltr'>de</span> <span class='ocrx_word' id='word_1_357' title='bbox 2421 3182 2586 3233; x_wconf 68' lang='lat' dir='ltr'>astate</span> <span class='ocrx_word' id='word_1_358' title='bbox 2617 3177 2993 3249; x_wconf 82' lang='lat' dir='ltr'>Apologetici,</span> <span class='ocrx_word' id='word_1_359' title='bbox 3045 3177 3330 3249; x_wconf 90' lang='lat' dir='ltr'>initioque</span> <span class='ocrx_word' id='word_1_360' title='bbox 3359 3193 3636 3251; x_wconf 88' lang='lat' dir='ltr'>persecu-</span> 
     </span>
    </p>
   </div>
   <div class='ocr_carea' id='block_1_56' title="bbox 1992 3266 2900 3337">
    <p class='ocr_par' dir='ltr' id='par_1_56' title="bbox 1992 3266 2900 3337">
     <span class='ocr_line' id='line_1_58' title="bbox 1992 3266 2900 3337; baseline 0 -14"><span class='ocrx_word' id='word_1_361' title='bbox 1992 3267 2169 3323; x_wconf 88' lang='lat' dir='ltr'>tionis</span> <span class='ocrx_word' id='word_1_362' title='bbox 2195 3266 2514 3322; x_wconf 68' lang='lat' dir='ltr'>Severianze</span> <span class='ocrx_word' id='word_1_363' title='bbox 2544 3266 2900 3337; x_wconf 88' lang='lat' dir='ltr'>disquisitio.</span> 
     </span>
    </p>
   </div>
   <div class='ocr_carea' id='block_1_57' title="bbox 2063 3356 3640 3429">
    <p class='ocr_par' dir='ltr' id='par_1_57' title="bbox 2063 3356 3640 3429">
     <span class='ocr_line' id='line_1_59' title="bbox 2063 3356 3640 3429; baseline 0.004 -19"><span class='ocrx_word' id='word_1_364' title='bbox 2063 3357 2294 3412; x_wconf 89' lang='lat' dir='ltr'>Interea</span> <span class='ocrx_word' id='word_1_365' title='bbox 2322 3356 2579 3412; x_wconf 90' lang='lat' dir='ltr'>decurrit</span> <span class='ocrx_word' id='word_1_366' title='bbox 2620 3357 3034 3429; x_wconf 89' lang='lat' dir='ltr'>integerrimus</span> <span class='ocrx_word' id='word_1_367' title='bbox 3061 3357 3408 3414; x_wconf 87' lang='lat' dir='ltr'>Tertulliani</span> <span class='ocrx_word' id='word_1_368' title='bbox 3444 3362 3640 3416; x_wconf 84' lang='lat' dir='ltr'>textus</span> 
     </span>
    </p>
   </div>
   <div class='ocr_carea' id='block_1_58' title="bbox 1994 3445 3639 3521">
    <p class='ocr_par' dir='ltr' id='par_1_58' title="bbox 1994 3445 3639 3521">
     <span class='ocr_line' id='line_1_60' title="bbox 1994 3445 3639 3521; baseline 0.002 -21"><span class='ocrx_word' id='word_1_369' title='bbox 1994 3445 2444 3518; x_wconf 71' lang='lat' dir='ltr'>praecedentium</span> <span class='ocrx_word' id='word_1_370' title='bbox 2513 3445 2835 3501; x_wconf 89' lang='lat' dir='ltr'>editionum</span> <span class='ocrx_word' id='word_1_371' title='bbox 2910 3448 3207 3515; x_wconf 69' lang='lat' dir='ltr'>Rhenanae,</span> <span class='ocrx_word' id='word_1_372' title='bbox 3274 3447 3639 3521; x_wconf 70' lang='lat' dir='ltr'>Pamelianae,</span> 
     </span>
    </p>
   </div>
   <div class='ocr_carea' id='block_1_59' title="bbox 1991 3535 3642 3608">
    <p class='ocr_par' dir='ltr' id='par_1_59' title="bbox 1991 3535 3642 3608">
     <span class='ocr_line' id='line_1_61' title="bbox 1991 3535 3642 3608; baseline 0.002 -18"><span class='ocrx_word' id='word_1_373' title='bbox 1991 3535 2360 3600; x_wconf 70' lang='lat' dir='ltr'>Franckanw,</span> <span class='ocrx_word' id='word_1_374' title='bbox 2394 3537 2743 3607; x_wconf 67' lang='lat' dir='ltr'>Rigaltianaa,</span> <span class='ocrx_word' id='word_1_375' title='bbox 2777 3539 3202 3608; x_wconf 78' lang='lat' dir='ltr'>Parisiensium,</span> <span class='ocrx_word' id='word_1_376' title='bbox 3243 3540 3465 3607; x_wconf 72' lang='lat' dir='ltr'>Venetae,</span> <span class='ocrx_word' id='word_1_377' title='bbox 3498 3540 3642 3594; x_wconf 78' lang='lat' dir='ltr'>Hal-</span> 
     </span>
    </p>
   </div>
   <div class='ocr_carea' id='block_1_60' title="bbox 1998 3625 3638 3698">
    <p class='ocr_par' dir='ltr' id='par_1_60' title="bbox 1998 3625 3638 3698">
     <span class='ocr_line' id='line_1_62' title="bbox 1998 3625 3638 3698; baseline 0.003 -19"><span class='ocrx_word' id='word_1_378' title='bbox 1998 3625 2190 3691; x_wconf 77' lang='lat' dir='ltr'>lensis,</span> <span class='ocrx_word' id='word_1_379' title='bbox 2213 3626 2669 3697; x_wconf 69' lang='lat' dir='ltr'>li’irceburgensis</span> <span class='ocrx_word' id='word_1_380' title='bbox 2698 3626 2874 3681; x_wconf 91' lang='lat' dir='ltr'>variis</span> <span class='ocrx_word' id='word_1_381' title='bbox 2901 3627 3250 3683; x_wconf 89' lang='lat' dir='ltr'>lectionibus</span> <span class='ocrx_word' id='word_1_382' title='bbox 3282 3627 3638 3698; x_wconf 87' lang='lat' dir='ltr'>illustratus,</span> 
     </span>
    </p>
   </div>
   <div class='ocr_carea' id='block_1_61' title="bbox 1994 3714 3697 3788">
    <p class='ocr_par' dir='ltr' id='par_1_61' title="bbox 1994 3714 3697 3788">
     <span class='ocr_line' id='line_1_63' title="bbox 1994 3714 3697 3788; baseline 0.003 -20"><span class='ocrx_word' id='word_1_383' title='bbox 1994 3714 2315 3769; x_wconf 90' lang='lat' dir='ltr'>multorum</span> <span class='ocrx_word' id='word_1_384' title='bbox 2349 3720 2629 3786; x_wconf 61' lang='lat' dir='ltr'>praeterea</span> <span class='ocrx_word' id='word_1_385' title='bbox 2650 3732 2858 3788; x_wconf 89' lang='lat' dir='ltr'>nempe</span> <span class='ocrx_word' id='word_1_386' title='bbox 2888 3717 3073 3787; x_wconf 76' lang='lat' dir='ltr'>Junu,</span> <span class='ocrx_word' id='word_1_387' title='bbox 3106 3717 3342 3787; x_wconf 78' lang='lat' dir='ltr'>LATlNII,</span> <span class='ocrx_word' id='word_1_388' title='bbox 3366 3721 3641 3775; x_wconf 79' lang='lat' dir='ltr'>Wouws-</span> <span class='ocrx_word' id='word_1_389' title='bbox 3682 3718 3697 3736; x_wconf 86' lang='lat'><strong>&#39;</strong></span> 
     </span>
    </p>
   </div>
   <div class='ocr_carea' id='block_1_62' title="bbox 1994 3805 3637 3877">
    <p class='ocr_par' dir='ltr' id='par_1_62' title="bbox 1994 3805 3637 3877">
     <span class='ocr_line' id='line_1_64' title="bbox 1994 3805 3637 3877; baseline 0.002 -18"><span class='ocrx_word' id='word_1_390' title='bbox 1994 3821 2095 3873; x_wconf 73' lang='lat' dir='ltr'>an,</span> <span class='ocrx_word' id='word_1_391' title='bbox 2128 3805 2416 3871; x_wconf 79' lang='lat' dir='ltr'>SALMASII,</span> <span class='ocrx_word' id='word_1_392' title='bbox 2452 3805 2765 3876; x_wconf 78' lang='lat' dir='ltr'>CIACCONII,</span> <span class='ocrx_word' id='word_1_393' title='bbox 2786 3806 3111 3877; x_wconf 76' lang='lat' dir='ltr'>SCALmsRI,</span> <span class='ocrx_word' id='word_1_394' title='bbox 3136 3807 3410 3875; x_wconf 80' lang='lat' dir='ltr'>SEMLERI,</span> <span class='ocrx_word' id='word_1_395' title='bbox 3436 3808 3637 3863; x_wconf 78' lang='lat' dir='ltr'>Rrr&#39;rs-</span> 
     </span>
    </p>
   </div>
   <div class='ocr_carea' id='block_1_63' title="bbox 1994 3895 3643 3968">
    <p class='ocr_par' dir='ltr' id='par_1_63' title="bbox 1994 3895 3643 3968">
     <span class='ocr_line' id='line_1_65' title="bbox 1994 3895 3643 3968; baseline 0.003 -20"><span class='ocrx_word' id='word_1_396' title='bbox 1994 3911 2096 3958; x_wconf 54' lang='grc' dir='ltr'>ιλιι,</span> <span class='ocrx_word' id='word_1_397' title='bbox 2129 3897 2412 3949; x_wconf 79' lang='lat' dir='ltr'>LEOPOLDI</span> <span class='ocrx_word' id='word_1_398' title='bbox 2443 3895 2901 3951; x_wconf 88' lang='lat' dir='ltr'>correctionihus</span> <span class='ocrx_word' id='word_1_399' title='bbox 2933 3897 3276 3968; x_wconf 88' lang='lat' dir='ltr'>castigatus,</span> <span class='ocrx_word' id='word_1_400' title='bbox 3310 3913 3414 3952; x_wconf 90' lang='lat' dir='ltr'>nec</span> <span class='ocrx_word' id='word_1_401' title='bbox 3446 3914 3561 3953; x_wconf 89' lang='lat' dir='ltr'>non</span> <span class='ocrx_word' id='word_1_402' title='bbox 3583 3901 3643 3953; x_wconf 85' lang='lat' dir='ltr'>et</span> 
     </span>
    </p>
   </div>
   <div class='ocr_carea' id='block_1_64' title="bbox 1996 3983 3642 4058">
    <p class='ocr_par' dir='ltr' id='par_1_64' title="bbox 1996 3983 3642 4058">
     <span class='ocr_line' id='line_1_66' title="bbox 1996 3983 3642 4058; baseline 0.002 -21"><span class='ocrx_word' id='word_1_403' title='bbox 1996 3983 2322 4053; x_wconf 75' lang='lat' dir='ltr'>adornatus</span> <span class='ocrx_word' id='word_1_404' title='bbox 2337 3983 2716 4055; x_wconf 87' lang='lat' dir='ltr'>amplissimis</span> <span class='ocrx_word' id='word_1_405' title='bbox 2731 3985 3642 4058; x_wconf 73' lang='lat' dir='ltr'>RHENANI,PAMELII,PANCIROLII,</span> 
     </span>
    </p>
   </div>
   <div class='ocr_carea' id='block_1_65' title="bbox 233 4045 3705 4160">
    <p class='ocr_par' dir='ltr' id='par_1_65' title="bbox 233 4045 3705 4160">
     <span class='ocr_line' id='line_1_67' title="bbox 233 4045 3705 4160; baseline 0.002 -36"><span class='ocrx_word' id='word_1_406' title='bbox 233 4085 437 4142; x_wconf 84' lang='lat' dir='ltr'>Opera,</span> <span class='ocrx_word' id='word_1_407' title='bbox 469 4067 623 4122; x_wconf 85' lang='lat' dir='ltr'>adsit</span> <span class='ocrx_word' id='word_1_408' title='bbox 655 4067 826 4121; x_wconf 91' lang='lat' dir='ltr'>modo</span> <span class='ocrx_word' id='word_1_409' title='bbox 853 4067 1042 4121; x_wconf 90' lang='lat' dir='ltr'>bonus</span> <span class='ocrx_word' id='word_1_410' title='bbox 1063 4066 1579 4158; x_wconf 46' lang='lat' dir='ltr'>dexterque‘peus‘,</span> <span class='ocrx_word' id='word_1_411' title='bbox 1616 4056 1789 4148; x_wconf 63' lang='lat' dir='ltr'>{litem</span> <span class='ocrx_word' id='word_1_412' title='bbox 1816 4045 1960 4160; x_wconf 43' lang='lat' dir='ltr'>ad</span> <span class='ocrx_word' id='word_1_413' title='bbox 2002 4068 2319 4141; x_wconf 50' lang='lat' dir='ltr'>Laesaomy</span> <span class='ocrx_word' id='word_1_414' title='bbox 2358 4075 2740 4141; x_wconf 61' lang='lat' dir='ltr'>ALBASPINJEI,</span> <span class='ocrx_word' id='word_1_415' title='bbox 2813 4078 3211 4141; x_wconf 78' lang='lat' dir='ltr'>HAVERCAMPI,</span> <span class='ocrx_word' id='word_1_416' title='bbox 3288 4075 3642 4147; x_wconf 77' lang='lat' dir='ltr'>MURATORII,</span> <span class='ocrx_word' id='word_1_417' title='bbox 3702 4091 3705 4094; x_wconf 72' lang='lat'><strong><em>&#39;</em></strong></span> 
     </span>
    </p>
   </div>
   <div class='ocr_carea' id='block_1_66' title="bbox 234 4135 1279 4229">
    <p class='ocr_par' dir='ltr' id='par_1_66' title="bbox 234 4135 1279 4229">
     <span class='ocr_line' id='line_1_68' title="bbox 234 4135 1279 4229; baseline -0.004 -15"><span class='ocrx_word' id='word_1_418' title='bbox 234 4135 428 4229; x_wconf 73' lang='lat' dir='ltr'>usque</span> <span class='ocrx_word' id='word_1_419' title='bbox 455 4157 726 4211; x_wconf 92' lang='lat' dir='ltr'>ultimum</span> <span class='ocrx_word' id='word_1_420' title='bbox 761 4135 1181 4229; x_wconf 59' lang='lat' dir='ltr'>perducenda.‘</span> <span class='ocrx_word' id='word_1_421' title='bbox 1232 4154 1236 4163; x_wconf 78' lang='grc'><em>’</em></span> <span class='ocrx_word' id='word_1_422' title='bbox 1270 4166 1279 4178; x_wconf 91' lang='grc'><strong><em>“</em></strong></span> 
     </span>
    </p>
   </div>
   <div class='ocr_carea' id='block_1_67' title="bbox 306 4243 1925 4321">
    <p class='ocr_par' dir='ltr' id='par_1_67' title="bbox 306 4243 1925 4321">
     <span class='ocr_line' id='line_1_69' title="bbox 306 4243 1925 4321; baseline 0.002 -19"><span class='ocrx_word' id='word_1_423' title='bbox 306 4248 487 4302; x_wconf 85' lang='lat' dir='ltr'>Nobis</span> <span class='ocrx_word' id='word_1_424' title='bbox 518 4262 650 4300; x_wconf 89' lang='lat' dir='ltr'>vero</span> <span class='ocrx_word' id='word_1_425' title='bbox 682 4243 823 4299; x_wconf 86' lang='lat' dir='ltr'>talia</span> <span class='ocrx_word' id='word_1_426' title='bbox 854 4245 1301 4321; x_wconf 78' lang='lat' dir='ltr'>auspicantibus</span> <span class='ocrx_word' id='word_1_427' title='bbox 1348 4246 1889 4321; x_wconf 60' lang='lat' dir='ltr'>felixfaustumqnc</span> <span class='ocrx_word' id='word_1_428' title='bbox 1918 4306 1925 4315; x_wconf 66' lang='grc'><em>,</em></span> 
     </span>
    </p>
   </div>
   <div class='ocr_carea' id='block_1_68' title="bbox 231 4322 1885 4414">
    <p class='ocr_par' dir='ltr' id='par_1_68' title="bbox 231 4322 1885 4414">
     <span class='ocr_line' id='line_1_70' title="bbox 231 4322 1885 4414; baseline 0.001 -22"><span class='ocrx_word' id='word_1_429' title='bbox 231 4339 335 4403; x_wconf 84' lang='lat' dir='ltr'>sit,</span> <span class='ocrx_word' id='word_1_430' title='bbox 368 4336 512 4389; x_wconf 92' lang='lat' dir='ltr'>illud</span> <span class='ocrx_word' id='word_1_431' title='bbox 547 4334 754 4407; x_wconf 90' lang='lat' dir='ltr'>primis</span> <span class='ocrx_word' id='word_1_432' title='bbox 802 4334 1053 4388; x_wconf 79' lang='lat' dir='ltr'>inﬁxum</span> <span class='ocrx_word' id='word_1_433' title='bbox 1088 4322 1835 4414; x_wconf 38' lang='lat' dir='ltr'>vestigiisirelegereﬁillud.</span> <span class='ocrx_word' id='word_1_434' title='bbox 1857 4358 1885 4394; x_wconf 74' lang='grc' dir='ltr'>ει</span> 
     </span>
    </p>
   </div>
   <div class='ocr_carea' id='block_1_69' title="bbox 110 4406 1919 4505">
    <p class='ocr_par' dir='ltr' id='par_1_69' title="bbox 110 4406 1919 4505">
     <span class='ocr_line' id='line_1_71' title="bbox 110 4406 1919 4505; baseline -0.006 -23"><span class='ocrx_word' id='word_1_435' title='bbox 230 4406 595 4480; x_wconf 86' lang='lat' dir='ltr'>Tertulliano</span> <span class='ocrx_word' id='word_1_436' title='bbox 628 4423 842 4478; x_wconf 88' lang='lat' dir='ltr'>misere</span> <span class='ocrx_word' id='word_1_437' title='bbox 889 4422 1054 4494; x_wconf 88' lang='lat' dir='ltr'>lapso</span> <span class='ocrx_word' id='word_1_438' title='bbox 1107 4406 1385 4479; x_wconf 79' lang='lat' dir='ltr'>ediscere.</span> <span class='ocrx_word' id='word_1_439' title='bbox 1421 4408 1646 4502; x_wconf 71' lang='lat' dir='ltr'>nullum</span> <span class='ocrx_word' id='word_1_440' title='bbox 1680 4444 1919 4505; x_wconf 34' lang='lat' dir='ltr'>nempe.</span> 
     </span>
    </p>
   </div>
   <div class='ocr_carea' id='block_1_70' title="bbox 96 4513 1933 4593">
    <p class='ocr_par' dir='ltr' id='par_1_70' title="bbox 96 4513 1933 4593">
     <span class='ocr_line' id='line_1_72' title="bbox 96 4513 1933 4593; baseline 0.002 -25"><span class='ocrx_word' id='word_1_441' title='bbox 96 4526 125 4541; x_wconf 61' lang='grc' dir='ltr'>ν</span> <span class='ocrx_word' id='word_1_442' title='bbox 229 4514 373 4569; x_wconf 78' lang='lat' dir='ltr'>fidei</span> <span class='ocrx_word' id='word_1_443' title='bbox 405 4514 664 4568; x_wconf 78' lang='lat' dir='ltr'>serendae</span> <span class='ocrx_word' id='word_1_444' title='bbox 696 4516 799 4566; x_wconf 88' lang='lat' dir='ltr'>aut</span> <span class='ocrx_word' id='word_1_445' title='bbox 837 4513 1130 4567; x_wconf 65' lang='lat' dir='ltr'>servandas</span> <span class='ocrx_word' id='word_1_446' title='bbox 1183 4530 1444 4585; x_wconf 78' lang='lat' dir='ltr'>unquam</span> <span class='ocrx_word' id='word_1_447' title='bbox 1477 4514 1658 4593; x_wconf 54' lang='lat' dir='ltr'>fuisse</span> <span class='ocrx_word' id='word_1_448' title='bbox 1689 4533 1886 4592; x_wconf 54' lang='lat' dir='ltr'>peccas</span> <span class='ocrx_word' id='word_1_449' title='bbox 1932 4568 1933 4571; x_wconf 44' lang='grc' dir='ltr'><strong>η</strong></span> 
     </span>
    </p>
   </div>
   <div class='ocr_carea' id='block_1_71' title="bbox 231 4598 1887 4674">
    <p class='ocr_par' dir='ltr' id='par_1_71' title="bbox 231 4598 1887 4674">
     <span class='ocr_line' id='line_1_73' title="bbox 231 4598 1887 4674; baseline 0.002 -16"><span class='ocrx_word' id='word_1_450' title='bbox 231 4603 461 4658; x_wconf 88' lang='lat' dir='ltr'>sarium</span> <span class='ocrx_word' id='word_1_451' title='bbox 494 4601 845 4657; x_wconf 85' lang='lat' dir='ltr'>feracissimi</span> <span class='ocrx_word' id='word_1_452' title='bbox 905 4600 1121 4673; x_wconf 89' lang='lat' dir='ltr'>ingenii</span> <span class='ocrx_word' id='word_1_453' title='bbox 1153 4598 1510 4674; x_wconf 83' lang='lat' dir='ltr'>subsidium,</span> <span class='ocrx_word' id='word_1_454' title='bbox 1542 4622 1648 4659; x_wconf 84' lang='lat' dir='ltr'>nec</span> <span class='ocrx_word' id='word_1_455' title='bbox 1693 4610 1753 4660; x_wconf 93' lang='lat' dir='ltr'>ut</span> <span class='ocrx_word' id='word_1_456' title='bbox 1784 4608 1887 4661; x_wconf 74' lang='lat' dir='ltr'>tir-</span> 
     </span>
    </p>
   </div>
   <div class='ocr_carea' id='block_1_72' title="bbox 98 4690 1884 4767">
    <p class='ocr_par' dir='ltr' id='par_1_72' title="bbox 98 4690 1884 4767">
     <span class='ocr_line' id='line_1_74' title="bbox 98 4690 1884 4767; baseline 0.002 -20"><span class='ocrx_word' id='word_1_457' title='bbox 98 4718 133 4725; x_wconf 54' lang='grc' dir='ltr'><em>ί</em></span> <span class='ocrx_word' id='word_1_458' title='bbox 232 4709 399 4748; x_wconf 91' lang='lat' dir='ltr'>mum</span> <span class='ocrx_word' id='word_1_459' title='bbox 435 4696 550 4747; x_wconf 90' lang='lat' dir='ltr'>stet</span> <span class='ocrx_word' id='word_1_460' title='bbox 579 4696 635 4746; x_wconf 91' lang='lat' dir='ltr'>et</span> <span class='ocrx_word' id='word_1_461' title='bbox 664 4691 1079 4745; x_wconf 87' lang='lat' dir='ltr'>inconcussum</span> <span class='ocrx_word' id='word_1_462' title='bbox 1113 4690 1379 4747; x_wconf 80' lang='lat' dir='ltr'>Ecclesiae</span> <span class='ocrx_word' id='word_1_463' title='bbox 1411 4693 1884 4767; x_wconf 83' lang='lat' dir='ltr'>fundamentum,</span> 
     </span>
    </p>
   </div>
   <div class='ocr_carea' id='block_1_73' title="bbox 230 4779 1886 4840">
    <p class='ocr_par' dir='ltr' id='par_1_73' title="bbox 230 4779 1886 4840">
     <span class='ocr_line' id='line_1_75' title="bbox 230 4779 1886 4840; baseline 0.002 -3"><span class='ocrx_word' id='word_1_464' title='bbox 230 4780 686 4837; x_wconf 77' lang='lat' dir='ltr'>suifulciendam</span> <span class='ocrx_word' id='word_1_465' title='bbox 721 4796 851 4835; x_wconf 86' lang='lat' dir='ltr'>esse</span> <span class='ocrx_word' id='word_1_466' title='bbox 882 4780 954 4833; x_wconf 85' lang='lat' dir='ltr'>ab</span> <span class='ocrx_word' id='word_1_467' title='bbox 986 4779 1294 4835; x_wconf 88' lang='lat' dir='ltr'>hominum</span> <span class='ocrx_word' id='word_1_468' title='bbox 1317 4781 1591 4837; x_wconf 91' lang='lat' dir='ltr'>imbecilli</span> <span class='ocrx_word' id='word_1_469' title='bbox 1626 4800 1801 4839; x_wconf 89' lang='lat' dir='ltr'>manu</span> <span class='ocrx_word' id='word_1_470' title='bbox 1829 4791 1886 4840; x_wconf 90' lang='lat' dir='ltr'>et</span> 
     </span>
    </p>
   </div>
   <div class='ocr_carea' id='block_1_74' title="bbox 14 4867 1884 4951">
    <p class='ocr_par' dir='ltr' id='par_1_74' title="bbox 14 4867 1884 4951">
     <span class='ocr_line' id='line_1_76' title="bbox 14 4867 1884 4951; baseline 0.003 -26"><span class='ocrx_word' id='word_1_471' title='bbox 14 4878 141 4951; x_wconf 36' lang='grc' dir='ltr'>βίη</span> <span class='ocrx_word' id='word_1_472' title='bbox 228 4872 456 4926; x_wconf 88' lang='lat' dir='ltr'>caduca</span> <span class='ocrx_word' id='word_1_473' title='bbox 511 4870 661 4924; x_wconf 89' lang='lat' dir='ltr'>banc</span> <span class='ocrx_word' id='word_1_474' title='bbox 717 4867 1039 4924; x_wconf 85' lang='lat' dir='ltr'>columnam</span> <span class='ocrx_word' id='word_1_475' title='bbox 1091 4886 1155 4925; x_wconf 83' lang='lat' dir='ltr'>ac</span> <span class='ocrx_word' id='word_1_476' title='bbox 1215 4872 1622 4941; x_wconf 78' lang='lat' dir='ltr'>ﬁrmamentum</span> <span class='ocrx_word' id='word_1_477' title='bbox 1679 4877 1884 4930; x_wconf 76' lang='lat' dir='ltr'>veritu-</span> 
     </span>
    </p>
   </div>
   <div class='ocr_carea' id='block_1_75' title="bbox 225 4958 1879 5032">
    <p class='ocr_par' dir='ltr' id='par_1_75' title="bbox 225 4958 1879 5032">
     <span class='ocr_line' id='line_1_77' title="bbox 225 4958 1879 5032; baseline 0.003 -18"><span class='ocrx_word' id='word_1_478' title='bbox 225 4962 300 5014; x_wconf 74' lang='lat' dir='ltr'>tis</span> <span class='ocrx_word' id='word_1_479' title='bbox 336 4960 429 5029; x_wconf 83' lang='grc'>(1).</span> <span class='ocrx_word' id='word_1_480' title='bbox 456 4958 897 5013; x_wconf 73' lang='lat' dir='ltr'>Fundamentum</span> <span class='ocrx_word' id='word_1_481' title='bbox 928 4959 1073 5011; x_wconf 77' lang='lat' dir='ltr'>enim</span> <span class='ocrx_word' id='word_1_482' title='bbox 1104 4958 1265 5013; x_wconf 82' lang='lat' dir='ltr'>aliud</span> <span class='ocrx_word' id='word_1_483' title='bbox 1290 4976 1443 5015; x_wconf 76' lang='lat' dir='ltr'>nemo</span> <span class='ocrx_word' id='word_1_484' title='bbox 1473 4965 1644 5030; x_wconf 73' lang='lat' dir='ltr'>potest</span> <span class='ocrx_word' id='word_1_485' title='bbox 1662 4979 1879 5032; x_wconf 80' lang='lat' dir='ltr'>ponere,</span> 
     </span>
    </p>
   </div>
   <div class='ocr_carea' id='block_1_76' title="bbox 226 5048 1880 5121">
    <p class='ocr_par' dir='ltr' id='par_1_76' title="bbox 226 5048 1880 5121">
     <span class='ocr_line' id='line_1_78' title="bbox 226 5048 1880 5121; baseline 0.002 -16"><span class='ocrx_word' id='word_1_486' title='bbox 226 5059 438 5121; x_wconf 45' lang='lat' dir='ltr'>prater</span> <span class='ocrx_word' id='word_1_487' title='bbox 470 5049 526 5103; x_wconf 83' lang='lat' dir='ltr'>id</span> <span class='ocrx_word' id='word_1_488' title='bbox 556 5048 695 5118; x_wconf 88' lang='lat' dir='ltr'>quod</span> <span class='ocrx_word' id='word_1_489' title='bbox 722 5049 964 5118; x_wconf 78' lang='lat' dir='ltr'>positum</span> <span class='ocrx_word' id='word_1_490' title='bbox 1015 5056 1108 5112; x_wconf 80' lang='lat' dir='ltr'>est,</span> <span class='ocrx_word' id='word_1_491' title='bbox 1150 5048 1290 5120; x_wconf 84' lang='lat' dir='ltr'>quod</span> <span class='ocrx_word' id='word_1_492' title='bbox 1347 5054 1423 5103; x_wconf 84' lang='lat' dir='ltr'>est</span> <span class='ocrx_word' id='word_1_493' title='bbox 1470 5051 1754 5107; x_wconf 74' lang='lat' dir='ltr'>CHRISTUS</span> <span class='ocrx_word' id='word_1_494' title='bbox 1784 5054 1880 5108; x_wconf 68' lang='grc' dir='ltr'>,ΙΕ-</span> 
     </span>
    </p>
   </div>
   <div class='ocr_carea' id='block_1_77' title="bbox 227 5136 1878 5211">
    <p class='ocr_par' dir='ltr' id='par_1_77' title="bbox 227 5136 1878 5211">
     <span class='ocr_line' id='line_1_79' title="bbox 227 5136 1878 5211; baseline 0.002 -17"><span class='ocrx_word' id='word_1_495' title='bbox 227 5155 337 5194; x_wconf 83' lang='lat' dir='ltr'>sus</span> <span class='ocrx_word' id='word_1_496' title='bbox 364 5140 465 5207; x_wconf 74' lang='lat'>(2).</span> <span class='ocrx_word' id='word_1_497' title='bbox 501 5139 747 5193; x_wconf 78' lang='lat' dir='ltr'>Firmum</span> <span class='ocrx_word' id='word_1_498' title='bbox 774 5136 1195 5207; x_wconf 77' lang='lat' dir='ltr'>funda-mentum</span> <span class='ocrx_word' id='word_1_499' title='bbox 1219 5139 1670 5207; x_wconf 77' lang='lat' dir='ltr'>Deis/at,habens</span> <span class='ocrx_word' id='word_1_500' title='bbox 1689 5144 1878 5211; x_wconf 81' lang='lat' dir='ltr'>signa-</span> 
     </span>
    </p>
   </div>
   <div class='ocr_carea' id='block_1_78' title="bbox 220 5227 1879 5301">
    <p class='ocr_par' dir='ltr' id='par_1_78' title="bbox 220 5227 1879 5301">
     <span class='ocr_line' id='line_1_80' title="bbox 220 5227 1879 5301; baseline 0.002 -18"><span class='ocrx_word' id='word_1_501' title='bbox 220 5230 421 5283; x_wconf 84' lang='lat' dir='ltr'>culum</span> <span class='ocrx_word' id='word_1_502' title='bbox 454 5228 551 5281; x_wconf 81' lang='lat' dir='ltr'>hoc</span> <span class='ocrx_word' id='word_1_503' title='bbox 578 5244 590 5281; x_wconf 93' lang='lat'>:</span> <span class='ocrx_word' id='word_1_504' title='bbox 619 5228 890 5295; x_wconf 80' lang='lat' dir='ltr'>(‘ognovit</span> <span class='ocrx_word' id='word_1_505' title='bbox 918 5227 1183 5281; x_wconf 73' lang='lat' dir='ltr'>Dominus</span> <span class='ocrx_word' id='word_1_506' title='bbox 1211 5230 1309 5297; x_wconf 88' lang='lat' dir='ltr'>qui</span> <span class='ocrx_word' id='word_1_507' title='bbox 1335 5237 1466 5285; x_wconf 79' lang='lat' dir='ltr'>sunt</span> <span class='ocrx_word' id='word_1_508' title='bbox 1489 5231 1688 5301; x_wconf 77' lang='lat' dir='ltr'>ejus,et</span> <span class='ocrx_word' id='word_1_509' title='bbox 1709 5232 1879 5287; x_wconf 75' lang='lat' dir='ltr'>disce-</span> 
     </span>
    </p>
   </div>
   <div class='ocr_carea' id='block_1_79' title="bbox 218 5316 1876 5393">
    <p class='ocr_par' dir='ltr' id='par_1_79' title="bbox 218 5316 1876 5393">
     <span class='ocr_line' id='line_1_81' title="bbox 218 5316 1876 5393; baseline 0.004 -22"><span class='ocrx_word' id='word_1_510' title='bbox 218 5318 317 5371; x_wconf 81' lang='lat' dir='ltr'>dat</span> <span class='ocrx_word' id='word_1_511' title='bbox 337 5317 408 5371; x_wconf 75' lang='lat' dir='ltr'>ab</span> <span class='ocrx_word' id='word_1_512' title='bbox 428 5317 720 5386; x_wconf 75' lang='lat' dir='ltr'>iniquitate</span> <span class='ocrx_word' id='word_1_513' title='bbox 741 5316 917 5370; x_wconf 75' lang='lat' dir='ltr'>omnis</span> <span class='ocrx_word' id='word_1_514' title='bbox 933 5316 1034 5387; x_wconf 81' lang='lat' dir='ltr'>qui</span> <span class='ocrx_word' id='word_1_515' title='bbox 1047 5316 1299 5370; x_wconf 79' lang='lat' dir='ltr'>nominat</span> <span class='ocrx_word' id='word_1_516' title='bbox 1316 5333 1517 5373; x_wconf 80' lang='lat' dir='ltr'>nomen</span> <span class='ocrx_word' id='word_1_517' title='bbox 1538 5320 1762 5374; x_wconf 82' lang='lat' dir='ltr'>Domini</span> <span class='ocrx_word' id='word_1_518' title='bbox 1778 5323 1876 5393; x_wconf 88' lang='lat'>(3).</span> 
     </span>
    </p>
   </div>
   <div class='ocr_carea' id='block_1_80' title="bbox 297 5403 1878 5475">
    <p class='ocr_par' dir='ltr' id='par_1_80' title="bbox 297 5403 1878 5475">
     <span class='ocr_line' id='line_1_82' title="bbox 297 5403 1878 5475; baseline 0.003 -13"><span class='ocrx_word' id='word_1_519' title='bbox 297 5408 381 5462; x_wconf 90' lang='lat' dir='ltr'>Ea</span> <span class='ocrx_word' id='word_1_520' title='bbox 410 5409 505 5460; x_wconf 90' lang='lat' dir='ltr'>est</span> <span class='ocrx_word' id='word_1_521' title='bbox 533 5404 758 5458; x_wconf 90' lang='lat' dir='ltr'>interea</span> <span class='ocrx_word' id='word_1_522' title='bbox 788 5403 1034 5475; x_wconf 85' lang='lat' dir='ltr'>hujusce</span> <span class='ocrx_word' id='word_1_523' title='bbox 1068 5404 1163 5474; x_wconf 87' lang='lat' dir='ltr'>qui</span> <span class='ocrx_word' id='word_1_524' title='bbox 1190 5403 1412 5475; x_wconf 87' lang='lat' dir='ltr'>primus</span> <span class='ocrx_word' id='word_1_525' title='bbox 1444 5408 1696 5463; x_wconf 89' lang='lat' dir='ltr'>occurrit</span> <span class='ocrx_word' id='word_1_526' title='bbox 1712 5411 1878 5466; x_wconf 89' lang='lat' dir='ltr'>testis</span> 
     </span>
    </p>
   </div>
   <div class='ocr_carea' id='block_1_81' title="bbox 217 5490 1881 5560">
    <p class='ocr_par' dir='ltr' id='par_1_81' title="bbox 217 5490 1881 5560">
     <span class='ocr_line' id='line_1_83' title="bbox 217 5490 1881 5560; baseline 0.002 -7"><span class='ocrx_word' id='word_1_527' title='bbox 217 5496 384 5553; x_wconf 87' lang='lat' dir='ltr'>varia</span> <span class='ocrx_word' id='word_1_528' title='bbox 417 5511 483 5550; x_wconf 90' lang='lat' dir='ltr'>ac</span> <span class='ocrx_word' id='word_1_529' title='bbox 516 5490 701 5548; x_wconf 91' lang='lat' dir='ltr'>dubia</span> <span class='ocrx_word' id='word_1_530' title='bbox 729 5491 978 5560; x_wconf 89' lang='lat' dir='ltr'>indoles,</span> <span class='ocrx_word' id='word_1_531' title='bbox 1008 5496 1072 5547; x_wconf 92' lang='lat' dir='ltr'>ut</span> <span class='ocrx_word' id='word_1_532' title='bbox 1106 5492 1388 5551; x_wconf 89' lang='lat' dir='ltr'>nonnulla</span> <span class='ocrx_word' id='word_1_533' title='bbox 1417 5495 1487 5551; x_wconf 90' lang='lat' dir='ltr'>de</span> <span class='ocrx_word' id='word_1_534' title='bbox 1520 5501 1674 5553; x_wconf 86' lang='lat' dir='ltr'>recto</span> <span class='ocrx_word' id='word_1_535' title='bbox 1722 5497 1881 5556; x_wconf 90' lang='lat' dir='ltr'>illius</span> 
     </span>
    </p>
   </div>
   <div class='ocr_carea' id='block_1_82' title="bbox 44 5287 145 5886">
    <p class='ocr_par' dir='ltr' id='par_1_82' title="bbox 44 5287 145 5886">
     <span class='ocr_line' id='line_1_84' title="bbox 44 5287 132 5375; baseline 0 -12"><span class='ocrx_word' id='word_1_536' title='bbox 44 5287 132 5375; x_wconf 69' lang='grc' dir='ltr'>ΞΡ.</span> 
     </span>
     <span class='ocr_line' id='line_1_85' title="bbox 48 5392 137 5471; baseline 0 -7"><span class='ocrx_word' id='word_1_537' title='bbox 48 5392 137 5471; x_wconf 70' lang='grc' dir='ltr'>ΞΡ.</span> 
     </span>
     <span class='ocr_line' id='line_1_86' title="bbox 54 5570 133 5615; baseline 0 -4"><span class='ocrx_word' id='word_1_538' title='bbox 54 5570 133 5615; x_wconf 61' lang='grc' dir='ltr'><em>η</em></span> 
     </span>
     <span class='ocr_line' id='line_1_87' title="bbox 72 5701 139 5717; baseline 0 0"><span class='ocrx_word' id='word_1_539' title='bbox 72 5701 139 5717; x_wconf 58' lang='grc' dir='ltr'>εφ-</span> 
     </span>
     <span class='ocr_line' id='line_1_88' title="bbox 70 5734 141 5795; baseline 0 -30"><span class='ocrx_word' id='word_1_540' title='bbox 70 5734 141 5795; x_wconf 48' lang='lat' dir='ltr'>:fT&#39;.</span> 
     </span>
     <span class='ocr_line' id='line_1_89' title="bbox 65 5796 145 5861; baseline 0 0"><span class='ocrx_word' id='word_1_541' title='bbox 65 5796 145 5861; x_wconf 68' lang='lat' dir='ltr'>~E</span> 
     </span>
     <span class='ocr_line' id='line_1_90' title="bbox 62 5858 145 5886; baseline 0 0"><span class='ocrx_word' id='word_1_542' title='bbox 62 5858 145 5886; x_wconf 55' lang='grc' dir='ltr'>ε..</span> 
     </span>
    </p>
   </div>
   <div class='ocr_carea' id='block_1_83' title="bbox 316 5687 866 5766">
    <p class='ocr_par' dir='ltr' id='par_1_83' title="bbox 316 5687 866 5766">
     <span class='ocr_line' id='line_1_91' title="bbox 316 5687 866 5766; baseline -0.013 -17"><span class='ocrx_word' id='word_1_543' title='bbox 316 5696 371 5766; x_wconf 91' lang='grc'>1)</span> <span class='ocrx_word' id='word_1_544' title='bbox 403 5694 427 5749; x_wconf 94' lang='lat' dir='ltr'><strong>I</strong></span> <span class='ocrx_word' id='word_1_545' title='bbox 463 5690 617 5766; x_wconf 76' lang='lat' dir='ltr'>Tim.</span> <span class='ocrx_word' id='word_1_546' title='bbox 653 5687 866 5766; x_wconf 79' lang='lat' dir='ltr'>m,_1_5.</span> 
     </span>
    </p>
   </div>
   <div class='ocr_carea' id='block_1_84' title="bbox 288 5696 837 5841">
    <p class='ocr_par' dir='ltr' id='par_1_84' title="bbox 288 5696 837 5841">
     <span class='ocr_line' id='line_1_92' title="bbox 316 5696 837 5766; baseline -0.017 -15"><span class='ocrx_word' id='word_1_547' title='bbox 316 5696 371 5766; x_wconf 83' lang='lat'>1)</span> <span class='ocrx_word' id='word_1_548' title='bbox 403 5696 427 5749; x_wconf 93' lang='grc' dir='ltr'>Ι</span> <span class='ocrx_word' id='word_1_549' title='bbox 463 5696 617 5748; x_wconf 91' lang='lat' dir='ltr'>Tim.</span> <span class='ocrx_word' id='word_1_550' title='bbox 653 5705 739 5758; x_wconf 83' lang='lat' dir='ltr'>III,</span> <span class='ocrx_word' id='word_1_551' title='bbox 778 5696 837 5742; x_wconf 71' lang='lat'>15</span> 
     </span>
     <span class='ocr_line' id='line_1_93' title="bbox 288 5696 837 5841; baseline -0.013 -18"><span class='ocrx_word' id='word_1_552' title='bbox 288 5696 371 5841; x_wconf 55' lang='lat' dir='ltr'>E2)</span> <span class='ocrx_word' id='word_1_553' title='bbox 403 5767 427 5823; x_wconf 97' lang='grc' dir='ltr'>Ι</span> <span class='ocrx_word' id='word_1_554' title='bbox 460 5764 593 5832; x_wconf 90' lang='lat' dir='ltr'>Cor,</span> <span class='ocrx_word' id='word_1_555' title='bbox 627 5779 714 5828; x_wconf 86' lang='lat' dir='ltr'>m,</span> <span class='ocrx_word' id='word_1_556' title='bbox 750 5760 837 5816; x_wconf 90' lang='grc'>11.</span> 
     </span>
    </p>
   </div>
   <div class='ocr_carea' id='block_1_85' title="bbox 550 5889 924 5953">
    <p class='ocr_par' dir='ltr' id='par_1_85' title="bbox 550 5889 924 5953">
     <span class='ocr_line' id='line_1_94' title="bbox 550 5889 924 5953; baseline -0.011 0"><span class='ocrx_word' id='word_1_557' title='bbox 550 5894 822 5953; x_wconf 64' lang='lat' dir='ltr'>Panos.</span> <span class='ocrx_word' id='word_1_558' title='bbox 874 5889 924 5949; x_wconf 94' lang='grc' dir='ltr'>Ι.</span> 
     </span>
    </p>
   </div>
   <div class='ocr_carea' id='block_1_86' title="bbox 2005 4162 3645 4220">
    <p class='ocr_par' dir='ltr' id='par_1_86' title="bbox 2005 4162 3645 4220">
     <span class='ocr_line' id='line_1_95' title="bbox 2005 4162 3645 4220; baseline 0.002 -3"><span class='ocrx_word' id='word_1_559' title='bbox 2005 4163 2066 4217; x_wconf 87' lang='lat' dir='ltr'>D.</span> <span class='ocrx_word' id='word_1_560' title='bbox 2099 4166 2437 4217; x_wconf 72' lang='lat' dir='ltr'>Consmmm</span> <span class='ocrx_word' id='word_1_561' title='bbox 2482 4162 2707 4218; x_wconf 71' lang='lat' dir='ltr'>Tuows</span> <span class='ocrx_word' id='word_1_562' title='bbox 2745 4168 2801 4219; x_wconf 88' lang='lat' dir='ltr'>et</span> <span class='ocrx_word' id='word_1_563' title='bbox 2857 4164 3153 4219; x_wconf 80' lang='lat' dir='ltr'>variorum</span> <span class='ocrx_word' id='word_1_564' title='bbox 3185 4164 3645 4220; x_wconf 91' lang='lat' dir='ltr'>commentariis.</span> 
     </span>
    </p>
   </div>
   <div class='ocr_carea' id='block_1_87' title="bbox 1998 4250 3649 4324">
    <p class='ocr_par' dir='ltr' id='par_1_87' title="bbox 1998 4250 3649 4324">
     <span class='ocr_line' id='line_1_96' title="bbox 1998 4250 3649 4324; baseline 0.004 -22"><span class='ocrx_word' id='word_1_565' title='bbox 1998 4298 2005 4312; x_wconf 54' lang='grc' dir='ltr'>ι</span> <span class='ocrx_word' id='word_1_566' title='bbox 2058 4250 2288 4317; x_wconf 64' lang='lat' dir='ltr'>.tlistot</span> <span class='ocrx_word' id='word_1_567' title='bbox 2317 4257 2373 4307; x_wconf 89' lang='lat' dir='ltr'>et</span> <span class='ocrx_word' id='word_1_568' title='bbox 2399 4251 2604 4307; x_wconf 91' lang='lat' dir='ltr'>talium</span> <span class='ocrx_word' id='word_1_569' title='bbox 2628 4253 2885 4308; x_wconf 90' lang='lat' dir='ltr'>virorum</span> <span class='ocrx_word' id='word_1_570' title='bbox 2909 4270 3047 4309; x_wconf 90' lang='lat' dir='ltr'>cura</span> <span class='ocrx_word' id='word_1_571' title='bbox 3069 4254 3319 4324; x_wconf 89' lang='lat' dir='ltr'>peractis</span> <span class='ocrx_word' id='word_1_572' title='bbox 3345 4254 3417 4309; x_wconf 90' lang='lat' dir='ltr'>ad</span> <span class='ocrx_word' id='word_1_573' title='bbox 3438 4270 3649 4309; x_wconf 86' lang='lat' dir='ltr'>cumu-</span> 
     </span>
    </p>
   </div>
   <div class='ocr_carea' id='block_1_88' title="bbox 1954 4330 3651 4414">
    <p class='ocr_par' dir='ltr' id='par_1_88' title="bbox 1954 4330 3651 4414">
     <span class='ocr_line' id='line_1_97' title="bbox 1954 4330 3651 4414; baseline 0.002 -20"><span class='ocrx_word' id='word_1_574' title='bbox 1954 4380 1966 4394; x_wconf 55' lang='grc' dir='ltr'><strong>η</strong></span> <span class='ocrx_word' id='word_1_575' title='bbox 1992 4330 2142 4411; x_wconf 68' lang='lat' dir='ltr'>lum»,</span> <span class='ocrx_word' id='word_1_576' title='bbox 2175 4344 2241 4394; x_wconf 82' lang='lat' dir='ltr'>ut</span> <span class='ocrx_word' id='word_1_577' title='bbox 2272 4341 2353 4395; x_wconf 89' lang='lat' dir='ltr'>ita</span> <span class='ocrx_word' id='word_1_578' title='bbox 2382 4340 2597 4407; x_wconf 89' lang='lat' dir='ltr'>dicam,</span> <span class='ocrx_word' id='word_1_579' title='bbox 2651 4342 2885 4398; x_wconf 86' lang='lat' dir='ltr'>accedet</span> <span class='ocrx_word' id='word_1_580' title='bbox 2931 4343 3379 4414; x_wconf 90' lang='lat' dir='ltr'>copiosissimus</span> <span class='ocrx_word' id='word_1_581' title='bbox 3416 4342 3651 4399; x_wconf 86' lang='lat' dir='ltr'>Tertul-</span> 
     </span>
    </p>
   </div>
   <div class='ocr_carea' id='block_1_89' title="bbox 1974 4428 3646 4513">
    <p class='ocr_par' dir='ltr' id='par_1_89' title="bbox 1974 4428 3646 4513">
     <span class='ocr_line' id='line_1_98' title="bbox 1974 4428 3646 4513; baseline 0.003 -30"><span class='ocrx_word' id='word_1_582' title='bbox 1974 4428 2170 4513; x_wconf 47' lang='lat' dir='ltr'>_.lia;aae</span> <span class='ocrx_word' id='word_1_583' title='bbox 2201 4429 2512 4485; x_wconf 88' lang='lat' dir='ltr'>latinitatis</span> <span class='ocrx_word' id='word_1_584' title='bbox 2566 4431 2760 4497; x_wconf 83' lang='lat' dir='ltr'>index,</span> <span class='ocrx_word' id='word_1_585' title='bbox 2820 4431 3113 4503; x_wconf 84' lang='lat' dir='ltr'>praecipua</span> <span class='ocrx_word' id='word_1_586' title='bbox 3168 4432 3270 4488; x_wconf 79' lang='lat' dir='ltr'>Ca.</span> <span class='ocrx_word' id='word_1_587' title='bbox 3316 4432 3646 4489; x_wconf 74' lang='lat' dir='ltr'>Gonorano.</span> 
     </span>
    </p>
   </div>
   <div class='ocr_carea' id='block_1_90' title="bbox 1961 4520 2787 4604">
    <p class='ocr_par' dir='ltr' id='par_1_90' title="bbox 1961 4520 2787 4604">
     <span class='ocr_line' id='line_1_99' title="bbox 1961 4520 2787 4604; baseline 0.002 -30"><span class='ocrx_word' id='word_1_588' title='bbox 1961 4520 2264 4604; x_wconf 64' lang='grc' dir='ltr'>ιὲᾳιίυτῑιι</span> <span class='ocrx_word' id='word_1_589' title='bbox 2296 4536 2473 4589; x_wconf 86' lang='lat' dir='ltr'>opera</span> <span class='ocrx_word' id='word_1_590' title='bbox 2503 4520 2787 4591; x_wconf 91' lang='lat' dir='ltr'>digestus.</span> 
     </span>
    </p>
   </div>
   <div class='ocr_carea' id='block_1_91' title="bbox 2070 4608 3651 4682">
    <p class='ocr_par' dir='ltr' id='par_1_91' title="bbox 2070 4608 3651 4682">
     <span class='ocr_line' id='line_1_100' title="bbox 2070 4608 3651 4682; baseline 0.003 -19"><span class='ocrx_word' id='word_1_591' title='bbox 2070 4608 2372 4678; x_wconf 87' lang='lat' dir='ltr'>Undejam</span> <span class='ocrx_word' id='word_1_592' title='bbox 2398 4625 2567 4664; x_wconf 92' lang='lat' dir='ltr'>nemo</span> <span class='ocrx_word' id='word_1_593' title='bbox 2594 4625 2709 4663; x_wconf 90' lang='lat' dir='ltr'>non</span> <span class='ocrx_word' id='word_1_594' title='bbox 2726 4610 2883 4665; x_wconf 89' lang='lat' dir='ltr'>videt</span> <span class='ocrx_word' id='word_1_595' title='bbox 2914 4626 3089 4681; x_wconf 90' lang='lat' dir='ltr'>quam</span> <span class='ocrx_word' id='word_1_596' title='bbox 3115 4609 3324 4682; x_wconf 83' lang='lat' dir='ltr'>exigua</span> <span class='ocrx_word' id='word_1_597' title='bbox 3344 4612 3509 4667; x_wconf 90' lang='lat' dir='ltr'>novis</span> <span class='ocrx_word' id='word_1_598' title='bbox 3532 4611 3651 4668; x_wconf 65' lang='grc' dir='ltr'>ειᾶί-</span> 
     </span>
    </p>
   </div>
   <div class='ocr_carea' id='block_1_92' title="bbox 1996 4697 3648 4773">
    <p class='ocr_par' dir='ltr' id='par_1_92' title="bbox 1996 4697 3648 4773">
     <span class='ocr_line' id='line_1_101' title="bbox 1996 4697 3648 4773; baseline 0.004 -22"><span class='ocrx_word' id='word_1_599' title='bbox 1996 4697 2223 4752; x_wconf 90' lang='lat' dir='ltr'>toribus</span> <span class='ocrx_word' id='word_1_600' title='bbox 2255 4697 2552 4768; x_wconf 85' lang='lat' dir='ltr'>provincia</span> <span class='ocrx_word' id='word_1_601' title='bbox 2588 4702 2905 4765; x_wconf 87' lang='lat' dir='ltr'>remaneat,</span> <span class='ocrx_word' id='word_1_602' title='bbox 2939 4704 2997 4754; x_wconf 91' lang='lat' dir='ltr'>et</span> <span class='ocrx_word' id='word_1_603' title='bbox 3029 4715 3204 4770; x_wconf 89' lang='lat' dir='ltr'>quam</span> <span class='ocrx_word' id='word_1_604' title='bbox 3239 4700 3317 4756; x_wconf 90' lang='lat' dir='ltr'>sit</span> <span class='ocrx_word' id='word_1_605' title='bbox 3346 4699 3493 4755; x_wconf 88' lang='lat' dir='ltr'>nihil</span> <span class='ocrx_word' id='word_1_606' title='bbox 3515 4718 3648 4773; x_wconf 91' lang='lat' dir='ltr'>pro-</span> 
     </span>
    </p>
   </div>
   <div class='ocr_carea' id='block_1_93' title="bbox 1997 4786 3648 4859">
    <p class='ocr_par' dir='ltr' id='par_1_93' title="bbox 1997 4786 3648 4859">
     <span class='ocr_line' id='line_1_102' title="bbox 1997 4786 3648 4859; baseline 0.004 -19"><span class='ocrx_word' id='word_1_607' title='bbox 1997 4786 2311 4856; x_wconf 90' lang='lat' dir='ltr'>pemodum</span> <span class='ocrx_word' id='word_1_608' title='bbox 2361 4788 2433 4842; x_wconf 91' lang='lat' dir='ltr'>de</span> <span class='ocrx_word' id='word_1_609' title='bbox 2490 4804 2595 4842; x_wconf 91' lang='lat' dir='ltr'>suo</span> <span class='ocrx_word' id='word_1_610' title='bbox 2628 4804 2783 4859; x_wconf 89' lang='lat' dir='ltr'>penu</span> <span class='ocrx_word' id='word_1_611' title='bbox 2816 4788 3173 4855; x_wconf 89' lang='lat' dir='ltr'>addendum,</span> <span class='ocrx_word' id='word_1_612' title='bbox 3221 4788 3337 4845; x_wconf 91' lang='lat' dir='ltr'>nisi</span> <span class='ocrx_word' id='word_1_613' title='bbox 3386 4789 3529 4846; x_wconf 79' lang='lat' dir='ltr'>forte</span> <span class='ocrx_word' id='word_1_614' title='bbox 3575 4790 3648 4847; x_wconf 88' lang='lat' dir='ltr'>iis</span> 
     </span>
    </p>
   </div>
   <div class='ocr_carea' id='block_1_94' title="bbox 1994 4875 3646 4950">
    <p class='ocr_par' dir='ltr' id='par_1_94' title="bbox 1994 4875 3646 4950">
     <span class='ocr_line' id='line_1_103' title="bbox 1994 4875 3646 4950; baseline 0.004 -20"><span class='ocrx_word' id='word_1_615' title='bbox 1994 4875 2245 4931; x_wconf 89' lang='lat' dir='ltr'>dicenda</span> <span class='ocrx_word' id='word_1_616' title='bbox 2275 4876 2393 4931; x_wconf 91' lang='lat' dir='ltr'>sint</span> <span class='ocrx_word' id='word_1_617' title='bbox 2422 4880 2549 4933; x_wconf 91' lang='lat' dir='ltr'>tum</span> <span class='ocrx_word' id='word_1_618' title='bbox 2604 4894 2730 4949; x_wconf 80' lang='lat' dir='ltr'>quae</span> <span class='ocrx_word' id='word_1_619' title='bbox 2759 4894 2938 4949; x_wconf 91' lang='lat' dir='ltr'>supra</span> <span class='ocrx_word' id='word_1_620' title='bbox 2982 4878 3361 4950; x_wconf 89' lang='lat' dir='ltr'>suscipienda</span> <span class='ocrx_word' id='word_1_621' title='bbox 3391 4880 3646 4936; x_wconf 92' lang='lat' dir='ltr'>decrevi-</span> 
     </span>
    </p>
   </div>
   <div class='ocr_carea' id='block_1_95' title="bbox 1994 4966 3646 5037">
    <p class='ocr_par' dir='ltr' id='par_1_95' title="bbox 1994 4966 3646 5037">
     <span class='ocr_line' id='line_1_104' title="bbox 1994 4966 3646 5037; baseline 0.003 -17"><span class='ocrx_word' id='word_1_622' title='bbox 1994 4981 2149 5029; x_wconf 90' lang='lat' dir='ltr'>mus,</span> <span class='ocrx_word' id='word_1_623' title='bbox 2181 4966 2251 5021; x_wconf 87' lang='lat' dir='ltr'>de</span> <span class='ocrx_word' id='word_1_624' title='bbox 2282 4966 2626 5022; x_wconf 89' lang='lat' dir='ltr'>Tertulliani</span> <span class='ocrx_word' id='word_1_625' title='bbox 2660 4984 2772 5031; x_wconf 88' lang='lat' dir='ltr'>usu</span> <span class='ocrx_word' id='word_1_626' title='bbox 2820 4973 2877 5024; x_wconf 86' lang='lat' dir='ltr'>et</span> <span class='ocrx_word' id='word_1_627' title='bbox 2922 4968 3287 5037; x_wconf 89' lang='lat' dir='ltr'>auctoritate,</span> <span class='ocrx_word' id='word_1_628' title='bbox 3334 4986 3439 5025; x_wconf 90' lang='lat' dir='ltr'>nec</span> <span class='ocrx_word' id='word_1_629' title='bbox 3470 4970 3646 5025; x_wconf 88' lang='lat' dir='ltr'>etiam</span> 
     </span>
    </p>
   </div>
   <div class='ocr_carea' id='block_1_96' title="bbox 1992 5054 3649 5131">
    <p class='ocr_par' dir='ltr' id='par_1_96' title="bbox 1992 5054 3649 5131">
     <span class='ocr_line' id='line_1_105' title="bbox 1992 5054 3649 5131; baseline 0.004 -23"><span class='ocrx_word' id='word_1_630' title='bbox 1992 5054 2051 5109; x_wconf 93' lang='lat' dir='ltr'>in</span> <span class='ocrx_word' id='word_1_631' title='bbox 2083 5054 2156 5110; x_wconf 90' lang='lat' dir='ltr'>iis</span> <span class='ocrx_word' id='word_1_632' title='bbox 2214 5055 2451 5111; x_wconf 84' lang='lat' dir='ltr'>sibimet</span> <span class='ocrx_word' id='word_1_633' title='bbox 2508 5056 2747 5127; x_wconf 86' lang='lat' dir='ltr'>omnino</span> <span class='ocrx_word' id='word_1_634' title='bbox 2797 5058 3039 5126; x_wconf 87' lang='lat' dir='ltr'>relictis,</span> <span class='ocrx_word' id='word_1_635' title='bbox 3076 5058 3289 5114; x_wconf 85' lang='lat' dir='ltr'>eximia</span> <span class='ocrx_word' id='word_1_636' title='bbox 3347 5076 3560 5131; x_wconf 91' lang='lat' dir='ltr'>nempe</span> <span class='ocrx_word' id='word_1_637' title='bbox 3591 5063 3649 5115; x_wconf 89' lang='lat' dir='ltr'>et</span> 
     </span>
    </p>
   </div>
   <div class='ocr_carea' id='block_1_97' title="bbox 1991 5144 3644 5219">
    <p class='ocr_par' dir='ltr' id='par_1_97' title="bbox 1991 5144 3644 5219">
     <span class='ocr_line' id='line_1_106' title="bbox 1991 5144 3644 5219; baseline 0.004 -22"><span class='ocrx_word' id='word_1_638' title='bbox 1991 5144 2237 5199; x_wconf 85' lang='lat' dir='ltr'>breviori</span> <span class='ocrx_word' id='word_1_639' title='bbox 2297 5151 2638 5202; x_wconf 90' lang='lat' dir='ltr'>occurrente</span> <span class='ocrx_word' id='word_1_640' title='bbox 2688 5147 2759 5202; x_wconf 92' lang='lat' dir='ltr'>de</span> <span class='ocrx_word' id='word_1_641' title='bbox 2802 5147 3005 5203; x_wconf 89' lang='lat' dir='ltr'>eodem</span> <span class='ocrx_word' id='word_1_642' title='bbox 3041 5153 3391 5219; x_wconf 88' lang='lat' dir='ltr'>argumento</span> <span class='ocrx_word' id='word_1_643' title='bbox 3422 5148 3644 5204; x_wconf 86' lang='lat' dir='ltr'>disser-</span> 
     </span>
    </p>
   </div>
   <div class='ocr_carea' id='block_1_98' title="bbox 1990 5234 3643 5308">
    <p class='ocr_par' dir='ltr' id='par_1_98' title="bbox 1990 5234 3643 5308">
     <span class='ocr_line' id='line_1_107' title="bbox 1990 5234 3643 5308; baseline 0.002 -21"><span class='ocrx_word' id='word_1_644' title='bbox 1990 5234 2319 5289; x_wconf 85' lang='lat' dir='ltr'>tatiuneula</span> <span class='ocrx_word' id='word_1_645' title='bbox 2337 5235 2404 5291; x_wconf 92' lang='lat' dir='ltr'>D.</span> <span class='ocrx_word' id='word_1_646' title='bbox 2429 5234 3009 5292; x_wconf 74' lang='lat' dir='ltr'>CorbinianiThomzn</span> <span class='ocrx_word' id='word_1_647' title='bbox 3042 5256 3054 5304; x_wconf 88' lang='lat'><strong>;</strong></span> <span class='ocrx_word' id='word_1_648' title='bbox 3079 5242 3202 5292; x_wconf 92' lang='lat' dir='ltr'>tum</span> <span class='ocrx_word' id='word_1_649' title='bbox 3228 5253 3495 5308; x_wconf 66' lang='lat' dir='ltr'>quaenam</span> <span class='ocrx_word' id='word_1_650' title='bbox 3519 5236 3643 5291; x_wconf 87' lang='lat' dir='ltr'>fue-</span> 
     </span>
    </p>
   </div>
   <div class='ocr_carea' id='block_1_99' title="bbox 1990 5321 3641 5406">
    <p class='ocr_par' dir='ltr' id='par_1_99' title="bbox 1990 5321 3641 5406">
     <span class='ocr_line' id='line_1_108' title="bbox 1990 5321 3641 5406; baseline 0.002 -31"><span class='ocrx_word' id='word_1_651' title='bbox 1990 5321 2107 5376; x_wconf 90' lang='lat' dir='ltr'>rint</span> <span class='ocrx_word' id='word_1_652' title='bbox 2126 5324 2193 5377; x_wconf 84' lang='lat' dir='ltr'>ad</span> <span class='ocrx_word' id='word_1_653' title='bbox 2215 5340 2404 5394; x_wconf 89' lang='lat' dir='ltr'>usque</span> <span class='ocrx_word' id='word_1_654' title='bbox 2424 5329 2690 5397; x_wconf 89' lang='lat' dir='ltr'>tempora</span> <span class='ocrx_word' id='word_1_655' title='bbox 2714 5331 2915 5406; x_wconf 84' lang='lat' dir='ltr'>nostra</span> <span class='ocrx_word' id='word_1_656' title='bbox 2940 5325 3211 5398; x_wconf 79' lang='lat' dir='ltr'>praecipui</span> <span class='ocrx_word' id='word_1_657' title='bbox 3233 5326 3292 5380; x_wconf 93' lang='lat' dir='ltr'>in</span> <span class='ocrx_word' id='word_1_658' title='bbox 3318 5325 3641 5380; x_wconf 90' lang='lat' dir='ltr'>litterarum</span> 
     </span>
    </p>
   </div>
   <div class='ocr_carea' id='block_1_100' title="bbox 1912 5411 3642 5498">
    <p class='ocr_par' dir='ltr' id='par_1_100' title="bbox 1912 5411 3642 5498">
     <span class='ocr_line' id='line_1_109' title="bbox 1912 5411 3642 5498; baseline 0.002 -33"><span class='ocrx_word' id='word_1_659' title='bbox 1912 5433 1957 5498; x_wconf 75' lang='grc' dir='ltr'>Ι)</span> <span class='ocrx_word' id='word_1_660' title='bbox 1990 5411 2128 5467; x_wconf 91' lang='lat' dir='ltr'>orbe</span> <span class='ocrx_word' id='word_1_661' title='bbox 2159 5412 2217 5467; x_wconf 92' lang='lat' dir='ltr'>in</span> <span class='ocrx_word' id='word_1_662' title='bbox 2252 5412 2684 5469; x_wconf 90' lang='lat' dir='ltr'>Tertullianum</span> <span class='ocrx_word' id='word_1_663' title='bbox 2713 5414 2963 5486; x_wconf 88' lang='lat' dir='ltr'>impensi</span> <span class='ocrx_word' id='word_1_664' title='bbox 2988 5414 3239 5481; x_wconf 91' lang='lat' dir='ltr'>labores,</span> <span class='ocrx_word' id='word_1_665' title='bbox 3265 5430 3409 5487; x_wconf 91' lang='lat' dir='ltr'>quos</span> <span class='ocrx_word' id='word_1_666' title='bbox 3427 5413 3642 5468; x_wconf 89' lang='lat' dir='ltr'>iterum</span> 
     </span>
    </p>
   </div>
   <div class='ocr_carea' id='block_1_101' title="bbox 1994 5500 3644 5575">
    <p class='ocr_par' dir='ltr' id='par_1_101' title="bbox 1994 5500 3644 5575">
     <span class='ocr_line' id='line_1_110' title="bbox 1994 5500 3644 5575; baseline 0.001 -20"><span class='ocrx_word' id='word_1_667' title='bbox 1994 5517 2027 5555; x_wconf 91' lang='lat' dir='ltr'>a</span> <span class='ocrx_word' id='word_1_668' title='bbox 2057 5500 2295 5557; x_wconf 89' lang='lat' dir='ltr'>doctiss.</span> <span class='ocrx_word' id='word_1_669' title='bbox 2347 5501 2638 5571; x_wconf 83' lang='lat' dir='ltr'>Ceillerio,</span> <span class='ocrx_word' id='word_1_670' title='bbox 2669 5504 2937 5575; x_wconf 86' lang='lat' dir='ltr'>Lumper,</span> <span class='ocrx_word' id='word_1_671' title='bbox 2961 5502 3205 5560; x_wconf 85' lang='lat' dir='ltr'>Schram</span> <span class='ocrx_word' id='word_1_672' title='bbox 3232 5508 3291 5559; x_wconf 87' lang='lat' dir='ltr'>et</span> <span class='ocrx_word' id='word_1_673' title='bbox 3327 5500 3644 5559; x_wconf 76' lang='lat' dir='ltr'>Schmnne-</span> 
     </span>
    </p>
   </div>
   <div class='ocr_carea' id='block_1_102' title="bbox 2069 5696 2630 5769">
    <p class='ocr_par' dir='ltr' id='par_1_102' title="bbox 2069 5696 2630 5769">
     <span class='ocr_line' id='line_1_111' title="bbox 2069 5696 2630 5769; baseline 0.002 -17"><span class='ocrx_word' id='word_1_674' title='bbox 2069 5698 2144 5769; x_wconf 85' lang='lat'>(3)</span> <span class='ocrx_word' id='word_1_675' title='bbox 2179 5698 2229 5754; x_wconf 90' lang='lat' dir='ltr'><strong>II</strong></span> <span class='ocrx_word' id='word_1_676' title='bbox 2260 5696 2411 5755; x_wconf 85' lang='lat' dir='ltr'>Tim.</span> <span class='ocrx_word' id='word_1_677' title='bbox 2446 5715 2507 5765; x_wconf 80' lang='grc' dir='ltr'>ιι,</span> <span class='ocrx_word' id='word_1_678' title='bbox 2544 5698 2630 5754; x_wconf 76' lang='grc'>19.</span> 
     </span>
    </p>
   </div>
   <div class='ocr_carea' id='block_1_103' title="bbox 1646 5887 3310 5988">
    <p class='ocr_par' dir='ltr' id='par_1_103' title="bbox 1646 5887 3310 5988">
     <span class='ocr_line' id='line_1_112' title="bbox 1646 5887 3310 5988; baseline -0.004 -1"><span class='ocrx_word' id='word_1_679' title='bbox 1646 5888 1705 5988; x_wconf 70' lang='grc' dir='ltr'>’ἓ</span> <span class='ocrx_word' id='word_1_680' title='bbox 1736 5887 2181 5987; x_wconf 54' lang='lat'>33:32:30</span> <span class='ocrx_word' id='word_1_681' title='bbox 3283 5899 3310 5957; x_wconf 76' lang='grc'><strong>1</strong></span> 
     </span>
    </p>
   </div>
  </div>
