4060 6348
321 309 349 367 1
367 309 392 367 ί
1799 307 2235 368 ΡΗΑΞΡΑΤΙΟ.

315 435 1254 510 mann,diligenterinvestigatos
1272 437 1563 510 accepturi
1586 440 1970 505 sumus;tum
2000 439 2055 507 Α
2086 441 2378 511 quotquot
2407 436 2809 505 ecclesiastici,
2868 437 2969 508 qui
3019 451 3285 493 summos
3332 450 3399 490 ac
3436 433 3732 507 legitimos

317 529 558 585 demum
589 527 884 583 coronidis
923 526 1128 594 instar,
1166 527 1406 583 uberius
1453 527 1514 582 in
1544 527 1656 582 hoc
1685 526 1964 599 prooemio

317 615 607 689 supererit
662 619 759 671 11
824 616 1136 687 indigitare
1198 633 1452 687 quonam
1487 632 1683 671 rerum
1738 617 1963 685 ordine,

315 707 601 761 librorum
652 706 821 773 serie,
868 705 1346 761 dissertationum
1379 707 1728 773 accessione,
1763 706 1964 761 lectio-

316 811 460 851 num
501 793 844 850 collatarum
874 794 1174 861 varietate,
1209 796 1767 850 commentariorum
1794 795 1962 850 uber-

314 888 433 939 tate
467 900 533 939 ac
591 883 838 951 delectu,
873 883 1262 953 appendicum
1295 887 1353 938 et
1383 883 1656 950 indicum
1708 883 1961 939 culmine

313 975 434 1030 1'1th
464 991 611 1032 nova
640 973 812 1030 editio
845 973 923 1029 sit
951 975 1021 1029 ab
1055 972 1186 1029 aliis
1218 975 1594 1030 secernenda.

772 1125 1158 1181 ARTICULUS
1219 1125 1498 1181 PRIMUS.

660 1230 733 1269 DE
768 1230 1154 1270 AUCTORITATE
1201 1229 1600 1270 TERTULLIANI.

373 1329 710 1386 Auctoritas
743 1330 804 1384 in
852 1346 918 1385 eo
952 1330 1051 1402 qui
1091 1333 1416 1402 potestatem
1446 1329 1648 1384 habens
1677 1327 1824 1384 alios
1854 1329 1958 1384 do-

304 1425 413 1491 cet,
446 1424 600 1476 recte
630 1436 664 1476 a
711 1418 930 1490 duplici
979 1419 1166 1490 capite
1221 1418 1552 1486 deducitur,
1587 1435 1796 1490 nempe
1826 1423 1955 1474 tum

305 1510 377 1565 ab
405 1508 596 1581 ipsius
626 1507 882 1563 scientiae
943 1507 1352 1576 aestimatione,
1413 1511 1539 1562 tum
1582 1507 1654 1562 ab
1687 1507 1955 1579 ejusdem

304 1597 638 1654 veracitatis
669 1596 906 1652 ﬁducia.

375 1686 485 1742 Uni
515 1689 572 1742 et
599 1684 706 1741 soli
739 1689 852 1741 Deo
879 1701 1116 1740 summa
1136 1684 1455 1741 auctoritas
1479 1688 1588 1756 est,
1619 1685 1836 1757 quippe
1861 1685 1954 1739 cui

303 1773 412 1831 soli
444 1790 681 1830 summa
705 1775 782 1831 sit
806 1775 1021 1831 veritas
1053 1775 1113 1830 in
1162 1775 1590 1846 cognoscendo,
1624 1778 1681 1830 et
1719 1790 1950 1830 summa
1983 1809 2030 1875 B

298 1864 360 1920 in
392 1864 640 1920 dicendo
668 1865 975 1920 veracitas.

367 1952 650 2018 Qualibet
680 1953 797 2008 alia
852 1970 917 2010 eo
971 1953 1162 2024 major
1215 1953 1411 2010 evadit
1462 1953 1808 2022 auctoritas,
1839 1970 1952 2026 quo

294 2042 536 2114 propior
564 2042 635 2096 ad
668 2041 831 2097 illam
861 2041 1084 2098 accedit
1103 2045 1160 2098 et
1189 2042 1498 2114 perfectior
1513 2043 1783 2114 ejusdem
1816 2059 1951 2114 par-

299 2132 487 2203 ticeps
519 2131 795 2188 efﬁcitur.

378 2219 519 2275 Hinc
550 2220 720 2275 nobis
751 2219 1065 2276 Catholicis
1095 2219 1258 2276 nulla
1287 2221 1396 2276 sub
1447 2220 1567 2276 sole
1601 2221 1806 2292 major,
1834 2220 1952 2276 imo

303 2309 563 2366 maxima
592 2308 652 2364 in
686 2308 828 2364 caelo
859 2313 917 2365 et
947 2309 1006 2364 in
1039 2315 1215 2376 terra,
1251 2326 1354 2366 nec
1384 2309 1498 2365 alia
1529 2326 1594 2365 ac
1635 2311 1732 2365 Dei
1765 2311 1952 2381 ipsius

306 2403 414 2466 est,
448 2397 716 2454 Ecclesiae
763 2399 1028 2454 docentis
1061 2403 1341 2471 potestas,
1375 2416 1501 2470 qua:
1545 2399 1702 2455 verbo
1730 2401 1955 2454 virtutis

309 2487 408 2542 Dei
439 2487 537 2559 (4),
587 2487 649 2542 in
703 2504 805 2558 quo
855 2492 984 2543 sunt
1030 2503 1215 2543 omnes
1271 2489 1522 2544 thesauri
1564 2490 1852 2559 sapientiae
1901 2496 1956 2545 et

304 2577 558 2632 scientia
585 2576 886 2632 abscondili
915 2578 1013 2647 (5),
1045 2594 1172 2648 qua!
1203 2576 1498 2632 infallibili
1557 2593 1662 2632 nec
1689 2594 1951 2648 unquam

308 2664 380 2719 ad
434 2664 1002 2720 consummationem
1071 2664 1265 2720 saeculi
1325 2665 1649 2720 deiicienda
1704 2666 1952 2736 Spiritus

304 2751 500 2809 Sancti
531 2753 888 2824 assistentia,
921 2752 1144 2820 nititur,
1179 2754 1404 2825 regitur
1446 2769 1514 2810 ac
1545 2753 1947 2810 confirmatur.

374 2842 552 2898 Porro
583 2841 858 2898 omnibus
890 2841 1201 2898 Catholicis
1233 2842 1333 2914 qui
1363 2858 1490 2898 sese
1511 2841 1775 2899 Ecclesiae
1806 2843 1949 2916 legi-

297 2931 476 2987 timos
507 2930 658 2987 ﬁlios
717 2932 960 3004 probare
1007 2931 1264 3002 student,
1299 2947 1537 2987 necesse
1593 2947 1722 2987 esse
1781 2933 1950 2988 docet

297 3021 356 3075 Β.
383 3019 724 3076 Vincentius
745 3019 1079 3086 Lirinensis,
1103 3024 1522 3076 utsanctorum
1554 3020 1791 3075 Patrum
1812 3021 1946 3077 ﬁdei

2074 527 2406 584 sanctitatis
2419 526 2614 599 apices
2630 527 2784 582 nond
2797 542 2893 581 um
2915 524 3473 595 fuerintadepti,nec
3498 527 3726 580 rectum

2074 617 2208 672 fidei
2240 617 2535 672 tramitem
2567 615 2964 671 indeclinabili
3024 615 3170 686 pede
3227 613 3534 682 triverint;
3595 629 3727 668 cum

2074 707 2230 762 enim
2261 708 2360 762 I2
2395 705 2736 777 aliquandiu
2762 704 2970 760 saltem
3005 704 3062 758 in
3095 704 3428 759 orthodoxae
3455 703 3728 774 ﬁdeigre-

2072 797 2190 851 mio
2222 795 2610 860 constiterint,
2643 794 2859 849 idcirco
2917 809 3149 850 omnem
3178 792 3298 848 illis
3348 791 3522 846 ﬁdem
3557 793 3727 848 abro-

2069 901 2207 957 gare
2239 900 2343 940 nec
2387 901 2492 956 par
2522 899 2626 938 nec
2659 885 2746 938 fas
2778 887 2904 938 est:
2938 882 3205 954 quinimo
3239 882 3298 936 in
3337 882 3558 952 quibus
3589 898 3724 937 cum

2069 972 2397 1028 Catholocis
2425 972 2789 1044 conspirant,
2821 973 2879 1026 in
2924 971 2997 1026 iis
3030 987 3097 1026 eo
3130 972 3320 1040 major
3349 985 3532 1043 penes
3565 971 3725 1042 ipsos

2071 1062 2287 1118 fiducia
2314 1067 2424 1130 est,
2453 1061 2608 1134 quod
2658 1061 2795 1116 hinc
2826 1065 2882 1116 et
2920 1060 3057 1116 inne
3093 1059 3479 1117 collusionem
3514 1059 3638 1115 fieri
3669 1063 3727 1115 et

2071 1151 2256 1207 amice
2286 1151 2582 1222 conjurari
2604 1166 2776 1207 nemo
2807 1167 2988 1206 sanus
3019 1149 3398 1206 existimabit.

2139 1241 2240 1296 His
2295 1240 2598 1296 catholicis
2657 1241 2738 1296 rei
2785 1239 3108 1296 Patrlsticaa
3174 1239 3380 1310 positis
3451 1238 3720 1307 criteriis,

2067 1347 2224 1385 nunc
2254 1330 2682 1386 deveniendum
2743 1333 2832 1385 est
2889 1330 2959 1384 ad
2996 1318 3367 1401 propositum
3401 1333 3670 1385 nostrum
3705 1345 3718 1396 ;

2067 1437 2222 1474 nunc
2253 1436 2418 1491 aequa
2448 1419 2613 1475 lance
2645 1435 2710 1474 ac
2741 1419 2909 1473 ﬁrma
2940 1418 3323 1474 aestimandus
3351 1425 3438 1474 est
3459 1420 3722 1485 QUINTUS

2064 1509 2372 1564 SEPTIMIUB
2419 1509 2681 1564 FLORENS
2727 1509 3192 1573 TERTULLIANUS,
3237 1511 3325 1562 tot
3354 1512 3719 1563 vetustarum

2066 1597 2508 1670 disciplinarum
2562 1597 2992 1669 peritissimus;
3055 1596 3483 1668 philosophica,
3536 1596 3721 1652 histo-

2065 1686 2503 1758 rica,juridica,
2555 1687 2810 1742 oratoria
2859 1703 2926 1742 ac
2983 1686 3210 1758 poetica
3256 1685 3585 1741 eruditione
3618 1702 3722 1758 po-

2065 1779 2194 1830 tens
2225 1793 2238 1844 ;
2300 1775 2482 1832 multo
2513 1779 2847 1848 susceptam
2880 1779 3013 1830 ante
3059 1775 3235 1830 ﬁdem
3298 1774 3513 1831 forensi
3545 1773 3719 1830 laude

2064 1864 2314 1932 ﬂorens;
2376 1864 2673 1920 ﬂorentior
2730 1869 2788 1919 et
2843 1867 3077 1935 accepta
3134 1865 3267 1931 fide,
3303 1868 3503 1936 utpote
3534 1863 3714 1919 totius

2062 1953 2531 2010 Christianorum
2583 1971 2795 2019 causae,
2849 1970 3044 2009 coram
3117 1953 3596 2024 imperatoribus,
3655 1953 3713 2008 in

2063 2043 2220 2098 orbis
2252 2044 2496 2099 Romani
2529 2044 2672 2112 foro,
2706 2043 2978 2099 defensor
3034 2046 3090 2098 et
3147 2047 3471 2115 patronus;
3524 2059 3648 2097 aerea
3681 2059 3716 2098 a

2060 2133 2288 2188 Christo
2318 2133 2566 2188 Domino
2600 2132 2868 2188 secunda:
2895 2148 2960 2188 ac
2992 2130 3395 2203 Apostolorum
3428 2131 3704 2204 proximas

2064 2238 2287 2294 praeco;
2348 2221 2578 2294 primus
2636 2221 2899 2276 Ecclesia;
2945 2220 3157 2276 Latins:
3189 2220 3357 2276 testis
3386 2223 3443 2276 et
3473 2221 3702 2288 vindex,

2061 2310 2177 2366 imo
2212 2327 2367 2366 unus
2396 2311 2566 2382 cujus
2613 2309 2879 2364 vindicia-3
2929 2309 2998 2364 ad
3041 2326 3146 2364 nos
3176 2309 3584 2381 pervenerint;
3616 2309 3706 2364 in-

2063 2399 2257 2471 signes
2283 2399 2558 2455 Africana:
2610 2400 2744 2454 ﬁdei
2787 2398 3095 2471 primitias;
3137 2399 3394 2454 virorum
3428 2398 3706 2470 apostoli-

2062 2505 2263 2546 corum
2297 2488 2611 2557 alumnus;
2644 2488 2924 2560 magister
2954 2492 3011 2543 et
3039 2487 3164 2558 ipse
3197 2493 3540 2559 martyrum,
3563 2505 3706 2559 pons

2061 2579 2287 2633 tiﬁcum
2319 2582 2377 2633 ct
2407 2579 2752 2644 doctorum;
2812 2577 3006 2631 Roma
3055 2576 3126 2631 ad
3173 2592 3339 2631 sacra
3379 2580 3706 2648 provectus,

2060 2667 2513 2739 Carthaginique
2545 2667 2602 2720 in
2635 2665 2977 2738 presbyterii
3020 2665 3152 2720 albo
3183 2666 3508 2737 ascriptus;
3542 2683 3704 2721 arca-

2059 2772 2269 2812 norum
2298 2754 2728 2811 scientissimus
2757 2771 2772 2823 ;
2805 2755 3070 2810 omnium
3102 2772 3219 2810 sua:
3251 2755 3439 2810 astatis
3471 2754 3704 2811 haereti-

2057 2861 2257 2901 corum
2289 2844 2631 2912 debellator,
2678 2844 2797 2898 imo
2841 2844 3101 2899 Montani
3131 2860 3363 2900 eversor
3391 2845 3660 2916 egregius
3687 2862 3700 2912 ;

2056 2937 2113 2989 et
2136 2938 2351 2989 tamem
2399 2932 2647 3001 (utinam
2698 2931 2910 2997 absit!)
2963 2932 3340 2998 Montanista,
3373 2931 3700 2998 haereticus,

2055 3023 2462 3094 haereseosque
2519 3026 2695 3094 caput
2752 3025 3105 3090 emortuum,
3165 3020 3432 3077 Ecclesia:
3461 3022 3699 3077 tandem

291 3109 632 3180 inhzereant,
687 3108 1151 3181 agglutinentur,
1209 3107 1623 3164 immoriantur
1651 3111 1746 3180 (6).
1797 3111 1936 3166 Eam
1974 3174 2008 3184 _
2045 3113 2173 3184 jam
2205 3129 2320 3167 non
2352 3111 2526 3166 homo
2560 3111 2646 3166 l...

288 3214 440 3265 vero,
485 3199 887 3255 consentiente
941 3202 1065 3254 tota
1113 3198 1472 3267 Traditions,
1521 3198 1707 3271 legem
1737 3200 1806 3253 ad
1842 3216 1934 3254 as-
1965 3174 2009 3241 (ἶ
2119 3200 2220 3256 Cui
2249 3217 2380 3256 cum
2410 3204 2497 3256 tot
2527 3215 2862 3256 successere
2894 3199 3067 3268 vices,
3088 3199 3392 3271 multiplex
3417 3199 3545 3270 ejus
3568 3215 3698 3256 esse

289 3303 530 3342 sensum
579 3287 858 3343 Patribus
891 3288 1288 3360 praestandum
1322 3287 1505 3360 ponit,
1539 3292 1606 3343 ut
1653 3288 1940 3359 quidquid

289 3391 402 3429 non
435 3390 622 3430 unum
654 3380 755 3431 aut
788 3376 934 3432 duos
956 3380 1214 3444 tantum,
1237 3377 1339 3432 sed
1360 3393 1565 3432 omnes
1587 3379 1805 3448 pariter
1824 3393 1940 3433 uno

288 3463 613 3535 eodemque
643 3481 931 3521 consensu
992 3470 1209 3537 aperte,
1263 3466 1614 3536 frequenter,
1674 3481 1940 3537 perseve-

286 3556 484 3608 ranter
514 3555 799 3621 tenuisse,
850 3554 1178 3627 scripsisse,
1247 3555 1516 3612 docuisse
1575 3556 1936 3628 cognoveris,

286 3643 344 3697 id
377 3641 484 3697 tibi
517 3659 748 3714 quoque
806 3643 1101 3716 intelligas
1159 3645 1378 3716 absque
1423 3643 1544 3700 ulla
1574 3645 1938 3702 dubitatione

289 3735 671 3790 credendum.

351 3823 623 3880 Patrihus
654 3841 786 3881 vero
831 3823 1138 3898 sigillatim
1173 3824 1430 3897 sumptis
1461 3823 1624 3881 nulla
1645 3825 1758 3881 alia
1775 3841 1933 3882 com-

279 3914 428 3985 petit
456 3914 796 3983 auctoritas,
834 3915 948 3970 nisi
977 3914 1221 3987 privata,
1242 3931 1310 3970 ex
1334 3914 1510 3970 variis
1534 3915 1933 3987 dignoscenda

275 4001 530 4070 indiciis,
559 4021 810 4074 quorum
836 4003 949 4059 alia
979 4003 1298 4075 unicuique
1318 4007 1457 4059 sunt
1479 4004 1649 4076 quasi
1671 4006 1926 4090 [γι-(29918,

274 4089 390 4146 alia
419 4106 550 4146 vero
583 4092 798 4147 deforis
829 4093 1162 4164 desumpta.
1723 4086 1877 4176 ’ἔλουε

343 4183 405 4233 In
441 4179 513 4236 iis
544 4185 738 4237 autem
770 4181 918 4254 ipsis
950 4181 1377 4238 consideranda
1394 4185 1535 4237 sunt
1556 4182 1676 4238 sive
1700 4198 1828 4255 quea
1849 4185 1919 4264 ad

269 4266 633 4358 intellectum
667 4253 819 4326 recte
866 4270 1226 4336 institutum,
1277 4270 1396 4326 sive
1447 4287 1574 4343 quae
1609 4273 1680 4328 ad
1715 4253 1930 4358 sanant.
1955 4253 2240 4358 qualis}:
2376 4269 2643 4358 ξιξὲξεξῐρς,;
2677 4284 2714 4358 ξ

1979 4350 1997 4396 τ
2025 4343 2237 4415 fort-11's:
2256 4343 2855 4423 eiisn-itprolftﬁerai-izs,
2879 4356 3139 4429 qualisve
3173 4359 3250 4412 sit
3279 4357 3693 4439 philosophus,

271 4357 632 4414 voluntatem
660 4360 986 4432 pertinent;
1010 4359 1147 4415 hinc
1172 4359 1452 4415 nimirum
1477 4377 1678 4416 eorum
1703 4343 1940 4433 ingenii:

2051 3289 2223 3346 debet
2271 3288 2602 3356 aestimatio,
2654 3288 2888 3360 aliaque
2918 3288 3108 3344 evadit
3160 3292 3333 3360 prout
3364 3287 3540 3343 aliam
3572 3288 3698 3361 ipse

2048 3383 2278 3434 tantum
2321 3396 2354 3434 a
2413 3395 2475 3434 se
2534 3379 2800 3434 diversus
2857 3378 3052 3434 induit
3081 3393 3414 3450 personam.
3457 3379 3534 3432 Ac
3564 3381 3700 3433 ante

2048 3469 2247 3524 omnia
2274 3469 2334 3522 in
2372 3485 2460 3534 eo,
2493 3467 2648 3523 haud
2684 3483 2854 3523 secus
2877 3484 2943 3522 ac
2973 3467 3031 3522 in
3064 3467 3289 3522 caeteris
3321 3466 3583 3522 Ecclesiae
3606 3468 3702 3522 do-

2046 3558 2326 3624 ctoribus,
2362 3557 2709 3613 nonnullius
2757 3562 2846 3613 est
2877 3557 3048 3629 pretii
3084 3557 3480 3612 eruditionem
3505 3557 3697 3628 profa-

2045 3665 2182 3703 nam
2231 3665 2265 3702 a
2295 3664 2463 3702 sacra
2518 3645 2888 3718 supellectili,
2924 3646 3268 3718 scriptorem
3301 3646 3594 3718 privatum
3624 3644 3697 3699 ab

2043 3741 2278 3793 auctore
2320 3734 2618 3792 Catholico
2649 3734 2734 3790 vel
2786 3735 3164 3804 Montanista,
3198 3751 3320 3790 rem
3353 3751 3510 3789 mare
3539 3732 3694 3788 litte-

2043 3827 2256 3881 rariam
2288 3828 2389 3881 aut
2436 3823 2780 3880 historicam
2834 3841 2867 3879 a
2924 3841 3104 3880 causa
3132 3822 3469 3896 dogmatica
3498 3838 3692 3878 secer-

2041 3931 2202 3973 nere.

1989 4041 2015 4080 ._
2052 4005 2182 4080 _.A_t,
2207 4001 2596 4080 qudeqa‘usze
2657 4003 2812 4080 esset
2868 4017 2973 4056 cur
3028 4000 3088 4054 in
3150 3999 3257 4055 hoc
3299 4000 3490 4071 operis
3532 4015 3693 4056 mere

2978 4088 3178 4144 limine
3203 4089 3303 4144 diu
3334 4068 3392 4144 in
3426 4079 3709 4160 Septimii

2018 4165 3111 4273 prplaﬁa'laifdvimurane'r57',Paucis
3165 4179 3343 4250 igitur
3391 4178 3691 4234 absolvam

2023 4260 2240 4358 qualis}:
2376 4269 2643 4358 fruge“;
2677 4266 3128 4358 grammaticus,
3182 4267 3547 4336 dialecticus,
3584 4283 3688 4324 seu

268 4447 380 4510 vis.
403 4449 805 4505 doctrinarum
838 4449 1098 4514 ubertas,
1129 4449 1404 4520 loquendi
1437 4450 1644 4506 modus
1677 4468 1742 4506 ac
1774 4467 1915 4509 con-
1951 4447 2867 4533 inphijolqgue,:aptiquitatum
2921 4446 3255 4517 indagator,
3306 4446 3686 4503 historiarum

270 4537 541 4603 suetudo,
578 4538 734 4592 unde
761 4542 889 4594 tuto
948 4538 1106 4594 credi
1159 4542 1351 4609 potest
1403 4539 1556 4610 quod
1615 4556 1731 4596 non
1773 4543 1926 4598 deci-
1956 4523 2869 4628 ῐᾴᾡῄιξᾴτξὲρρξὶῐυῇδωωηί
2897 4535 3277 4591 scientiarum
3301 4551 3508 4607 genere
3527 4551 3691 4592 exer-

269 4625 543 4696 piantur;
596 4626 758 4683 illinc
813 4632 1009 4683 autem
1069 4644 1301 4682 morum
1354 4629 1636 4700 probitas,
1677 4631 1924 4704 vitaeque

269 4714 573 4786 sanctitas,
607 4733 721 4787 qua
750 4716 941 4771 omnis
1002 4716 1316 4789 depellitur
1364 4718 1622 4789 suspicio
1662 4736 1736 4775 an
1768 4720 1923 4776 deci-

270 4803 436 4875 piant
464 4808 568 4860 aut
597 4805 866 4878 decipere
898 4805 1096 4861 velint.

334 4894 420 4948 Ad
455 4893 576 4950 haec
605 4896 774 4966 quasi
809 4895 1128 4952 intrinseca
1157 4897 1523 4953 auctoritatis
1556 4899 1726 4970 signa
1756 4915 1922 4955 acce-

266 4983 557 5038 duuttum
584 4985 826 5040 diversae
849 4989 1198 5056 temporum,
1231 4985 1512 5056 locorum,
1537 4987 1916 5059 dignitatum,

262 5076 600 5144 craterasque
632 5074 690 5128 in
725 5074 942 5146 quibus
972 5080 1242 5131 auctores
1269 5076 1634 5148 scripserunt
1663 5077 1919 5132 circum-

261 5160 513 5228 stantiis,
547 5166 674 5218 tum
702 5162 1076 5234 potissimum
1109 5163 1255 5219 tanti
1288 5164 1456 5236 pretii
1480 5165 1774 5234 judicium
1801 5181 1917 5237 quo

260 5249 521 5306 Ecclesia
553 5252 869 5323 scriptores
928 5255 1215 5324 quosdam
1275 5253 1447 5308 titulo
1497 5254 1672 5309 tacito
1703 5254 1790 5310 vel
1823 5270 1916 5311 so-

258 5337 461 5406 lemni,
482 5341 722 5412 speciali
743 5342 831 5398 vel
855 5343 1276 5416 specialissimo
1297 5343 1506 5414 probat
1529 5347 1585 5398 et
1605 5342 1916 5415 diiudicat.

329 5430 410 5486 Ne
439 5447 571 5487 vero
604 5439 982 5490 amoveantur
1040 5439 1141 5490 aut
1192 5436 1550 5505 respuantur
1598 5433 1914 5507 scriptores

356 5575 408 5644 4)
442 5575 617 5632 Hebr.
652 5594 691 5644 ι,
725 5578 777 5632 3.

356 5575 385 5628 4
442 5575 617 5632 Hebr.
652 5594 691 5644 ι,
725 5578 735 5631 ε

333 5575 410 5718 ξὸζ
434 5647 552 5704 Col.
588 5665 650 5719 II,
683 5649 735 5704 3.

2036 4627 2447 4685 citatissimus.

2105 4718 2278 4778 Porro
2302 4717 2443 4789 quid
2467 4716 2537 4772 de
2570 4715 2756 4787 ipsius
2788 4715 3041 4780 dicendi,
3078 4714 3403 4770 disserendi
3429 4717 3485 4770 et
3515 4731 3687 4787 argu-

2033 4806 2334 4863 mentandi
2366 4821 2575 4872 genere
2608 4804 2982 4861 sentiendum
3003 4803 3103 4872 sit,
3129 4803 3303 4874 paulo
3327 4804 3478 4859 infra
3503 4804 3684 4860 habes

2032 4895 2329 4968 eleganter
2358 4900 2411 4950 et
2458 4895 2677 4950 diserte
2709 4911 2742 4949 a
2782 4894 3023 4950 doctiss.
3059 4898 3119 4947 Ι).
3161 4894 3406 4964 Lumper
3434 4893 3684 4964 explica-

2031 4991 2156 5040 tum
2186 4985 2286 5058 (7).
2325 4986 2516 5041 Pauca
2545 4989 2776 5040 tantum
2819 4983 3034 5038 addere
3073 4981 3255 5052 juvat,
3291 4998 3363 5036 ne
3393 4981 3684 5037 delicatis-

2031 5074 2221 5131 simus
2253 5074 2434 5129 lector
2465 5091 2532 5130 ac
2565 5073 2853 5146 politioris
2886 5073 3158 5126 minerva
3190 5068 3508 5126 studiosior
3537 5069 3685 5126 sale-

2030 5164 2151 5218 bris
2205 5162 2578 5219 Tertullianm
2638 5161 2950 5217 latinitatis
3009 5160 3270 5215 offendat
3328 5163 3384 5214 et
3442 5159 3681 5215 hmreat.

2027 5252 2260 5308 Primus
2290 5253 2408 5308 fere
2439 5253 2706 5308 omnium
2755 5249 3153 5306 Tertullianus
3193 5249 3470 5321 dogmata
3499 5249 3684 5305 tradi-

2025 5333 2194 5399 turus
2226 5359 2291 5398 ac
2323 5342 2600 5414 mysteria
2625 5341 2935 5411 hucusque
2977 5337 3116 5394 latio
3150 5339 3407 5394 sermoni
3438 5355 3680 5411 prorsus

2023 5432 2246 5506 ignota,
2279 5432 2522 5504 proinde
2545 5449 2722 5488 novas
2764 5429 3063 5486 intrudere
3094 5427 3378 5485 formulas
3410 5446 3476 5486 ac
3505 5429 3678 5485 inau-

2115 5579 2170 5642 6)
2200 5577 2466 5633 Vincent.
2499 5575 2678 5631 Lirin.
2716 5573 3048 5630 Commonit.
3081 5573 3156 5642 II,
3187 5573 3278 5629 20.

2115 5579 2149 5634 6
2200 5579 2466 5633 Vincent.
2499 5579 2678 5631 Lirin.
2716 5579 2908 5630 Comm

2091 5579 2170 5724 ἕΊέ
2199 5649 2328 5707 Vid.
2359 5649 2518 5721 infr.,
2553 5663 2683 5722 pag.
2717 5647 2908 5703 89.96.
