4060 6350
208 378 277 439 is
1685 365 2124 429 PREFATIO.
3542 382 3619 441 η

208 511 322 567 dita
359 510 666 582 vocabula,
702 510 917 567 saltem
958 508 1071 565 alio
1102 523 1279 564 sensu
1328 507 1613 577 usurpata
1640 503 1855 576 potuit,
1885 502 1939 570 Α
2041 505 2219 557 Porro
2249 516 2383 556 cum
2406 500 2499 557 his
2529 502 2646 559 fere
2662 504 3147 564 omnibustitulis
3177 513 3628 570 commendatur

206 600 318 657 imo
346 603 405 656 et
428 600 655 656 debuit.
675 600 1046 656 Nascebatur
1074 614 1139 653 ac
1159 610 1585 669 propemonum
1607 593 1665 648 in
1690 592 1859 649 cunis
1970 588 2389 655 Tertullianus,
2423 589 2559 646 hinc
2592 593 2885 663 praecipua
2926 595 3292 655 desumenda
3321 606 3463 658 sunt
3492 620 3625 674 pro-

206 690 473 762 vagiebat
520 690 790 746 latinitas
842 689 943 745 illa
992 686 1405 752 ecclesiastica,
1460 700 1587 756 quae
1621 700 1757 739 suos
1787 684 1852 738 ab

1968 680 2096 751 pria
2124 679 2235 751 ipsi
2268 696 2332 733 ac
2364 679 2681 750 peculiaria
2713 682 3078 739 auctoritatis
3110 687 3297 757 signa.

206 780 369 835 initio
401 781 612 835 habuit
645 782 877 847 modos,
912 796 1048 835 suas
1082 778 1201 833 sive
1254 776 1312 831 in
1343 774 1532 830 soluto
1565 789 1855 840 sermone,
2035 768 2453 835 Tertullianus,
2490 775 2555 824 ut
2606 787 2637 825 a
2670 771 2861 826 Verbo
2896 773 2989 827 Dei
3022 773 3260 831 initium
3312 778 3621 850 faciamus,

208 871 321 926 sive
354 872 412 925 in
445 870 779 943 rhythmico
814 868 1051 924 modulo
1097 867 1275 938 leges,
1310 864 1572 936 apprime
1603 867 1857 917 tractan-
1968 859 2128 913 illius
2156 858 2639 929 interpretationi,
2676 876 2742 915 ac
2792 861 3105 931 Exegeticze
3161 865 3420 923 scientia:
3452 887 3623 927 suam

210 959 297 1014 dis
326 958 664 1015 coelestibus
693 956 1083 1013 sacramentis
1112 954 1605 1022 accommodatas,
1630 951 1856 1021 habuit,
1966 949 2133 1003 atiert
2160 947 2487 1019 symbolam
2534 949 2776 1003 minime
2808 954 3261 1021 aspernandam.
3309 956 3435 1013 Sive
3467 959 3625 1016 enim

210 1050 420 1115 sanxit,
455 1065 520 1103 ac
570 1048 836 1103 servavit.
890 1046 1109 1110 Quibus
1140 1048 1336 1100 autem
1383 1040 1761 1097 eﬂ‘ormandis
1791 1056 1857 1095 ac
1966 1037 2315 1105 Catholicus,
2359 1037 2477 1091 sive
2529 1037 2906 1104 Montanista,
2940 1056 3172 1110 semper
3226 1045 3424 1101 docuit
3477 1050 3624 1104 Scri-

209 1155 307 1210 per
337 1154 440 1192 ora
472 1137 782 1193 hominum
809 1134 1147 1204 evulgandis
1174 1133 1331 1188 haud
1365 1131 1573 1203 exigua
1600 1133 1689 1185 est
1719 1131 1857 1184 Ter-
1968 1131 2198 1198 pturam
2266 1126 2477 1180 veteris
2536 1126 2785 1198 novique
2852 1129 3213 1186 Testamenti
3270 1134 3622 1207 inspiratam

208 1226 437 1282 tulliani
460 1225 591 1283 laus
607 1226 896 1281 mirumin
920 1225 1161 1280 modum
1188 1221 1562 1294 profuisseﬂ
1579 1221 1625 1274 3
1642 1219 1857 1290 quippe
1968 1216 2148 1270 fuisse
2181 1216 2274 1285 (9).
2302 1215 2415 1269 Nec
2449 1215 2645 1270 minus
2668 1216 2978 1288 Scripturw
3006 1220 3421 1289 plenitudinem
3443 1243 3623 1297 quam

207 1318 373 1387 cujus
407 1316 706 1387 ingenium
759 1313 1051 1383 demirati,
1085 1329 1151 1367 ac
1198 1310 1487 1382 loquelam
1518 1308 1730 1380 ipsam,
1765 1324 1855 1363 ar-
1966 1304 2094 1374 ejus
2133 1303 2499 1358 divinitatem
2554 1304 2744 1360 adorat
2790 1307 2904 1378 (10)
2939 1325 2951 1363 :
2985 1325 3090 1364 nec
3139 1326 3271 1367 eam
3323 1315 3622 1373 adorando

206 1406 378 1461 duam
412 1404 548 1460 licet
577 1408 633 1459 et
654 1420 944 1474 asperam,
974 1401 1206 1471 imitati,
1235 1398 1452 1471 singuli
1485 1400 1615 1469 post
1636 1413 1767 1452 eum
1791 1413 1856 1452 ac
1965 1392 2338 1447 traditionem
2372 1394 2578 1465 aufert,
2610 1394 2729 1450 imo
2771 1400 2827 1451 et
2857 1398 2926 1452 ad
2959 1414 3109 1469 eam,
3144 1416 3247 1456 seu
3279 1403 3351 1459 ad
3386 1409 3619 1475 aposto-

204 1494 531 1566 praesertim
583 1494 782 1565 plures
815 1509 964 1564 quos
1012 1492 1235 1563 peperit
1278 1488 1550 1543 Africana
1578 1485 1852 1551 Ecclesia,
1966 1482 2052 1539 los
2085 1488 2140 1538 et
2179 1483 2499 1553 discipulos
2550 1484 2777 1539 Domini
2810 1487 3172 1544 referendam
3205 1507 3333 1547 esse
3362 1495 3621 1565 Scriptu-

202 1584 669 1640 clarissimorum
700 1582 963 1636 virorum
992 1580 1050 1635 in
1096 1579 1189 1635 his
1222 1576 1675 1650 tempestatibus
1709 1576 1855 1629 fera-
1966 1590 2040 1628 rm
2094 1573 2633 1643 interpretationem
2688 1579 2885 1646 aperte
2935 1577 3191 1634 declarat
3219 1580 3353 1653 (11).
3406 1586 3621 1646 Quam-

200 1674 456 1740 cissima,
506 1674 654 1728 duce
703 1671 1014 1744 Cypriano,
1049 1669 1161 1735 sui,
1195 1672 1259 1724 ut
1289 1668 1389 1738 ait,
1420 1664 1686 1738 magistri
1738 1680 1857 1719 me-
1965 1662 2051 1717 vis
2097 1661 2303 1717 nullibi
2354 1679 2421 1717 ex
2452 1664 2715 1734 professo
2765 1664 2834 1719 de
2887 1682 3111 1723 canone
3161 1671 3262 1725 I4
3307 1672 3619 1745 Scriptum

204 1761 535 1819 rentiasimi
566 1761 788 1817 cultore
820 1760 1078 1827 assiduo,
1113 1774 1176 1814 se
1214 1773 1502 1829 suamque
1532 1755 1854 1811 orationem
1967 1768 2144 1807 sacrae
2193 1752 2556 1819 disseruerit,
2608 1769 2676 1808 ex
2728 1754 2904 1811 variis
2952 1760 3148 1815 tamen
3201 1760 3330 1829 ejus
3375 1778 3621 1834 operum

204 1854 278 1909 ad
304 1850 652 1908 Tertulliani
680 1850 998 1906 dictionem
1031 1848 1295 1904 certatim
1325 1846 1692 1902 efﬁnxerunt.
1887 1875 1933 1939 Β
1966 1841 2109 1897 locis
2132 1840 2374 1939 colligi
2398 1846 2609 1914 potest,
2642 1842 2822 1899 libros
2872 1862 3094 1939 sacros
3123 1853 3326 1906 nostra
3374 1856 3543 1908 aetate
3589 1871 3624 1910 a

1965 1931 2410 2004 pseudocriticis
2477 1948 2507 1987 e
2573 1949 2819 1989 numero
2889 1937 3308 1995 canonicorum
3377 1942 3619 2016 ejectos,

270 2012 441 2068 Haud
474 2012 579 2068 abs
609 2028 670 2067 re
700 2012 813 2067 erit
841 2011 1026 2067 obiter
1046 2010 1507 2066 animadvertere
1538 2008 1853 2097 quemdam
1962 2023 2116 2076 inter
2144 2036 2342 2076 sacros
2373 2020 2775 2094 divinitusque
2825 2024 3148 2097 inspiratos
3198 2028 3268 2084 ab
3298 2046 3364 2086 eo
3396 2008 3618 2089 connu;

197 2104 490 2158 defectum
540 2101 819 2169 subiisse,
852 2106 983 2172 post
1031 2101 1159 2172 ejus
1209 2117 1241 2154 a
1272 2101 1428 2153 recta
1478 2098 1591 2152 ﬁde
1633 2096 1851 2152 disces-
1964 2110 2178 2167 mepari
2210 2110 2343 2183 (12),

194 2210 345 2257 sum,
398 2191 749 2247 Tertulliani
798 2190 1122 2262 ingenium.
1176 2189 1237 2245 In
1287 2187 1475 2255 libris,
1526 2186 1756 2251 ultima,
1789 2188 1853 2241 ut

191 2282 442 2351 videtur,
490 2283 655 2336 aetate
704 2297 814 2335 sua
864 2280 922 2334 in
976 2279 1095 2368 fece
1148 2276 1536 2368 Montanismi
1574 2275 1849 2368 exaratis.
2031 2290 2105 2342 At
2154 2287 2450 2359 susdeque
2496 2288 2740 2343 vertitur
2789 2290 3135 2349 Tertulliani
3183 2296 3462 2368 exegetici
3515 2314 3612 2354 au-

196 2376 295 2426 aut
324 2370 591 2442 asperior
634 2370 701 2424 ﬁt
733 2374 789 2424 et
838 2367 1200 2440 inaequalior,
1234 2364 1541 2438 impotenti
1572 2365 1849 2435 abreptus
1960 2375 2221 2445 ctoritas,
2254 2377 2426 2431 modo
2465 2376 2610 2432 ﬁdes
2664 2377 2741 2433 sit
2774 2379 2902 2448 ejus
2929 2381 3138 2438 editori
3169 2364 3513 2453 novissimo,
3545 2404 3612 2443 ac

195 2459 480 2531 loquendi
531 2458 855 2531 prurigine,
887 2473 953 2516 ac
1000 2456 1263 2549 inquietat
1309 2455 1718 2549 pUgD§Cit3t9;
1751 2457 1852 2549 ﬁt“
1959 2464 2375 2537 procacissimo
2405 2466 2801 2536 obtrectatori,
2833 2468 2886 2524 J.
2920 2470 3137 2527 Salom.
3173 2472 3452 2546 Semlero,
3487 2477 3611 2549 qui,

196 2548 524 2605 ObSCUPiOI‘i
578 2551 887 2616 sententia,
936 2546 1094 2603 velut
1124 2547 1193 2602 de
1242 2546 1555 2611 industria,
1590 2558 1717 2599 5899
1748 2544 1850 2598 οὶ)-
1960 2555 2263 2627 praefracta
2312 2555 2520 2623 fronte,
2571 2557 2823 2612 asseruit
2872 2558 3017 2615 hunc
3061 2564 3385 2633 scriptorem
3440 2544 3618 2622 oculis

191 2639 387 2708 volvit,
419 2654 526 2693 nec
576 2637 689 2691 nisi
732 2653 833 2709 per
880 2636 1153 2692 intricata
1198 2635 1461 2706 loquitur
1492 2634 1802 2705 aenigmata
1830 2651 1843 2701 ;
1954 2649 2069 2700 suis
2098 2644 2465 2717 manibusque
2496 2663 2776 2718 nunquam
2806 2664 3097 2720 usurpasse
3144 2651 3397 2709 ercum
3426 2654 3619 2712 ullum

200 2746 331 2800 quae
360 2728 687 2799 praesertim
716 2727 856 2782 vitia
904 2727 961 2781 in
992 2726 1143 2782 libro
1175 2725 1244 2781 de
1274 2726 1473 2791 Pallio,
1508 2727 1564 2779 et
1589 2722 1848 2778 adversus
1956 2734 2194 2791 codicem
2241 2736 2660 2805 Evangeliorum
2711 2742 2805 2792 aut
2854 2739 3245 2811 Epistolarum,
3297 2742 3619 2802 aliorumve

211 2820 627 2874 Valentiniano:
649 2816 816 2889 quasi
839 2815 1019 2888 digito
1048 2814 1342 2888 palpanda
1372 2817 1738 2869 occcurrunt.
1956 2841 2258 2879 sacrorum
2290 2824 2632 2893 Bibliorum,
2668 2843 2772 2882 nec
2807 2844 3072 2899 unquam
3107 2831 3335 2888 Graecos
3366 2835 3619 2903 codices,

1957 2918 2159 2985 utpote
2215 2912 2599 2981 adulteratos,
2660 2915 2937 2973 adhibere
2994 2919 3293 2991 voluisse;
3343 2955 3412 2964 ——
3462 2924 3619 2982 hunc

1958 3005 2597 3071 eumdem,Graecorum
2622 3007 2890 3063 codicum
2912 3008 3301 3068 libentissime
3326 3014 3613 3085 nescium,

1958 3092 2193 3148 Latinos
2222 3092 2402 3149 llbI‘OS
2433 3095 2766 3166 corrupisse
2791 3100 2847 3151 et
2877 3098 3110 3155 auxisse
3141 3100 3352 3171 glossis
3386 3108 3617 3160 senten-

1958 3182 2174 3253 tiisque
2218 3182 2602 3254 interpolatis,
2636 3185 2972 3241 adhucdum
3002 3190 3439 3263 superstitibus,
3473 3210 3613 3264 qua-

1963 3288 2087 3326 rum
2117 3274 2327 3345 primus
2364 3281 2414 3327 et
2443 3273 2589 3327 solus
2634 3282 2824 3330 auctor
2851 3285 3037 3331 certus
3083 3287 3163 3333 est
3192 3280 3287 3335 ille
3322 3282 3615 3339 Tertullia—

1961 3378 2063 3417 nus
2095 3362 2229 3434 (13).
2283 3362 2395 3418 Sed
2447 3379 2737 3433 quanam,
2787 3366 3019 3437 amabo,
3052 3366 3197 3425 ﬁdes
3255 3369 3393 3427 huic
3443 3372 3613 3429 inno-

1961 3452 2135 3507 vandi
2166 3451 2450 3523 prurigini
2476 3452 2618 3507 adeo
2646 3453 2952 3525 petulanti,
2974 3460 3039 3511 ut
3068 3458 3223 3513 idem
3247 3461 3461 3517 audeat
3482 3480 3616 3533 pro-

1965 3541 2116 3597 ﬁteri
2149 3542 2385 3597 Latinos
2416 3558 2620 3598 omnes
2671 3544 2987 3615 scriptores
3017 3564 3321 3619 nunquam
3351 3551 3411 3605 in
3456 3551 3619 3610 hisce

1964 3630 2171 3703 primis
2204 3630 2431 3686 saeculis
2477 3630 2659 3687 libros
2709 3632 2939 3691 Graecos
2988 3637 3380 3708 consuluisse,
3411 3657 3617 3699 omnes

1964 3737 2082 3775 una
2111 3720 2452 3791 conjurasse
2485 3725 2549 3776 ut
2579 3738 2757 3778 novas
2785 3724 3014 3795 glossas
3054 3726 3254 3783 invitis
3281 3728 3616 3787 Graecorum

1964 3808 2282 3877 codicibus,
2316 3809 2440 3865 suis
2482 3808 2649 3867 libris
2698 3828 2766 3866 ex
2796 3814 3063 3870 consulto
3095 3815 3452 3887 insererent;
3488 3821 3616 3892 ejus

1961 3915 2097 3954 vero
2148 3897 2367 3955 Latina;
2415 3899 2820 3956 translationis
2861 3903 3049 3973 prima
3079 3905 3246 3959 initia
3291 3916 3343 3962 et
3372 3909 3616 3965 recentia

1962 3988 2278 4044 rudimenta
2325 3989 2397 4044 ab
2443 3988 2631 4061 ipsius
2679 3991 3019 4047 Tertulliani
3068 3998 3352 4067 tempore,
3394 3997 3509 4053 nisi
3539 4000 3610 4055 ab

1964 4080 2211 4151 ipsemet
2242 4080 2427 4136 oriri?
2457 4081 2567 4135 Sed
2598 4082 2739 4153 quid
2771 4098 2839 4138 ea
2867 4099 3344 4158 commemorem,
3379 4088 3519 4144 dum
3549 4089 3609 4145 in

1963 4169 2072 4225 hac
2103 4170 2303 4225 eadem
2337 4169 2747 4227 dissertatione
2775 4171 3119 4229 Tertulliani
3162 4176 3519 4234 obtrectator
3543 4196 3608 4235 eo

1964 4258 2220 4314 audaciae
2253 4258 2567 4327 devenerit,
2596 4264 2682 4328 ut,
2714 4260 2980 4317 discussis
3010 4269 3132 4318 tam
3176 4264 3325 4336 longi
3352 4269 3611 4338 temporis

258 4356 372 4406 Per
417 4350 807 4407 eruditionem
860 4366 1111 4417 sacram,
1144 4349 1342 4421 inquit
1390 4351 1699 4408 Walchius
1750 4352 1851 4424 (8),
1963 4348 2215 4417 tenebris,
2249 4348 2331 4404 ita
2361 4348 2517 4404 enim
2563 4348 2760 4418 habet,
2792 4351 2918 4423 ipse
2962 4352 3105 4407 adeo
3134 4370 3316 4409 novus
3367 4372 3433 4410 ac
3463 4373 3609 4427 prae-

193 4439 585 4513 intelligimus
632 4439 796 4496 illam
850 4457 977 4512 quae
1031 4444 1295 4496 versatur
1335 4441 1393 4497 in
1445 4441 1619 4497 rebus
1667 4459 1782 4497 non
1820 4459 1852 4497 a

1963 4442 2232 4509 posterus
2264 4438 2459 4505 homo,
2507 4439 2832 4496 inauditam
2882 4441 2954 4497 ab
2986 4442 3146 4497 omni
3177 4447 3327 4498 retro
3359 4445 3615 4517 antiqui-

191 4535 405 4584 natura
426 4529 1086 4600 patefactisachumana
1108 4530 1384 4586 facultate
1404 4530 1847 4603 cognoscendis,
1961 4531 2079 4583 tate
2137 4528 2587 4599 deprehenderit
2631 4530 2949 4600 quamdam
3002 4532 3441 4600 coniuratorum
3492 4538 3615 4591 tam

191 4620 289 4674 sed
320 4617 605 4673 divinitus
635 4618 964 4675 manifestis
997 4635 1062 4675 ac
1095 4618 1469 4675 sanctissimo
1501 4619 1698 4677 codice
1730 4621 1845 4692 (cui
1876 4631 1922 4695 D
1956 4618 2285 4673 Grmcorum
2314 4634 2489 4689 quam
2526 4618 2890 4686 Latinorum,
2917 4620 3112 4675 Romae
3139 4622 3504 4694 degentium,
3527 4642 3617 4683 so.

190 4712 243 4762 et
269 4708 607 4763 veneranda
636 4709 861 4764 accedit
910 4709 1167 4764 Traditio
1212 4708 1543 4780 catholica),
1577 4727 1846 4781 compre-
1961 4708 2249 4775 cietatem,
2294 4723 2363 4762 ex
2415 4708 2585 4778 cujus
2634 4708 2867 4763 officina
2917 4709 3067 4765 clam
3117 4711 3384 4782 prodiere
3431 4714 3617 4771 multa

192 4797 416 4853 hensis.
450 4796 668 4853 Notitia
698 4798 910 4852 harum
962 4814 1158 4854 rerum
1204 4798 1381 4853 variis
1414 4803 1645 4854 constat
1675 4799 1851 4855 disci-
1958 4795 2326 4861 Tertulliani,
2352 4796 2633 4852 nonnulla
2654 4797 2969 4854 Clementis
2994 4798 3389 4869 Alexandrini,
3417 4804 3617 4861 omnia

190 4886 397 4958 plinis,
446 4903 657 4958 nempe
713 4886 1033 4960 Theologia
1106 4887 1431 4960 Exegetica,
1491 4888 1848 4961 Dogmatica,
1963 4885 2161 4941 Irenwi
2210 4903 2402 4958 opera,
2455 4886 2626 4958 plane
2671 4889 3048 4960 supposititia
3092 4894 3148 4945 et
3197 4891 3445 4963 spuria?
3483 4894 3614 4950 Haec

193 4975 507 5041 Polemica,
541 4974 770 5041 Morali,
821 4975 1167 5048 Symbolica,
1220 4976 1605 5045 Catechetica,
1651 4977 1852 5034 Homi-
1962 4993 2088 5046 quae
2148 4992 2282 5032 cum
2340 4976 2599 5048 primum
2649 4976 2994 5048 prodierint,
3052 4980 3337 5051 portentis
3396 4981 3617 5039 similia

189 5063 384 5136 letica,
418 5081 538 5121 una
565 5081 699 5121 cum
730 5065 989 5123 Historia
1017 5065 1443 5123 Ecclesiastica.
1963 5065 2170 5122 merito
2214 5065 2415 5122 habita
2463 5067 2624 5123 fuere
2672 5068 2742 5122 ab
2773 5067 2919 5139 ipsis
2973 5068 3293 5127 Germaniae
3344 5071 3484 5130 viris
3511 5074 3613 5129 do-

254 2979 540 3034 Eamdem
570 2977 630 3031 in
681 2978 851 3049 pejus
901 2975 1289 3031 mutationem
1344 2975 1539 3029 forsan
1594 2974 1848 3045 reperire

189 3073 297 3135 est,
330 3084 487 3133 cum,
535 3066 623 3123 vel
655 3066 835 3122 oblita
884 3066 1192 3136 incomptae
1242 3063 1723 3135 inconcinnaaque
1754 3064 1848 3118 di-

190 3158 399 3213 ctionis
431 3155 768 3227 asperitate,
802 3172 927 3211 rem
960 3154 1198 3226 penitus
1231 3170 1294 3209 ac
1318 3153 1742 3209 sententiarum
1763 3152 1847 3208 vi-

190 3244 768 3316 sceraintrospicies.
794 3243 897 3299 Illa
915 3243 1847 3317 Apologetici,Praescriptionnm,
1881 3248 1924 3315 α

190 3335 596 3405 librarumque
627 3334 698 3389 de
732 3333 1026 3401 Oratione,
1058 3333 1360 3405 Baptismo
1384 3350 1449 3388 ac
1484 3332 1853 3415 Paenitentia,

191 3426 473 3496 majestas
504 3440 570 3478 ac
591 3423 835 3495 grandis
868 3422 1223 3494 eloquentia,
1254 3422 1548 3477 interdum
1576 3422 1862 3477 acerrima

206 3531 268 3569 ac
300 3513 568 3569 laconica
600 3512 880 3568 brevitate
911 3516 1257 3584 temperata,
1292 3512 1347 3566 in
1402 3511 1763 3567 inconditam
1793 3527 1858 3567 ac

189 3604 558 3659 difﬂuentem
588 3601 945 3668 facundiam,
969 3602 1141 3657 obvia
1163 3617 1432 3675 quaeque,
1462 3600 1552 3656 vel
1606 3601 1852 3670 insulsa,

182 3692 585 3762 jactitantem,
640 3706 744 3745 nec
792 3689 1214 3746 scurrilitatem
1275 3693 1375 3746 aut
1431 3689 1854 3761 petulantiores

191 3781 360 3851 jocos
393 3785 807 3852 aspernantem
841 3779 1137 3836 dilabitur.

258 3941 373 3996 Sed
407 3956 541 3994 cum
578 3941 720 4007 haec,
750 3944 817 3995 ut
843 3939 983 4011 dixi,
1017 3941 1089 3995 ad
1142 3940 1450 4012 profanam
1485 3939 1715 3996 criticen
1746 3958 1851 4013 po-

190 4029 312 4085 tius
346 4046 525 4101 quam
562 4030 631 4084 ad
656 4030 1050 4102 dogmaticam
1074 4029 1417 4086 Tertulliani
1450 4031 1853 4086 auctoritatem

190 4119 434 4186 faciunt,
469 4118 583 4173 huc
637 4119 884 4175 demum
911 4118 1039 4175 vela
1091 4120 1324 4188 damus,
1358 4119 1517 4175 haud
1572 4119 1705 4182 alio,
1738 4120 1854 4181 nisi

189 4208 379 4273 inviti,
406 4208 535 4278 jam
578 4207 929 4279 abripiendi.

258 5298 340 5368 (8)
390 5296 544 5354 Bibl.
596 5296 888 5355 Patristic.
940 5298 1079 5355 edit.
1132 5314 1262 5356 nov.
1317 5298 1433 5355 Ien.
1488 5300 1646 5370 1834,
1698 5316 1745 5358 c.
1796 5301 1852 5369 7,
2035 5295 2148 5367 (12)
2182 5296 2261 5351 Cf.
2295 5296 2535 5351 Gottefr.
2591 5297 2873 5370 Lumper.
2904 5299 3039 5353 Hist.
3096 5300 3272 5356 Τήιοι.
3326 5301 3508 5359 Critia.
3555 5303 3621 5359 de

193 5371 341 5446 245,
566 5440 582 5446 _
656 5442 679 5446 Δ
728 5443 739 5446 Δ
854 5443 867 5446 _
963 5443 972 5446 _
1233 5445 1242 5446 ί
1966 5370 2384 5446 vita,_scripti_sn
2410 5374 2573 5440 atque
2620 5370 2797 5425 doclr.
2849 5369 2943 5425 SS.
2996 5375 3110 5426 PP.
3144 5376 3187 5428 t.
3231 5372 3351 5443 VII,
3405 5390 3530 5446 cap.
3562 5377 3618 5444 6,

260 5444 342 5515 (9)
375 5442 464 5498 Cf.
498 5458 516 5497 ι
546 5440 611 5498 de
643 5442 807 5498 Cultu
834 5443 1030 5512 femin.
1065 5459 1190 5515 cap.
1223 5445 1275 5498 3.
1331 5448 1408 5500 De
1438 5446 1857 5501 Resurrectione
1967 5446 2074 5497 art.
2109 5442 2160 5510 1,
2197 5459 2251 5512 p.
2286 5442 2391 5494 242
2423 5447 2475 5515 et
2496 5458 2611 5511 sqq.

192 5514 396 5585 ramis,
431 5531 561 5590 cap.
609 5516 698 5590 22.
725 5515 875 5590 Lib.
912 5533 971 5570 ιη
1004 5514 1147 5571 Adv.
1186 5515 1350 5571 Marc.
1403 5533 1529 5590 cap.
1561 5520 1633 5587 6;
1666 5517 1767 5574 lib.
1801 5535 1854 5585 v,
2034 5516 2153 5590 (13)
2186 5514 2507 5590 Dissertde
2536 5514 2699 5590 varia
2736 5521 2795 5590 et
2827 5515 3016 5590 incert,
3052 5515 3248 5590 indole
3275 5517 3393 5573 hor.
3428 5517 3619 5575 libror.

192 5605 314 5662 cap.
344 5590 379 5662 7
412 5603 425 5643 :
454 5587 565 5662 lib.
602 5586 666 5643 de
695 5588 917 5662 Anima,
953 5605 1079 5661 cap.
1110 5591 1164 5642 2.
1193 5660 1201 5662 ἓ
1473 5586 1491 5590 ⁷
1624 5586 1627 5587 ⁷
1967 5588 2197 5662 adopp.
2241 5586 2495 5662 Tertull.
2517 5587 2802 5662 μέλψω
2849 5587 3193 5659 Magdeburg.
3247 5606 3396 5647 rurs.
3429 5608 3622 5650 recusa

257 5658 370 5808 ('10;
406 5660 530 5716 Lib.
567 5666 748 5717 contr.
786 5658 1040 5733 Hermogi
1064 5676 1115 5716 ο.
1145 5660 1235 5715 22.
1970 5660 2129 5729 1828,
2162 5664 2204 5714 t.
2240 5658 2310 5728 V,
2343 5676 2440 5731 pp.
2478 5658 2737 5713 176-313.

260 5736 338 5805 (11
398 5734 681 5807 Scorpiac.
718 5749 856 5805 cap.
894 5733 976 5787 12.

260 5733 368 5807 (11)
398 5734 681 5807 Scorpiac.
718 5749 856 5805 cap.
894 5733 976 5787 12.
