4060 6342
332 302 410 364 15
1814 305 2258 367 ΡΜΕΑΤΙΟ.
3665 299 3743 359 16

328 432 609 490 otissimis
639 433 906 506 impetita
957 451 1023 490 ac
1073 437 1376 508 proﬂigata
1415 437 1546 508 (14),
1598 437 1741 492 satis
1769 441 1879 505 est,
1913 441 1978 492 ut
2005 439 2061 506 Α
2090 435 2372 510 pugnavit
2400 434 2460 490 in
2491 435 2600 491 hoc
2648 433 2991 507 elegantiori
3023 450 3090 490 ac
3136 431 3426 506 pulohello
3457 432 3525 489 de
3553 434 3742 488 Pani-

327 524 639 594 reprobata
662 523 1059 594 derideantur,
1092 525 1432 596 exposuisse
1465 527 1597 596 (15).

403 613 613 681 Magna
644 622 835 666 autem
872 615 1129 683 assurgit
1151 615 1485 682 dogmatica
1515 614 1852 669 Tertulliani
1877 615 1982 670 Ca-

327 701 526 754 tholici
552 703 910 768 auctoritas;
946 720 1047 756 nec
1075 703 1368 757 interdum
1394 705 1761 758 Montanistaz
1790 722 1983 775 asper-

328 790 539 844 nanda.
595 789 906 861 Triplicem
960 792 1116 845 enim
1170 809 1285 863 quo
1337 792 1427 846 usi
1473 793 1630 846 fuere
1681 792 1878 846 Patres
1922 793 1980 846 in

329 879 673 949 exponenda
704 879 815 932 fide
865 880 1127 945 modum,
1161 897 1370 952 nempe
1410 886 1536 936 tum
1568 879 1980 952 symbolicum,

329 981 445 1035 quo
504 964 849 1035 gravissima
906 966 1042 1022 fidei
1103 967 1396 1038 dogmata,
1449 984 1709 1022 connexa
1756 966 1978 1038 paucis,

328 1054 603 1108 continuo
636 1053 998 1121 recitantur;
1031 1060 1156 1110 tum
1191 1055 1569 1126 polemicum,
1601 1057 1672 1111 ad
1707 1055 1981 1111 refellen-

326 1142 433 1196 dos
464 1140 740 1211 Gentiles,
783 1142 1040 1210 Judaeos,
1073 1150 1175 1200 aut
1227 1145 1526 1200 haereticos
1575 1145 1980 1200 accommoda-

321 1233 448 1284 tum
478 1248 492 1298 ;
520 1234 648 1285 tum
677 1231 1073 1288 discursivum
1105 1250 1208 1288 seu
1260 1235 1708 1300 catecheticum,
1744 1233 1842 1305 qui
1876 1250 1977 1305 pro

322 1317 788 1374 Christianorum
837 1319 1101 1376 ﬁdelium
1152 1337 1286 1391 usu,
1337 1323 1508 1377 modo
1565 1339 1771 1387 unum,
1807 1323 1976 1377 modo

319 1406 566 1462 alterum
621 1408 873 1479 explicat
931 1409 1210 1466 doctrina:
1269 1417 1582 1482 punctum,
1643 1411 1858 1466 mirum
1916 1412 1974 1466 in

321 1496 563 1551 modum
599 1497 738 1552 item
774 1497 982 1554 Noster
1012 1499 1474 1570 comprehendit.

392 1585 490 1641 15
526 1589 672 1640 Nam
715 1592 834 1642 tres
866 1587 997 1642 fidei
1048 1587 1333 1644 formulas
1384 1589 1579 1658 habet,
1611 1605 1790 1644 unam
1822 1606 1974 1644 eam-

322 1692 435 1748 que
467 1677 789 1732 breviorem
822 1678 879 1732 in
923 1677 1072 1734 libro
1105 1680 1178 1735 de
1213 1680 1535 1752 Virginibus
1564 1680 1809 1735 vetandis
1838 1681 1975 1751 (16),

323 1767 566 1822 alteram
615 1766 942 1840 longiorem
998 1768 1059 1824 in
1119 1771 1641 1850 Praescrijtionibus
1689 1772 1976 1828 Haeretico-
2006 1806 2052 1872 Β

320 1871 446 1910 rum
475 1858 611 1927 (17),
662 1857 895 1913 tertiam
946 1863 1001 1914 et
1055 1860 1436 1916 recentiorem
1487 1860 1546 1916 in
1579 1859 1674 1914 lib.
1721 1860 1976 1916 adversus

322 1949 610 2002 Praxeam
641 1946 773 2017 (18).

395 2036 623 2090 Primus
672 2035 824 2090 inter
871 2036 1132 2105 Latinos,
1184 2037 1476 2109 quoslibet
1532 2039 1830 2094 nascentis
1879 2043 1974 2093 Ec-

320 2122 512 2178 clesiae
569 2123 766 2179 hostes
822 2126 1124 2195 polemicis
1183 2132 1238 2182 et
1296 2127 1669 2199 apologeticis
1739 2128 1975 2200 scriptis

319 2228 636 2283 aggressus
665 2218 771 2268 est.
821 2214 1114 2270 Adversus
1157 2215 1314 2270 enim
1365 2223 1565 2286 gentes
1598 2217 1836 2288 scripsit
1879 2233 1972 2271 se-

318 2304 476 2371 ptem
511 2317 657 2370 quos
689 2301 1105 2374 inscripsimus
1135 2305 1517 2376 Apologeticos
1550 2305 1740 2375 libros,
1767 2321 1974 2376 nempe

317 2389 466 2444 duos
499 2388 678 2445 libros
707 2390 778 2444 ad
807 2393 1090 2457 Nationes,
1123 2397 1181 2448 et
1231 2393 1638 2463 Apotogeticum
1668 2410 1973 2465 magnum,

316 2478 475 2534 hunc
505 2479 576 2534 ad
611 2481 908 2549 praesides,
940 2480 1072 2536 illos
1104 2483 1175 2536 ad
1223 2482 1451 2552 plebem
1485 2485 1776 2550 directos;
1808 2484 1972 2551 item,

317 2566 383 2622 de
442 2567 764 2622 Testimonio
822 2571 1051 2639 animas,
1111 2587 1212 2625 seu
1267 2571 1622 2642 Apologetici
1673 2577 1852 2642 caput
1910 2572 1974 2625 17

320 2654 560 2709 uberius
611 2659 966 2726 tractatum;
1018 2662 1076 2713 et
1110 2657 1318 2712 librum
1365 2659 1437 2713 ad
1483 2661 1804 2730 Scapulam,
1857 2676 1972 2731 quo

319 2742 389 2797 de
423 2742 644 2812 injuste.
672 2759 739 2799 ac
788 2745 1011 2799 crudeli
1057 2747 1463 2816 persecutione
1513 2749 1889 2820 conqueritur
1917 2754 1975 2803 et

317 2827 788 2887 Christianorum
839 2832 1084 2887 virtutes
1131 2832 1406 2888 laudibus
1455 2835 1620 2889 effert
1678 2851 1690 2888 :
1755 2834 1973 2907 quibus

317 2919 624 2986 accedunt,
657 2919 727 2972 ad
760 2919 1038 2992 Martyres
1070 2921 1338 2993 apologia
1367 2923 1438 2978 de
1468 2922 1731 2994 martyrii
1764 2923 1970 2994 gloria,

317 3008 388 3062 ad
440 3005 805 3063 Christianos
847 3009 914 3064 de
963 3008 1296 3080 Spectaculis
1343 3011 1712 3067 ethnicorum
1744 3013 1970 3084 fugien-

315 3095 409 3151 dis
439 3093 792 3161 debortatio,
827 3097 897 3152 ad
929 3114 1134 3154 omnes
1183 3098 1301 3155 sive
1332 3099 1544 3156 Christi
1576 3102 1697 3156 sive
1727 3102 1970 3156 deorum

2095 527 2265 581 tentia
2294 524 2487 580 libello
2516 543 2529 580 :
2564 524 2962 596 sophistarum
3011 524 3251 579 demum
3298 521 3524 578 insulsa
3553 521 3744 593 philo-

2092 616 2456 684 sophumena
2494 613 2557 667 de
2586 613 2803 678 Anima,
2853 611 3130 684 explodit.
3160 612 3274 667 Hoc
3329 611 3628 666 indefesso
3663 610 3746 666 la-

2091 704 2227 757 bore
2261 709 2537 774 perpetuo
2583 702 2898 756 certamine
2949 701 3266 755 decertavit
3297 700 3701 755 Tertullianus
3735 718 3748 755 :

2091 808 2364 862 cumque,
2399 796 2562 846 mtate
2596 791 2917 862 provectior
2949 807 3014 845 ac
3043 789 3281 844 vulnere
3311 789 3628 844 insanabili
3661 789 3749 844 af—

2090 879 2303 946 flictus,
2336 880 2394 933 in
2427 879 2688 934 Montani
2740 883 2932 950 partes
2964 879 3296 943 desciisset,
3345 879 3565 934 nedum
3605 878 3750 946 nihil

2089 968 2160 1023 ab
2191 969 2408 1039 impetu
2442 968 2784 1035 remitteret,
2821 968 3014 1024 acrius
3047 984 3176 1023 sese
3208 968 3277 1022 ad
3311 966 3518 1039 praelia
3549 967 3745 1022 accin-

2088 1059 2171 1112 xit
2216 1075 2281 1112 ac
2310 1057 2420 1112 sibi
2469 1057 2685 1112 dixisse
2719 1057 2878 1113 visus
2927 1062 3016 1113 est
3050 1075 3061 1112 :
3095 1057 3192 1111 Vae
3229 1055 3372 1111 mihi
3428 1056 3478 1111 si
3512 1073 3625 1111 non
3657 1055 3744 1110 di-

2089 1147 2376 1201 micavero
2407 1145 2417 1200 l

2159 1235 2391 1290 Primus
2418 1235 2628 1290 iterum
2662 1234 2756 1289 hic
2790 1233 3012 1289 Latinis
3042 1232 3286 1289 auribus
3319 1233 3479 1289 dedit
3506 1230 3742 1288 auscul.

2085 1325 2331 1379 tandum
2365 1340 2430 1379 ac
2474 1323 2770 1379 luculento
2819 1339 3086 1379 sermone
3117 1323 3532 1377 concinnatum
3583 1322 3656 1376 de
3683 1336 3742 1375 re

2087 1413 2418 1485 dogmatica
2445 1412 2500 1466 in
2534 1413 2726 1484 specie
2753 1411 3029 1466 distincta
3058 1415 3396 1466 tractatum.
3419 1410 3574 1464 Adeo
3605 1426 3740 1464 vero

2085 1501 2145 1556 in
2179 1501 2338 1556 hisce
2369 1502 2744 1573 dogmatibus
2776 1501 3020 1556 seorsim
3053 1500 3333 1572 sumptis,
3356 1498 3652 1564 excelluit,
3679 1501 3744 1551 ut

2085 1590 2275 1644 ausim
2309 1591 2520 1660 dicere,
2557 1589 3004 1645 decurrentibus
3050 1587 3109 1642 in
3155 1589 3511 1643 immensum
3546 1587 3740 1654 annis,

2085 1678 2230 1733 nihil
2289 1679 2623 1734 adhucdum
2678 1679 2964 1750 prodiisse
3015 1678 3114 1749 qui
3165 1675 3512 1732 Tertulliani
3558 1674 3741 1731 libros

2084 1767 2150 1823 de
2181 1767 2450 1836 Oratione,
2484 1767 2546 1823 de
2577 1771 2873 1840 Baptismo,
2904 1769 2972 1823 de
3019 1768 3374 1834 Pwnitentia,
3407 1765 3472 1818 de
3503 1765 3740 1819 Patien-

2082 1857 2185 1923 tia,
2211 1861 2568 1927 cwterosque
2592 1873 2741 1926 quos
2776 1857 3139 1925 dogmaticos
3171 1854 3582 1909 inscribendos
3607 1869 3743 1907 cen-

2083 1946 2331 2014 suimus,
2364 1963 2675 2018 superaese
2706 1946 2914 2002 merito
2945 1945 3333 2001 existimetur.

2154 2039 2383 2090 Interea
2412 2035 2568 2090 haud
2600 2036 2828 2091 inficias
2860 2036 2952 2090 ibo
3001 2034 3087 2090 vel
3139 2034 3362 2105 optima
3391 2031 3740 2088 Tertulliani

2083 2124 2302 2196 scripta
2332 2124 2466 2179 hinc
2512 2131 2567 2179 et
2593 2124 2730 2179 inde
2777 2124 3028 2196 plurimo
3082 2122 3413 2194 sphalmate
3445 2121 3738 2188 laborare,

2085 2213 2269 2268 multa
2299 2211 2425 2268 labe
2470 2230 2760 2268 venenosa
2808 2212 3034 2268 foedari.
3079 2213 3214 2276 Quae
3267 2227 3399 2266 cum
3431 2209 3652 2281 optimo
3683 2214 3741 2265 et

2083 2301 2323 2357 salutari
2357 2301 2616 2356 antidoto
2648 2301 3022 2374 aliquatenus
3053 2305 3279 2366 sanata,
3311 2299 3509 2355 videas
3538 2297 3735 2368 velim,

2083 2407 2152 2446 ex
2182 2392 2284 2445 16
2316 2408 2490 2462 opera
2536 2396 2793 2446 veterum
2823 2391 3117 2446 editorum
3167 2389 3382 2445 iterum
3428 2387 3735 2460 recensita,

2083 2480 2156 2535 ad
2187 2480 2436 2536 frontem
2467 2481 2709 2550 hujusce
2743 2481 2883 2535 tomi
2917 2480 3110 2535 afﬁxa.

2153 2569 2346 2623 Altera
2404 2576 2598 2623 manet
2653 2569 2955 2639 integrior,
3017 2583 3123 2624 nec
3180 2567 3327 2623 satis
3385 2565 3736 2622 celebranda

2083 2657 2428 2714 Tertulliani
2461 2658 2608 2727 laus,
2643 2659 2882 2713 moralis
2918 2673 3126 2730 nempe
3171 2674 3237 2712 ac
3269 2656 3637 2728 parametica,
3667 2669 3736 2710 ex

2083 2747 2289 2802 multis
2317 2748 2444 2818 ejus
2475 2748 2838 2802 desumenda
2886 2746 3076 2812 libris,
3113 2746 3185 2801 ad
3236 2761 3430 2800 mores
3456 2743 3735 2799 Christia-

2081 2853 2188 2891 nos
2221 2836 2666 2907 pertinentibus.
2699 2837 2958 2900 Quorum
2980 2834 3194 2906 duplex
3215 2839 3304 2890 est
3329 2832 3509 2889 series
3535 2849 3548 2887 :
3575 2832 3735 2904 prior

2079 2929 2212 2980 ante
2233 2930 2574 2997 susceptum
2594 2926 2666 2980 ab
2687 2931 2921 2980 auctore
2939 2923 3416 2987 Montanismum,
3444 2920 3730 2993 posterior

2079 3015 2152 3068 ab
2183 3030 2248 3068 eo
2271 3015 2395 3084 jam
2428 3013 2784 3068 Montanista
2831 3013 3144 3085 descripta.
3181 3012 3355 3066 Porro
3389 3010 3446 3065 in
3480 3015 3728 3081 utraque

2078 3103 2147 3157 ad
2181 3103 2377 3158 vivum
2399 3103 2746 3174 exprimitur
2765 3103 2895 3156 vitae
2917 3102 3255 3156 Christianae
3279 3098 3582 3171 speculum
3609 3098 3730 3154 sive

317 3183 570 3240 cultores
599 3184 1022 3243 deldololatria
1043 3189 1325 3260 etgrandi
1352 3189 1530 3260 hujus
1557 3190 1820 3246 criminis
1841 3207 1974 3263 gra-
2005 3175 2048 3242 C
2087 3191 2145 3245 in
2202 3192 2330 3261 ejus
2387 3193 2543 3246 fonte
2602 3191 2862 3262 perenni,
2921 3190 3184 3245 oratione
3234 3189 3459 3259 privata
3513 3191 3571 3242 et
3619 3205 3728 3259 pu-

319 3273 519 3329 vitate.

387 3361 608 3418 Justini
662 3363 1016 3435 philosOphi,
1045 3365 1244 3422 Irenaei
1289 3369 1562 3437 martyris
1611 3373 1668 3424 et
1715 3367 1967 3424 aliorum

320 3466 573 3523 quorum
620 3451 862 3508 nomina
903 3454 1030 3524 ipse
1059 3473 1176 3527 prae
1206 3472 1268 3512 se
1300 3457 1434 3525 fert,
1467 3457 1708 3528 vestigia
1738 3457 1966 3513 insecu-

318 3545 439 3610 tus,
471 3539 692 3595 Judaais
743 3541 1015 3598 Messiam
1048 3561 1082 3598 a
1130 3545 1431 3616 prophetis
1479 3547 1821 3618 praedictum
1867 3547 1967 3600 ad-

317 3628 552 3684 venisse
583 3630 947 3686 demonstrat
971 3633 1080 3704 (19)
1108 3652 1121 3701 ;
1149 3650 1470 3706 omnesque
1499 3635 1820 3704 haereticos,
1845 3639 1970 3690 tum

323 3718 646 3789 generatim
701 3719 759 3774 in
821 3723 1362 3795 Praescriptionibus,
1421 3741 1494 3779 ne
1546 3724 1674 3796 ipso
1730 3723 1968 3796 quidem

317 3806 595 3862 Montano
626 3813 883 3880 excepto,
901 3811 1160 3882 jugulat,
1178 3817 1303 3866 tum
1329 3812 1657 3884 speciatim,
1682 3813 1969 3885 singulari

315 3896 484 3966 quasl
514 3896 833 3953 certamine
885 3900 1162 3956 confodit.
1221 3901 1366 3956 Hinc
1400 3901 1556 3956 enim
1605 3902 1967 3959 inconditam

314 3984 725 4041 Gnosticorum
782 3992 1071 4044 catervam
1125 3989 1318 4046 decies
1366 3991 1636 4060 exagitat,
1685 3991 1864 4046 vincit
1915 3999 1969 4048 et

315 4074 626 4129 contundit
693 4077 828 4148 (20),
908 4095 1013 4133 nec
1079 4077 1230 4134 hanc
1304 4080 1510 4147 aciem,
1579 4084 1643 4135 ut
1714 4080 1962 4149 videtur,

312 4161 426 4218 nisi
492 4163 660 4219 hoste
729 4166 859 4221 fuso
917 4168 1256 4239 fugatoque,
1325 4168 1409 4223 vel
1481 4169 1760 4224 emeritus
1817 4175 1966 4226 vete-

2079 3279 2232 3335 blica
2261 3282 2392 3352 (21),
2438 3281 2558 3336 sive
2607 3279 2665 3333 in
2697 3280 2824 3350 ejus
2872 3279 3110 3334 ﬂuentis
3146 3276 3478 3344 uberrimis,
3531 3293 3729 3332 sacra-

2080 3370 2297 3424 mentis
2328 3386 2535 3440 nempe
2578 3370 2709 3439 (22),
2742 3370 2864 3424 sive
2894 3368 2953 3422 in
2988 3367 3173 3439 ipsius
3205 3366 3434 3422 actibus
3466 3381 3727 3421 commu-

2076 3459 2252 3514 nibus
2282 3459 2394 3530 (23)
2425 3463 2527 3514 aut
2560 3455 3064 3530 praestantissimis
3095 3457 3230 3528 (24),
3263 3458 3384 3512 sive
3430 3455 3488 3509 in
3519 3454 3731 3510 ritibus

2078 3547 2366 3619 liturgicis
2397 3547 2497 3618 qui
2529 3550 2580 3603 ei
2627 3553 2927 3602 externam
2985 3547 3235 3600 formam
3285 3543 3548 3599 efficiunt
3577 3544 3728 3614 (25);

2077 3637 2197 3692 sive
2227 3638 2286 3691 in
2316 3635 2569 3692 vitandis
2605 3635 2705 3691 ubi
2757 3635 3119 3707 periclitatur
3166 3633 3364 3689 anima
3393 3632 3735 3688 Christiana

2077 3727 2306 3792 mundi,
2358 3725 2622 3781 carnieve
2669 3724 2960 3780 illecebris
2999 3724 3133 3796 (26),
3186 3730 3288 3778 aut
3331 3721 3726 3792 suscipiendis

2078 3816 2234 3871 unde
2297 3831 2365 3871 ea
2417 3814 2702 3870 reviviscit
2768 3813 3044 3885 operibus
3102 3813 3234 3881 (27),
3295 3817 3396 3866 aut
3452 3810 3724 3865 obeunda

2076 3922 2193 3976 qua
2238 3903 2594 3974 glorificatur
2652 3902 2912 3974 martyrii
2969 3905 3210 3957 cruenta
3260 3899 3528 3970 palaestra
3587 3899 3718 3968 (28).

2077 3993 2358 4063 Equidem
2390 3991 2448 4046 in
2473 3991 2565 4046 his
2592 3990 2915 4045 tractandis
2933 3987 3298 4058 frequentius
3326 3986 3476 4041 ultra
3496 3986 3714 4040 limites

2077 4081 2360 4153 legitimos
2391 4080 2678 4151 abripitur
2708 4078 2950 4150 rigidior
2987 4077 3354 4132 Montanistaa
3387 4075 3679 4147 asperitas
3707 4092 3720 4143 ;

2073 4177 2132 4227 at
2162 4176 2329 4226 caute
2373 4169 2555 4225 errori
2608 4168 2811 4223 latenti
2861 4168 2918 4220 in
2952 4167 3168 4222 nostris
3218 4165 3386 4220 libris
3418 4164 3718 4236 provisum

311 4267 614 4322 ranusque
665 4252 856 4320 miles,
906 4255 1182 4311 deseruit.
1235 4257 1511 4313 Praxeam
1559 4257 1818 4329 insuper,
1861 4258 1963 4329 qui
2070 4265 2180 4315 est.
2242 4260 2518 4316 Praeterea
2570 4255 2805 4312 nonnisi
2861 4254 3290 4310 effervescentis
3348 4251 3589 4325 ingenii,
3647 4253 3718 4308 ad

306 4338 492 4395 Deum
528 4357 734 4413 unum,
769 4344 865 4398 sed
904 4360 1020 4399 non
1071 4345 1318 4412 trinum,
1351 4346 1672 4414 asserebat,
1707 4363 1810 4402 nec
1843 4365 1960 4405 non
2070 4365 2286 4420 magna
2304 4347 2612 4403 excitantis
2633 4362 2699 4400 ac
2729 4360 3102 4400 communem
3130 4343 3438 4399 hominum
3475 4342 3716 4397 modum

305 4433 363 4484 et
393 4429 760 4503 Montanum,
794 4433 865 4488 ad
915 4449 1091 4504 quem
1136 4433 1547 4490 miserabiliter
1590 4435 1820 4507 defecit,
1852 4453 1959 4509 op-
2069 4438 2420 4508 excedentis,
2450 4435 2709 4507 impetus
2740 4434 3085 4506 plerumque
3111 4433 3410 4488 notandus
3439 4435 3548 4487 est.

372 4622 486 4694 (14)
517 4625 598 4680 Cf.
647 4627 780 4682 Joh.
827 4633 970 4684 Dan.
1025 4629 1362 4685 Schumann
1409 4631 1565 4688 Obss.
1619 4633 1678 4686 in
1726 4635 1951 4689 veterib.

299 4695 502 4776 licet“.
549 4700 809 4776 scriptor.
860 4704 1220 4776 δρςεμιΙΙ-ᾳι
1240 4702 1572 4776 *[νὶδωσιιι.
1605 4705 1674 4758 de
1721 4711 1955 4776 interpo-
1983 4697 2031 4762 D

300 4768 1198 4849 lationtnquibusdani'CodioiN.
1237 4774 1287 4828 T.
1340 4775 1715 4849 Tertullianeo
1761 4768 1953 4849 perpe-

297 4915 356 4966 Ο.
396 4915 482 4965 W.
522 4912 610 4967 Fr.
646 4913 900 4970 Walchii
929 4918 994 4972 de
1027 4917 1312 4972 authentia
1342 4912 1539 4973 librari
1575 4919 1778 4975 Irenaei
1807 4936 1949 4976 con-

296 4989 389 5066 t‘ra
417 4985 822 5066 ἲ1,,8ιιιηδςζηι.
860 4988 920 5043 in
953 5005 1116 5044 novv.
1148 4995 1511 5066 Acommentt.
1543 4991 1745 5047 societ.
1779 4995 1948 5066 regiae

297 5055 665 5132 Goett_ing._t.
703 5057 767 5125 V,
802 5077 926 5131 par.
961 5078 1022 5125 ιι,
1056 5079 1111 5132 p.
1143 5061 1196 5116 3.

367 5127 617 5251 (15))501⁸
672 5127 994 5214 quae—infra
1042 5127 1228 5188 obiter
1277 5131 1754 5203 perstringuntur
1800 5138 1840 5189 t.
1903 5138 1944 5204 Ι,

367 5215 423 5251 9.
534 5241 546 5251 .
581 5200 651 5251 56
682 5217 740 5251 ιιι
768 5208 898 5251 not:
949 5211 988 5251 1,.
1029 5207 1088 5251 ll,
1126 5221 1253 5251 mia-
1301 5205 1426 5251 518-
1482 5205 1607 5251 549-
1658 5206 1784 5251 551-
1817 5209 1922 5251 55‘).

291 5214 423 5324 ἓὲῗ.
449 5200 555 5324 ξξέ
581 5200 740 5324 ὗὲὃὲη
763 5208 898 5324 ;
949 5211 989 5260 t.
1029 5207 1094 5276 ll,
1125 5221 1253 5277 pag.
1277 5200 1427 5274 ‘518,
1482 5200 1608 5272 549,
1658 5206 1784 5273 551,
1817 5200 1943 5278 552,

405 5312 419 5324 .
563 5311 575 5324 .
715 5315 728 5324 .
760 5310 773 5324 .
845 5296 885 5324 ι-

405 5312 419 5336 ,
449 5271 575 5335 558,
602 5273 728 5340 565,
760 5275 885 5331 594.

364 5343 480 5413 (16)
509 5346 645 5413 Cap.
683 5346 732 5400 1.

363 5415 480 5483 (17)
510 5416 646 5486 Cap.
679 5417 765 5472 13.

367 5485 477 5554 (18)
506 5485 643 5557 Cap.
676 5490 730 5543 2.

362 5559 605 5635 (10).Cf._
645 5560 710 5614 G.
781 5562 847 5618 H.
915 5563 1330 5635 Schafi'enberg
1393 5567 1681 5616 comment.
1729 5562 1940 5635 Acade-

289 5632 416 5685 mic.
462 5628 528 5685 de
571 5631 804 5703 Iustino,
857 5637 1192 5692 Tertulliano
1249 5628 1324 5690 et”
1342 5635 1620 5705 Cypriano
1665 5633 1794 5691 adv.
1835 5638 1938 5692 Ju-

2065 4636 2212 4691 dwos
2241 4633 2424 4704 disput

300 4794 498 4834 ιαιιυη,
536 4794 871 4838 quwusaam
923 4794 1106 4828 coazcz
1137 4794 1198 4828 ἰν.
1239 4794 1287 4828 ι.
1341 4794 1715 4830 ιενιυιιιαηεο
1761 4794 1953 4849 perpe-

297 4842 1032 4916 rarniraf/jctisﬂgonjectura.
1085 4847 1330 4900 Hannov.
1387 4847 1543 4916 1776,
1578 4847 1736 4912 1777,
1771 4850 1848 4903 4ο.
1883 4880 1953 4889 -

2089 4794 2252 4861 nogen
2265 4819 2300 4845 .,

2089 4865 2258 4904 uanos
2303 4870 2321 4916 ;

2059 4923 2263 4978 carnis.

2431 4673 2443 4686 .
2484 4631 2665 4687 Lund.
2698 4630 2868 4686 Gotb.
2897 4630 3056 4694 1820,
3089 4628 3261 4685 ἰπὶ-4ο.

2136 4706 2249 4776 (20)
2283 4698 2345 4759 In
2376 4705 2510 4759 libr.
2554 4703 3026 4776 Scorpiac.,iadv.
3075 4701 3369 4776 Gnosticos,
3423 4698 3715 4776 ado._Her-

2365 4776 2488 4831 adv.
2559 4771 2958 4842 lllari‘ioan;
3016 4805 3084 4814 —-
3139 4773 3400 4829 adversus
3472 4771 3714 4825 Valenti-

2381 4881 2446 4888 —-
2503 4845 2568 4904 de
2626 4847 2802 4904 Carne
2853 4847 3056 4904 Christi
3110 4866 3130 4913 ;
3184 4846 3248 4902 de
3302 4844 3716 4900 Resurrectione

2152 4995 2244 5048 21)
2275 4994 2394 5048 Lib.
2429 4991 2492 5046 de
2523 4991 2794 5046 Oratione.

2152 4995 2214 5048 21
2275 4995 2394 5048 Lib.
2429 4995 2492 5046 de
2523 4995 2794 5046 Oratione.

2129 4995 2244 5138 i22i
2275 5066 2395 5138 Lib.
2441 5062 2506 5138 de
2546 5062 2943 5138 paptisnio_de
2989 5061 3348 5138 Paznitentia,
3397 5057 3466 5138 de
3496 5056 3709 5138 Euclio:

2057 5129 2258 5267 Zis‘tia';
2293 5136 2394 5191 tib.
2427 5134 2492 5189 de
2532 5129 2726 5189 Coron.
2759 5135 2942 5202 Milit.,
2988 5136 3060 5190 de
3088 5131 3479 5192 Matrimonia;
3511 5129 3607 5184 lib.
3640 5129 3711 5183 ad

2102 5226 2232 5264 πῖον.

2102 5226 2232 5264 πῖον.

2125 5281 2238 5350 (23)
2274 5279 2347 5332 De
2378 5276 2676 5350 Patientia,
2709 5275 2775 5332 de
2801 5277 2968 5333 Cultu
2994 5277 3261 5349 feminar.

2123 5349 2237 5422 (24)
2268 5351 2344 5404 De
2377 5352 2536 5422 ξῆν-9.
2570 5349 2674 5404 vel.

2148 5420 2238 5496 25)
2268 5427 2348 5478 De
2377 5420 2532 5496 Qrat.

2148 5425 2238 5496 25)
2268 5427 2348 5478 De
2377 5425 2532 5476 Orat.

2125 5425 2236 5568 226)
2268 5499 2346 5548 De
2376 5492 2614 5568 Spectac.

2268 5572 2342 5622 De
2371 5565 2684 5628 Poenitent.,
2717 5564 2787 5618 de
2813 5564 2994 5636 Jejun.

2142 5570 2212 5622 27
2268 5572 2342 5622 De
2371 5570 2684 5628 Poenitent.,
2717 5570 2787 5618 de
2813 5570 2852 5620 Jt

2121 5570 2233 5708 i213;
2263 5638 2342 5695 Ad
2370 5640 2631 5706 Martyr.,
2667 5635 2852 5708 Scorp.

2143 5642 2212 5695 28

2218 5569 2233 5710 ζ
