4060 6348
259 458 327 513 17
1742 448 1894 507 ΡΒᾹ

2007 449 2179 509 ιΤΙΟ.
3596 453 3672 512 18

326 587 555 641 Habeas
585 583 776 657 igitur
822 583 993 639 velim
1024 583 1483 639 TERTULLIANUM
1515 597 1578 637 ex
1614 581 1739 637 suis
1779 584 1908 635 tan-
1940 583 1993 648 Α
2024 580 2151 635 dam
2172 597 2338 652 super
2362 580 2718 638 altitudinem
2756 582 2985 637 nubium
3008 582 3118 653 (33)
3147 583 3159 637 l
3184 586 3257 637 Ut
3277 582 3434 638 enim
3467 585 3670 653 Satan,

257 676 560 731 tummodo
593 674 834 747 scriptis
866 691 930 729 ac
961 673 1081 729 solo
1114 672 1393 745 peculiari
1428 689 1579 743 penu
1614 688 1906 725 commen-

256 766 473 821 datum.
506 765 962 829 ,Commcndant
1016 779 1148 817 eum
1208 766 1482 834 praeterea
1539 760 1659 815 haec
1717 760 1908 831 prisca

257 856 470 926 quibus
502 854 797 909 scribebat
840 858 1119 923 tempore,
1157 850 1382 923 primus
1415 850 1565 903 inter
1597 849 1782 915 Afros,
1816 848 1905 901 in-

253 949 342 1001 ter
385 944 623 999 Latinos
655 943 883 1015 primus
934 944 1064 1013 post
1106 940 1409 1012 pontiﬁces
1460 939 1770 1002 Romanos,
1805 937 1905 1008 qui

256 1033 490 1106 agnitus
542 1032 752 1087 saltem
788 1032 865 1087 sit
893 1035 950 1086 et
983 1033 1249 1087 servatus
1283 1046 1296 1084 :
1332 1028 1523 1083 fausta
1570 1025 1905 1083 docentium

254 1132 307 1180 et
339 1121 768 1195 discipulorum
819 1125 1104 1192 tempora,
1152 1136 1285 1174 cum
1317 1119 1375 1172 in
1429 1134 1574 1172 novo
1626 1116 1907 1171 Christia-

256 1230 465 1269 norum
521 1210 747 1268 semine
781 1211 1024 1266 ferveret
1070 1207 1314 1264 calidior
1340 1206 1551 1261 Christi
1583 1210 1640 1261 et
1688 1208 1905 1276 marty-

256 1318 385 1356 rum
419 1300 686 1373 sanguis,
723 1316 855 1355 cum
898 1298 1210 1353 adhucdum
1260 1298 1636 1368 Apostolorum
1676 1310 1783 1349 vox
1828 1308 1907 1348 so-

250 1394 406 1447 naret
464 1406 526 1445 ac
577 1392 1073 1461 repraesentaretur
1129 1388 1328 1457 facies,
1386 1402 1519 1440 cum
1578 1384 1906 1440 authentica:

249 1497 442 1536 eorum
502 1480 708 1535 litterae
759 1478 951 1551 palam
1008 1479 1377 1532 recitarentur
1424 1475 1557 1545 (29).
1593 1477 1903 1527 Commen-

252 1571 395 1625 dant
427 1585 561 1624 eum
592 1572 649 1623 et
679 1568 819 1623 urbs
850 1566 1037 1639 patria
1070 1582 1135 1621 ac
1185 1563 1441 1620 Ecclesia
1476 1565 1646 1633 cujus
1679 1561 1904 1634 primus

255 1659 386 1724 fuit,
449 1673 625 1729 quem
680 1656 1038 1721 noverimus,
1102 1656 1411 1720 sacerdos;
1473 1652 1782 1723 Carthago,
1841 1653 1908 1706 ut

251 1746 464 1803 aemula
496 1751 675 1802 Roma
707 1746 932 1812 victrix,
968 1745 1049 1801 sic
1081 1763 1113 1799 a
1144 1744 1257 1799 ﬁde
1302 1743 1546 1812 devicta,
1582 1745 1645 1796 ut
1674 1759 1706 1796 a
1736 1742 1903 1797 Petro

250 1836 548 1905 Roma,sio
579 1854 612 1891 a
646 1835 791 1891 Petri
823 1833 1130 1907 discipulis
1161 1832 1446 1904 acquisita
1472 1848 1486 1898 ;
1521 1826 1689 1899 nova,
1714 1830 1761 1885 si
1792 1830 1900 1907 vis,

2018 670 2100 724 ita
2130 670 2223 725 hic
2251 670 2477 742 fulgure
2510 670 2795 741 superbia)
2827 672 3110 741 dejectus,
3144 672 3353 727 cecidit
3374 672 3668 744 semelque

2018 759 2239 829 lapsus,
2275 778 2346 814 an
2379 759 2714 825 surrexerit,
2751 777 2919 815 nemo
2946 760 3035 815 vel
3069 764 3245 817 audet
3278 763 3664 833 percunctari°

2019 850 2093 903 De
2145 848 2453 904 Salomone
2505 849 2821 920 quaeritur;
2873 850 2942 903 de
2987 851 3235 923 Origene
3286 852 3664 923 disputatur;

2018 938 2085 993 de
2115 937 2475 993 Tertulliano
2515 938 2738 993 siletur.
2775 938 3060 994 Diuturno
3093 944 3289 995 tamen
3342 941 3505 996 senio
3537 958 3669 996 con-

2013 1027 2224 1095 tabuit,
2260 1044 2362 1083 nec
2408 1027 2459 1084 ei
2501 1028 2686 1082 defuit
2730 1027 2969 1099 longum
3020 1029 3332 1098 paenitendi
3383 1030 3662 1100 spatium.

2014 1117 2296 1172 Mansisse
2354 1133 2488 1171 vero
2548 1116 2756 1172 misere
2804 1118 3185 1188 pervicacem,
3219 1135 3283 1173 ac
3342 1118 3498 1173 velut
3546 1135 3663 1175 uno

2016 1205 2131 1259 ictu
2166 1222 2279 1275 quo
2330 1207 2446 1261 ruit
2494 1205 2837 1261 delirantem
2886 1208 2957 1262 ad
3010 1223 3196 1277 usque
3240 1208 3661 1279 octogesimum

2015 1294 2195 1349 ferme
2226 1294 2412 1349 aetatis
2442 1312 2559 1349 suae
2591 1311 2834 1363 annum,
2869 1294 2985 1350 imo
3036 1312 3137 1366 per
3187 1297 3576 1367 quadraginta
3606 1300 3665 1351 et

2015 1383 2272 1455 amplius
2318 1401 2524 1447 annos,
2559 1384 2791 1439 stetisse
2839 1384 3070 1440 infensa
3116 1383 3176 1439 in
3225 1383 3540 1440 Ecclesiam
3576 1386 3663 1441 ira

2015 1473 2285 1541 ferocem,
2321 1490 2385 1528 ac
2434 1472 2549 1528 tela
2581 1472 2665 1527 vel
2699 1472 3003 1527 deficiente
3056 1489 3232 1527 manu
3266 1473 3659 1541 minitantem,

2014 1560 2221 1618 ultima
2250 1562 2376 1632 ejus
2427 1561 2646 1634 scripta
2674 1561 2925 1617 nimium
2959 1562 3212 1617 suadent
3243 1566 3301 1618 et
3330 1562 3661 1619 revincunt.

2085 1740 2295 1811 Ecquis
2329 1756 2463 1812 ergo
2495 1739 2901 1796 inscrutabilia
2931 1739 3031 1795 Dei
3070 1738 3298 1810 judicia
3324 1757 3438 1796 non
3473 1740 3660 1797 refor-

2014 1828 2339 1896 midet,non
2371 1828 2657 1884 horreat?
2686 1828 2827 1895 Quis
2859 1830 2928 1884 ad
2963 1829 3118 1883 hunc
3149 1829 3326 1885 finem
3350 1846 3655 1887 cessurum

253 1931 312 1981 at
342 1941 589 1981 suorum
622 1924 937 1979 infantium
962 1924 1086 1994 jam
1124 1922 1255 1978 felix
1292 1925 1475 1976 mater
1492 1920 1899 1988 etexsultans;
1935 1954 1980 2018 B
2015 1918 2133 1973 fore
2154 1922 2276 1973 tam
2300 1918 2955 1973 faustusta'rULuANI
2977 1918 3207 1973 initium
3236 1918 3658 1975 existimasset?

247 2031 428 2086 quam
462 2015 636 2069 modo
667 2013 890 2069 nobiles
921 2017 1122 2085 partus
1154 2011 1278 2065 orbi
1312 2010 1744 2077 renuntiarunt,
1771 2013 1893 2064 tum

249 2108 536 2176 martyres
584 2101 904 2175 Scyllitani,
956 2107 1079 2156 tum
1130 2100 1443 2171 Perpetuae,
1484 2097 1796 2153 Felicitatis
1838 2101 1896 2154 et

248 2193 545 2249 sociorum
597 2208 830 2265 agmen,
866 2206 1113 2263 quorum
1160 2188 1480 2260 Septimius
1532 2192 1731 2243 noster
1783 2188 1895 2242 fuit

248 2299 500 2349 coaevus,
533 2282 673 2347 imo,
706 2286 771 2335 ut
818 2280 1167 2351 quibusdam
1221 2278 1430 2349 placet,
1478 2276 1647 2332 testis
1694 2281 1751 2332 et
1799 2293 1896 2331 en-

251 2370 565 2426 comiastes
597 2370 729 2440 (30).
761 2368 1019 2423 Ecclesia
1048 2367 1168 2422 haec
1199 2367 1299 2421 diu
1343 2365 1651 2421 sanctitate
1682 2366 1894 2421 ﬂorens

249 2464 306 2515 et
354 2460 618 2515 doctrina
660 2458 915 2513 virorum
966 2456 1079 2513 sibi
1138 2473 1171 2511 a
1216 2454 1570 2511 Tertulliano
1619 2456 1894 2511 continuo

248 2548 713 2611 succedentium,
746 2547 904 2602 haud
937 2562 1104 2602 secus
1136 2562 1202 2601 ac
1234 2544 1283 2601 si
1314 2544 1406 2599 hic
1454 2544 1661 2599 Noster
1690 2560 1893 2599 eorum

247 2638 487 2709 ingenia
532 2636 888 2706 excitaverit,
921 2652 1133 2691 manus
1180 2636 1252 2691 ad
1305 2634 1563 2707 przslium
1611 2634 1892 2702 docuerit,

252 2728 489 2782 ordines
538 2728 609 2783 ad
662 2726 842 2782 aciem
893 2723 1223 2793 intruxerit,
1258 2724 1458 2795 eisque
1506 2739 1746 2789 novum,
1799 2738 1894 2777 ve-

246 2817 357 2871 luti
416 2816 551 2872 belli
609 2821 913 2886 tesseram,
964 2813 1262 2881 indiderit,
1315 2813 1719 2885 efﬁnxeritque
1775 2812 1894 2868 elo-

243 2905 539 2975 quium,in
571 2908 692 2960 toto
724 2902 997 2974 deinceps
1028 2900 1373 2957 occidentali
1403 2904 1540 2957 orbe
1562 2900 1894 2957 Christiano

248 2993 665 3065 evulgandum.
698 2991 1123 3048 Commendant
1152 3007 1284 3046 eum
1308 2995 1365 3046 et
1393 2991 1499 3044 viri
1532 2989 1891 3046 sanctissimi

245 3081 600 3152 quibuscum
632 3078 811 3135 simul
842 3078 1060 3150 deguit,
1094 3081 1197 3134 aut
1243 3083 1620 3134 conversatus
1652 3082 1758 3148 est,
1793 3082 1894 3135 aut

242 3171 610 3235 necessitate,
646 3170 741 3223 17
779 3168 1178 3225 studiorumve
1208 3168 1492 3223 similium
1541 3168 1892 3223 commercio

232 3260 504 3328 junctus,
565 3259 814 3313 lrenaeus
865 3274 1038 3329 quem
1091 3259 1539 3314 venerabundus
1601 3258 1890 3327 meminit,

240 3312 533 3419 Caiusqu'e
562 3312 1326 3420 Hippolytusque,eiusdem
1360 3312 1560 3403 lrenzsi
1593 3312 1889 3419 discipuli:
1923 3312 1965 3379 Ο

240 3436 511 3492 Clemens
558 3436 989 3493 Alexandrinus
1020 3454 1267 3505 coaevus,
1298 3436 1688 3508 Origenesque
1719 3453 1893 3508 quem

244 3525 443 3581 Roma:
504 3526 748 3581 fortasse
808 3527 1045 3582 obvium
1102 3525 1328 3590 habuit,
1377 3527 1597 3581 summi
1655 3526 1893 3581 demum

243 3614 655 3685 episcoporum
705 3615 997 3687 EpisCOpi,
1033 3615 1132 3687 qui
1180 3615 1619 3684 integerrimam
1662 3615 1774 3685 ipsi
1806 3616 1895 3669 in-

242 3700 538 3756 stillavere
569 3702 918 3769 doctrinam,
951 3718 1124 3773 quam
1158 3706 1340 3757 totam
1373 3702 1566 3757 Romae
1598 3719 1730 3757 cum
1765 3720 1897 3757 san-

237 3790 417 3862 guine
446 3807 553 3845 suo
586 3790 835 3861 apostoli
888 3792 1274 3863 profuderunt
1306 3792 1438 3862 (31).
1473 3794 1895 3847 Commendant

236 3895 375 3933 eum
404 3884 460 3934 et
509 3880 763 3935 sexcenti
800 3897 948 3952 quos
999 3898 1113 3952 pra:
1157 3879 1343 3935 oculis
1378 3880 1581 3936 habuit
1628 3886 1892 3937 auctores

238 3968 562 4038 cujuslibet
592 3969 844 4040 generis,
878 3969 1029 4025 sacri
1060 3975 1117 4025 et
1167 3969 1413 4041 profani,
1452 3970 1734 4037 historici,
1770 3970 1892 4041 phi-

241 4056 497 4128 losophi,
542 4063 747 4130 poetae,
788 4058 945 4129 juris
1004 4059 1387 4129 omniumque
1444 4058 1892 4130 disciplinarum

239 4147 435 4217 periti,
470 4163 721 4218 quorum
768 4146 1070 4203 volumina
1101 4151 1386 4203 nocturna
1433 4165 1611 4203 manu
1643 4148 1894 4205 versavit

236 4240 297 4291 et
322 4237 555 4305 diurna,
590 4252 654 4291 ac
677 4236 736 4291 in
759 4237 1035 4292 omnibus
1058 4236 1181 4293 suis
1203 4237 1437 4293 tabellis
1460 4238 1706 4309 praeﬁxit
1739 4239 1895 4294 testi-

242 4326 464 4380 monia.
496 4326 924 4381 Commendant
952 4342 1085 4381 cum
1120 4329 1177 4380 et
1224 4327 1466 4398 posteri,
1502 4326 1623 4382 sive
1658 4328 1729 4382 ab
1762 4328 1890 4400 ipso

240 4415 515 4486 proximi,
549 4415 669 4470 sive
698 4414 1161 4486 novissimi,tum
1193 4431 1549 4488 congeneres
1580 4417 1707 4487 ejus
1740 4416 1891 4471 Afri-

239 4505 394 4570 cani,
441 4520 692 4575 quorum
741 4504 859 4559 dux
904 4504 971 4559 D.
1006 4504 1351 4577 Cyprianus,
1399 4506 1664 4576 Septimii
1709 4505 1890 4561 libros

239 4592 550 4663 petiturus,
582 4592 774 4649 dicere
821 4593 1163 4649 consuevit:
1198 4593 1283 4649 Da
1332 4593 1682 4665 magistrum
1733 4594 1885 4666 (32);

2014 2007 2156 2061 Dato
2187 2008 2297 2062 sub
2329 2007 2588 2063 ineuntis
2619 2006 2815 2061 seaculi
2846 2010 3038 2061 ortum
3071 2006 3462 2079 Apologetico,
3483 2008 3657 2063 habi-

2002 2087 2198 2167 tisque
2245 2096 2464 2152 caeteris
2499 2113 2597 2166 pro
2648 2113 2827 2151 causa
2870 2096 3199 2151 Christiana
3249 2096 3647 2165 concionibus,

2006 2186 2367 2241 confirmatis
2423 2186 2555 2242 inde
2607 2185 3041 2241 confessoribus
3099 2190 3201 2241 aut
3259 2186 3331 2242 ad
3392 2185 3654 2242 lauream

2008 2275 2362 2348 martyribus
2383 2276 2615 2345 evectis,
2640 2276 2967 2331 defervente
3006 2276 3481 2348 persecutionum
3507 2280 3655 2333 aestu

2006 2381 2071 2420 ac
2101 2364 2427 2436 respirante
2474 2364 2781 2437 paululum
2816 2364 3094 2431 Ecclesia,
3128 2366 3366 2420 tandem
3408 2366 3659 2437 quadra-

2005 2455 2167 2527 ginta
2187 2454 2368 2510 ferme
2392 2455 2559 2508 annis
2585 2455 2655 2509 ad
2695 2470 2894 2525 pacem
2942 2454 3286 2526 composita,
3313 2455 3438 2524 jam
3472 2470 3659 2510 novus

2004 2560 2195 2600 rerum
2230 2544 2370 2599 ordo
2420 2543 2716 2599 oriebatur
2750 2547 2808 2598 et
2851 2543 3169 2614 jucundior
3198 2547 3534 2615 temporum
3569 2543 3657 2598 fa-

2004 2634 2156 2702 cies;
2194 2634 2345 2704 jam,
2397 2634 2705 2705 suspensis
2762 2632 3027 2697 auribus,
3080 2632 3201 2688 sive
3260 2638 3484 2705 gentes,
3537 2632 3658 2688 sive

2003 2722 2339 2789 Christiani,
2371 2721 2909 2794 evangelizantibus
2941 2737 3164 2793 pacem,
3199 2721 3653 2793 evangelizanti-

2002 2812 2115 2867 bus
2156 2813 2310 2867 bona
2359 2811 2831 2867 assentabantur.
2878 2811 3040 2874 Quod
3095 2816 3287 2866 autem
3343 2812 3400 2866 in
3449 2810 3655 2867 Galliis

2001 2900 2272 2968 Irenaeus,
2305 2901 2364 2955 in
2398 2901 2637 2971 /Egypto
2668 2900 2955 2965 Clemens,
2990 2899 3049 2953 in
3081 2898 3247 2955 Latio
3280 2899 3653 2972 Hippolytus,

2004 2991 2113 3046 hoc
2142 2991 2199 3045 in
2253 2990 2456 3059 Africa,
2492 2989 2601 3044 hoc
2648 2988 2706 3043 in
2740 2992 2858 3044 toto
2901 2987 3212 3044 Occidente
3256 2988 3656 3045 Tertullianus

2002 3080 2307 3135 videbatur
2352 3083 2589 3133 acturus
2627 3095 2639 3132 :
2672 3078 2816 3132 adeo
2847 3081 2932 3143 ut,
2974 3077 3190 3132 divicta
3238 3077 3426 3149 plebe,
3461 3077 3657 3133 devin-

2003 3172 2276 3224 cerentur
2330 3171 2387 3222 et
2434 3166 2660 3221 nobiles
2718 3166 3157 3236 sapientesque,
3190 3169 3246 3221 et
3292 3166 3364 3219 ab
3413 3166 3531 3220 imo
3580 3167 3653 3221 ad

2003 3272 2303 3313 summum
2354 3255 2743 3310 aedificaretur
2786 3253 3042 3309 Ecclesia
3076 3256 3540 3326 condereturque
3570 3272 3656 3310 or-

2006 3347 2094 3401 bis
2143 3346 2535 3401 Christianus.
2574 3345 2698 3399 Haac
2730 3348 2874 3411 erat,
2920 3343 2978 3398 ni
3033 3344 3220 3411 fallor,
3252 3346 3488 3417 egregia
3520 3361 3656 3416 pars

2004 3436 2097 3491 cui
2129 3434 2536 3490 destinabatur
2560 3432 3144 3498 Tertullianus.Quid
3176 3434 3394 3505 plura?
3425 3434 3653 3501 cecidit,

2005 3527 2078 3580 ad
2108 3527 2393 3595 in/ernum
2437 3523 2726 3592 detractus,
2762 3524 2820 3577 in
2851 3522 3187 3594 profundum
3239 3524 3346 3578 laci
3377 3524 3505 3595 (34).
3540 3524 3658 3579 Hoc

2004 3620 2128 3671 erat
2172 3630 2308 3685 ergo
2357 3612 2413 3667 in
2450 3611 2843 3684 investigabili
2875 3612 2975 3666 18
3009 3612 3107 3667 Dei
3157 3612 3407 3682 decreto,
3441 3619 3505 3667 ut
3534 3612 3657 3668 haec

2004 3721 2153 3761 nova
2196 3708 2284 3759 tot
2336 3702 2677 3757 vulneribus
2735 3702 3076 3758 adolescens
3128 3703 3403 3768 Ecclesia,
3434 3702 3653 3758 Judazis

2003 3794 2264 3861 tandem,
2311 3791 2595 3857 Ethnicis,
2628 3790 2924 3846 Gnosticis
2973 3792 3376 3863 triumphatis,
3409 3809 3470 3847 se
3518 3792 3655 3848 huic

2003 3881 2341 3939 offensionis
2390 3880 2570 3952 lapidi
2605 3880 2976 3951 impingeret,
3010 3897 3075 3935 ac
3121 3883 3259 3936 dum
3290 3882 3434 3936 tanti
3469 3881 3654 3936 animi

2005 3971 2268 4026 subsidio
2336 3969 2582 4025 recreari
2642 3973 2962 4024 mereretur
3010 3994 3025 4037 ;
3084 3971 3357 4025 eumdem
3417 3969 3650 4041 lapsum

2003 4060 2317 4126 amitteret,
2349 4059 2645 4113 infensum
2676 4057 3012 4124 sustineret,
3038 4058 3420 4114 reluctantem
3455 4074 3519 4114 ac
3550 4075 3654 4130 per

2003 4149 2394 4221 quadraginta
2446 4164 2630 4203 annos
2662 4152 2723 4201 in
2757 4147 2959 4202 matris
2991 4165 3107 4203 suae
3149 4148 3441 4220 gremium
3473 4148 3655 4204 insul-

2002 4242 2225 4294 tantem
2256 4236 2618 4308 lugeret.Nec
2639 4238 2763 4307 jam
2796 4238 3179 4307 quaerendum
3206 4241 3313 4309 est,
3349 4242 3415 4293 ut
3448 4238 3651 4295 multis

2002 4326 2240 4399 placuit,
2268 4343 2340 4380 an
2376 4324 2507 4398 plus
2536 4324 2805 4381 Ecclesiae
2838 4326 3123 4398 profuerit
3152 4343 3330 4398 quam
3364 4328 3648 4395 nocuerit,

2002 4415 2191 4487 magis
2220 4432 2353 4470 vero
2385 4432 2456 4470 an
2508 4414 2620 4470 sibi
2655 4415 2725 4469 ad
2770 4413 2970 4482 vitam,
3001 4431 3184 4470 necne
3211 4416 3512 4487 profuerit.
3546 4418 3647 4471 Ec-

1999 4504 2189 4562 clesiw
2235 4505 2395 4559 homo
2444 4519 2554 4559 non
2599 4511 2699 4569 est,
2731 4502 2827 4558 ille
2858 4508 2942 4559 tot
2969 4503 3271 4559 laboribus
3314 4505 3645 4576 defunctus,

1999 4599 2085 4650 tot
2115 4592 2533 4650 certaminibus
2562 4593 2746 4647 redux
2768 4592 2780 4646 l
2806 4592 3034 4647 Utinam
3064 4609 3195 4648 vero
3230 4593 3442 4649 melius
3472 4597 3648 4651 confi-

239 4685 365 4737 tum
400 4686 713 4753 nostrates,
750 4699 996 4753 quorum
1047 4699 1235 4753 przsco
1266 4681 1347 4738 Cl.
1384 4683 1725 4738 Bossustius
1753 4683 1888 4739 Mel-
1919 4680 1966 4743 Γ)
2001 4684 2210 4739 damus
2242 4682 2333 4738 bis
2361 4682 2471 4753 piis
2501 4682 2819 4737 identidem
2852 4699 2953 4753 per
2982 4698 3157 4753 opera
3200 4684 3328 4753 ejus
3358 4686 3644 4757 respersis

240 4770 478 4839 densis,
540 4771 767 4842 quoties
824 4770 1256 4827 Tertullianum
1337 4774 1584 4837 excitat,
1644 4773 1703 4827 in
1781 4772 1887 4828 has

236 4877 408 4917 voces
444 4864 544 4916 aut
591 4860 809 4916 similia
841 4878 853 4916 :
890 4861 1141 4932 Magnum
1190 4862 1403 4929 virum,
1434 4863 1616 4916 virum
1644 4879 1887 4934 gravem,

237 4952 585 5018 auctoritate,
611 4950 855 5022 pondere
879 4955 1173 5022 potentem,
1210 4965 1515 5022 erumpere
1545 4950 1795 5007 videtur.

309 5043 584 5111 Magnum
626 5040 810 5112 igitur
846 5041 1051 5105 00mm
1094 5041 1353 5095 Samum
1396 5040 1713 5096 FLORENTIS
1736 5042 1891 5096 Tan-

236 5144 500 5185 TULLIANI
526 5145 740 5185 nomen
768 5147 780 5185 :
808 5134 865 5184 at
884 5133 1106 5201 quanto
1128 5130 1407 5200 majus,ni
1429 5130 1571 5185 velut
1588 5132 1808 5203 fulgur,
1827 5131 1892 5186 de

230 5221 365 5275 caelo
417 5219 695 5275 cecidisset
743 5218 841 5274 illc
892 5219 1175 5274 Africanis
1209 5219 1477 5274 Ecclesiae
1524 5221 1765 5292 Lucifer,
1795 5222 1893 5291 qui

235 5326 403 5365 mane
434 5309 753 5370 oriebatur;
771 5308 884 5364 nisi
907 5309 966 5363 in
988 5313 1204 5364 terram
1227 5309 1671 5381 corruisset,qui
1694 5309 1893 5365 vulne-

230 5397 399 5453 rabat
446 5402 688 5470 gentes;
723 5396 837 5452 nisi
892 5396 1122 5452 dixisset
1165 5398 1227 5451 in
1284 5396 1443 5452 corde
1488 5413 1582 5453 suo
1627 5413 1641 5452 :
1694 5398 1888 5453 Ascen-

305 5632 417 5701 (29)
450 5637 530 5688 De
556 5631 884 5703 Praescript.
920 5648 1045 5703 cap.
1078 5631 1166 5686 36.

302 5705 409 5778 (30)
442 5704 525 5761 Cf.
560 5702 871 5778 DisserL’J.
903 5703 969 5778 ᾼ.
990 5702 1251 5775 Noesselt,
1284 5704 1463 5778 infra.

303 5708 392 5776 (30
442 5708 525 5761 Cf.
560 5708 789 5761 Dissert.
824 5708 871 5758 J.
903 5708 965 5757 A.

303 5708 415 5851 (315
447 5776 794 5849 Przscript.,
826 5790 876 5830 ο.
906 5774 995 5830 36.

1997 4774 2291 4846 precibus,
2327 4788 2391 4827 ac
2410 4777 2609 4827 votum
2632 4773 2760 4841 ejus
2782 4771 3234 4842 adimplcamus,
3269 4790 3400 4828 cum
3427 4774 3647 4830 diceret

1997 4860 2477 4918 catechumenis:
2529 4862 2724 4931 Igitur,
2780 4860 3066 4927 benedicti,
3118 4878 3250 4932 quos
3304 4865 3485 4934 gratia
3543 4866 3646 4919 Dei

1998 4958 2293 5023 exspectat,
2326 4966 2453 5006 cum
2482 4950 2548 5004 de
2598 4950 2695 5005 illo
2726 4950 3071 5005 sanctissimo
3121 4950 3339 5007 lavacro
3386 4955 3516 5008 novi
3539 4969 3641 5010 na-

1998 5042 2127 5095 talis
2172 5040 2493 5108 ascenditis,
2527 5043 2577 5094 et
2604 5041 2814 5110 primas
2842 5056 3040 5093 manus
3070 5040 3215 5110 apud
3256 5041 3482 5097 Matrem
3519 5059 3645 5099 cum

1997 5128 2265 5200 fratribus
2293 5128 2547 5199 aperitis,
2580 5129 2744 5198 petite
2777 5126 2845 5180 de
2876 5133 3066 5195 Patre,
3099 5131 3267 5199 petite
3296 5130 3360 5183 de
3387 5131 3642 5199 Domino,

1994 5219 2233 5289 peculia,
2266 5220 2502 5286 gratias,
2537 5217 2945 5272 distributiones
2996 5220 3418 5288 charismatum,
3468 5221 3648 5291 subji-

1998 5309 2181 5363 ciente
2209 5326 2225 5361 :
2258 5309 2452 5377 Pelite,
2483 5311 2534 5361 et
2565 5308 2865 5377 accipietis,
2902 5308 3101 5378 inquit.
3146 5309 3427 5375 Quas'szstis
3474 5311 3644 5379 enim,

1998 5400 2049 5451 et
2080 5397 2367 5452 invenistis
2389 5413 2411 5459 ;
2438 5396 2725 5468 pulsastis,
2751 5404 2800 5451 et
2830 5404 3085 5468 apertum
3114 5404 3189 5452 est
3220 5396 3381 5451 vobis.
3417 5396 3647 5453 Tantum

2065 5637 2177 5851 g3?)
2215 5637 2272 5693 S.
2308 5636 2639 5709 Hieronym.
2676 5641 2753 5693 De
2782 5634 2981 5707 Script.
3014 5634 3200 5690 eccles.

2089 5710 2158 5763 33
2208 5710 2313 5764 Isa.
2347 5726 2459 5774 xxv,
2497 5710 2580 5777 12,
2618 5708 2700 5762 14.

2091 5712 2180 5851 34ζ
2211 5780 2371 5851 Ibid.,
2405 5780 2490 5835 15.

2089 5710 2179 5777 33)
2208 5710 2313 5764 Isa.
2347 5726 2459 5774 xxv,
2497 5708 2580 5777 12,
2618 5708 2700 5762 14.

2091 5712 2158 5763 33
2208 5712 2313 5764 Isa.
2347 5726 2459 5774 XIV,

2091 5712 2180 5851 34;
2211 5780 2371 5851 Ibid.,
2405 5780 2490 5835 15.
