4060 6412
340 403 416 465 19
1815 399 2021 459 PRIEI

2134 399 2255 461 .‘IO.
3676 406 3766 466 20

344 551 437 595 oro
492 539 575 603 ut,
607 551 734 592 cum
787 536 994 608 petitis,
1026 536 1194 592 etiam
1249 535 1636 591 Temenum:
1691 534 1987 605 peccatoris
2015 534 2072 603 Α
2100 533 2749 606 crementum.Apostoli
2771 540 3071 609 acceptam
3093 552 3128 594 a
3147 536 3390 593 Domino
3420 536 3759 593 doctrinam

343 626 713 683 memineritis
736 624 869 698 (35).
2098 623 2345 678 tradunt
2374 624 2651 680 omnibus
2677 624 2748 681 ad
2780 642 2929 697 quas
2970 626 3291 683 mittuntur
3328 625 3622 682 Ecclesiis.
3656 627 3771 681 Ec-

2102 710 2293 767 clesize
2332 712 2457 768 ista
2507 717 2709 770 tenent
2737 715 3081 773 ﬁrmissime
3128 715 3291 772 illam
3351 715 3757 789 apostolorum

2103 800 2453 872 doctrinam,
2486 819 2555 859 ac
2600 803 2824 860 caeteris
2874 804 3335 874 communicant,
3368 822 3495 877 quae
3527 808 3767 877 aposto—

2103 888 2297 946 lorum
2327 891 2621 948 neminem
2649 893 2940 950 viderunt.
2975 895 3046 951 Et
3074 912 3279 952 omnes
3308 896 3433 951 ista:
3464 892 3766 965 Ecclesiae,

2105 978 2358 1037 invicem
2389 981 2748 1052 roadunatm,
2777 1000 2962 1040 unum
2991 983 3269 1057 idemque
3298 1000 3510 1057 corpus
3537 984 3599 1039 in
3629 982 3768 1038 uni-

426 1069 586 1135 Quod
617 1070 790 1127 modo
812 1070 885 1126 ad
904 1070 1365 1143 dignoscendam
1386 1084 1582 1126 veram
1612 1069 1999 1125 TERTULLIANI
2105 1071 2227 1123 tate
2273 1069 2538 1140 ejusdem
2586 1072 2885 1140 doctrinae,
2935 1074 3321 1146 ejusdemque
3363 1073 3501 1129 ﬁdei
3549 1070 3769 1129 consti-

351 1158 781 1233 auctoritatem,
820 1160 932 1217 hoc
977 1161 1050 1216 ad
1100 1164 1324 1217 rectum
1370 1158 1770 1231 antiquissimi
1819 1157 1999 1229 hujus
2110 1160 2307 1213 tuunt.
2339 1159 2481 1222 Quis
2510 1177 2682 1232 porro
2713 1160 3033 1219 Ecclesiam
3075 1164 3248 1235 hanc,
3282 1162 3621 1219 columnam
3653 1163 3775 1217 im-

914 809 1315 867 ARTICULUS
1354 809 1425 865 II.

843 933 915 975 DE
953 933 1068 976 USU
1105 933 1500 974 TERTULLIANI.

352 1247 547 1305 Patris
575 1265 752 1306 usum
783 1250 978 1306 acrius
1008 1250 1249 1306 omnino
1273 1249 1562 1322 judicium
1593 1247 1813 1320 requiri
1843 1247 1998 1303 arbi-

355 1340 606 1393 tramur.
626 1343 845 1394 Iterum
877 1339 1060 1410 igitur
1090 1340 1263 1394 debet
1292 1339 1353 1394 in
1384 1338 1512 1410 ejus
1542 1337 1777 1409 scriptis
1806 1337 2001 1392 consi-

354 1425 548 1483 derari
577 1432 705 1483 tum
755 1428 1011 1485 auctoris
1060 1444 1217 1483 nunc
1247 1425 1545 1497 Catholici,
1578 1442 1734 1481 nunc
1780 1429 2005 1480 Monta-

2114 1246 2394 1303 mobilem
2442 1249 2730 1319 veritatis,
2762 1251 3010 1321 deseret,
3042 1256 3109 1308 ut
3156 1252 3551 1325 amplectatur
3580 1253 3776 1308 sectas

2113 1336 2187 1392 ab
2217 1337 2420 1393 eadem
2468 1339 2814 1409 sejunctas?
2843 1344 2960 1397 Hoc
2991 1345 3081 1398 est
3128 1340 3579 1398 celeberrimum
3626 1340 3778 1396 Ter—

2113 1423 2407 1481 tullianeaa
2438 1429 2898 1500 praescriptionis
2926 1436 3369 1503 argumentum,
3392 1429 3654 1502 palmare
3685 1431 3777 1484 te-

350 1514 522 1572 nistae
552 1517 979 1589 conditio,tum
1003 1516 1291 1573 librorum
1316 1516 1588 1572 doctrina
1608 1519 1712 1571 aut
1735 1514 2009 1585 eruditio,
2116 1513 2243 1569 lum
2299 1515 2482 1571 totius
2540 1515 2841 1588 polemicae
2893 1518 3258 1589 Christianae,
3308 1517 3779 1592 pulcherrimum

352 1606 600 1677 utraque
617 1622 751 1663 vero
776 1612 879 1662 aut
904 1622 1092 1674 sacra,
1125 1610 1227 1663 aut
1248 1606 1512 1678 profana.
1545 1605 1724 1660 Sacra
1742 1604 2010 1675 ejusdem
2120 1620 2263 1660 sane
2313 1621 2379 1660 ac
2408 1604 2863 1664 invictissimum
2894 1610 3046 1680 quod
3096 1624 3351 1681 usquam
3381 1608 3536 1664 inter
3584 1607 3781 1665 disce-

352 1693 621 1751 doctrina
656 1697 729 1752 ad
779 1695 1034 1751 ﬁdei19
1067 1696 1366 1768 dogmata,
1397 1693 1651 1750 eruditio
1677 1709 1810 1749 vero
1841 1692 1913 1748 ad
1947 1708 2022 1757 ea,
2122 1697 2355 1765 ptantes
2382 1694 2557 1750 fuerit
2586 1701 2960 1769 usurpatum.

350 1798 479 1855 quae
501 1788 641 1841 tunc
663 1785 724 1841 in
747 1785 1004 1842 Ecclesia
1025 1787 1119 1859 agi
1140 1784 1428 1851 solebant,
1462 1799 1566 1840 seu
1589 1783 1663 1839 ad
1701 1798 1795 1838 res
1828 1781 2015 1838 disci-
2194 1787 2402 1854 Itaque,
2426 1784 2619 1855 inquit
2649 1802 2901 1859 magnus
2932 1786 3031 1844 ille
3056 1785 3162 1856 vir,
3195 1794 3269 1843 tot
3295 1804 3362 1843 ac
3387 1790 3561 1844 tantae
3588 1787 3779 1843 Eccle-

347 1871 524 1943 plinm
552 1873 857 1931 referenda
883 1878 993 1931 est.
2027 1910 2074 1949 η
2124 1873 2251 1937 εἰῶ,
2282 1888 2398 1928 una
2428 1877 2507 1928 est
2536 1874 2641 1930 illa
2667 1877 2737 1931 ab
2766 1876 3029 1949 apostolis
3071 1879 3283 1949 prima,
3315 1893 3388 1933 ea:
3433 1893 3537 1948 qua
3590 1892 3784 1933 omnes

418 1963 502 2019 Ne
531 1963 591 2018 in
621 1964 978 2021 immensum
1026 1964 1148 2020 haec
1177 1963 1391 2036 praevia
1431 1961 1657 2018 monita
1704 1963 1992 2029 crescant,
2026 1961 2074 1976 ⁴“’
2105 1962 2365 2033 (Praescr.
2396 1977 2443 2016 c.
2474 1963 2588 2034 20).
2621 1994 2684 2004 -
2720 1965 3002 2036 Apostolos
3057 1966 3286 2022 Domini
3330 1964 3592 2021 habemus
3642 1981 3790 2021 auc-

345 2068 464 2108 non
515 2056 783 2109 nostrum
815 2057 906 2111 est
935 2054 1055 2110 haec
1084 2052 1387 2126 sigillatim
1427 2053 1754 2120 decurrere,
1788 2065 1894 2105 nec
1922 2049 1996 2105 ad
2104 2054 2266 2117 tores,
2298 2067 2395 2123 qui
2445 2066 2546 2106 nec
2593 2053 2707 2124 ipsi
2753 2053 3051 2126 quidquam
3094 2071 3165 2109 ea:
3210 2070 3309 2110 suo
3355 2053 3611 2125 arbitrio,
3641 2052 3792 2126 quod

346 2143 635 2199 amussim
667 2143 863 2199 omnia
892 2143 966 2199 ab
1016 2158 1082 2199 eo
1114 2146 1267 2198 recte
1300 2145 1401 2198 aut
1430 2144 1693 2214 proterve
1720 2139 1877 2195 dicta
1907 2154 1998 2194 re-
2108 2139 2446 2209 inducerent,
2476 2140 2768 2214 elegerunt
2791 2160 2805 2213 ;
2828 2143 2921 2198 sed
2956 2146 3235 2215 acceptam
3263 2160 3298 2199 a
3327 2143 3546 2200 Christo
3597 2142 3778 2198 disci-

346 2244 605 2297 censere,
638 2247 765 2303 quae
816 2231 937 2287 sive
984 2231 1058 2287 ad
1115 2230 1404 2302 exegesim
1457 2244 1709 2299 sacram,
1759 2227 1881 2283 sive
1927 2226 2002 2282 ad
2108 2229 2321 2301 plinam
2385 2228 2624 2301 ﬁdeliter
2684 2232 3013 2287 nationibus
3098 2232 3516 2303 assignaverunt
3599 2230 3791 2303 (lbid.,

347 2317 767 2391 dogmaticam,
799 2319 1151 2377 moralemve
1182 2319 1560 2393 theologiam,
1594 2318 1718 2374 sive
1747 2317 1819 2373 ad
1850 2315 2001 2371 ritus
2113 2334 2235 2388 cap.
2267 2317 2344 2388 6).
2379 2348 2445 2358 —
2489 2317 2664 2375 Nulla
2683 2321 2805 2391 jam
2851 2337 2981 2392 gens
3009 2321 3115 2376 Dei
3141 2325 3417 2377 extranea
3445 2323 3547 2390 est,
3578 2320 3634 2375 in
3666 2335 3793 2375 om-

349 2423 616 2464 moresve
671 2409 971 2479 Ecclesiae,
1029 2415 1486 2481 temporumque
1543 2424 1609 2464 ac
1662 2406 2008 2479 opinionum

350 2495 662 2554 historiam
692 2503 979 2570 spectant.
1992 2514 1996 2518 ‘

424 2586 720 2643 Nonnulla
742 2592 974 2644 tantum
1002 2588 1297 2660 praecipua
1310 2588 1592 2643 doctrinae
1610 2584 2013 2643 Tertullianeze

359 2676 576 2747 capita,
609 2676 1077 2748 gravissimeque
1125 2678 1390 2748 ejusdem
1422 2680 1635 2747 errata,
1665 2673 2015 2731 summatim

358 2763 737 2838 indigitanda
765 2770 925 2833 sunt,
944 2782 1010 2822 ac
1039 2766 1345 2822 excitanda
1373 2764 1702 2838 insigniora
1731 2764 1861 2835 ejus
1879 2779 2018 2833 ope-

353 2871 486 2911 rum
521 2856 672 2928 loca,
704 2874 831 2929 quae
863 2856 1238 2929 potissimum
1268 2857 1329 2912 in
1358 2858 1660 2928 exegetico,
1685 2853 2013 2927 dogmatico’

352 2946 583 3016 morali,
617 2946 875 3017 titurgico
905 2950 963 3001 et
992 2947 1218 3002 ascetico
1241 2961 1353 3002 usu
1384 2945 1814 3016 veniunt,quod
1846 2943 1917 2999 ad
1949 2957 2018 2997 ea

353 3034 588 3107 plenius
620 3035 1087 3108 introspicienda
1117 3052 1244 3092 sese
1275 3035 1525 3092 alacrior
1553 3036 1819 3106 accingat
1848 3032 2011 3106 quis-

355 3125 489 3196 quis
510 3123 592 3180 rei
624 3124 940 3197 patristicaa
969 3126 1186 3194 studet,
1223 3143 1288 3181 ac
1318 3125 1643 3197 praesertim
1669 3123 2012 3196 junioribus

353 3212 665 3287 theologia)
710 3218 768 3271 et
796 3213 1130 3288 patrologiaa
1183 3215 1515 3272 candidatis
1543 3214 1726 3271 tutior
1771 3212 2009 3285 expedi-

354 3298 587 3371 ticrque
612 3300 708 3357 via
735 3306 950 3372 pateat.

430 3390 579 3445 Ante
608 3389 809 3445 omnia
848 3390 997 3445 illud
1029 3390 1204 3462 plena
1246 3406 1384 3447 voce
1433 3390 1707 3464 praedicat
1756 3394 2009 3445 Tsa'rcc-

367 3483 795 3548 Limus,totum
824 3479 959 3535 ﬁdei
988 3478 1329 3536 Christianaa
1359 3479 1674 3536 aediﬁcium
1704 3479 1765 3534 in
1795 3478 2015 3534 firmis-

367 3568 523 3625 sima
569 3568 809 3625 veritate
854 3568 1156 3638 historica,
1197 3585 1263 3624 ac
1304 3570 1638 3626 veneranda
1686 3566 2018 3625 traditionis

375 3656 722 3714 auctoritate
741 3656 1084 3714 subsistere.
1115 3662 1247 3714 Haec
1273 3663 1414 3715 sunt
1434 3659 1590 3715 enim
1619 3657 2024 3714 ineluctabilia

376 3748 551 3817 facta,
585 3746 823 3819 quibus,
843 3747 1002 3803 velut
1030 3764 1189 3804 tenes
1218 3753 1422 3805 catena
1450 3764 1517 3803 ac
1548 3764 1745 3819 aurea,
1773 3752 1900 3804 tota
1928 3762 2021 3803 res

375 3836 708 3893 Christiana
731 3837 981 3909 pendet:
1016 3838 1167 3894 Deus
1192 3837 1364 3893 Pater
1392 3837 1574 3893 mittit
1601 3838 1814 3894 Filium
1845 3854 2022 3895 suum

373 3927 435 3981 in
466 3926 625 3983 hunc
653 3927 1036 3998 mundum,ut
1063 3926 1382 3983 Ecclesiam
1413 3926 1809 3984 Christianam
1839 3926 2023 3982 aedifi-

374 4023 483 4074 cet.
515 4016 690 4073 Jesus
720 4016 994 4073 Christus
1021 4016 1094 4073 ad
1143 4016 1300 4072 hunc
1330 4018 1603 4073 eumdem
1634 4017 1812 4073 finem
1844 4016 2027 4073 mittit

375 4105 673 4178 apostolos
701 4123 865 4177 suos,
895 4110 955 4162 et
982 4106 1150 4163 docet
1178 4104 1311 4161 illos
1339 4106 1612 4163 veritates
1660 4123 1866 4163 omnes
1897 4122 2024 4178 qua

353 4194 517 4252 'huic
545 4196 916 4253 sediﬂcationi
947 4196 1403 4252 fundamentum
1442 4195 1827 4269 suppeditant
1850 4200 1908 4251 et
1936 4197 2024 4251 in-

385 4448 397 4460 _
594 4375 669 4432 De
712 4375 1000 4461 baptismo,
1033 4391 1160 4448 cap.
1208 4374 1295 4455 10,
1328 4372 1534 4430 ultima
1580 4374 1779 4459 verba:
1812 4374 1891 4461 Ea
1937 4378 2029 4461 est

375 4448 734 4519 judiciorum
784 4449 856 4504 de
884 4448 1026 4503 viris
1055 4448 1317 4519 summis,
1354 4464 1468 4502 non
1502 4462 1633 4519 raro
1660 4448 1942 4519 varietas,
1958 4452 2030 4519 ut

381 4517 516 4577 cum
564 4521 638 4576 ad
669 4519 883 4577 caelum
933 4536 1121 4591 usque
1147 4518 1511 4575 extolluntur
1555 4518 1629 4574 ab
1659 4519 1774 4589 his,
1807 4519 1881 4591 ab
1908 4517 2029 4574 illis

2114 2422 2242 2461 nem
2270 2414 2500 2475 terram,
2531 2412 2581 2463 et
2627 2407 2686 2463 in
2726 2412 2989 2466 terminos
3031 2409 3185 2465 orbis
3252 2410 3550 2479 Evangelio
3599 2424 3795 2465 corus-

2120 2499 2280 2552 cante
2304 2495 2403 2566 (De
2432 2498 2653 2564 Anima,
2683 2514 2730 2553 c.
2763 2498 2876 2567 49).
2932 2500 3309 2555 Innocentiam
3340 2516 3375 2553 a
3413 2503 3527 2555 Deo
3575 2498 3791 2565 edocti,

2124 2589 2179 2639 et
2204 2586 2445 2656 perfecte
2472 2602 2604 2641 eam
2649 2588 2922 2655 novimus,
2955 2597 3014 2643 ut
3044 2605 3079 2643 a
3104 2589 3348 2660 perfecto
3386 2588 3653 2659 magistro
3684 2604 3789 2643 re-

2122 2673 2384 2741 velatam,
2412 2684 2464 2730 et
2494 2675 2731 2745 ﬁdeliter
2772 2678 3136 2743 custodimus,
3168 2681 3228 2733 ut
3264 2678 3330 2732 ab
3380 2678 3788 2748 incontempti-

2125 2762 2231 2817 bili
2274 2764 2572 2835 dispectore
2618 2766 2944 2822 mandatam
2994 2767 3264 2839 (Apolog.,
3291 2782 3336 2821 c.
3371 2765 3487 2837 45).
3525 2766 3629 2823 Nec
3673 2765 3793 2821 dis-

2120 2859 2331 2922 pectore
2376 2861 2557 2909 tamen
2585 2853 2799 2924 deﬁciet
2838 2854 2956 2912 haec
3001 2863 3161 2911 sexta
3211 2872 3380 2927 quam
3430 2859 3562 2910 tunc
3610 2856 3790 2926 magis

2120 2942 2399 3013 aediﬁcari
2439 2944 2605 3012 scias,
2636 2961 2759 3000 cum
2801 2945 2947 3000 caedi
2988 2945 3207 3001 videtur
3251 2945 3345 3015 (ad
3388 2944 3573 3017 Scap.,
3607 2961 3653 3000 c.
3691 2944 3775 3016 5).

2119 3032 2315 3087 Plures
2337 3031 2630 3104 efﬁcimur,
2662 3035 2874 3104 quoties
2900 3035 3163 3089 metimur
3193 3050 3228 3089 a
3256 3035 3413 3089 vobis
3445 3051 3458 3090 :
3489 3049 3676 3089 semen
3702 3042 3787 3089 est

2121 3122 2346 3191 sanguis
2378 3122 2835 3179 Christianorum
2867 3123 3138 3194 (Apolog.,
3170 3139 3290 3194 cap.
3327 3122 3437 3194 49).

2197 3211 2269 3264 At
2314 3219 2585 3266 memento
2631 3212 2810 3266 claves
2857 3210 2973 3282 ejus
3026 3210 3115 3266 hic
3160 3212 3455 3267 Dominum
3511 3212 3697 3279 Petro,
3736 3218 3794 3270 et

2036 3278 2081 3346 (ἶ
2118 3314 2217 3365 per
2262 3313 2391 3353 eum
2435 3300 2695 3355 Ecclesiae
2739 3278 3033 3370 reliquisse
3083 3299 3323 3372 (Scorp.,
3357 3316 3404 3356 c.
3444 3301 3554 3371 10).
3601 3278 3793 3356 Habes

2123 3388 2370 3457 Romam,
2419 3387 2567 3443 unde
2611 3388 2770 3444 nobis
2815 3404 3025 3461 quoque
3066 3390 3376 3446 auctoritas
3424 3397 3628 3461 praesto
3678 3394 3781 3446 est.

2124 3477 2237 3533 Ista
2266 3493 2432 3549 quam
2458 3476 2610 3548 felix
2637 3479 2897 3545 Ecclesia,
2925 3481 3022 3535 cui
3068 3484 3239 3536 totam
3269 3479 3575 3536 doctrinam
3624 3494 3787 3549 apos-

2130 3567 2238 3623 toli
2288 3582 2411 3622 cum
2464 3569 2734 3639 sanguine
2785 3584 2886 3625 suo
2940 3569 3365 3642 profuderunt!
3418 3569 3785 3642 (Praescript.,

2129 3674 2251 3731 cap.
2284 3658 2399 3730 36.)
3608 3670 3615 3673 '

2203 3749 2306 3804 20
2334 3752 2468 3804 Haec
2492 3763 2628 3822 ergo
2650 3748 2906 3807 Ecclesia
2925 3768 3063 3817 una,
3099 3749 3436 3824 apostolica,
3462 3749 3779 3819 catholica,

2133 3843 2358 3907 sancta,
2404 3837 2758 3896 immortalis
2807 3856 2873 3897 ac
2914 3840 3184 3915 visibilis,
3218 3857 3321 3898 seu
3371 3841 3655 3908 Romana,
3689 3838 3788 3896 cui

2133 3929 2229 3999 ius
2259 3928 2534 3999 competit
2563 3929 2809 3986 docendi
2859 3947 3063 3987 omnes
3094 3934 3321 4003 gentes,
3354 3947 3525 3986 suam
3566 3931 3637 3986 ab
3670 3945 3788 3985 uno

2135 4017 2313 4084 fonte,
2345 4017 2521 4073 verbo
2552 4017 2652 4074 Dei
2703 4034 2937 4091 nempe,
2968 4018 3092 4074 sive
3122 4017 3365 4090 scripto,
3396 4018 3518 4074 sive
3547 4018 3791 4085 tradito,

2135 4105 2461 4163 doctrinam
2492 4106 2724 4180 accipit.
2757 4108 2933 4164 Porro
2974 4108 3048 4163 ad
3072 4108 3356 4179 eamjure
3386 4107 3621 4180 proprio
3654 4123 3795 4179 per—

2133 4195 2282 4252 tinet
2338 4199 2466 4252 tum
2520 4195 2871 4253 traditiones
2930 4196 3296 4268 dignoscere,
3332 4195 3683 4252 confirmare
3736 4200 3795 4252 et

2135 4386 2270 4435 scrt.
2327 4380 2386 4435 in
2449 4378 2672 4434 Tertull.
2728 4377 2963 4449 Apolog.
3006 4376 3143 4433 libb.
3203 4376 3274 4433 ad
3316 4378 3440 4435 Nat.
3471 4383 3527 4433 et
3576 4377 3673 4449 lib.
3720 4377 3793 4433 ad

2139 4451 2297 4522 Scap.
2355 4480 2425 4491 ——
2478 4452 2608 4507 Joh.
2664 4448 3145 4521 W.’Hopfmann
3205 4450 3432 4506 Dissert.
3494 4450 3555 4518 Q.
3612 4448 3671 4504 S.
3721 4450 3781 4503 F.

2139 4522 2471 4594 Tertulliani
2524 4536 2677 4594 quae,
2706 4529 3002 4593 supersunt
3052 4522 3247 4594 omnia
3303 4524 3360 4577 in
3416 4522 3788 4594 Montanismo

381 4591 786 4666 deprimantur
815 4592 1145 4666 adimum.
1168 4594 1265 4666 ita
1290 4591 1649 4666 ferepaccidit
1672 4590 2029 4648 Tertulliano
2061 4655 2099 4666 “
2134 4596 2341 4666 scripta
2368 4590 2588 4666 videri,_
2612 4590 2867 4650 Vitemb.
2902 4593 3061 4664 1738,
3098 4593 3280 4666 ἱππ-4ης
3310 4597 3364 4650 J.
3396 4595 3461 4649 A.
3494 4592 3786 4660 Noesselt,

384 4655 586 4737 nostro
611 4664 807 4737 ;7sicut
828 4663 985 4737 enim
1008 4681 1124 4719 non
1150 4665 1364 4718 desunt
1388 4662 1551 4718 illius
1573 4667 2027 4737 contemptores,
2058 4655 2107 4720 Ι)
2138 4655 2367 4722 Dissert.
2402 4665 2500 4731 ΙΙΙ,
2554 4655 2622 4721 de
2667 4680 2790 4721 vera
2839 4671 3006 4722 aetate
3044 4655 3118 4721 'ac
3161 4655 3412 4722 doctrina
3451 4655 3790 4737 scriptorum

380 4734 465 4791 ita
492 4736 752 4792 vindices
781 4742 839 4792 et
865 4736 1202 4791 laudatores
1232 4740 1441 4791 nactus
1472 4741 1561 4790 est
1591 4734 2032 4807 plurimos,eos-

384 4823 496 4878 que
528 4824 808 4880 perquam
859 4808 1150 4864 liberales.
1185 4807 1367 4862 Fuere
1415 4808 1634 4880 quibus
1677 4808 1876 4880 omnia
1905 4808 2034 4878 ejus

384 4879 562 4952 opera
583 4879 710 4952 quae
733 4888 1053 4952 supersunt
1072 4881 1132 4935 in
1172 4879 1563 4952 Montanismo
1585 4879 1803 4951 scripta
1830 4880 2032 4936 viden-

383 4951 515 5020 tur;
549 4951 689 5008 dum
722 4951 824 5009 alii
852 4968 984 5009 eum
1015 4953 1087 5009 ad
1115 4951 1456 5008 sceleratam
1485 4952 1744 5007 Montani
1776 4969 2035 5008 commu-

387 5024 624 5079 nionem
676 5024 977 5097 delapsum
1014 5041 1144 5081 esse
1188 5029 1425 5095 negant.
1459 5023 1608 5087 Quin
1640 5040 1755 5080 non
1799 5025 2037 5080 defuere

430 5097 489 5151 ui
510 5096 949 5169 _Tertullianum
1000 5097 1296 5169 celebrant
1325 5114 1358 5151 a
1390 5097 1684 5169 martyrio,
1719 5096 1874 5166 quod
1925 5098 2035 5152 sub

440 5167 562 5224 ecio
614 5171 967 5225 sustinuisse
1017 5169 1249 5225 dicitur.
1284 5168 1364 5223 De
1395 5167 1488 5223 his
1517 5167 1576 5224 et
1604 5168 1735 5223 aliis
1770 5170 1840 5224 ad
1891 5169 2035 5224 Ter-

387 5240 621 5296 tulliani
671 5241 999 5310 historiam,
1031 5240 1556 5312 auctoritatemque
1607 5240 2037 5313 pertinentibus

388 5314 462 5369 cf.
494 5313 865 5386 Magdeburg.
898 5317 1037 5386 cent.
1073 5314 1169 5381 III,
1202 5330 1333 5386 cap.
1366 5313 1571 5386 12;_—
1614 5312 1817 5369 Joach.
1864 5314 2035 5368 Zent-

392 5386 571 5456 gravii
593 5383 954 5452 Exercitatio,
988 5385 1053 5441 de
1095 5383 1521 5454 lapsu’Tcrtull.
1553 5388 1626 5441 ad
1652 5387 2033 5452 Montanistas,

390 5463 629 5529 Argent.
682 5458 842 5526 4704,
877 5459 966 5525 4ο,
999 5488 1068 5498 --
1096 5456 1685 5529 TimanniiGessellii
1730 5458 1867 5512 Hist.
1922 5472 2031 5529 sac.
2066 5482 2075 5495 ι

1063 5531 1207 5597 299;
1247 5528 1401 5584 Petri
1457 5529 1634 5584 Alixii
1692 5530 1921 5584 Dissert.
1969 5528 2036 5583 de

389 5532 441 5585 et
486 5531 672 5586 eccles.
722 5530 788 5585 Ν.
845 5531 898 5585 Τ.
948 5546 1005 5586 n.

391 5546 441 5585 et
486 5546 672 5586 ecctes.
722 5546 788 5585 λγ.
846 5546 898 5585 1'.
993 5571 1005 5583 .
1063 5546 1401 5597 zw;retr1
1457 5546 1634 5584 Αιιχιι
1692 5546 1921 5584 msserc.
1969 5546 2033 5583 ae

391 5602 615 5673 vitapet
658 5602 874 5673 scriptis
928 5546 1275 5668 ﬂrtulliani,
1337 5600 1520 5663 Paris,
1582 5601 1758 5673 1680,,
1794 5603 1906 5673 80,;
1964 5629 2033 5641 —

395 5672 474 5744 De
524 5670 581 5727 la
636 5670 829 5742 Motte,
890 5675 1135 5729 Histoire
1189 5673 1256 5728 de
1314 5673 1533 5744 Tertull.
1594 5680 1648 5729 et
1711 5671 2030 5744 d’0rigene,

396 5743 582 5816 Lugd.
648 5746 802 5815 1701,
862 5745 1052 5815 in-80;
1110 5777 1178 5784 —
1233 5743 1415 5802 Nicol.
1476 5746 1552 5801 Le
1610 5743 2032 5816 Nourry,’Dis~

2141 4753 2269 4809 qua?
2293 4741 2608 4809 supersunt.
2644 4738 2704 4805 Q.
2740 4737 2884 4809 Sept.
2915 4738 3002 4794 Fl.
3040 4736 3395 4793 Tertulliani.
3446 4736 3575 4794 Hal.
3608 4738 3785 4805 1757;

2142 4811 2333 4937 pijusd.
2385 4818 2495 4865 tres
2539 4818 2827 4865 comment.
2882 4809 2954 4864 ad
3004 4810 3143 4865 Hist.
3201 4810 3384 4866 eccles.
3433 4811 3788 4894 pertinentes.

2195 4881 2270 4936 al.
2306 4881 2441 4935 1817
2469 4899 2483 4937 :
2513 4912 2584 4923 —
2611 4880 2734 4936 Jos.
2766 4882 2896 4937 Ant.
2946 4882 3197 4936 Cantova
3241 4881 3305 4937 de
3356 4881 3619 4937 Septimio
3646 4884 3700 4937 et
3729 4880 3787 4935 S.

2195 4881 2270 4936 al.
2306 4881 2441 4935 1817
2469 4899 2483 4949 ;
2513 4912 2584 4923 —
2611 4880 2734 4936 Jos.
2766 4882 2896 4937 Ant.
2946 4882 3197 4953 Cantova
3241 4881 3305 4937 de
3356 4881 3619 4953 Septimio
3646 4884 3709 4953 et
3729 4880 3787 4935 S.

2143 4954 2459 5025 Epiphanio
2504 4953 2719 5009 dissert.
2753 4953 2825 5021 Il,
2857 4952 3083 5008 Mediol.
3138 4954 3295 5025 1783,
3328 4954 3389 5005 8ι
3411 4951 3436 5019 ;’
3458 4984 3525 4995 -
3556 4953 3622 5025 Η.
3654 4951 3788 5008 Chr.

2143 5024 2506 5081 Baltenstedt
2537 5025 2864 5080 Tertullians
2892 5026 3096 5082 Geistes
3118 5024 3474 5095 fahigkeiten.
3506 5024 3793 5096 Religions

2143 5097 2461 5153 kenntnisse
2507 5097 2621 5152 und
2670 5096 2974 5167 Theologie,
3009 5096 3106 5166 III,
3138 5101 3473 5162 commouit,
3524 5096 3793 5166 Helmst.,

2148 5171 2302 5230 1785.
2336 5169 2506 5224 in-80.
2538 5199 2607 5209 —-
2648 5177 2798 5240 Aug.
2850 5169 3120 5223 Neander
3166 5169 3596 5239 Antignosticus,
3650 5167 3797 5224 Geist

2142 5242 2233 5297 des
2282 5240 2610 5297 Tertullian.
2666 5240 2781 5296 und
2839 5241 3062 5296 Einleit.
3125 5241 3186 5294 in
3241 5240 3431 5295 dessen
3471 5241 3793 5311 Schriften.,

2144 5313 2327 5369 Berol.
2366 5314 2502 5368 18:25
2530 5329 2543 5377 ;
2575 5343 2647 5353 --
2703 5318 2792 5367 Fr.
2850 5315 3115 5369 Munster
3169 5312 3490 5369 Primordia
3542 5312 3796 5370 Ecclesia

2143 5388 2440 5456 Africanae,
2493 5385 2674 5440 Havn.
2728 5385 2888 5451 1829,
2938 5384 3127 5448 iri-4°;
3176 5415 3246 5424 —
3293 5389 3352 5440 Ο.
3398 5385 3521 5441 Jos.
3575 5383 3791 5451 Hefele,

2144 5456 2458 5512 Tertullian
2504 5457 2589 5510 als
2633 5457 2912 5526 Apologet.
2967 5457 3029 5510 in
3081 5459 3228 5527 Drey
3276 5466 3329 5512 et
3374 5458 3471 5515 all.
3526 5457 3795 5527 Tubinger

2148 5528 2399 5598 Theolog.
2459 5529 2689 5596 Quartal
2741 5558 2812 5568 -
2866 5529 3054 5585 schist.
3112 5541 3206 5583 an.
3267 5529 3445 5596 1838;
3496 5559 3568 5571 —
3616 5528 3671 5584 J.
3717 5536 3788 5585 Α.

2143 5599 2739 5668 Moehler.Patrologie
2757 5599 2885 5657 oder
2902 5598 3218 5656 christliche
3229 5599 3789 5669 Literaergeschichte,

2139 5673 2575 5800 izgztsusgegeben
2604 5686 2706 5728 von
2748 5670 2816 5727 D.
2850 5672 2912 5728 F.
2942 5672 3008 5728 X.
3058 5670 3443 5746 Reithmayr.,
3494 5672 3785 5746 Regensb.
