4060 6342
314 446 379 503 21
1796 443 2230 504 ΡΗᾹΞΡΑΤΙΟ.
3642 455 3720 513 22

310 574 685 639 sancire,tum
716 573 1049 646 Scripturas
1104 589 1427 647 earumque
1485 575 1954 647 inspirationem,
1987 575 2042 641 Α
2071 575 2368 648 explicant
2397 594 2464 634 ac
2496 577 2817 649 disjiciunt;
2846 595 2952 635 nec
2983 596 3266 637 novarum
3299 586 3593 639 sectarum
3625 600 3722 641 an-

310 662 861 735 interpretationem
921 668 977 719 et
1032 679 1314 720 canonem
1374 668 1648 720 statuere.
1687 666 1785 721 Ubi
1814 666 1960 720 enim

309 756 626 825 apparuerit
658 770 774 809 esse
804 755 1097 809 veritatem
1136 756 1185 809 et
1217 753 1530 824 disciplina:
1560 758 1610 809 et
1640 754 1771 825 ﬁdei
1800 754 1959 809 Chri-

308 847 531 910 stianae,
583 842 708 898 illic
759 845 867 898 erit
893 846 1099 898 veritas
1130 843 1543 913 Scripturarum
1575 852 1628 899 et
1655 844 1961 915 expositio-

310 951 468 1000 num,
501 942 553 989 et
583 935 834 989 omnium
862 932 1223 989 traditionum
1257 934 1702 990 Christianarum
1731 933 1871 1005 (Lib.
1896 931 1961 987 de

307 1025 606 1095 Prescript.
640 1040 763 1094 cap.
799 1024 909 1094 19).

379 1114 571 1169 Pauca
594 1114 808 1169 addere
830 1117 921 1169 est
943 1114 1016 1170 iis
1042 1130 1164 1185 quae
1187 1117 1358 1169 antea
1407 1114 1478 1169 de
1524 1112 1959 1185 Seripturarum

308 1205 697 1275 inspiratione,
729 1204 1077 1275 plenitudine
1105 1204 1407 1274 adoranda,
1440 1202 1761 1276 apostolica
1790 1205 1959 1259 inter-

305 1296 615 1366 pretatione
643 1310 707 1348 ac
732 1292 996 1365 legitimo
1025 1310 1250 1363 canone,
1285 1311 1353 1349 ex
1401 1292 1759 1349 Tertulliano
1809 1292 1959 1348 dixt-

307 1400 478 1450 mus;
510 1384 948 1453 tantummodo,
979 1398 1114 1439 eum
1147 1383 1356 1439 debere
1386 1398 1513 1437 esse
1542 1382 1829 1437 librorum
1860 1398 1957 1437 sa-

310 1488 549 1527 crorum
578 1489 759 1539 usum,
821 1476 886 1527 ut
945 1472 1221 1542 haeretici,
1281 1471 1575 1544 parabolis
1632 1474 1959 1537 abutentes,

303 1578 415 1617 non
444 1563 724 1634 efﬁngant
754 1563 903 1631 ipsas
934 1563 1193 1617 materias
1226 1562 1745 1628 doctrinarum,nec
1777 1559 1961 1631 igitur

307 1650 377 1705 ad
406 1666 499 1705 eas
520 1658 857 1722 provocetur,
888 1667 987 1706 nec
1017 1653 1073 1706 in
1104 1652 1187 1705 his
1235 1652 1609 1706 constituatur
1658 1656 1956 1716 certamen,

309 1742 369 1794 in
400 1740 599 1811 quibus
628 1744 726 1794 aut
756 1741 940 1809 nulla,
972 1744 1071 1796 aut
1102 1742 1317 1795 incerta
1348 1740 1577 1795 victoria
1609 1742 1702 1809 est,
1737 1746 1832 1793 aut
1857 1754 1961 1809 par

310 1831 539 1887 incertae
570 1831 851 1901 (Prwscr.,
883 1845 930 1884 c.
967 1830 1054 1900 19)
1088 1845 1101 1883 :
1136 1829 1591 1885 examinandum
1636 1828 1694 1882 in
1752 1827 1960 1898 primis

2072 665 2363 737 tesignani
2395 667 2564 738 plura
2596 684 2661 722 ac
2692 668 2829 723 olim
2862 669 2982 724 sive
3014 670 3230 727 Marcio
3289 671 3409 728 sive
3464 672 3720 728 Valenti-

2073 771 2185 810 nus
2237 756 2405 829 signa
2463 757 2734 829 legitimae
2793 776 2858 813 ac
2916 760 3122 815 divinae
3162 761 3530 817 auctoritatis
3561 763 3721 817 exhi-

2070 844 2341 912 bent;nec
2374 850 2507 901 ante
2536 863 2641 901 nec
2674 852 2806 919 post
2836 864 2933 903 eos
2966 851 3359 906 successionis
3390 850 3721 922 apostolicae

2071 935 2387 1007 vestigium
2418 936 2678 991 volamve
2708 936 2955 1003 habent;
2989 944 3261 1009 praeterea
3282 955 3486 995 eorum
3509 940 3723 995 doctri-

2071 1042 2179 1081 nas
2212 1030 2503 1098 respuunt
2533 1025 2709 1081 simul
2742 1030 2799 1082 et
2831 1026 3086 1083 Ecclesia
3114 1032 3396 1095 Romana,
3429 1034 3487 1085 et
3517 1046 3721 1086 omnes

2070 1115 2128 1169 in
2161 1115 2300 1171 orbe
2330 1120 2645 1184 terrarum,
2686 1116 2807 1171 sive
2866 1118 3023 1189 apud
3079 1117 3326 1187 Graecos,
3386 1118 3507 1175 sive
3564 1119 3719 1192 apud

2068 1204 2357 1260 Asiaticos
2387 1204 2654 1260 Ecclesiae
2688 1206 2818 1276 (39).

2138 1293 2489 1361 Subinde,ut
2519 1294 2590 1349 ad
2624 1293 3057 1351 Tertullianum
3083 1296 3719 1367 redeam‘us,recitanda

2069 1384 2216 1439 foret
2248 1400 2365 1438 una
2394 1399 2463 1439 ex
2493 1383 2680 1438 tribus
2714 1384 2849 1440 fidei
2877 1385 3168 1453 formulis,
3205 1402 3353 1457 quas
3400 1387 3717 1458 Septimius

2069 1472 2235 1527 libris
2265 1471 2534 1540 inseruit,
2571 1478 2671 1528 aut
2699 1473 2929 1542 isaltem
2986 1475 3356 1543 conferenda,
3417 1476 3531 1531 nisi
3590 1492 3719 1547 pre-

2070 1566 2296 1617 merent
2355 1562 2619 1633 prommii
2678 1563 2998 1635 angustias,
3056 1580 3190 1619 cum
3250 1564 3382 1619 lidei
3436 1564 3719 1636 symbolis

2071 1668 2219 1724 quos
2250 1652 2525 1723 Irenaaus,
2556 1653 2989 1725 Gregoriusque
3019 1653 3502 1725 Thaumaturgus
3532 1658 3589 1710 et
3620 1652 3718 1708 alii

2070 1740 2321 1795 edidere.

2139 1829 2348 1884 Paucis
2380 1846 2616 1899 agemus
2654 1847 2787 1886 cum
2842 1832 3121 1903 Septimio
3180 1834 3250 1888 de
3307 1833 3418 1888 Deo
3472 1831 3717 1902 ejusque

312 1934 442 1974 esse
494 1919 650 1988 cujus
704 1920 819 1973 sint
878 1918 1202 1989 Scriptura,
1259 1935 1296 1973 a
1353 1934 1476 1987 quo,
1508 1921 1577 1987 fet
1600 1934 1703 1988 per
1730 1932 1877 1988 quos,
1911 1919 1961 1971 et
1992 1954 2038 2017 B
2070 1918 2390 1984 attributis,
2424 1936 2557 1974 cum
2617 1920 2972 1976 uberrimam
3005 1939 3071 1977 ac
3101 1921 3566 1992 copiosissimam
3599 1920 3719 1974 dis-

310 2008 553 2080 quando,
583 2013 633 2063 et
664 2010 863 2080 quibus
911 2010 980 2063 sit
1033 2008 1233 2063 tradita
1289 2007 1599 2078 disciplina,
1659 2023 1766 2077 qua
1820 2007 1958 2076 ﬁunt
1992 2006 2035 2017 “’
2069 2011 2268 2063 sertat.
2301 2006 2366 2062 D.
2414 2007 2487 2063 Le
2543 2008 2786 2080 Nourry,
2847 2010 3001 2065 infra
3058 2012 3303 2078 damus;
3366 2010 3480 2065 huc
3538 2009 3718 2079 igitur

318 2097 658 2159 Christiani;
691 2103 867 2152 Deum
902 2096 1256 2169 permisisse,
1291 2096 1409 2151 imo
1442 2097 1673 2151 voluisse
1700 2112 1761 2151 eo
1798 2096 1961 2151 modo
2067 2095 2240 2151 velim
2269 2095 2441 2151 adeas
2474 2112 2538 2152 ac
2568 2096 2764 2153 videas
2782 2114 3032 2168 quonam
3050 2098 3718 2170 sextupliciargumento

316 2186 611 2257 dispositas
641 2187 973 2258 Scripturas,
1006 2194 1069 2241 ut
1098 2186 1366 2241 haereticis
1394 2188 1659 2240 materias
1688 2186 1961 2240 submini-

312 2284 574 2340 strarent,
608 2276 705 2346 qui
731 2277 850 2330 sine
879 2276 1200 2347 Scripturis,
1232 2290 1344 2330 esse
1373 2290 1482 2329 non
1533 2279 1755 2345 possunt
1802 2275 1961 2347 (Ibid.

313 2381 430 2436 cap.
492 2366 606 2435 39).
667 2369 951 2420 Praeterea
1008 2365 1068 2418 in
1126 2363 1484 2419 Tertulliano
1516 2368 1717 2419 notatu
1750 2364 1965 2435 dignus

315 2458 496 2525 atque
527 2453 878 2525 percelebris
928 2453 1176 2507 habetur
1225 2451 1390 2508 locus
1446 2453 1517 2508 de
1567 2453 1965 2525 apostolorum

314 2544 519 2597 litteris
573 2542 927 2607 authenticis,
983 2543 1041 2596 in
1102 2558 1276 2613 quem
1327 2541 1435 2595 viri
1494 2543 1752 2613 perdocti
1806 2543 1969 2598 varia

316 2632 633 2688 commenti
668 2636 809 2687 sunt
838 2631 1020 2702 (Ibid.,
1052 2632 1141 2703 36)
1172 2631 1304 2702 (36).
1337 2635 1453 2686 Nec
1482 2631 1805 2687 omittenda
1839 2649 1965 2703 quae

318 2721 542 2792 passim
578 2720 815 2776 disserit
842 2724 969 2775 tum
1000 2721 1071 2775 de
1102 2720 1239 2774 LXX
1272 2720 1660 2790 lnterpretum
1702 2720 1967 2776 versione

318 2810 479 2881 (37),
551 2814 677 2864 tum
748 2810 818 2865 de
876 2808 1307 2880 antiquissimis
1366 2809 1683 2865 Bibliorum
1745 2810 1969 2866 Latinis

317 2898 836 2967 translationibus,
887 2899 1013 2968 jam
1073 2915 1230 2953 nunc
1262 2899 1319 2953 in
1354 2898 1665 2955 Occidente
1693 2898 1969 2970 vulgatis,

321 2986 673 3058 majorique,
704 2988 976 3043 eademve
1002 3004 1067 3042 ac
1100 2988 1428 3043 Graecorum
1461 2988 1729 3044 codicum
1771 2991 1969 3043 aucto-

319 3076 497 3131 ritate
530 3076 800 3148 receptis.

393 3165 494 3220 His
527 3168 719 3220 autem
752 3165 959 3236 positis
990 3164 1257 3220 Ecclesiae
1287 3165 1706 3236 fundamentis,
1724 3165 1880 3221 idem
1908 3169 1972 3221 ut

317 3254 508 3313 obiter
528 3254 825 3309 subvertat
846 3255 1094 3309 caducas
1118 3254 1520 3309 haereticorum
1535 3255 1970 3322 mdiﬁcationes,

324 3361 486 3399 nunc
515 3360 715 3398 eorum
747 3343 808 3399 in
836 3344 1012 3399 verbo
1043 3344 1143 3398 Dei
1174 3343 1432 3399 facinora
1460 3360 1526 3398 ac
1558 3344 1971 3414 Scripturarum
2002 3308 2045 3375 Ο

317 3433 489 3490 caedes
546 3434 877 3505 exprobrat,
911 3449 1065 3487 nunc
1097 3433 1366 3488 haeresim
1417 3436 1474 3488 et
1496 3432 1890 3489 idololatriam
1921 3438 1978 3488 et

322 3524 636 3595 profanam
679 3521 1110 3593 philosophiam
1168 3539 1377 3593 parum
1431 3522 1583 3577 inter
1630 3540 1691 3578 se
1747 3523 1977 3577 differre

322 3611 608 3679 ostendit,
665 3628 820 3666 nunc
850 3609 1136 3666 haereseos
1158 3611 1521 3666 characteres
1553 3627 1586 3666 a
1613 3627 1750 3667 vera
1780 3611 1980 3666 Eccle-

322 3699 415 3757 sia
472 3699 693 3754 alienos
752 3700 990 3755 omnino
1048 3699 1328 3755 describit
1384 3699 1623 3769 (Advers.
1686 3700 1976 3770 Marciam,

321 3789 423 3844 lib.
483 3806 535 3843 v.
594 3805 709 3859 cap.
765 3788 867 3855 17;
901 3789 996 3843 tib.
1030 3805 1108 3856 1v,
1140 3804 1262 3859 cap.
1297 3789 1363 3842 19
1392 3788 1457 3843 de
1487 3790 1826 3860 Prwscript.,
1858 3805 1975 3859 cap.

319 3880 382 3946 7,
414 3880 499 3944 17,
531 3876 620 3944 37,
653 3878 742 3945 40,
775 3878 864 3942 41,
896 3877 1021 3945 44);
1056 3893 1379 3948 omnesque
1411 3894 1527 3932 uno
1558 3876 1977 3950 (praescriptio-

324 3968 422 4022 nis
452 3969 792 4035 argumento
823 3965 942 4021 sive
969 3970 1283 4037 praesentes
1314 3966 1435 4020 sive
1469 3966 1715 4035 futuras,
1748 3965 1978 4035 ipsum-

326 4071 443 4127 que
476 4053 939 4109 Montanismum
972 4070 1037 4109 ac
1061 4052 1606 4109 Tertullianismum
1664 4052 1980 4109 insanabili

324 4142 570 4198 vulnere
602 4143 861 4198 confodit
885 4147 943 4198 et
972 4142 1267 4215 opprimit.

402 4231 515 4288 Nec
556 4232 987 4296 tantummodo,
1046 4235 1113 4287 ut
1169 4231 1356 4287 voluit
1412 4231 1471 4286 in
1530 4231 1747 4287 recenti
1807 4247 1980 4302 opere

320 4317 594 4374 Neander
640 4319 776 4387 (38),
835 4318 896 4373 in
946 4317 1273 4385 Gnotiscos,
1303 4318 1423 4374 imo
1453 4322 1510 4373 et
1538 4318 1596 4372 in
1629 4336 1833 4375 omnes
1865 4320 1979 4375 hae-

322 4407 558 4473 reticos,
580 4423 651 4463 ne
681 4407 1019 4463 novissimis
1049 4408 1287 4480 quidem
1313 4409 1769 4465 Protestantium
1803 4411 1981 4466 sectis

322 4498 603 4567 exceptis,
638 4498 730 4553 21
770 4497 979 4552 invicte
1008 4496 1160 4553 valet
1188 4498 1246 4552 id
1277 4513 1465 4569 genus
1506 4498 1977 4570 argumentandi.

321 4586 544 4642 Eadem
575 4586 731 4641 enim
758 4603 872 4658 prae
903 4603 966 4641 se
1024 4587 1219 4643 ferunt
1274 4604 1539 4643 errorum
1597 4588 1789 4659 capita
1844 4605 1980 4646 neo-

2072 2191 2225 2241 Deus
2280 2202 2409 2241 esse
2466 2186 2748 2257 probetur
2804 2205 2836 2243 a
2888 2189 3225 2245 Tertuliano
3285 2190 3424 2261 (cap.
3457 2188 3513 2255 7,
3544 2186 3715 2241 art.1

2068 2293 2197 2348 P09.
2227 2276 2330 2329 804
2361 2277 2412 2330 et
2440 2278 2613 2347 sqq.);
2647 2294 2903 2347 quonam
2938 2294 3114 2333 sensu
3174 2277 3404 2333 dicatur
3460 2273 3721 2331 homini-

2075 2366 2186 2421 bus
2216 2365 2784 2438 cognitus,quamvis
2814 2366 2891 2422 sit
2920 2364 3726 2437 invisibilis,incomprehen-

2076 2453 2286 2522 sibilis,
2318 2454 2783 2523 ineestimabilis;
2818 2473 2945 2527 quae
2976 2456 3155 2528 hujus
3186 2456 3302 2512 veri
3350 2455 3450 2510 Dei
3502 2459 3559 2510 et
3614 2453 3729 2508 vivi

2076 2542 2342 2610 scientia,
2374 2543 2663 2615 sapientia
2692 2548 2747 2598 et
2776 2545 3071 2600 aeternitas
3102 2546 3251 2616 (pag.
3282 2545 3390 2598 809
3436 2552 3489 2599 et
3544 2544 3687 2614 sqq.)
3714 2558 3729 2611 ;

2077 2632 2216 2705 quid
2250 2632 2363 2688 sibi
2396 2631 2517 2688 vult
2547 2650 2653 2688 vox
2681 2632 2783 2688 illa
2811 2634 3077 2706 Septimii
3098 2635 3271 2690 toties
3302 2633 3731 2705 agitata,Deum

2078 2737 2290 2793 corpus
2320 2738 2468 2788 esse,
2502 2721 2609 2778 etsi
2668 2723 2823 2778 Deus
2876 2723 3119 2795 spiritus
3175 2727 3264 2779 est
3314 2723 3463 2794 (pag.
3522 2722 3623 2775 811
3683 2727 3737 2775 et

2075 2816 2210 2882 sqq.)
2243 2811 2394 2883 (40).
2452 2812 2599 2867 Item
2652 2811 2983 2868 luculenter
3050 2814 3260 2869 asserit
3329 2810 3733 2867 Tertullianus

2076 2900 2259 2955 Deum
2318 2918 2433 2956 non
2494 2917 2622 2956 esse
2681 2901 2795 2957 nisi
2843 2903 3067 2958 bonum
3100 2903 3314 2973 (Scorp.
3348 2902 3437 2973 5);
3471 2916 3635 2972 aeque
3665 2915 3732 2954 ac

2079 2989 2177 3045 Dei
2208 2989 2552 3060 bonitatem,
2586 2991 2713 3061 ejus
2745 2994 2942 3047 tuetur
2975 2991 3275 3063 justitiam
3334 2994 3536 3046 contra
3590 2992 3735 3044 Mar-

2080 3077 2307 3133 cionem
2360 3079 2480 3150 (lib.
2544 3081 2612 3145 ll,
2670 3096 2716 3134 c.
2776 3080 2883 3148 11),
2930 3081 3038 3136 etsi
3071 3080 3226 3137 dicat
3256 3080 3575 3135 bonitatem
3604 3092 3735 3134 esse

2079 3166 2194 3221 Deo
2224 3166 2582 3238 ingenitam,
2634 3168 2933 3238 justitiam
2991 3186 3123 3224 vero
3186 3168 3569 3235 accidentem,
3628 3182 3735 3221 seu

2084 3256 2275 3328 quoad
2308 3256 3121 3322 eﬁ'ectum,accommodatam
3160 3261 3458 3325 creaturae,
3493 3259 3731 3328 peccato

2084 3343 2463 3416 posteriorem
2495 3345 2678 3417 (Ibid.)
2714 3362 2727 3401 :
2762 3345 2897 3401 hinc
2929 3347 3113 3403 Deum
3171 3363 3239 3402 ex
3299 3345 3482 3402 nihilo
3541 3343 3740 3400 omnia

2086 3433 2392 3501 creavisse,
2428 3450 2533 3489 nec
2564 3438 2836 3490 aeternum
2886 3452 3015 3491 esse
3070 3435 3399 3505 materiam,
3462 3434 3739 3489 adversus

2084 3521 2508 3594 Hermogenem
2543 3523 2774 3595 egregie
2826 3524 3126 3580 contendit
3178 3526 3386 3597 (Contr.
3451 3528 3738 3594 Hermog.,

2085 3627 2205 3682 cap.
2238 3612 2304 3664 19
2332 3620 2383 3667 et
2411 3612 2576 3682 sqq.).

2159 3699 2469 3771 Perspicua
2499 3701 2641 3756 adeo
2673 3718 2739 3756 ac
2770 3707 2968 3757 exacte
3023 3702 3289 3774 loquitur
3343 3700 3740 3757 Tertullianus

2087 3790 2159 3843 de
2187 3788 2471 3844 Trinitate
2504 3790 2831 3847 divinarum
2864 3792 3255 3849 Personarum
3287 3796 3343 3849 et
3374 3808 3573 3847 earum
3607 3808 3743 3846 con-

2088 3876 2604 3947 substantialitate,
2631 3883 2695 3934 ut
2727 3879 2873 3935 nihil
2907 3880 3163 3953 amplius
3186 3880 3505 3937 desiderari
3538 3884 3735 3951 queat:

2087 3964 2396 4036 distinguit
2424 3967 2636 4039 quippe
2668 3967 3012 4040 clarissime,
3047 3985 3209 4040 teque
3266 3985 3331 4024 ao
3389 3967 3577 4024 nostri
3636 3967 3740 4023 mvi

2088 4054 2343 4127 theologi
2404 4059 2459 4111 et
2518 4057 2808 4128 doctores,
2844 4066 2961 4116 tres
2986 4060 3213 4116 divinas
3246 4076 3549 4131 personas,
3582 4064 3639 4115 et
3669 4059 3740 4114 de

2087 4144 2348 4215 qualibet
2378 4161 2578 4201 earum
2610 4147 2889 4219 praedicat
2918 4149 3206 4206 actualem
3258 4149 3628 4206 existentiam
3679 4149 3739 4203 in

2091 4233 2314 4289 unitate
2346 4234 2523 4291 unius
2550 4237 2934 4310 ejusdemque
2967 4242 3222 4309 naturae,
3255 4255 3324 4295 ex
3355 4238 3569 4312 quibus
3602 4254 3742 4295 sane

2089 4322 2471 4378 constituitur
2500 4325 2796 4382 catholicae
2828 4328 3096 4384 Ecclesiae
3131 4328 3397 4385 doctrina
3426 4328 3579 4384 circa
3606 4327 3742 4395 :hoc

2088 4412 2454 4484 mysterium.
2487 4413 2594 4485 (Cf.
2628 4414 2729 4470 lib.
2764 4416 2888 4473 adv.
2944 4419 3191 4490 Hermog.
3252 4435 3377 4489 cap.
3435 4418 3537 4485 45;
3597 4418 3737 4473 Adv.

2087 4502 2382 4567 Proiceam,
2416 4518 2543 4574 cap.
2574 4506 2628 4574 2,
2661 4504 2717 4574 3,
2752 4505 2801 4573 4,
2840 4508 2925 4574 11,
2960 4508 3047 4578 12,
3082 4508 3169 4574 13,
3199 4508 3290 4573 26,
3322 4507 3433 4575 31).

2159 4589 2238 4644 De
2290 4589 2416 4644 Filii
2465 4608 2597 4647 vero
2655 4592 2975 4663 divinitate,
3034 4596 3427 4667 generatione,
3488 4595 3740 4651 consub-

322 4677 498 4733 terici
529 4693 596 4732 ac
625 4683 843 4734 veteres
876 4678 1152 4747 haeretici;
1187 4678 1259 4735 ab
1291 4680 1514 4735 unitate
1545 4697 1611 4736 ac
1642 4680 1984 4736 auctoritate
2012 4684 2059 4749 D
2093 4676 2493 4748 stantialitate,
2530 4680 2830 4751 filiatione,
2865 4684 3209 4754 aeternitate,
3241 4686 3309 4740 de
3342 4682 3571 4740 Christo
3627 4686 3739 4740 Deo

326 4766 597 4823 Ecclesiae
657 4768 985 4840 apostolicae
1043 4768 1350 4835 deﬁciunt;
1409 4774 1601 4841 spreta
1643 4770 1975 4837 traditione,

325 4856 401 4913 ad
432 4856 765 4928 Scripturas
796 4856 953 4914 solas
980 4862 1335 4930 provocant;
1364 4875 1646 4915 canonem
1678 4876 1781 4931 pro
1807 4858 1978 4914 libitu

403 5054 515 5126 (36)
546 5052 687 5128 Vide
716 5054 933 5111 Pamel.
966 5063 1105 5111 nott.
1138 5055 1209 5111 ad
1240 5055 1337 5111 loc.
1380 5057 1533 5112 citat.
1590 5056 1736 5128 Hug.
1796 5055 1979 5113 Grotii

331 5129 493 5199 tract.
549 5126 618 5183 a’e
671 5130 902 5184 veritate
961 5128 1161 5184 Christ.
1219 5129 1400 5197 Belig.
1458 5129 1554 5184 lib.
1590 5126 1709 5199 ιιι),
1765 5134 1974 5195 notat.,°

330 5198 595 5269 Dodwel,
654 5200 920 5265 Dissert.,
974 5201 1136 5268 §41;
1196 5199 1487 5255 Richard.
1544 5198 1764 5256 Simbn.
1826 5203 1979 5258 Hist.

330 5272 459 5343 crit.
494 5269 662 5343 du‘N.
698 5272 749 5326 T.
783 5272 867 5327 ch.
900 5273 952 5341 ll,
984 5289 1036 5343 p.
1068 5273 1174 5340 40;
1209 5272 1459 5328 Nathan.
1495 5273 1769 5327 Lardner.
1807 5272 1982 5329 Glau-

334 5341 678 5410 bourdigkeit
703 5344 798 5399 der
827 5341 1256 5411 Evangelischen
1314 5343 1640 5413 Geschichte,
1692 5349 1843 5415 part.
1910 5345 1979 5413 II,

332 5430 447 5467 σαι).
482 5415 575 5467 '27.
607 5413 636 5467 8
666 5416 719 5467 8.
754 5434 805 5467 ῃ.
836 5416 1090 5467 501-508.
1126 5416 1391 5467 Lumner.
1429 5421 1504 5467 De
1532 5418 1645 5467 vita
1673 5423 1723 5467 et
1763 5419 1979 5467 scriptis

335 5431 447 5483 cap.
484 5431 575 5481 ιιι,
608 5431 636 5487 3
666 5431 719 5471 δ.
751 5434 805 5486 ρ.
836 5431 1090 5470 ῡυιοῡυδ.
1126 5431 1391 5487 Lumper.
1429 5431 1504 5470 ue
1532 5431 1645 5471 vita
1673 5431 1723 5471 et
1763 5431 1979 5488 scriptis

335 5486 753 5627 gerégtltiézgziin
787 5488 919 5542 Hist.
957 5487 1137 5543 Theol.
1167 5489 1291 5543 crit.
1328 5489 1497 5543 litter.
1531 5487 1624 5543 SS.
1658 5492 1772 5543 PP:
1807 5490 1979 5558 t.Vll,

406 5629 515 5699 (37)
546 5629 631 5684 Cf.
667 5628 886 5684 Christ.
931 5629 1162 5686 Cellarii
1222 5633 1456 5686 Dissert.
1517 5630 1670 5695 ΧΙῐΙ,
1723 5632 1790 5686 de
1845 5632 1983 5688 LXX

344 5700 680 5772 lnterpretib.
704 5719 729 5765 ;
788 5730 879 5772 -—_
908 5701 1107 5759 Simon
1158 5703 1229 5758 de
1262 5700 1576 5772 Magistris,
1604 5703 1820 5759 Dissert.
1854 5705 1982 5759 sub-

335 5765 547 5840 junctas
585 5772 831 5832 editioni
853 5765 1381 5846 Septuagintavirali
1402 5765 1634 5830 version.
1668 5775 1882 5832 Daniel.
1914 5792 1985 5832 ex

2089 4772 2147 4822 et
2205 4766 2441 4824 homine
2470 4770 2889 4842 prophetarum
2920 4774 3207 4830 vaticiniis
3238 4774 3649 4847 przenuntiato,
3677 4774 3738 4829 in

2086 4856 2292 4913 Judaea
2321 4874 2495 4914 carne
2542 4858 2747 4916 induto
2808 4878 2873 4918 ac
2929 4867 3291 4936 conversato,
3352 4868 3605 4935 mortuo,
3664 4862 3739 4920 ad

2090 5052 2271 5134 codice
2317 5054 2628 5134 .C/tz'giand;
2691 5062 2896 5134 Iiump.
2961 5061 3060 5117 loc.
3121 5063 3275 5118 citat.
3326 5077 3383 5131 p.
3414 5061 3521 5117 666
3547 5067 3738 5134 etsqq.

2091 5077 2271 5136 codice
2329 5077 2628 5125 wuglano;
2691 5077 2896 5131 Lump.
2961 5077 3060 5117 ioc.
3121 5077 3275 5118 cztat.
3326 5077 3383 5131 ρ.
3414 5077 3521 5117 000
3547 5077 3600 5117 et
3625 5077 3681 5132 sq
3725 5102 3735 5117 .

2091 5126 2286 5253 ,ἓᾱξῖεὲξ
2314 5126 2561 5253 Etsi-(itan
2599 5130 2668 5185 Le
2697 5130 2923 5204 Nourry
2951 5134 3237 5189 Dissertat.
3267 5149 3315 5189 c.
3348 5135 3402 5203 6,
3436 5150 3521 5189 ar.
3566 5135 3623 5202 2,
3682 5077 3735 5201 ἕ,

2089 5215 2278 5345 ρ’(ἑξ)
2309 5215 2778 5345 guliglnostikus.
2811 5274 2993 5331 Geist.
3028 5277 3131 5331 des
3160 5274 3499 5332 Tertullian.
3531 5293 3583 5330 a.
3613 5291 3661 5329 e.
3696 5275 3735 5328 i.

2167 5340 2534 5421 (39)_Vid.'J.
2569 5345 2899 5421 A._Mmhler
2952 5349 3233 5421 Patrolog.
3298 5349 3437 5403 oder
3485 5345 3743 5421 christli-

607 5413 719 5492 §_8_.
751 5416 1391 5492 p:__501-§08._Lumper.
1429 5421 1504 5470 De
1532 5411 1645 5492 vita
1673 5411 1723 5471 et
1763 5411 1970 5492 scriptu

2094 5411 2842 5492 ohe-Literzergeschichte,
2902 5422 2943 5474 t.
3004 5420 3076 5486 ll,
3133 5411 3201 5492 p:
3222 5421 3347 5490 354,
3377 5434 3513 5474 vers.
3549 5420 3740 5489 gallie.

2097 5483 2277 5539 Paris.
2314 5490 2468 5543 1813.

2165 5555 2276 5631 (49)
2307 5561 2389 5615 Cf.
2424 5560 2550 5616 Nat.
2581 5560 2735 5617 Alex.
2772 5562 2908 5617 Hist.
2942 5564 3066 5618 eccl.
3118 5578 3241 5617 me.
3299 5580 3358 5631 1|,
3418 5568 3527 5617 art.
3589 5560 3737 5629 VIII,

2093 5632 2151 5703 t._
2198 5630 2295 5685 ΙΙΙ.
2356 5662 2424 5670 —-
2482 5637 2732 5687 Cantova
2788 5634 2846 5688 in
2891 5636 3114 5688 Dissert.
3142 5634 3209 5689 de
3240 5630 3499 5700 Septimii
3525 5636 3577 5688 et
3606 5635 3742 5703 Epi-

2084 5700 2293 5773 phanii
2320 5704 2900 5776 athropomorphismo.
2934 5704 3166 5761 Mediol.
3197 5708 3355 5775 1773,
3389 5707 3558 5762 in-80.
