4060 6410
285 362 364 421 23
1766 351 2216 427 ΡΗΕΡΑΤΙΟ,
3619 359 3696 416 24

287 491 470 547 vitam
502 505 766 563 regresso
798 507 863 547 ac
894 492 953 548 in
987 491 1145 547 ccelis
1176 491 1722 564 assumpto,iterum
1747 490 1939 546 remit—
1966 480 2022 548 Δ
2123 497 2347 549 Rursus
2377 492 2642 548 eamdem
2675 505 2910 546 carnem
2943 507 2977 546 a
3007 493 3242 562 peccato
3275 491 3592 544 recreatam
3642 492 3703 542 et

290 585 484 637 tamus
515 580 616 637 22
650 582 723 637 ad
753 581 1034 637 eximium
1065 597 1213 653 opus
1241 584 1327 646 ιι).
1391 583 1465 637 Le
1522 582 1748 651 Nourry
1806 581 1936 652 (inf.

289 686 410 742 cap.
469 671 549 741 9),
609 670 710 741 qui
742 671 968 743 egregie
999 670 1311 726 contundit
1340 670 1669 743 pervicaces
1698 669 1939 724 Marcio-

292 758 406 825 nis,
467 758 707 831 Apellis,
770 758 1136 831 aliorumque
1194 759 1606 816 Gnosticorum
1665 760 1941 815 adiuven-

291 846 504 903 tiones.

363 937 526 992 Idem
557 937 922 993 adamussim
955 953 1022 993 ea
1053 955 1178 1010 qua:
1210 939 1280 994 de
1309 938 1532 1010 angelis
1563 941 1618 993 et
1661 934 1940 992 daemoni-

291 1025 406 1082 bus
435 1026 613 1082 habet
642 1026 1062 1097 Tertullianus,
1094 1029 1342 1100 explicat
1363 1028 1505 1084 ibid.
1540 1043 1666 1098 cap.
1700 1026 1788 1081 40.

359 1132 867 1200 Tertullianus,de
898 1134 1136 1190 homine
1167 1135 1462 1191 disserens
1495 1133 1669 1189 variis
1701 1132 1826 1188 suis
1879 1131 1940 1185 in

289 1221 552 1294 scriptis,
603 1222 794 1294 primo
826 1223 1008 1278 tradit
1036 1223 1334 1279 hominem
1368 1224 1651 1280 facturam
1684 1237 1812 1276 esse
1841 1217 1942 1274 Dei

289 1311 590 1380 creatoris,
625 1315 894 1366 constare
925 1327 994 1366 ex
1023 1311 1253 1367 duabus
1285 1310 1654 1376 substantiis,
1705 1322 1943 1380 corpore

289 1416 355 1455 ac
384 1399 690 1465 anima.ad
724 1399 1171 1456 similitudinem
1200 1400 1323 1456 Filii
1357 1405 1413 1457 et
1437 1401 1691 1473 Spiritus
1723 1400 1941 1454 factum

289 1505 460 1561 opus,
490 1493 547 1545 et
576 1489 891 1561 imaginem
926 1489 1044 1559 Dei,
1068 1490 1248 1545 totius
1279 1490 1673 1546 universitatis
1705 1503 1942 1560 posses-

291 1594 484 1633 sorem
545 1594 693 1646 esse,
747 1583 921 1650 atque
979 1579 1039 1634 in
1072 1579 1178 1634 hoc
1203 1580 1275 1635 ab
1306 1580 1434 1652 ipso
1465 1580 1580 1634 Deo
1611 1582 1942 1634 extructum

293 1667 576 1734 fuisse,ut
607 1668 883 1724 dominus
909 1685 1038 1725 esse
1068 1674 1283 1741 posset,
1315 1669 1455 1724 dum
1489 1669 1553 1722 ﬁt
1609 1685 1644 1723 a
1699 1666 1943 1722 Domino

294 1754 417 1826 (lib.
479 1773 552 1826 Iv,
602 1757 724 1812 adv.
784 1757 975 1825 Marc.,
1028 1774 1155 1829 cap.
1189 1759 1279 1827 37,
1311 1755 1413 1812 lib.
1443 1774 1480 1811 ν
1509 1773 1636 1828 cap.
1671 1757 1776 1824 17;
1809 1755 1940 1810 adv.

2050 598 2183 637 cum
2243 583 2440 636 anima
2495 580 2748 636 rediviva
2807 582 3230 650 resurgentem,
3263 577 3357 632 his
3386 576 3700 632 adumbrat

2051 671 2498 726 delineamentis
2559 687 2571 724 :
2637 669 2771 724 Cum
2827 671 3017 724 anima
3077 670 3183 722 Deo
3239 667 3527 736 allegitur,
3580 667 3700 736 ipsa

2051 763 2229 830 (caro)
2261 765 2357 824 est,
2382 777 2498 831 qum
2526 761 2711 829 efﬁcit,
2743 768 2803 813 ut
2834 761 3029 813 anima
3059 759 3231 828 allegi
3252 761 3441 828 possit.
3477 756 3701 810 Scilicet

2049 867 2175 904 caro
2206 851 2472 916 abluitur,
2507 851 2606 905 23
2637 859 2698 904 ut
2730 849 2917 903 anima
2948 849 3304 902 emaculetur.
3351 849 3492 902 Caro
3539 846 3703 914 ungi-

2052 948 2166 1006 tur,
2191 943 2250 993 ut
2281 940 2471 993 anima
2499 939 3009 994 consecretur.Caro
3038 937 3316 1006 signatur,
3336 944 3398 990 ut
3428 941 3481 989 et
3509 935 3705 989 anima

2049 1031 2340 1082 muniatur
2371 1069 2383 1082 .
2454 1028 2593 1083 Caro
2659 1043 2859 1081 manus
2922 1025 3268 1097 impositione
3322 1023 3702 1089 adumbratur,

2050 1120 2110 1170 ut
2137 1125 2193 1172 et
2234 1119 2424 1171 anima
2479 1116 2688 1188 spiritu
2747 1116 3124 1171 illuminetur.
3183 1115 3326 1170 Caro
3376 1126 3603 1182 corpore
3654 1117 3707 1165 et

2050 1206 2322 1276 sanguine
2379 1205 2588 1261 Christi
2645 1207 2908 1271 vescitur,
2969 1212 3028 1258 ut
3085 1207 3135 1258 et
3163 1204 3356 1258 anima
3383 1201 3447 1256 de
3474 1202 3580 1256 Deo
3609 1215 3705 1254 sa-

2051 1295 2404 1367 ginetur(De
2463 1299 2698 1349 Resurr.
2760 1310 2946 1361 carn.,
3007 1293 3084 1361 8).
3145 1292 3398 1362 Sequitur
3454 1292 3706 1344 animam

2050 1384 2340 1440 nubentem
2391 1385 2595 1451 spiritu
2623 1399 2774 1449 caro,
2806 1385 2866 1437 ut
2897 1382 3074 1438 dotale
3103 1382 3465 1451 mancipium,
3497 1383 3546 1434 et
3588 1381 3704 1447 iam

2051 1489 2161 1528 non
2190 1475 2397 1529 animm
2420 1472 2754 1544 famula.sed
2781 1471 3080 1542 spiritus.0
3115 1470 3331 1524 beatum
3361 1468 3705 1523 connubium

2051 1562 2101 1614 si
2131 1577 2237 1615 non
2271 1560 2554 1614 admiserit
2587 1557 2968 1614 adulterium!
2990 1558 3090 1622 (De
3119 1557 3468 1626 Anima,41.)
3501 1555 3704 1611 Carnis

2054 1649 2290 1704 demum
2325 1665 2457 1703 cum
2491 1647 2719 1703 Christo
2751 1647 2979 1703 ovantis
2999 1646 3365 1718 triumphum
3397 1644 3704 1716 splendide

2054 1737 2332 1793 describit
2365 1756 2377 1793 :
2411 1739 2510 1793 Hic
2540 1737 2734 1808 (Jesus
2763 1736 3119 1808 Christus)...
3153 1737 3341 1790 carnis
3367 1750 3577 1807 quoque
3604 1735 3700 1790 de-

292 1824 603 1916 Praxeam,
635 1861 762 1918 cap.
799 1846 900 1914 12;
929 1845 995 1903 de
1023 1824 1222 1918 Spect.,
1254 1824 1379 1918 cap.
1410 1849 1479 1914 2;
1510 1824 1599 1900 de-
1633 1845 1941 1900 Resurrecl.
1971 1851 2020 1916 B
2048 1828 2290 1918 Ροξίίανη
2311 1828 2511 1918 ’δθνυαί
2568 1828 2657 1918 in,
2684 1827 2992 1897 semetipso.
3049 1824 3416 1918 al‘l'habol'e‘f"
3468 1839 3699 1918 summ?

286 1935 491 1988 carnis.
525 1950 650 2006 cap.
681 1935 737 2001 5,
766 1935 842 2007 6).

360 2039 759 2096 Tertullianus
785 2042 894 2096 etsi
927 2043 1301 2114 quibusdam,
1336 2041 1584 2114 carptim
1615 2042 1745 2112 ejus
1794 2038 1937 2096 scri-

290 2131 390 2201 pta
446 2129 789 2197 libentibus,
842 2131 1108 2186 videatur
1144 2132 1214 2188 de
1257 2130 1493 2187 homine
1523 2134 1579 2186 et
1609 2129 1804 2186 anima
1830 2129 1938 2183 du-

291 2215 431 2272 riori
465 2234 532 2272 ac
562 2218 855 2290 pinguiori
887 2221 1148 2276 minerva
1176 2219 1598 2292 philosophari,
1625 2219 1674 2274 si
1707 2217 1938 2289 penitus

293 2321 462 2361 mens
493 2306 620 2377 ejus
651 2308 1328 2381 intrOSpiciatur,merito
1359 2310 1544 2364 ardua
1572 2325 1638 2364 ac
1668 2305 1932 2363 subtilis-

292 2393 446 2450 sima
476 2395 932 2469 anthropologiaa
964 2414 1029 2452 ac
1060 2397 1448 2471 psychologiae
1481 2413 1693 2452 arcana
1722 2395 1934 2451 acutis-

290 2481 442 2539 simo
472 2484 680 2540 obtutu
714 2491 1052 2557 penetrasse
1081 2487 1468 2543 aastimabitur
1497 2487 1628 2557 (41).

366 2590 622 2646 Platonis
650 2592 806 2648 enim
837 2593 1042 2661 instar,
1076 2599 1300 2665 partem
1359 2594 1571 2648 animai
1628 2590 1940 2663 distinguit

293 2678 794 2750 duplicem,unam
828 2681 1066 2752 quidem
1099 2682 1522 2754 intelligentem
1554 2698 1619 2737 ac
1641 2679 1938 2752 sapientiae

297 2769 522 2838 sedem,
556 2767 797 2825 alteram
831 2787 962 2826 vero
994 2787 1202 2827 caecam
1234 2775 1290 2828 et
1318 2770 1715 2844 intelligentiae
1741 2785 1940 2841 exper-

296 2864 411 2912 tem
445 2853 666 2932 λόγικον
702 2863 759 2914 et
787 2855 1051 2934 aaoyov);
1085 2861 1343 2916 animam
1387 2865 1583 2916 autem
1640 2875 1674 2913 a
1727 2858 1942 2930 spiritu

293 2945 602 3019 distingui,
659 2964 836 3004 sensu
895 2948 1182 3021 gnostico,
1230 2953 1403 3021 negat
1436 2965 1448 3004 :
1483 2949 1542 3004 Si
1569 2964 1797 3020 separas
1824 2948 1942 3016 spi-

289 3034 467 3091 ritum
495 3041 553 3092 et
579 3038 847 3103 animam,
879 3054 1075 3110 separa
1103 3046 1154 3095 et
1183 3054 1380 3110 opera;
1405 3039 1570 3109 agant
1597 3039 1658 3093 in
1711 3037 1940 3092 discreto

291 3125 507 3196 aliquid
559 3126 738 3193 ambo,
796 3143 1038 3184 seorsum
1095 3130 1320 3195 anima,
1363 3143 1608 3184 seorsum
1664 3127 1929 3198 spiritus,

291 3217 482 3270 anima
507 3215 630 3271 sine
655 3219 864 3288 spiritu
894 3219 1057 3284 vivat,
1076 3219 1306 3289 spiritus
1333 3219 1453 3273 sine
1481 3219 1670 3272 anima
1697 3218 1936 3278 sciret...
1971 3224 2015 3292 ο

291 3306 443 3371 Ergo
469 3304 579 3360 duo
607 3321 716 3360 non
746 3311 928 3376 erunt,
989 3321 1114 3378 quae
1169 3307 1354 3364 dividi
1405 3322 1517 3363 non
1563 3309 1787 3379 possunt
1838 3306 1943 3377 (De

292 3391 524 3460 Anima,
557 3409 681 3465 cap.
719 3394 830 3465 40).

367 3501 510 3554 Cum
542 3499 740 3556 anima
767 3501 924 3556 idem
956 3502 1035 3557 sit
1076 3519 1140 3558 ac
1171 3502 1434 3574 spiritus,
1469 3501 1795 3558 necessario
1849 3517 1946 3557 se-

299 3587 505 3658 quitur
533 3587 742 3644 animaz
774 3591 1162 3662 proprietates
1193 3592 1426 3646 easdem
1459 3607 1588 3648 esse
1605 3607 1670 3646 ac
1688 3590 1947 3662 proprie-

293 3679 446 3733 tates
477 3676 762 3748 spiritus;
810 3677 947 3735 hinc
1004 3679 1263 3736 animam
1318 3696 1448 3736 esse
1504 3680 1856 3751 simplicem,
1917 3695 1951 3734 a

295 3780 539 3836 corpore
596 3771 961 3836 separatam;
996 3772 1114 3824 tam
1143 3768 1290 3825 duas
1321 3785 1412 3824 res
1444 3785 1622 3840 quam
1655 3768 1944 3834 diversas;

294 3868 403 3909 nec
454 3853 697 3926 proinde
724 3855 1163 3929 impingendum
1201 3861 1291 3913 est
1321 3857 1380 3912 in
1413 3858 1472 3912 id
1506 3858 1659 3929 quod
1692 3862 1748 3914 et
1777 3858 1850 3913 ab
1881 3875 1948 3914 eo

295 3943 624 4014 appellatur
653 3948 960 4018 corporalis
990 3951 1047 4001 et
1075 3947 1464 4019 efﬁgiata,seu
1498 3946 1556 4001 in
1590 3947 1782 4018 specie
1812 3951 1868 4003 et
1887 3963 1948 4003 re

291 4031 894 4101 subsistens;aliunde
924 4034 1234 4090 conﬁtetur
1265 4052 1394 4091 eam
1425 4035 1525 4091 Dei
1557 4036 1699 4090 ﬂatu
1723 4042 1946 4104 natam,

293 4126 506 4176 natura
534 4121 948 4195 Christianam,
981 4123 1316 4178 substantia
1344 4123 1946 4196 simplicem,liberam

293 4209 542 4282 arbitrii,
577 4211 944 4278 rationalem,
976 4212 1392 4281 immortalem,
1426 4230 1542 4268 non
1573 4229 1641 4268 ex
1671 4207 1951 4284 gratia,ut

292 4315 498 4357 omnes
555 4301 739 4357 ferme
789 4304 1035 4370 veteres,
1093 4302 1195 4358 sed
1255 4317 1322 4357 ex
1378 4305 1588 4358 natura
1635 4318 1782 4358 sua:
1817 4319 1946 4358 eam

291 4404 425 4445 vero
457 4395 586 4462 post
617 4395 964 4462 praesentem
997 4391 1149 4446 hanc
1176 4391 1383 4458 vitam,
1413 4390 1500 4447 vel
1549 4391 1744 4448 dolere
1791 4393 1946 4464 apud

295 4477 536 4547 inferos,
567 4479 655 4536 vel
686 4480 940 4552 gaudere
967 4480 1025 4534 in
1052 4479 1212 4535 cmlis
1248 4480 1430 4551 (Ibid,
1474 4497 1599 4550 cap.
1654 4481 1764 4552 58).
1826 4481 1946 4536 Etsi

2047 1916 2236 1971 totius.
2292 1915 2756 1983 Quemadmodum
2811 1918 2959 1970 enim
2999 1916 3159 1971 nobis
3185 1915 3550 1970 arrhabonem
3578 1915 3695 1986 spi-

2045 2008 2184 2061 ritus
2213 2003 2467 2077 reliquit,
2499 2008 2577 2061 ita
2607 2011 2659 2060 et
2689 2021 2721 2061 a
2749 2006 2904 2061 nobis
2932 2004 3296 2060 arrhabonem
3323 2005 3508 2059 carnis
3533 2019 3694 2059 acce-

2045 2097 2150 2162 dit,
2181 2104 2230 2151 et
2259 2097 2409 2151 vexit
2440 2097 2503 2151 in
2549 2091 2738 2149 aetum
2794 2097 2993 2165 pignus
3049 2094 3216 2148 totius
3268 2107 3501 2149 summae
3557 2093 3695 2147 illuc

2045 2185 2365 2258 quandoque
2394 2184 2725 2255 redigenda;
2757 2184 2946 2240 Securi
2973 2188 3158 2253 estote,
3190 2199 3316 2238 caro
3344 2190 3395 2238 et
3432 2183 3689 2253 sanguis;

2045 2276 2352 2346 usurpastis
2381 2276 2646 2330 etccelum
2673 2276 2723 2329 et
2771 2290 3001 2344 regnum
3057 2275 3156 2328 Dei
3211 2272 3268 2328 in
3324 2271 3534 2328 Christo
3592 2270 3695 2339 (De

2047 2363 2284 2418 Resurr.
2318 2379 2477 2418 earn.
2511 2378 2561 2418 c.
2592 2362 2703 2431 54).

2119 2452 2233 2507 Nec
2263 2451 2322 2505 in
2354 2450 2463 2506 hoc
2493 2450 2701 2505 animae
2726 2449 2963 2521 integrae
2995 2453 3053 2506 et
3085 2449 3368 2514 innocuis,
3402 2461 3580 2519 quam
3633 2444 3691 2500 in

2045 2540 2224 2611 lapsas
2282 2557 2348 2596 ac
2403 2539 2704 2595 maculatae
2759 2543 2914 2594 statu
2973 2537 3354 2594 describendo
3387 2535 3694 2591 infelicior.

2049 2629 2345 2702 Originale
2409 2632 2713 2701 peccatum
2778 2629 3071 2693 admittit,
3128 2628 3413 2697 docetque
3467 2623 3699 2696 egregie

2051 2719 2364 2790 quomodo,
2397 2734 2573 2790 quam
2605 2716 2720 2771 late
2751 2721 2808 2773 et
2838 2715 3187 2787 primigenia
3210 2714 3372 2769 labes
3416 2711 3699 2784 serpserit

2051 2825 2117 2864 ac
2147 2822 2352 2862 omnes
2381 2806 2644 2861 infecerit
2675 2822 2688 2860 :
2723 2806 2921 2860 Anima
2950 2804 3192 2860 hominis
3240 2804 3385 2859 velut
3439 2802 3696 2857 surculus

2051 2899 2287 2969 quidam
2316 2913 2385 2952 ea:
2412 2897 2642 2950 matrice
2673 2895 2854 2949 Adam
2885 2896 2946 2949 in
2971 2895 3338 2966 propaginem
3371 2892 3595 2948 deducta
3641 2899 3695 2946 et

2050 2987 2387 3057 genitalibus
2432 2987 2657 3055 feminae
2709 2985 2882 3056 foveis
2935 2983 3342 3052 commandata,
3390 2998 3516 3036 cum
3545 2980 3698 3036 omni

2048 3094 2152 3132 sua
2205 3081 2469 3148 paratum
2527 3073 2848 3146 pullulabit,
2895 3080 3004 3127 etc.
3034 3073 3134 3144 (De
3162 3071 3354 3126 Anim.
3390 3071 3498 3142 19).
3527 3073 3696 3126 Sata~~

2049 3183 2181 3222 nam
2204 3168 2599 3237 pronuntias...
2631 3179 2727 3234 per
2753 3178 2913 3234 quem
2944 3162 3100 3217 homo
3137 3178 3172 3216 a
3223 3160 3531 3232 primordio
3589 3161 3701 3215 cir-

2050 3263 2367 3312 cumventus
2413 3261 2473 3308 ut
2519 3260 2854 3324 praeceptum
2882 3253 2977 3307 Dei
3001 3250 3299 3322 excederet,
3330 3255 3384 3306 et
3408 3257 3701 3322 propterea

2053 3348 2113 3400 in
2145 3348 2373 3401 mortem
2402 3343 2576 3409 datus,
2609 3340 2806 3396 exinde
2833 3343 3006 3396 totum
3031 3357 3201 3412 genus
3228 3341 3297 3396 de
3343 3355 3438 3395 suo
3491 3341 3702 3394 semine

2055 3434 2344 3507 infectum,
2377 3446 2497 3488 suae
2520 3432 2689 3485 etiam
2717 3429 3091 3486 damnationis
3123 3430 3410 3485 traducem
3437 3429 3565 3499 fecit
3595 3429 3697 3499 (De

2057 3522 2295 3578 Testim.
2330 3521 2521 3575 Anim.
2557 3521 2631 3586 3).

2127 3611 2446 3668 Audiamus
2478 3624 2634 3664 nunc
2662 3608 2933 3664 eumdem
2965 3607 3181 3664 Christi
3212 3609 3405 3663 ortum
3435 3606 3495 3662 in
3526 3605 3700 3661 terris

2058 3700 2224 3772 quasi
2259 3716 2406 3756 novo
2439 3697 2664 3754 cantico
2714 3697 3119 3754 concinentem
3152 3713 3166 3752 :
3199 3700 3346 3753 Nave
3400 3697 3557 3751 nasci
3610 3695 3698 3750 de-

2059 3790 2213 3846 bebat
2244 3790 2423 3857 ξηουιε
2448 3789 2764 3844 nativitatis
2795 3788 3142 3844 dedicator...
3176 3792 3305 3843 Hac
3332 3790 3411 3841 est
3437 3786 3700 3840 nativitas

2056 3896 2216 3946 nova,
2249 3879 2381 3933 dum
2411 3877 2566 3934 homo
2595 3878 2848 3933 nascitur
2902 3878 2963 3932 in
3017 3878 3145 3946 Deo,
3202 3877 3258 3932 in
3319 3890 3424 3945 quo
3480 3873 3701 3930 homine

2056 3970 2196 4023 Deus
2242 3971 2403 4023 natus
2447 3972 2545 4038 est,
2578 3983 2754 4022 carne
2782 3967 3002 4037 antiqui
3029 3965 3257 4021 seminis
3283 3971 3549 4035 suscepta,
3579 3964 3701 4019 sine

2055 4059 2261 4114 semine
2290 4060 2536 4128 antiquo,
2568 4059 2632 4112 ut
2662 4056 2820 4111 illam
2848 4071 2983 4112 novo
3008 4055 3235 4120 semine,
3285 4052 3342 4108 id
3396 4057 3478 4108 est
3530 4052 3700 4122 spiri-

2059 4147 2287 4216 taliter,
2345 4148 2670 4216 reformaret
2735 4145 2974 4201 exclusis
3039 4143 3387 4215 antiquitatis
3451 4139 3702 4196 sordibus

2055 4237 2334 4307 expiatam
2364 4235 2466 4306 (De
2495 4250 2669 4290 carne
2697 4233 2931 4303 Christi,
2965 4249 3014 4288 c.
3046 4231 3157 4304 l7).

2129 4323 2492 4381 Tertulliano
2539 4322 2811 4394 apparuit
2865 4321 3203 4377 humanitas
3261 4323 3318 4376 et
3371 4317 3702 4390 benignitas

2055 4415 2366 4470 Salvatoris
2397 4414 2456 4468 in
2489 4429 2684 4483 carne,
2717 4411 2973 4466 Verbum
3007 4427 3137 4466 caro
3172 4411 3702 4480 factum,tanquam

2057 4503 2322 4561 omnium
2357 4502 2491 4558 ﬁdei
2549 4501 2963 4573 mysteriorum
3023 4500 3376 4571 principium
3434 4502 3491 4554 et
3543 4496 3702 4563 ﬁnis,

291 4567 559 4662 3119.10“)
586 4569 792 4625 doceat
820 4569 1100 4662 δοίῖθῗλων
1137 4573 1270 4625 ante
1301 4567 1692 4662 “Fiveréalem
1749 4586 1942 4625 resur'
1974 4597 2021 4662 1)
2054 4609 2210 4647 novae
2237 4591 2549 4646 creationis
2574 4589 2877 4662 fastigium
2901 4593 2957 4644 et
2979 4567 3701 4655 fundam—cntummnicum

289 4655 608 4713 rectionem
654 4675 758 4715 nec
805 4657 1025 4730 puniri,
1059 4675 1161 4714 nec
1193 4659 1478 4731 gaudere:
1512 4659 1753 4730 insuper
1783 4675 1938 4731 quaa-

293 4746 429 4801 dam
461 4751 700 4818 peccata
731 4751 863 4819 post
889 4753 1139 4803 mortem
1172 4747 1328 4803 illico
1361 4749 1530 4804 nobis
1560 4748 1777 4804 luenda
1820 4749 1941 4805 fore

289 4835 403 4891 sub
437 4837 837 4907 expectatione
868 4837 1333 4892 resurrectionis.

360 4941 608 4999 Carnem
643 4942 835 5015 ipsam
867 4943 1121 4999 hominis
1153 4942 1370 4999 mirum
1402 4944 1461 4999 in
1489 4945 1730 5000 modum
1761 4946 1937 5018 glori-

288 5031 429 5087 ﬁcat
457 5030 881 5097 Tertullianus,
914 5049 1019 5088 nec
1049 5048 1401 5104 quamquam
1430 5034 1623 5089 forsan
1656 5051 1723 5090 ex
1758 5035 1938 5090 Patri-

286 5120 400 5176 bus
432 5121 689 5192 reperias
715 5122 815 5192 qui
843 5121 913 5176 de
943 5138 1011 5176 ea
1041 5122 1362 5194 insigniora
1395 5122 1622 5178 dixerit.
1659 5123 1941 5192 Quodcun-

289 5224 412 5281 que,
446 5208 658 5280 inquit,
693 5209 858 5263 limus
886 5210 1318 5281 exprimebatur,
1371 5209 1615 5266 Christus
1669 5213 1942 5282 cogitaba-

288 5303 382 5354 tur
430 5297 589 5354 homo
633 5301 925 5369 futurus...
957 5303 1046 5355 Ita
1079 5299 1242 5354 limus
1273 5300 1368 5356 ille
1381 5303 1514 5372 jam
1543 5305 1671 5356 tunc
1708 5301 1943 5356 induens

288 5388 595 5458 imaginem
627 5387 831 5442 Christi
856 5390 1037 5458 futuri
1064 5389 1124 5443 in
1168 5405 1348 5459 carne,
1407 5405 1517 5445 non
1572 5394 1793 5445 tantum
1846 5391 1945 5446 Dei

289 5491 424 5549 opus
454 5480 592 5550 erat,
618 5477 721 5532 sed
746 5479 797 5533 et
821 5479 1026 5550 pignus
1058 5478 1161 5550 (De
1192 5494 1410 5535 resurr.
1444 5495 1604 5535 carn.
1639 5496 1690 5534 ο.
1722 5481 1776 5534 6.

2051 4680 2256 4736 mundi
2289 4679 2531 4735 orientis
2557 4677 2977 4747 meditullium,
3010 4679 3165 4734 unde
3221 4675 3419 4734 omnia
3475 4678 3534 4732 in
3593 4692 3700 4730 nos

2049 4771 2202 4825 bona
2259 4768 2616 4835 derivantur,
2679 4784 2793 4839 quo
2843 4772 3054 4823 cuncta
3079 4784 3210 4839 quae
3238 4767 3421 4824 Deum
3453 4765 3703 4836 religant

2048 4863 2103 4914 et
2129 4858 2421 4925 homines,
2463 4861 2732 4912 remeant
2787 4861 2844 4913 et
2898 4861 3342 4913 connectantur.
3403 4855 3546 4910 Hinc
3602 4858 3698 4909 8e-

2048 4946 2239 5019 ptimii
2270 4947 2582 5001 vehemens
2615 4949 2672 5002 et
2701 4945 2890 5001 acrior
2920 4946 3175 5017 impetus
3205 4963 3321 5018 quo
3353 4945 3411 4999 in
3442 4943 3700 5000 admira-

2046 5036 2270 5091 tionem
2300 5033 2474 5089 Verbi
2501 5033 2788 5090 incarnati
2820 5035 3066 5106 rapitur,
3100 5051 3214 5106 quo
3245 5033 3563 5104 cujuslibet
3592 5032 3701 5088 hoc

2051 5140 2333 5197 magnum
2368 5123 2604 5196 pietatis
2637 5131 3070 5179 sacramentum
3102 5123 3190 5178 vel
3251 5122 3449 5178 leviter
3506 5121 3701 5193 impu-

2051 5214 2287 5286 gnantis
2343 5213 2557 5284 impios
2606 5229 2787 5269 ausus
2817 5213 3003 5285 carpit
3032 5217 3089 5268 et
3118 5211 3380 5267 retundit
3411 5227 3423 5266 :
3460 5227 3576 5282 quo
3605 5211 3702 5265 in-

2052 5303 2248 5358 sanire
2289 5302 2538 5370 videtur,
2571 5319 2686 5373 prae
2719 5303 2902 5357 nimio
2931 5302 2990 5356 in
3024 5301 3322 5356 Christum
3382 5304 3585 5356 natum
3645 5303 3703 5354 et

2054 5409 2294 5464 passum
2323 5391 2747 5462 stupore:5ed
2803 5393 2916 5458 iam
2973 5392 3081 5461 hic,
3140 5389 3333 5462 inquit
3399 5389 3699 5454 Marcioni,

2053 5481 2334 5552 responde,
2366 5482 2678 5550 interfector
2702 5484 2961 5538 veritatis
2991 5499 3010 5537 :
3039 5486 3232 5540 Nonne
3255 5497 3381 5537 vere
3400 5480 3701 5550 cruciﬁxus

360 5601 472 5676 (41)
501 5601 650 5659 Vide
679 5603 799 5660 hanc
830 5602 1157 5661 luculenter
1185 5604 1448 5678 exposita
1476 5605 1534 5661 in
1568 5619 1740 5677 opere
1764 5604 1889 5676 jam
1918 5604 2155 5664 laudato
2184 5607 2238 5664 J.
2271 5607 2336 5662 A.
2397 5604 2656 5662 Mcehler.
2717 5607 2992 5678 Patrolog,
3023 5610 3065 5663 t.
3125 5606 3194 5679 II,
3255 5623 3312 5680 p.
3371 5606 3496 5662 364.
3553 5620 3695 5662 vers.

288 5692 424 5765 gall.
