4060 6396
178 395 248 453 25
1653 390 2093 453 PRJEFA'I‘IO.
3503 398 3586 457 26

180 534 249 581 est
278 525 455 580 Deus?
482 540 677 579 nonne
706 539 836 580 vere
877 529 1149 590 mortuus,
1211 532 1269 580 ut
1312 540 1437 579 vere
1486 525 1825 595 cruciﬁxus?
1856 525 1906 590 Α
1937 524 2261 595 baptizatos
2295 526 2414 581 sive
2445 527 2721 593 infantes,
2772 527 2891 583 sivo
2932 525 3184 595 adultos,
3248 528 3449 583 eodem
3486 529 3586 585 be-

180 630 350 669 nonne
376 629 501 667 vere
538 615 908 669 resuscitatus
939 618 1025 668 P...
1062 615 1234 668 Parce
1273 616 1455 670 unica
1494 616 1614 683 spei
1662 614 1837 667 totius

181 704 335 758 orbis.
364 702 501 770 Quid
522 702 774 758 destruis
798 705 1172 758 necessarium
1187 703 1415 757 dedecus
1445 702 1616 773 fidei?
1645 702 1826 771 Quod-

180 808 384 863 cunque
412 793 514 846 Deo
549 792 848 861 indignum
878 796 979 859 est,
1019 793 1161 846 mihi
1189 792 1436 863 expedit.
1466 792 1653 845 Salvus
1685 807 1825 859 sum,

176 883 352 935 sinon
372 881 681 951 confundor
730 880 795 935 de
844 881 1074 937 Domino
1110 897 1246 936 meo.
1305 882 1409 948 Qui
1450 882 1581 945 mei,
1626 882 1825 949 inquit,

178 972 429 1041 confusus
456 971 649 1040 fuerit,
681 970 997 1041 confundor
1052 978 1105 1025 et
1148 986 1244 1038 ego
1303 970 1442 1040 ejus.
1492 970 1651 1024 Alias
1719 984 1829 1023 non

178 1060 391 1113 invenio
416 1059 682 1114 materias
725 1059 1089 1128 con/usionis,
1143 1073 1268 1129 quae
1321 1073 1408 1112 me
1451 1073 1549 1128 per
1595 1060 1829 1112 contem-

174 1151 327 1219 ptum
356 1148 574 1202 ruboris
623 1146 854 1217 probent
912 1146 1043 1201 bene
1091 1147 1464 1218 impudentem
1500 1150 1554 1201 et
1582 1148 1829 1215 feliciter

178 1239 424 1291 stultum.
456 1237 627 1291 Natus
656 1243 733 1291 est
781 1236 877 1291 Dei
919 1234 1121 1302 Filius,
1166 1251 1276 1291 non
1334 1236 1435 1291 24
1482 1235 1664 1305 pudet,
1698 1235 1829 1306 quia

179 1324 489 1394 pudendum
517 1330 617 1379 est.
654 1324 717 1377 Et
774 1329 1021 1379 mortuus
1067 1329 1146 1379 est
1200 1325 1303 1379 Dei
1358 1324 1556 1377 Filius.
1598 1323 1829 1376 Prorsus

178 1412 438 1468 credibile
484 1415 581 1478 est,
644 1414 775 1483 quia
824 1413 1072 1483 ineptum
1100 1416 1179 1467 est
1211 1429 1231 1473 ;
1263 1416 1313 1467 et
1341 1413 1609 1483 sepultus,
1641 1427 1831 1465 resur-

176 1503 339 1557 rexit.
379 1500 598 1555 Certum
627 1509 721 1571 est,
755 1502 895 1571 quia
922 1499 1263 1571 impossibile
1288 1501 1391 1572 (De
1447 1504 1615 1556 Carn.
1666 1499 1825 1569 Cbr.,

178 1606 298 1661 cap.
331 1590 414 1660 5).

247 1696 376 1751 Haec
410 1695 557 1750 satis
587 1699 785 1760 sunto,
816 1698 883 1750 ut
920 1700 1205 1766 quantum
1242 1697 1297 1750 in
1344 1696 1687 1767 exponenda
1719 1695 1830 1750 ﬁde

180 1784 510 1856 dogmatica
542 1785 818 1854 prodesse
843 1785 1025 1855 possit
1047 1783 1448 1839 Tertullianus
1478 1787 1825 1841 innotescat.

1941 614 2145 669 nelicio
2176 615 2423 671 donatos
2446 616 2649 670 fuisse.

2011 720 2405 777 Hierarchiam
2441 723 2894 777 ecclesiasticam
2930 741 2961 778 a
3011 723 3178 779 laicis
3230 724 3587 793 distinctam,

1938 810 2114 864 variis
2144 812 2489 866 instructam
2511 812 3061 883 ordinibus,quibus
3085 830 3192 868 sua
3207 819 3347 868 sunt
3368 815 3592 882 munia,

1939 916 2163 970 suaque
2210 902 2445 972 propria
2478 902 2736 966 nomina,
2772 903 2926 972 apud
2960 903 3263 958 hareticos
3292 904 3591 959 disturba-

1937 993 2057 1042 tam
2091 994 2191 1042 aut
2214 991 2446 1059 penitus
2502 989 2873 1059 exstinctam,
2926 991 3338 1047 inconcussam
3372 1010 3504 1047 vero
3537 997 3595 1048 et

1938 1077 2009 1131 ab
2034 1078 2315 1149 apostolis
2348 1080 2415 1133 ad
2454 1096 2640 1150 usque
2671 1080 2989 1134 novissima
3040 1085 3299 1151 tempora
3348 1082 3592 1153 perenni

1938 1166 2308 1222 successione
2340 1169 2492 1238 apud
2523 1168 2851 1223 Catholicos
2876 1169 3593 1239 servatam,Tertullianus

1938 1256 2156 1325 passim
2192 1258 2516 1326 profitetur,
2576 1274 2640 1312 ac
2699 1257 3019 1329 praesertim
3064 1258 3120 1311 in
3180 1274 3357 1314 aureo
3396 1259 3495 1314 illo
3529 1259 3594 1315 de

1937 1346 2450 1414 Prwscriptionibus
2480 1346 2650 1411 libro,
2684 1363 2853 1415 quem
2916 1347 3060 1400 forte
3105 1347 3298 1401 adhuc
3329 1347 3585 1402 Catholi-

1938 1447 2041 1485 cus
2073 1432 2447 1504 conscripsit,
2498 1433 2615 1503 jam
2673 1451 2803 1488 vero
2864 1435 3219 1490 Montanista
3265 1436 3466 1501 edidit,
3523 1436 3582 1491 in

1936 1537 2047 1589 quo
2082 1520 2379 1576 hisreticos
2412 1522 2499 1576 sui
2534 1523 2811 1593 temporis
2838 1522 3135 1594 suggillet,
3163 1524 3317 1594 quod
3353 1525 3591 1580 ordina-

1936 1609 2124 1664 tiones
2154 1627 2353 1665 eorum
2389 1612 2911 1677 temerariasJeves,
2942 1612 3593 1686 inconstantes,quipps

1938 1714 2071 1752 cum
2106 1698 2257 1754 alius
2290 1700 2461 1755 hodie
2494 1702 2589 1757 25
2654 1703 2953 1771 episcopus,
3005 1717 3134 1756 eras
3193 1701 3383 1756 alius:
3422 1702 3591 1757 hodie

1938 1788 2233 1855 diaconus,
2286 1791 2383 1859 qui
2426 1805 2555 1844 eras
2605 1790 2773 1845 lector
2825 1806 2845 1853 ;
2903 1789 3076 1845 hodie
3123 1791 3430 1863 presbyter,
3491 1791 3593 1863 qui

180 1872 302 1927 Alia
346 1872 622 1943 perplura
666 1877 805 1927 sunt
864 1874 1140 1944 dogmata
1197 1890 1346 1944 quas,
1389 1874 1459 1928 ab
1508 1890 1573 1930 eo
1631 1876 1833 1929 eadem
1864 1896 1912 1961 Β
1943 1892 2072 1931 eras
2094 1876 2298 1933 laicus.
2332 1878 2604 1949 (lbid.,c.
2640 1879 2751 1949 41.)

182 1963 446 2016 ubertate
477 1967 702 2016 asserta
749 1978 815 2017 ac
850 1962 1087 2017 uberius
1146 1979 1177 2017 a
1235 1963 1574 2018 doctissimo
1628 1964 1693 2019 D.
1754 1964 1831 2018 Le

185 2054 413 2121 Nourry
442 2054 860 2115 commentata,
884 2051 1060 2106 babes
1085 2050 1143 2106 in
1179 2051 1425 2123 hujusce
1457 2052 1601 2107 tomi
1622 2052 1828 2107 decur-

182 2156 247 2195 su
278 2138 496 2195 iterum
529 2140 588 2193 in
620 2138 807 2194 lucem
835 2139 1077 2211 prolata.

248 2255 438 2318 Quam
495 2254 727 2327 egregie
784 2258 1052 2326 recteque
1100 2255 1419 2327 Septimius
1486 2256 1832 2312 intellexerit

175 2360 372 2399 veram
408 2344 821 2415 sinceramque
852 2360 1105 2415 operosae
1151 2348 1207 2399 et
1255 2345 1521 2416 practicas
1554 2345 1687 2400 ﬁdei
1724 2362 1829 2400 no-

177 2438 306 2487 stris
341 2433 664 2499 notionem,
698 2432 846 2487 nihil
884 2433 1073 2505 magis
1131 2434 1299 2488 nobis
1366 2434 1622 2489 ostendit
1654 2450 1829 2505 quam

177 2522 548 2593 amplissima
597 2521 923 2593 disciplinas
976 2522 1257 2595 liturgicaa
1317 2523 1649 2594 descriptio,
1691 2540 1827 2579 con-

176 2610 441 2682 fertaque
471 2615 731 2666 veterum
778 2612 1001 2666 rituum
1034 2613 1218 2681 copia,
1270 2612 1328 2666 in
1375 2612 1650 2667 omnibus
1700 2614 1827 2682 ejus

174 2699 411 2771 scriptis
445 2699 681 2754 diffusa.
716 2702 856 2754 Cum
892 2699 1125 2755 maximi
1158 2700 1323 2771 pretii
1374 2700 1489 2755 sint
1518 2717 1646 2773 quae
1678 2701 1828 2755 hanc

176 2789 503 2861 primorum
548 2788 894 2844 saeculorum
928 2789 1300 2860 disciplinam
1352 2794 1527 2862 atque
1578 2808 1827 2846 consue~

175 2877 413 2933 tudines
443 2877 741 2943 exhibent,
764 2877 993 2948 singula
1012 2879 1322 2934 att‘eremus
1354 2896 1526 2949 quam
1558 2885 1829 2937 accurate

184 2964 457 3037 liturgica
488 2967 861 3035 documenta,
893 2984 1018 3038 quas
1059 2966 1117 3022 in
1149 2968 1413 3040 Septimii
1440 2969 1674 3042 scriptis
1706 2987 1826 3026 me-

184 3060 512 3111 morantur.

252 3172 323 3225 Et
351 3176 470 3226 uta
500 3170 795 3242 baptismo
823 3170 1143 3239 ordiamus,
1172 3177 1436 3229 vetustus
1484 3173 1577 3228 hic
1627 3176 1832 3230 doctor

178 3260 357 3314 tradit
380 3259 570 3331 primo
602 3259 726 3315 loco
758 3259 1049 3316 laboriosa
1077 3279 1252 3332 opera
1296 3267 1431 3317 ante
1462 3263 1821 3336 baptismum
1855 3266 1898 3334 α

178 3347 573 3420 suscipienda,
633 3350 869 3405 crebras
908 3350 1221 3416 orationes,
1245 3352 1495 3422 jejunis,
1529 3352 1826 3423 genicula-

176 3437 370 3491 tiones
394 3442 452 3491 et
481 3437 836 3509 pervigilias,
870 3455 1002 3493 cum
1071 3440 1437 3495 confessione
1495 3440 1699 3496 saltem
1731 3458 1823 3496 oc-

173 3526 335 3580 culta
359 3526 624 3581 omnium
664 3533 817 3581 retro
849 3532 1266 3599 peccatorum;
1322 3528 1532 3584 deinde
1578 3547 1703 3601 quas
1753 3531 1824 3585 ad

175 3615 553 3670 collationem
587 3615 863 3687 baptismi
885 3617 1231 3687 pertineant,
1254 3618 1466 3672 trinam
1498 3618 1826 3674 immersio-

176 3721 335 3771 nem,
370 3709 429 3760 et
469 3705 649 3759 trium
681 3704 1069 3761 sanctissimae
1111 3706 1412 3761 Trinitatis
1444 3724 1825 3779 personarum

174 3793 629 3858 invocationem,
654 3799 946 3863 postremo
978 3811 1105 3865 qua:
1137 3796 1594 3866 subsequantur,
1620 3814 1827 3868 nempe

177 3884 519 3937 unctionem
555 3888 684 3954 post
710 3883 1026 3951 lavacrum,
1050 3884 1488 3956 impositionem
1519 3903 1823 3955 manuum,

177 3978 252 4039 et,
315 3976 384 4026 ut
440 3969 709 4041 pluribus
768 3972 974 4027 merito
1024 3973 1211 4028 visum
1283 3978 1390 4042 est,
1450 3973 1827 4030 collationem

176 4060 440 4132 Spiritus
484 4061 671 4115 sancti
701 4078 803 4133 per
860 4062 1321 4117 conﬁrmationis
1372 4068 1826 4132 sacramentum,

174 4149 295 4205 imo
350 4154 408 4204 et.
463 4149 837 4205 Eucharistiaa
902 4150 1409 4223 participationem
1459 4154 1567 4223 (Cf.
1619 4152 1719 4207 lib.
1766 4153 1830 4209 de

174 4240 509 4311 Baptismo).

242 4354 650 4412 Tertullianus
673 4356 1025 4428 peculiarem
1048 4362 1364 4414 tractatum
1390 4359 1461 4414 de
1479 4359 1832 4415 Pcenitentia

177 4446 575 4513 concinnavit,
607 4446 919 4519 pulchrum
952 4449 1095 4504 adeo
1131 4466 1196 4504 ac
1227 4448 1575 4521 elegantem,
1601 4454 1667 4505 ut
1696 4467 1830 4506 eum

176 4535 446 4592 nonnulli
491 4536 619 4592 ausi
651 4538 770 4592 sint
826 4538 938 4609 ipsi
990 4554 1295 4611 perperam
1354 4540 1709 4611 abjudicare,
1769 4541 1828 4595 in

2013 1984 2473 2051 Matrimonium,
2508 2002 2641 2041 cum
2692 1986 2963 2058 Apostolo
2991 1991 3153 2042 vocat
3184 2003 3465 2058 magnum
3501 2004 3593 2044 sa-

1941 2078 2307 2127 cramentum
2344 2091 2357 2141 ;
2416 2078 2478 2128 at
2505 2076 2679 2145 juxta
2736 2075 3037 2130 mazchiam
3071 2080 3121 2131 et
3164 2078 3592 2146 fornicationem

1939 2160 2106 2215 docet
2136 2164 2386 2233 reputari
2412 2164 2818 2234 conjunctiones
2839 2165 3106 2231 occultas,
3133 2181 3229 2219 nec
3251 2168 3416 2235 prius
3446 2166 3593 2237 apud

1938 2252 2240 2305 Ecclesium
2261 2257 2550 2322 professas,
2607 2268 2705 2307 nec
2752 2253 2818 2307 ab
2866 2270 3110 2324 episcopo
3150 2255 3489 2325 presbyteris
3538 2260 3593 2309 et

1938 2339 2183 2393 diaconis
2208 2343 2547 2409 monogamis
2588 2341 2896 2411 postulatos
2939 2344 3039 2413 (De
3100 2343 3348 2410 Pudicit,
3407 2360 3456 2398 c.
3514 2344 3590 2414 4).

1938 2428 2330 2499 Ουίᾳυθεὶηυᾱ
2366 2435 2603 2484 notum:
2639 2431 2787 2487 Unde
2824 2432 3174 2502 sufficiamus
3210 2432 3279 2485 ad
3309 2448 3588 2486 enarran-

1938 2516 2063 2570 dam
2139 2519 2457 2586 felicitatem
2538 2520 2656 2579 eius
2730 2522 3092 2590 matrimonii,
3151 2520 3290 2591 quod
3350 2522 3591 2576 Ecclesia

1936 2606 2201 2660 conciliat
2224 2610 2275 2661 et
2305 2607 2593 2675 conﬁrmat
2627 2608 2842 2663 oblatio
2876 2613 2928 2663 et
2970 2609 3222 2679 obsignat
3264 2608 3587 2676 benedictio,

1937 2696 2124 2765 angeli
2151 2698 2503 2766 renuntiant,
2538 2697 2702 2751 Pater
2731 2702 2855 2753 rato
2888 2698 3053 2754 liabet
3081 2702 3105 2751 .9
3135 2698 3241 2769 (Ad
3292 2697 3397 2754 Ux.
3449 2696 3489 2751 l.
3523 2712 3586 2765 ιι,

1938 2800 1985 2838 ο.
2019 2784 2096 2853 6.)

2011 2876 2135 2927 Haec
2167 2874 2402 2929 demum
2438 2876 2508 2929 de
2530 2892 2698 2946 prece
2751 2876 2872 2931 sive
2902 2876 3146 2948 privata,
3183 2877 3301 2931 sive
3331 2875 3583 2946 publica,

1939 2962 2007 3017 de
2031 2962 2212 3018 sacris
2246 2964 2585 3036 synaxibus,
2620 2982 2686 3020 ac
2713 2966 3011 3021 Dominica
3045 2983 3230 3023 coena.
3277 2964 3585 3020 Tertullia-

1938 3068 2050 3107 nus
2082 3051 2292 3107 habet:
2328 3053 2646 3108 Christiani
2681 3056 2947 3121 orabant,
2983 3054 3192 3109 cmlum
3254 3053 3586 3125 suspicien-

1937 3143 2042 3209 tes,
2065 3141 2339 3212 expansis
2373 3143 2669 3207 manibus,
2705 3144 2761 3197 in
2797 3142 3010 3199 Christi
3058 3143 3214 3197 cruci
3272 3142 3427 3196 afﬁxi
3463 3158 3584 3197 m0-

1938 3230 2077 3284 dum
2113 3247 2178 3285 ac
2210 3232 2482 3301 formam,
2515 3231 2701 3302 capite
2759 3234 2940 3301 nudo,
2990 3232 3151 3286 vultu
3199 3247 3453 3302 voceque
3486 3231 3586 3285 de-

1938 3320 2139 3387 missa,
2199 3321 2269 3374 ad
2324 3320 2615 3376 Orientem
2680 3323 2941 3378 conversi
3010 3338 3023 3388 ;
3075 3326 3207 3377 ante
3265 3322 3584 3376 orationem

1935 3426 2147 3464 manus
2195 3410 2452 3475 abluere,
2503 3410 2774 3482 penulam
2848 3412 3158 3481 deponere,
3240 3410 3587 3480 plerumque

1936 3497 2088 3552 soliti
2116 3515 2130 3566 ;
2166 3497 2261 3552 alii
2294 3498 2447 3554 inter
2468 3500 2754 3554 orandum
2800 3499 3151 3569 assidentes,
3187 3499 3283 3554 alii
3306 3500 3415 3554 sub
3449 3515 3586 3552 con-

1936 3591 2137 3658 spectu
2164 3587 2279 3655 Dei,
2330 3587 2533 3660 angelo
2565 3588 2758 3645 adhuc
2790 3588 3070 3644 orationis
3103 3592 3315 3658 stante,
3347 3596 3501 3643 stare
3532 3590 3590 3642 et

1936 3674 2083 3747 ipsis
2142 3676 2499 3731 reverentius
2559 3678 2920 3733 aestimantes
2976 3696 2989 3745 ;
3051 3677 3296 3733 alternis
3345 3677 3583 3731 demum

1936 3764 2303 3820 Psalmorum
2332 3766 2603 3821 cantibus
2626 3772 2682 3820 et
2713 3766 2949 3838 hymnis
2981 3783 3109 3822 sese
3140 3770 3488 3832 recreantes,
3521 3780 3587 3819 ac

1936 3858 2065 3925 post
2099 3870 2324 3926 precem
2358 3856 2622 3911 osculum
2649 3857 2807 3927 pacis
2846 3874 2957 3912 non
2986 3855 3435 3922 subtrahentes;
3460 3854 3590 3908 sine

1938 3942 2246 4009 monitore,
2278 3944 2375 4014 qui
2406 3961 2542 3999 voce
2575 3945 2821 4017 praeiret,
2858 3946 2958 4002 sed
3010 3946 3080 4000 de
3134 3949 3366 4015 pectore
3412 3947 3589 4013 atque

1936 4029 2146 4085 intimo
2176 4032 2368 4087 cordis
2401 4034 2609 4088 affectu
2644 4034 3062 4105 deprecantes;
3114 4034 3206 4087 die
3255 4031 3394 4088 solis
3453 4048 3587 4086 cum

1937 4118 2136 4175 laetitia
2166 4122 2608 4190 convenientes;
2644 4127 2771 4178 tum
2819 4140 3115 4178 sacrorum
3178 4122 3467 4177 librorum
3508 4120 3590 4175 le-

1939 4208 2116 4264 ctioni
2141 4215 2453 4280 vacantes;
2489 4212 2705 4283 scripta
2745 4212 2921 4267 simul
2954 4212 3397 4284 prophetarum,
3432 4226 3590 4265 com-

1941 4299 2344 4370 mentariaque
2375 4302 2782 4369 Apostolorum
2842 4302 3193 4368 recitantes;
3238 4298 3591 4354 admonitio-

1940 4404 2073 4443 nem
2108 4388 2472 4459 praesidentis
2532 4390 2869 4458 audientes;
2909 4395 3037 4445 tum
3086 4387 3501 4461 castigationes
3534 4390 3592 4441 et

1940 4492 2250 4533 censuram
2282 4478 2542 4534 divinam
2563 4479 2938 4551 excipientes,
2973 4497 3006 4534 a
3055 4477 3591 4534 communicatione

1941 4566 2221 4622 orationis
2245 4572 2302 4622 et
2332 4572 2648 4623 conventus
2680 4573 2735 4624 et
2784 4568 2976 4623 omnis
3027 4567 3211 4622 sancti
3265 4565 3591 4621 commercii

176 4642 531 4730 ί¹¹³ξ³3¹η⁰θῗ
565 4625 919 4730 meitentm
965 4632 1098 4730 alue
1138 4628 1242 4730 “vel
1288 4633 1421 4730 poft
1461 4630 1829 4730 .b‘ptismum
1860 4640 1907 4706 D
1941 4656 2418 4727 delinquentibus
2470 4658 2761 4728 relegatis.
2797 4657 3063 4730 Episcopi
3124 4656 3215 4712 his
3272 4655 3593 4728 synaxibus

177 4716 408 4786 publice
431 4716 771 4787 privatimve
827 4722 1069 4788 peracta:
1103 4718 1250 4773 ritus
1311 4719 1667 4790 affectusque
1727 4736 1828 4791 ap-

178 4806 365 4875 prime
395 4804 695 4871 describit,
729 4807 813 4862 uti
846 4806 1219 4879 aliquatenus
1275 4808 1469 4864 videre
1509 4812 1597 4863 est
1654 4807 1827 4880 paulo

178 4893 351 4963 infra,
384 4895 484 4949 ubi
516 4895 587 4949 de
608 4894 1021 4967 exomologesi,
1054 4915 1179 4968 quas
1200 4913 1327 4953 cum
1353 4898 1621 4969 provolvit
1651 4898 1825 4954 homi-

176 5000 320 5054 nem,
355 4985 540 5056 magis
585 4984 828 5047 relevat;
884 5002 1009 5040 cum
1064 4986 1380 5056 squalidum
1434 4988 1594 5057 facit,
1648 4989 1828 5056 magis

177 5072 501 5128 mandatum
548 5074 725 5128 reddit
760 5091 917 5141 ;cum
962 5084 1199 5145 accusat,
1246 5080 1468 5131 excusat
1495 5094 1515 5139 ,ο
1544 5092 1669 5131 cum
1698 5092 1826 5131 con-

173 5160 413 5231 demnat,
437 5162 687 5218 absolvit.
720 5163 821 5234 (De
853 5164 1056 5219 Pcsnit.
1090 5181 1139 5220 c.
1170 5165 1250 5234 9.)

237 5278 319 5333 De
380 5277 749 5333 Eucharistia
799 5279 1094 5336 disserens
1170 5281 1565 5339 Tertullianus
1650 5283 1828 5339 tradit

171 5367 535 5423 Christianos
568 5383 804 5423 summo
857 5386 1027 5426 mane
1086 5372 1392 5427 convenire
1449 5372 1825 5428 consuevisse

170 5457 239 5511 ad
272 5456 622 5529 mysterium
656 5456 765 5512 hoc
796 5458 1211 5515 celebrandum
1240 5478 1253 5529 ;
1286 5459 1467 5517 laicos
1526 5463 1596 5518 de
1630 5462 1826 5535 praesi-

173 5546 436 5603 dentium
460 5564 643 5604 manu
668 5554 1099 5606 sacramentum
1113 5550 1439 5623 sumpsisse
1462 5568 1473 5619 ;
1500 5551 1557 5607 in
1572 5549 1825 5622 propriis

176 5636 448 5694 manibus
477 5633 901 5709 accepisse;in
946 5638 1212 5711 proprias
1270 5640 1476 5695 domos
1526 5638 1822 5696 intulisse.

176 5730 240 5782 ut
266 5726 483 5799 jejuni,
530 5726 648 5784 sub
702 5742 823 5782 una
868 5725 1057 5797 specie
1099 5727 1518 5801 participarent
1545 5747 1564 5785 :
1622 5743 1825 5787 recens

1939 4746 2351 4818 praesidebant,
2390 4752 2446 4801 et
2475 4765 2673 4803 eorum
2730 4748 3102 4814 auctoritate,
3151 4743 3488 4817 praesbyteri
3536 4746 3593 4798 et

1941 4835 2190 4904 diaconi,
2226 4836 2449 4907 probati
2485 4836 2674 4907 electi,
2706 4838 2942 4892 seniores
2975 4833 3338 4907 nuncupati;
3376 4850 3410 4888 θ.
3461 4832 3591 4904 qui-

1938 4922 2049 4978 bus
2097 4940 2201 4978 nec
2246 4925 2316 4979 de
2366 4924 2609 4980 aliorum
2671 4943 2874 4994 manu,
2950 4926 3009 4980 in
3062 4929 3325 4995 tempore
3380 4922 3590 4989 victus,

1937 5013 2111 5067 etiam
2148 5012 2514 5070 antelucanis
2548 5014 2819 5080 coetibus,
2852 5012 3233 5069 Eucharistias
3264 5027 3596 5067 sacramen-

1936 5104 2058 5157 tum
2093 5102 2211 5158 sive
2244 5104 2621 5174 sumendum,
2655 5104 2775 5160 sive
2807 5102 3246 5168 reservandum,
3309 5107 3374 5156 ut
3435 5099 3593 5155 domi

1938 5197 2257 5259 sumerent,
2293 5194 2675 5264 excipiebant.
2712 5194 2887 5249 Erant
2919 5197 2973 5247 et
3005 5197 3213 5264 praeter
3243 5191 3393 5246 diem
3429 5188 3592 5259 solis,

1931 5280 2292 5352 jejuniorum
2355 5287 2411 5339 et
2466 5283 2783 5339 stationum
2836 5283 2984 5352 dies,
3044 5282 3261 5353 quibus
3312 5278 3593 5351 prolixius

1938 5372 2203 5437 orabant,
2236 5388 2427 5443 genua
2464 5373 2763 5428 ﬂectentes
2787 5389 2919 5427 cum
2953 5371 3177 5442 reliquo
3234 5366 3592 5424 humilitatis

1938 5477 2119 5531 more,
2180 5462 2251 5516 ad
2313 5478 2475 5517 aram
2517 5463 2761 5531 diutius,
2798 5466 3034 5533 accepto
3065 5475 3303 5532 corpore
3334 5456 3588 5528 Domini,

1937 5554 2181 5607 stantes.
2215 5552 2393 5609 Erant
2447 5554 2503 5607 et
2534 5550 2688 5608 horae
2747 5551 2863 5607 diei
2919 5549 3320 5615 solemniores,
3380 5564 3594 5619 nempe

1934 5640 2127 5707 tertia,
2152 5643 2332 5707 sexta,
2364 5657 2538 5709 nona,
2573 5646 2784 5712 prater
2816 5639 3107 5711 legitimas
3139 5637 3436 5695 orationes
3461 5654 3592 5709 quae

1934 5728 2206 5802 ingressu
2232 5729 2380 5787 lucis
2415 5734 2472 5786 et
2510 5730 2702 5786 noctis
2741 5728 3124 5799 debebantur,
3158 5726 3356 5784 cibum
3415 5724 3581 5783 etla-
