4060 6366
437 413 513 471 27
1916 429 2358 495 PREFATIO.
3768 445 3849 504 28

435 560 676 643 vastum
710 547 914 643 praeire
944 549 1228 643 solebant,
1260 552 1598 628 vigiliisque
1628 561 1816 617 noctis
1837 529 2076 619 interci-
2105 567 2160 633 Α
2190 568 2261 623 de
2305 571 2590 640 patienth
2641 572 2874 643 virtute,
2921 575 2992 630 de
3037 591 3187 632 vano
3238 575 3544 633 mulierum
3591 579 3746 634 cultu
3791 583 3849 634 et

435 633 691 702 debant;
724 640 994 691 caeterum
1042 639 1187 693 nihil
1219 644 1458 699 omnino
1520 649 1926 721 praescriptum
1971 658 2080 724 est,

437 723 552 777 nisi
584 724 743 778 omni
775 725 831 778 in
859 732 1116 797 tempore
1147 733 1203 783 et
1241 729 1366 786 loco
1398 750 1581 789 orare.
1624 737 1774 792 Nihil
1807 756 1938 796 vero
1996 723 2084 798 ce-

434 809 656 866 lebrius
693 829 866 882 quam
899 831 1030 869 cum
1073 833 1237 874 cmna
1285 821 1348 874 ﬁt
1405 840 1529 892 quae
1589 827 1770 898 Agape
1817 831 2078 899 dicitur;

437 917 551 956 non
586 902 748 974 prius
777 904 1169 960 discumbitur
1197 926 1370 978 quam
1403 913 1586 968 oratio
1629 918 1699 970 ad
1733 919 1907 974 Deum
1936 937 2081 990 prae-

437 997 740 1061 gustetur;
765 993 977 1060 editur,
1013 1002 1299 1066 quantum
1330 1001 1651 1060 esurientes
1685 1007 1954 1080 frugique
1986 1027 2080 1066 ca-

437 1080 642 1149 piunt;
697 1080 942 1152 bibitur,
998 1091 1283 1155 quantum
1323 1090 1548 1160 pudicis
1605 1094 1744 1150 utile
1789 1104 1894 1152 est.
1947 1099 2084 1155 Post

435 1184 684 1236 cienam,
721 1186 870 1240 aqua
926 1173 998 1226 ad
1038 1190 1249 1230 manus
1279 1177 1601 1237 abluendas
1632 1185 1969 1258 porrigitur,
1997 1187 2081 1243 lu-

436 1257 599 1314 mina
632 1259 701 1314 ad
737 1277 925 1333 usque
974 1261 1164 1319 lucem
1220 1267 1334 1322 diei
1382 1257 1899 1344 accendebantur;
1953 1283 2078 1334 tum

436 1353 664 1404 remota
695 1366 918 1416 mensa,
947 1353 1355 1425 unusquisque
1375 1359 1446 1413 ad
1481 1359 1766 1432 hymnum
1797 1364 2078 1437 aliquem,

434 1441 539 1527 aut
569 1437 945 1527 desumptum
978 1456 1045 1494 ex
1067 1441 1368 1514 Scriptura
1387 1453 1718 1516 sancta,aut
1747 1453 1816 1508 de
1847 1456 2079 1527 proprio

429 1523 664 1595 ingenio
696 1525 978 1598 elicitum,
1039 1529 1098 1584 in
1139 1532 1320 1588 totius
1377 1552 1690 1595 consessus
1746 1547 1802 1596 et
1847 1523 2079 1599 coronis

426 1615 616 1669 medio
648 1617 1000 1683 canendum,
1022 1627 1402 1690 provocatur:
1431 1635 1549 1681 tum
1585 1631 1852 1699 precibus
1885 1639 2078 1705 grates

432 1703 551 1758 Deo
612 1707 966 1775 referuntur,
1025 1714 1081 1762 et
1130 1709 1264 1765 inde
1321 1713 1637 1772 disceditur
1690 1721 1762 1775 ad
1811 1703 2076 1778 eamdem

429 1808 631 1848 curam
665 1795 962 1850 modestiae
994 1802 1051 1852 et
1082 1799 1395 1868 pudicitiae,
1429 1806 1531 1875 qui
1561 1825 1674 1863 non
1707 1814 1828 1865 tam
1853 1829 2076 1868 scenam

431 1887 805 1949 cmnaverint,
841 1902 1017 1955 quam
1067 1887 1460 1960 disciplinam.
1514 1899 1674 1952 Hanc
1731 1898 1982 1956 hostiam
2007 1903 2078 1958 de

429 1970 603 2025 corde
653 1971 938 2040 devotam,
999 1975 1110 2029 fide
1178 1985 1426 2048 pastam,
1495 1986 1734 2042 veritate
1789 1995 2072 2062 curatam,

432 2059 532 2114 26
563 2059 898 2116 innocentia
929 2062 1236 2135 integram,
1269 2071 1536 2127 castitate
1568 2059 2074 2152 mundam,agape

430 2154 787 2215 coronatam,
821 2167 953 2205 cum
1005 2170 1220 2226 pompa
1276 2174 1517 2229 operum
1559 2164 1869 2237 bonorum,
1921 2169 2075 2224 inter

429 2236 689 2308 psalmos
721 2246 777 2292 et
798 2238 1043 2311 hymnos
1075 2243 1384 2301 deductam
1415 2251 1484 2304 ad
1517 2252 1616 2308 Dei
1651 2236 2074 2323 altare,omnia

427 2342 462 2380 a
488 2327 598 2381 Deo
622 2326 1091 2398 impetraturam.
1125 2333 1437 2392 Christiani
1469 2335 1820 2401 mactaban‘t.

499 2431 771 2489 Strictius
803 2451 867 2489 ac
901 2435 1112 2491 festino
1145 2441 1288 2510 pede
1309 2446 1615 2514 cujusnam
1650 2451 1726 2506 sit
1753 2470 1894 2510 usus
1928 2456 2070 2511 Ter-

423 2518 656 2576 tulliani
690 2521 748 2578 in
809 2540 870 2578 re
923 2526 1128 2581 morali
1159 2534 1216 2583 et
1247 2535 1518 2602 ascetica,
1555 2543 1618 2591 ut
1663 2545 2070 2612 promisimus,

425 2611 745 2679 carpimus.
823 2612 982 2668 Illico
1056 2633 1124 2670 ac
1180 2619 1368 2688 primo
1433 2611 1855 2696 explorandum
1923 2611 2072 2690 foret

429 2697 673 2768 quinam
706 2700 979 2771 qualesve
1012 2703 1228 2760 fuerint
1256 2708 1720 2772 Christianorum
1756 2737 1967 2776 mores.
1992 2725 2071 2778 Ea

420 2783 723 2857 disciplina
751 2791 1045 2859 patientia:
1064 2793 1273 2852 divinae
1299 2816 1460 2868 agere
1487 2820 1603 2869 nos,
1628 2807 1818 2878 inquit
1841 2811 2066 2880 Noster,

419 2877 552 2928 satis
574 2879 932 2946 manifestum
987 2898 1100 2936 esse
1129 2885 1273 2940 vobis
1298 2893 1493 2959 potest,
1527 2909 1652 2948 cum
1709 2877 1863 2953 tanta
1893 2877 2068 2956 hami;

419 2979 554 3060 nam
575 2965 889 3062 multitudo,
934 2986 1068 3039 pars
1121 2989 1262 3043 pene
1293 2980 1469 3050 major
1511 2984 1758 3041 civitatis
1783 2990 2065 3062 cujusque,

417 3051 477 3104 in
533 3051 760 3109 silentio
799 3063 856 3111 et
908 3060 1174 3115 modestia
1219 3068 1454 3136 agimus,
1511 3074 1722 3142 singuli
1764 3051 1908 3148 forte
1952 3051 2070 3136 noti

417 3144 777 3239 magis-quam
810 3161 1030 3239 omnes;
1062 3166 1158 3205 nec
1187 3154 1410 3213 aliunde
1458 3144 1772 3234 noscibiles,
1808 3185 1973 3239 quam
2001 3170 2068 3226 de

412 3232 796 3289 emendatione
826 3237 1086 3292 vitiorum
1105 3242 1206 3312 (Ad
1231 3244 1490 3317 Scapul.,
1515 3267 1564 3305 c.
1597 3254 1676 3325 2).

483 3336 616 3438 .‘Iam
657 3356 792 3396 vero
824 3349 1044 3412 quanta
1098 3347 1560 3413 Christianorum
1621 3361 1876 3420 charitas
1935 3383 2059 3438 quas

412 3425 506 3480 vel
559 3427 826 3485 ethnicos
899 3432 958 3486 in
1019 3435 1466 3500 admirationem
1525 3451 1714 3521 rapit:
1777 3455 1919 3522 Vide,
1950 3425 2065 3511 ⁸ἰη-

412 3517 721 3612 quiantnut
754 3520 987 3576 invicem
1016 3541 1074 3578 se
1115 3526 1383 3598 diligant,
1424 3545 1476 3590 et
1536 3517 1610 3592 ut.
1640 3558 1738 3612 pro
1791 3517 2064 3603 alterutro

412 3606 558 3660 mari
603 3607 716 3661 sint
757 3613 1002 3679 parati!
1041 3615 1151 3685 Ipsi
1219 3622 1368 3676 enim
1415 3606 1653 3683 ethnici—
1687 3631 1756 3686 ad
1808 3635 2066 3691 occiden-

412 3693 544 3788 dum
589 3697 922 3754 alterutrum
973 3707 1278 3772 paratiores
1339 3711 1601 3787 (Apolog.
1659 3720 1770 3788 39).
1835 3725 2064 3788 Quanta

416 3783 736 3874 coniugum
809 3788 1274 3853 Christianorum
1335 3783 1598 3874 castitas,
1680 3783 1740 3864 et
1793 3783 2061 3871 caelibum

413 3871 736 3962 multorum
795 3875 1121 3950 integritas,
1180 3890 1236 3940 et
1316 3871 1612 3962 virginum
1680 3899 2059 3960 innocentia!

413 3961 553 4059 Quid
581 3964 732 4018 enim
762 3966 979 4037 insigne
995 3975 1362 4048 pra/erimus,
1401 3961 1515 4036 nisi
1545 3988 1786 4056 primam
1843 3995 2063 4064 sapien-

410 4050 570 4117 tiam,
603 4069 708 4121 qua
753 4056 958 4124 frivola
1012 4059 1274 4122 humana,"
1318 4085 1516 4127 manus
1545 4050 1716 4146 '0pera
1770 4050 2064 4140 non‘ado-

622 4162 642 4207 ;
673 4144 1088 4220 abstinentiam,
1112 4168 1220 4222 qua
1242 4157 1309 4210 ab
1331 4159 1509 4216 alieno
1531 4144 1902 4238 temperamus
1924 4191 1939 4237 ;
1956 4191 2060 4245 pu-

411 4228 683 4319 dicitiam,
709 4249 873 4302 quam
901 4253 1000 4292 nec
1035 4242 1206 4298 oculis
1235 4228 1712 4319 contaminamus;
1741 4228 2059 4319 misericor-

411 4318 586 4418 diam,
608 4338 724 4392 qua
744 4339 912 4418 super
943 4327 1256 4402 indigentes
1274 4338 1585 4406 ﬂectimur;
1633 4348 1809 4418 ipsam
1856 4354 2059 4409 verita-

407 4411 557 4509 tem,
599 4427 715 4511 qua
765 4414 1093 4513 offendimus
1128 4438 1150 4482 ;
1194 4424 1372 4494 ipsum
1431 4411 1756 4503 libertatem,
1819 4457 1924 4511 pro
1955 4461 2061 4513 qua

411 4500 557 4597 mori
585 4503 878 4557 novimus!
907 4506 1056 4573 (Lib.
1085 4527 1122 4577 Ι,
1157 4514 1228 4567 ad
1251 4515 1516 4588 Nation.,
1552 4540 1600 4578 c.
1626 4500 2060 4597 4.)Cuinamin-

408 4592 676 4676 auditum
709 4595 798 4646 est
830 4609 1008 4662 quam
1040 4598 1252 4658 invicte
1285 4592 1692 4670 Tertullianus
1719 4634 1852 4674 cum
1892 4620 2058 4676 Chri-

2189 666 2541 731 ornamento,
2574 662 2648 717 de
2677 663 2881 718 illicita
2918 667 3348 735 spectaculorum
3396 667 3738 739 frequentia,
3772 669 3847 724 de

2191 746 2509 805 idololatria
2535 756 2590 806 et
2619 752 2797 808 variis
2829 754 3091 823 ejusdem
3127 757 3546 827 speciebus,de
3577 759 3849 830 martyrii

2191 853 2308 907 pra:
2331 840 2605 895 omnibus
2636 842 3026 899 excellentiori
3051 845 3554 916 magnanimitate.

2263 945 2386 1012 His,
2443 948 2734 1004 coronidis
2790 949 2998 1018 instar,
3051 953 3439 1009 adnectantur
3508 953 3724 1010 selecta
3776 971 3848 1010 ex

2191 1033 2534 1091 Tertulliani
2565 1038 2841 1109 operibus
2877 1041 3124 1097 ascetica
3155 1043 3526 1100 documenta.

2263 1142 2612 1199 Christianus
2655 1151 2831 1202 Deum
2869 1155 3042 1218 timet,
3090 1166 3197 1205 non
3230 1149 3496 1207 homines.
3520 1183 3588 1192 —
3621 1174 3649 1201 «
3699 1152 3840 1220 Nos,

2190 1230 2290 1302 qui
2319 1232 2430 1286 sub
2478 1237 2589 1288 Deo
2656 1237 2919 1292 omnium
2979 1238 3345 1309 speculatore
3397 1241 3843 1312 dispungimur,

2189 1321 2406 1390 quique
2439 1327 2712 1378 aeternam
2735 1325 2807 1380 ab
2840 1343 2905 1382 eo
2933 1343 3161 1398 poenam
3195 1328 3591 1400 providemus,
3626 1331 3841 1384 merito

2189 1408 2297 1463 soli
2331 1409 2674 1467 innocentiae
2715 1415 3098 1482 occurrimus,
3141 1421 3197 1472 et
3227 1434 3330 1489 pro
3360 1418 3616 1472 scientiis
3650 1418 3840 1489 pleni-

2188 1498 2493 1568 tudine,et
2526 1518 2629 1572 pro
2655 1502 3013 1559 latebrarum
3047 1505 3412 1571 difﬁcultate,
3463 1511 3520 1561 et
3565 1523 3668 1578 pro
3716 1524 3841 1562 ma-

2188 1588 2498 1658 gnitudine
2532 1590 2846 1658 cruciatus,
2880 1609 2997 1647 non
3033 1593 3319 1664 diuturni,
3374 1610 3570 1649 verum
3627 1595 3844 1666 sempi-

2188 1677 2360 1744 terni,
2391 1695 2524 1734 eum
2556 1679 2852 1748 timentes,
2888 1699 3060 1753 quem
3092 1683 3299 1738 timere
3330 1684 3564 1738 debebit
3592 1693 3646 1740 et
3690 1684 3837 1756 ipse,

2187 1767 2286 1836 qui
2316 1767 2592 1824 timentes
2617 1769 2881 1839 judicat;
2916 1772 3120 1840 Deum,
3166 1789 3279 1828 non
3332 1772 3739 1845 proconsulem
3764 1773 3836 1827 ti-

2187 1861 2411 1911 mentes
2442 1857 2760 1929 (InApolog.
2797 1876 2922 1931 cap.
2944 1862 3053 1929 45).
3091 1883 3118 1909 ››

2107 1941 2154 2006 Β
2253 1963 2392 2016 Deus
2448 1964 2516 2018 ad
2565 1967 2950 2036 paenitentiam
2999 1968 3256 2038 impellit.
3289 1998 3357 2008 —
3397 1990 3425 2018 «
3481 1973 3703 2023 Bonum
3746 1972 3836 2023 est

2183 2053 2484 2122 pcenitere,
2519 2072 2590 2109 an
2623 2073 2736 2110 non
2759 2057 2787 2110 ?
2824 2055 2971 2118 Quid
3008 2056 3252 2112 revolvis
3281 2057 3310 2111 ?
3341 2061 3489 2112 Deus
3548 2057 3830 2128 prmcipit.

2179 2142 2252 2194 At
2299 2143 2512 2197 etenim
2574 2142 2668 2198 ille
2721 2162 2834 2198 non
2886 2145 3144 2217 praecipit
3197 2151 3450 2213 tantum,
3506 2148 3606 2201 sed
3653 2147 3828 2202 etiam

2184 2229 2465 2286 hortatur.
2491 2231 2704 2290 Invitat
2747 2235 2984 2304 praamio
3037 2234 3322 2302 salutem;
3358 2236 3590 2306 jurans,
3648 2236 3824 2292 etiam

2180 2320 2538 2389 vivodicens,
2590 2321 2749 2394 cupit
2780 2323 2935 2378 credi
2995 2325 3090 2379 21
3154 2325 3286 2379 sibi.
3343 2323 3386 2379 Ο
3435 2325 3636 2380 beatos
3695 2342 3827 2396 nos,

2180 2424 2430 2480 quorum
2459 2427 2636 2466 causa
2675 2416 2828 2467 Deus
2864 2412 3059 2483 jurat!
3101 2413 3144 2468 Ο
3195 2413 3576 2485 miserrimos,
3624 2414 3673 2470 si
3722 2431 3831 2470 nec

2172 2497 2401 2568 juranti
2423 2499 2670 2554 Domino
2699 2501 2996 2556 credimus
3032 2501 3160 2570 (lib.
3209 2501 3276 2556 de
3304 2503 3500 2556 Pamit.
3535 2518 3661 2573 cap.
3695 2502 3772 2569 4).
3796 2524 3825 2552 ››

2247 2607 2601 2661 Peccatorem
2631 2607 2700 2660 ad
2727 2622 2781 2662 se
2829 2611 3189 2663 revertentem
3228 2609 3366 2663 Deus
3397 2609 3630 2677 benigne
3649 2609 3828 2663 susci-

2177 2696 2276 2764 pit.
2311 2725 2378 2734 —-
2402 2715 2430 2745 «
2462 2696 2602 2760 Quis
2624 2695 2720 2750 ille
2769 2697 2937 2752 nobis
2970 2696 3389 2769 intelligendus
3421 2698 3591 2753 Pater
3615 2698 3642 2751 ?
3671 2701 3827 2754 Deus

2179 2783 2431 2850 scilicet;
2457 2788 2577 2838 tam
2612 2785 2775 2840 Pater
2823 2801 3012 2852 nemo,
3047 2790 3166 2840 tam
3218 2787 3353 2857 pius
3384 2802 3576 2843 nemo.
3612 2787 3664 2842 Is
3685 2803 3826 2858 ergo

2176 2876 2232 2927 te
2263 2871 2449 2926 {ilium
2484 2890 2682 2940 suum,
2707 2874 2816 2929 etsi
2880 2880 3181 2946 acceptum
3221 2877 3292 2930 ab
3350 2892 3416 2931 eo
3460 2874 3822 2948 prodegeris,

2177 2960 3072 3034 etsinudusredieris,recipiet,
3130 2963 3269 3034 quia
3318 2963 3561 3020 redisti:
3602 2963 3823 3035 magis-

2176 3067 2288 3121 que
2311 3050 2381 3104 de
2417 3067 2685 3122 regressu
2717 3057 2838 3120 tuo,
2865 3067 3042 3123 quam
3097 3052 3168 3106 de
3226 3051 3468 3108 alterius
3507 3053 3829 3108 sobrietate

2173 3137 2483 3194 laetabitur.
2508 3141 2616 3195 Sed
2654 3141 2701 3195 si
2728 3143 3000 3212 poeniteat
3057 3157 3124 3195 ex
3173 3141 3438 3196 animo...
3498 3141 3546 3196 si
3593 3157 3825 3214 porcos,

2172 3226 2549 3283 immundum
2582 3226 2878 3299 relinquas
2909 3246 3108 3300 pecus,
3141 3228 3191 3284 si
3222 3236 3446 3301 patrem
3473 3234 3700 3300 repetas
3733 3230 3827 3285 vel

2092 3313 2134 3380 C
2174 3317 2482 3385 offensum,
2543 3319 2782 3390 Deliqui,
2834 3319 3060 3386 dicens,
3107 3320 3306 3398 Pater,
3357 3335 3456 3375 nec
3484 3319 3683 3391 dignus
3729 3335 3828 3390 ego

2165 3406 2286 3478 jam
2316 3407 2496 3462 vocari
2518 3413 2668 3462 tuus.
2701 3411 2949 3462 Tantum
2978 3408 3190 3463 relevat
3237 3409 3524 3464 confessio
3591 3407 3832 3464 delicto-

2175 3511 2321 3565 rum,
2353 3501 2638 3566 quantum
2698 3495 3094 3552 dissimulatio
3151 3503 3477 3569 exaggerat.
3515 3496 3818 3553 Confessio

2173 3584 2328 3639 enim
2361 3585 2778 3641 satisfactionis
2797 3585 3113 3642 consilium
3139 3591 3249 3655 est,
3276 3586 3670 3643 dissimulatio
3688 3603 3826 3642 con-

2172 3674 2442 3730 tumacisa
2478 3674 2728 3745 (Ibidem,
2753 3691 2884 3748 cap.
2925 3676 3000 3744 8).

2243 3804 2271 3831 ‹‹
2305 3783 2712 3854 Exomotogesis
2735 3782 3143 3854 prosternsndi
3175 3787 3231 3839 et
3262 3783 3687 3839 humiliﬁcandi
3723 3783 3828 3840 ho-

2173 3869 2352 3926 minis
2411 3870 2722 3942 disciplina
2780 3877 2886 3940 est,
2949 3872 3446 3928 conversationem
3505 3871 3827 3945 injungens

2173 3959 2586 4015 misericordia
2609 3959 2845 4016 illicem.
2868 3965 2943 4016 De
2977 3961 3104 4032 ipso
3133 3977 3360 4032 quoque
3410 3960 3615 4017 habitu
3647 3967 3827 4034 atque

2169 4049 2323 4104 victu
2372 4050 2633 4117 mandat,
2683 4067 2852 4107 sacco
2901 4055 2958 4106 et
3016 4038 3197 4106 cineri
3256 4049 3554 4118 incubare,
3609 4067 3825 4122 corpus

2172 4139 2447 4194 sordibus
2473 4140 2808 4207 obscurare,
2843 4139 3109 4196 animum
3168 4139 3516 4196 mosroribus
3547 4140 3825 4211 dejicere,

2169 4225 2270 4282 illa
2299 4244 2427 4299 qua:
2459 4229 2734 4299 peccavit,
2773 4228 2922 4284 tristi
2971 4228 3316 4284 tractatione
3348 4233 3572 4285 mutare
3607 4247 3620 4296 ;
3655 4235 3826 4285 caete-

2170 4333 2302 4371 rum
2336 4322 2566 4388 pastum
2625 4323 2681 4372 et
2727 4322 2931 4389 potum
2992 4335 3138 4390 pura
3170 4335 3362 4385 nosse,
3427 4335 3546 4374 non
3601 4319 3828 4377 ventris

2171 4406 2413 4477 scilicet,
2447 4407 2549 4462 sed
2583 4407 2789 4463 anima:
2815 4423 3025 4463 causa:
3089 4405 3437 4479 plerumque
3483 4424 3616 4464 vero
3656 4408 3821 4479 jeju-

2170 4495 2284 4551 niis
2318 4512 2516 4567 preces
2549 4495 2724 4561 alere,
2756 4495 3161 4568 ingemiscere,
3208 4494 3535 4567 lacrymari,
3597 4500 3653 4551 et
3697 4513 3829 4550 mu-

2170 4586 2294 4658 gire
2327 4584 2451 4640 dies
2479 4590 2801 4656 noctesque
2827 4585 2897 4640 ad
2922 4584 3237 4640 Dominum
3264 4584 3446 4638 Deum
3477 4588 3666 4655 tuum,
3699 4601 3830 4656 pre-

409 4674 738 4733 stianorum
773 4683 1036 4740 moribus
1085 4691 1345 4749 conferat
1391 4671 1875 4775 ρωιοδορδοωῖῃ
2089 4691 2135 4756 D
2169 4673 2418 4747 sbyteris
2450 4673 2696 4745 advolvi,
2730 4678 2787 4729 et
2817 4673 3010 4728 charis
3041 4673 3140 4728 Dei
3173 4671 3595 4744 adgsniculari,
3630 4674 3827 4729 omni-

665 4767 674 4777 .
1076 4776 1088 4782 -
2168 4765 2181 4782 ι
2260 4761 3782 4782 νι-,ιηειηῌμμιεηηλη----ιεημ

409 4765 819 4871 stantissima“
865 4776 1131 4847 exempla
1198 4785 1516 4860 modestiaa,
1577 4765 2054 4871 aiquanimitfatis,

411 4853 1022 4955 lidei,nsimpl-icitatis
1094 4867 1338 4942 (Apolog.
1427 4853 1551 4950 cap.
1594 4853 1682 4955 46)
1725 4885 1754 4940 γ
1810 4853 2058 4948 enisi—QQ

407 4941 569 5037 inter
592 4943 1056 5010 Christianorum
1093 4941 1336 5019 virtutes
1377 4941 1629 5027 maxime
1665 4941 2057 5037 emicuitvtani

407 5031 830 5133 sedula'quam
881 5039 1027 5098 dura
1081 5047 1443 5118 jejuniorum
1503 5060 1888 5139 observantia,
1942 5087 2060 5142 qua

406 5137 521 5176 non
557 5140 754 5215 minus
794 5145 971 5198 quam
1004 5135 1135 5191 aliis
1185 5141 1503 5203 virtutibus
1553 5153 1624 5206 ab
1674 5135 1924 5214 ethnicis
1956 5135 2058 5215 .di-

407 5214 786 5322 perepabant.‘
831 5217 946 5318 Nec
991 5223 1062 5279 iis
1119 5229 1263 5286 satis
1333 5235 1442 5291 fuit
1522 5257 1636 5296 non
1702 5245 1891 5302 solum
1950 5267 2058 5322 pu-

407 5299 578 5355 blicis
609 5301 665 5356 in
703 5304 1160 5383 calamitatibus,
1196 5322 1295 5376 sed
1337 5324 1469 5382 aliis
1494 5331 1671 5388 etiam
1936 5299 2056 5397 {Ain

408 5406 606 5490 severa
631 5399 981 5470 austeraque
1019 5405 1388 5476 jejuniorum
1447 5419 1855 5482 observatione
1909 5429 2056 5486 iram

407 5478 506 5578 Dei
531 5480 784 5589 placare,
810 5491 909 5543 sed
944 5493 1005 5546 in
1035 5511 1185 5554 sacco
1216 5504 1412 5576 etiam,
1447 5509 1530 5564 ait
1559 5511 1975 5589 Tertullianus,
2007 5525 2061 5576 et

405 5572 951 5681 cinerenvolutantes,
986 5584 1198 5645 invidia
1248 5572 1443 5651 cretum
1474 5599 1757 5660 tundimus
1809 5572 2056 5681 (Apoloa,

407 5660 1161 5768 ﬁam-49).liuereferenda
1191 5681 1382 5739 forent
1410 5660 2058 5768 pulcherrima‘qu—is-iaii

404 5744 575 5804 libris
607 5752 960 5822 specialibus
997 5766 1377 5835 Iconcinnavit
1406 5744 1614 5833 Noster
1660 5744 2056 5856 diewbratﬁibfne:

2167 4765 2279 4821 bus
2310 4763 2586 4818 fratribus
2618 4761 2934 4833 legationes
2958 4761 3386 4834 deprecationis
3412 4778 3529 4818 sua:
3548 4762 3826 4836 injunge-

2168 4870 2230 4909 re
2261 4852 2508 4925 (Ibidem,
2541 4869 2591 4909 c.
2616 4853 2692 4924 9).

2241 4962 2488 5018 Ridenda
2513 4963 2867 5034 pwnitentia,
2929 4976 3056 5033 quae
3101 4959 3334 5017 delicias
3364 4977 3474 5016 non
3505 4962 3716 5033 abjicit.
3748 4990 3822 5006 —

2175 5075 2195 5103 ι
2231 5051 2481 5123 Adjicito
2502 5053 2574 5108 ad
2601 5058 2930 5124 sumptum,
2975 5051 3300 5124 conquirito
3349 5051 3605 5108 altilium
3657 5068 3825 5108 enor-

2170 5159 2324 5198 mem
2359 5142 2643 5214 saginam,
2668 5143 2942 5199 del‘iscato
2977 5145 3340 5199 senectutem
3373 5141 3531 5197 vini:
3567 5158 3828 5214 cumque

2169 5232 2270 5303 qui
2295 5232 2668 5304 interrogarit
2697 5232 2933 5288 cuinam
2985 5249 3051 5287 ea
3100 5230 3390 5302 largioris,
3438 5231 3688 5303 Deliqui,
3741 5230 3828 5286 di-

2170 5321 2303 5391 cito,
2337 5323 2397 5378 :‘n
2448 5329 2651 5394 Deum,
2707 5327 2764 5380 et
2811 5322 3108 5395 periclitor
3165 5322 3223 5376 in
3273 5327 3554 5377 internum
3612 5321 3824 5395 perire.

2170 5412 2371 5483 Itaque
2403 5430 2559 5469 nunc
2618 5414 2841 5484 pendeo
2901 5417 2959 5469 et
2990 5429 3249 5468 maceror
3287 5416 3344 5467 et
3392 5412 3710 5480 excrucior,
3760 5417 3828 5468 ut

2170 5508 2350 5558 Deum
2384 5504 2752 5560 reconciliem
2805 5502 2971 5572 mihi,
3022 5518 3197 5573 quem
3256 5501 3647 5575 delinquendo
3697 5501 3823 5558 lassi

2169 5591 2327 5664 (Ibid.
2360 5609 2488 5666 cap.
2522 5594 2632 5666 44).
2668 5616 2696 5643 ››

2241 5701 2550 5760 Christiano
2580 5704 2822 5760 mundus
2847 5710 2927 5758 est
2942 5702 3122 5757 instar
3147 5703 3402 5758 carceris.
3426 5732 3491 5744 -
3513 5724 3542 5753 ι(
3565 5700 3622 5757 Si
3653 5717 3823 5757 reco-

2169 5789 2430 5862 gitemus
2476 5793 2676 5865 ipsum
2737 5791 2928 5866 magis
2978 5791 3269 5849 mundum
3317 5807 3609 5851 carcerem
3666 5806 3820 5864 esse,
