4060 6344
254 406 331 464 29
1766 422 2206 484 ΡΒᾹΞῈΑἸῚΟ.
3595 425 3674 483 30

256 540 463 633 exiisse
490 557 593 598 vos
626 558 657 597 e
686 558 945 610 carcere,
980 560 1154 617 quam
1208 547 1266 603 in
1298 564 1587 607 carcerem
1621 551 1915 626 introisse,
1946 567 2000 633 Α
2032 556 2272 613 noribus
2328 558 2603 613 omnibus
2652 558 2830 613 simul
2879 562 2935 613 et
2983 554 3411 613 ornamentis...
3445 556 3677 620 Quanta

256 628 677 702 intelligemus.
703 633 953 703 Majores
977 636 1242 692 tenebras
1276 638 1449 695 habet
1480 643 1759 713 mundus,
1788 661 1913 715 quae

261 718 569 775 hominum
619 723 940 793 praecordia
969 734 1285 794 excaecant;
1336 729 1642 798 graeviores
1683 737 1917 789 catenas

261 808 456 864 induit
502 812 784 880 mundus,
819 830 949 885 quas
982 815 1138 886 ipsas
1184 815 1414 873 animas
1443 818 1745 876 hominum
1780 839 1915 877 con-

262 899 602 971 stringunt;
648 902 879 973 pejores
911 902 1319 961 immunditias
1350 908 1605 979 exspirat
1637 912 1916 979 mundus,

259 986 538 1045 libidines
567 989 904 1047 hominum.
938 992 1141 1049 Plures
1172 998 1463 1066 postremo
1498 1001 1757 1056 mundus
1790 1018 1918 1057 reos

262 1079 543 1146 continet,
576 1079 800 1135 scilicet
821 1081 1162 1138 universum
1197 1084 1500 1141 hominum
1520 1104 1726 1159 genus.
1750 1090 1917 1146 Judi-

259 1168 349 1223 cia
378 1169 633 1240 denique
664 1186 779 1224 non
814 1172 1205 1242 proconsulis,
1240 1175 1340 1230 sed
1374 1175 1477 1232 Dei
1504 1179 1761 1235 sustinet
1791 1180 1915 1251 (lib.

260 1258 333 1312 ad
363 1258 621 1330 Martyr.,
653 1276 779 1329 cap.
812 1263 889 1328 2).
925 1283 953 1311 ››

337 1373 619 1445 Exemplo
653 1375 868 1431 Christi
895 1378 1307 1435 contemnenda:
1327 1379 1560 1436 divitia.
1597 1415 1663 1423 —
1695 1407 1721 1433 ‹‹
1749 1384 1919 1439 Omni

264 1479 415 1535 pene
445 1465 503 1519 in
537 1462 662 1518 loco
694 1464 764 1519 de
785 1468 1209 1522 contemnendo
1235 1469 1447 1524 saeculo
1476 1472 1791 1543 Scripturis
1814 1474 1920 1527 do-

266 1552 504 1607 minicis
520 1560 947 1609 commonetur.
968 1556 1082 1611 Nec
1102 1557 1285 1627 major
1302 1559 1372 1613 ad
1388 1562 1648 1631 pecunia:
1667 1568 1923 1617 contem-

265 1649 437 1714 ptum
470 1642 796 1698 exhortatio
844 1645 1132 1715 subjacet,
1182 1664 1357 1717 quam
1392 1651 1545 1719 quod
1580 1652 1701 1722 ipse
1735 1654 1921 1708 Domi-

266 1748 380 1786 nus
411 1731 473 1785 in
523 1730 662 1786 ullis
706 1731 928 1787 divitiis
977 1734 1304 1803 invenitur;
1359 1755 1592 1811 semper
1642 1758 1923 1812 pauperes

255 1820 569 1891 justiﬁcat,
604 1820 813 1876 divites
844 1822 1223 1893 praedamnat.
1252 1827 1337 1881 Ita
1368 1827 1785 1886 detrimentum
1818 1848 1918 1902 pa-

260 1909 481 1964 tientiae
532 1910 833 1966 fastidium
884 1910 1195 1982 opulentia:
1247 1916 1768 1985 praeministravit:
1816 1920 1919 1973 de-

263 2003 605 2053 monstrans
658 2016 761 2071 per
817 2000 1196 2071 abjectionem
1256 2003 1617 2073 divitiarum,
1667 2006 1909 2063 laesuras

260 2104 500 2159 quoque
531 2105 732 2143 earum
782 2092 1207 2161 computandas
1246 2109 1361 2148 non
1393 2110 1520 2150 esse
1550 2095 1671 2164 (lib.
1703 2098 1770 2151 de
1800 2097 1907 2151 Pa-

260 2179 420 2233 tient.
456 2194 583 2248 cap.
619 2178 697 2248 7).
733 2200 763 2227 ››

332 2295 451 2350 Cur
479 2294 550 2350 de
576 2299 751 2349 morte
776 2297 1081 2351 amicorum
1112 2313 1221 2352 non
1267 2298 1575 2355 dolendum.
1607 2332 1675 2342 —
1707 2324 1734 2351 ‹‹
1766 2305 1907 2355 Cum

260 2388 493 2439 constet
523 2385 595 2439 de
640 2385 1064 2441 resurrectione
1111 2393 1500 2458 mortuorum,
1550 2395 1715 2446 vacat
1745 2390 1913 2445 dolor

263 2473 504 2537 mentis,
536 2478 704 2528 vacat
732 2478 788 2528 et
816 2472 1180 2545 impatientia
1224 2476 1461 2533 doloris.
1498 2479 1610 2533 Cur
1641 2496 1775 2551 ergo
1808 2480 1909 2534 do—

262 2561 409 2629 leas,
446 2562 496 2617 si
538 2562 781 2633 periisse
837 2580 951 2618 non
999 2564 1231 2619 credis?
1279 2567 1563 2622 Profectio
1593 2574 1700 2633 est,
1735 2585 1911 2639 quam

264 2656 442 2723 putas
487 2656 759 2706 mortem.
815 2651 940 2707 Non
973 2657 1062 2707 est
1110 2652 1423 2722 lugendus,
1450 2656 1551 2726 qui
1600 2658 1913 2722 antecedit,

261 2740 365 2795 sed
398 2738 573 2811 plane
603 2740 1047 2796 desiderandus.
1080 2742 1179 2797 28
1207 2743 1265 2797 Id
1298 2760 1526 2815 quoque
1558 2746 1915 2801 desiderium

264 2829 556 2900 patientia
587 2830 1056 2901 temperandum.
1088 2836 1201 2886 Cur
1237 2833 1391 2888 enim
1419 2834 1805 2891 immoderate
1836 2837 1916 2891 fe-

262 2936 357 2973 ras
418 2918 654 2987 abiisse,
714 2936 886 2989 quem
947 2937 1079 2974 mox
1137 2922 1579 2992 subsequeris?
1635 2926 1917 2980 Caeterum

264 3008 632 3079 impatientia
663 3008 722 3062 in
746 3008 1087 3077 hujusmodi
1110 3015 1167 3065 et
1199 3012 1321 3083 spei
1355 3018 1566 3068 nostra:
1587 3014 1737 3070 male
1770 3015 1917 3069 omi-

266 3101 460 3163 natur,
493 3101 552 3151 et
598 3097 773 3151 ﬁdem
821 3099 1254 3168 praevaricatum
1306 3102 1371 3156 Et
1422 3103 1715 3158 Christum
1762 3104 1920 3158 laedi-

267 3202 421 3250 mus,
479 3202 612 3240 cum
666 3190 933 3241 evocatos
985 3204 1249 3260 quosque
1303 3190 1373 3244 ab
1426 3189 1546 3262 illo,
1598 3192 1767 3264 quasi
1812 3191 1922 3246 mi-

2028 645 2311 702 confessio
2345 655 2429 703 est
2461 647 2624 702 malae
2657 648 2760 715 rei,
2793 649 2963 718 cujus
2996 652 3263 701 auctores
3297 662 3473 717 quam
3507 660 3675 700 acce-

2026 736 2277 807 ptissimi
2310 737 2434 791 sine
2468 742 2603 792 nota
2633 754 2748 791 non
2780 734 2948 791 sunt!
2988 759 3007 785 ιι
3046 735 3228 805 (lbid.,
3263 752 3387 805 cap.
3420 735 3536 804 22.)

2100 842 2388 898 Comzcdiis
2444 844 2775 899 Christianis
2832 845 3062 898 vetitum
3116 845 3490 897 interesse.—
3522 863 3547 888 ‹‹
3582 840 3666 894 An

2024 930 2121 987 ille
2154 932 2494 1003 recogitabit
2523 950 2587 987 eo
2619 938 2878 1003 tempore
2909 934 2982 986 de
3010 932 3143 998 Deo,
3177 931 3365 1003 posito
3398 928 3537 998 illic,
3574 930 3673 983 ubi

2027 1020 2173 1075 nihil
2205 1025 2294 1075 est
2324 1022 2393 1075 de
2424 1022 2535 1077 Deo
2560 1021 2647 1078 ?...
2680 1021 3028 1075 Pudicitiam
3092 1020 3329 1085 ediscet,
3391 1018 3676 1073 attonitus

2029 1110 2085 1164 in
2130 1110 2385 1166 mimos?
2424 1110 2543 1166 imo
2574 1111 2631 1165 in
2664 1111 2823 1167 omni
2858 1110 3189 1182 spectaculo
3223 1108 3447 1187 nullum
3483 1108 3677 1179 magis

2027 1199 2373 1255 scandalum
2404 1204 2686 1267 occurret,
2720 1218 2897 1272 quam
2930 1200 3055 1271 ipse
3096 1199 3193 1254 ille
3251 1198 3563 1252 mulierum
3623 1200 3681 1252 et

2028 1288 2284 1343 virorum
2333 1290 2659 1343 accuratior
2691 1290 2911 1355 cultus,
2944 1290 3071 1359 ipsa
3098 1288 3426 1352 consensio,
3458 1286 3587 1357 ipsa
3620 1285 3679 1339 in

2032 1379 2326 1433 favoribus
2356 1383 2457 1433 aut
2485 1380 2839 1450 conspiratio
2875 1384 2975 1433 aut
3006 1378 3319 1441 dissensio,
3340 1377 3491 1431 inter
3522 1392 3584 1430 se
3614 1376 3685 1429 de

2030 1468 2376 1522 commercio
2408 1468 2698 1523 scintillas
2731 1468 3040 1522 libidinum
3065 1465 3684 1522 conﬂabellant.Nemo

2030 1557 2283 1627 denique
2314 1556 2372 1611 in
2406 1556 2738 1627 spectaculo
2772 1557 3025 1611 ineundo
3060 1558 3221 1626 prius
3268 1557 3503 1625 cogitat,
3568 1553 3685 1608 nisi

2030 1644 2210 1698 videri
2262 1650 2315 1699 et
2365 1645 2625 1700 videre...
2661 1648 2893 1700 Avertat
2929 1647 3076 1699 Deus
3108 1662 3140 1699 a
3171 1644 3296 1699 suis
3330 1648 3552 1697 tantam
3584 1658 3683 1695 vo-

2030 1732 2273 1805 luptatis
2301 1735 2553 1789 exitiosee
2588 1736 2969 1805 cupiditatem
3002 1734 3165 1805 (Ibid.
3199 1750 3317 1804 cap.
3350 1734 3462 1800 25).
3502 1753 3522 1781 ι

2108 1852 2257 1907 Vera:
2290 1851 2739 1907 Christianorum
2770 1852 3080 1922 voluptates
3112 1852 3171 1905 in
3220 1849 3318 1904 hoc
3364 1848 3585 1905 saeculo.
3618 1877 3688 1887 --

1950 1938 1997 2002 B
2028 1964 2056 1990 ί(
2086 1941 2216 1995 Jam
2246 1958 2400 1995 nunc
2425 1941 2473 1995 si
2507 1948 2678 2012 putas
2707 1939 3151 1995 delectamentis
3174 1939 3401 2011 exigere
3426 1937 3685 2009 spatium

2020 2030 2153 2096 hoc,
2185 2047 2290 2084 cur
2324 2034 2444 2085 tam
2479 2031 2749 2101 ingratus
2780 2047 2863 2099 es,
2899 2034 2963 2083 ut
2988 2032 3073 2083 tot
3122 2034 3181 2083 et
3228 2027 3375 2083 tales
3425 2026 3689 2096 volupta-

2016 2131 2107 2182 tes
2140 2135 2171 2171 a
2207 2119 2316 2173 Deo
2349 2120 2715 2173 contributas
2749 2118 2853 2173 tibi
2888 2118 3031 2173 satis
3060 2135 3173 2173 non
3209 2118 3447 2185 habeas,
3496 2132 3684 2185 neque

2019 2210 2454 2279 recognoscas?
2484 2208 2630 2273 Quid
2663 2209 2817 2264 enim
2845 2209 3191 2279 jucundius,
3226 2225 3401 2279 quam
3434 2206 3536 2261 Dei
3569 2210 3677 2259 Pa-

2018 2298 2133 2352 tris
2167 2302 2218 2351 et
2252 2297 2483 2353 Domini
2516 2297 2960 2352 reconciliatio?
2993 2315 3170 2369 quam
3201 2296 3463 2351 veritatis
3522 2310 3680 2348 reve-

2014 2370 2209 2442 1atio?
2267 2403 2443 2457 quam
2486 2404 2743 2443 errorum
2778 2386 3135 2457 recognitio?
3172 2404 3344 2458 quam
3378 2389 3675 2439 tantorum

2023 2482 2173 2532 retro
2208 2476 2547 2531 criminium
2580 2478 2746 2532 venia
2768 2476 2794 2529 ?
2824 2479 2955 2541 Quae
2990 2478 3178 2546 major
3198 2475 3676 2545 voluptas,quam

2022 2565 2323 2621 fastidium
2381 2565 2566 2636 ipsius
2634 2565 2971 2636 voluptatis,
3026 2581 3203 2636 quam
3254 2562 3451 2618 saeculi
3503 2562 3684 2616 totius

2025 2660 2417 2727 contemptus,
2451 2671 2628 2726 quam
2662 2672 2795 2709 vera
2826 2654 3087 2723 libertas,
3113 2671 3291 2725 quam
3324 2649 3683 2707 conscientia

2026 2745 2276 2815 integra,
2308 2762 2483 2815 quam
2515 2745 2630 2799 vita
2662 2744 2983 2811 sufﬁciens,
3019 2760 3196 2814 quam
3251 2741 3453 2797 mortis
3500 2741 3679 2795 timor

2028 2833 2228 2890 nullus
2260 2836 2444 2905 (Ibid.,
2477 2852 2599 2905 cap.
2637 2835 2722 2903 29)
2747 2834 2773 2887 ?
2809 2856 2836 2883 ››

2099 2943 2231 2996 Mali
2256 2941 2556 2996 sacerdotes
2581 2940 2781 2996 Iudaeis
2808 2942 3036 3011 pejores.
3070 2971 3136 2981 —
3167 2964 3193 2989 (ι
3230 2938 3393 3009 (Proh
3446 2936 3633 2992 scelus
3660 2934 3672 2989 l

2032 3031 2221 3085 Semel
2254 3031 2438 3086 Judaei
2474 3030 2703 3085 Christo
2733 3047 2941 3084 manus
2973 3029 3329 3095 intulerunt;
3362 3027 3461 3081 isti
3509 3024 3677 3096 impii

2032 3120 2361 3176 sacerdotes
2422 3121 2519 3175 29
2582 3119 2841 3191 quotidie
2889 3134 3101 3190 corpus
3130 3119 3257 3187 ejus
3286 3116 3599 3170 lacessunt.
3635 3115 3677 3169 Ο

2034 3226 2247 3264 manus
2278 3208 2689 3280 prmeidendze!
2725 3207 2988 3262 Viderint
3018 3225 3089 3261 an
3114 3208 3239 3276 jam
3272 3223 3373 3277 per
3403 3203 3678 3259 similitu-

263 3274 568 3342 serandos,
638 3292 754 3330 non
822 3276 1233 3348 aequanimiter
1297 3280 1619 3352 accipimus
1684 3282 1914 3354 (Ibidem

2034 3298 2228 3353 dinem
2261 3274 2478 3352 dictum
2530 3296 2607 3352 sit
2641 3314 2653 3351 :
2689 3298 2747 3351 Si
2803 3301 2854 3350 te
2910 3274 3131 3350 manus
3164 3274 3290 3349 tua—
3314 3294 3677 3361 scandalizat,

266 3380 316 3419 c.
344 3363 423 3434 9).
456 3384 485 3412 »

338 3479 639 3535 Patientia:
668 3481 935 3535 encomia.
970 3512 1035 3521 —
1092 3504 1117 3534 α
1146 3482 1299 3538 Satis
1347 3484 1594 3543 idoneus
1624 3488 1917 3559 patientiae

270 3573 577 3639 sequester
639 3568 816 3624 Deus.
887 3569 946 3624 Si
998 3569 1275 3641 injuriam
1343 3574 1685 3645 deposueris
1742 3596 1919 3649 penes

271 3674 433 3723 eum,
469 3656 623 3712 ultor
650 3664 776 3726 est;
809 3658 859 3713 si
891 3659 1196 3731 damnum,
1250 3662 1551 3720 restitutor
1577 3671 1703 3734 est;
1736 3667 1786 3722 si
1816 3668 1920 3723 do-

268 3745 480 3814 lorem,
514 3747 776 3803 medicus
820 3752 948 3816 est;
998 3749 1046 3805 si
1078 3755 1349 3819 mortem,
1400 3756 1781 3813 resuscitator
1809 3762 1917 3813 est.

266 3835 567 3899 Quantum
602 3837 895 3908 patientia:
943 3837 1099 3910 licet,
1133 3846 1196 3895 ut
1224 3846 1403 3898 Deum
1456 3844 1668 3901 habeat
1696 3846 1918 3903 debito-

264 3926 442 3981 rem?
496 3942 600 3981 nec
666 3926 997 3996 immerito;
1057 3930 1255 3985 omnia
1311 3932 1466 3987 enim
1524 3933 1739 4005 placita
1792 3937 1921 4007 ejus

260 4020 484 4081 tuetur,
516 4015 791 4071 omnibus
846 4018 1141 4073 mandatis
1189 4020 1318 4090 ejus
1350 4021 1682 4079 intervenit.
1719 4025 1919 4081 Fidem

258 4104 470 4171 munit,
507 4120 707 4176 pacem
752 4105 1060 4177 gubernat,
1094 4108 1466 4167 dilectionem
1518 4113 1779 4183 adjuvat,
1809 4116 1918 4170 hu-

259 4192 574 4249 militatem
607 4195 869 4263 instruit,
902 4198 1302 4267 paenitentiam
1332 4207 1651 4272 exspectat,
1685 4221 1916 4261 exomo-

255 4282 509 4355 logesim
541 4283 826 4355 assignat,
862 4302 1095 4342 carnem
1144 4288 1316 4360 regit,
1370 4291 1643 4361 spiritum
1704 4300 1915 4365 servat,

258 4372 535 4445 linguam
595 4372 802 4441 frenat,
858 4391 1097 4431 manum
1128 4378 1407 4447 continet,
1442 4381 1795 4439 tentationes
1828 4384 1918 4438 in-

258 4462 477 4533 culcat,
514 4462 793 4519 scandala
826 4465 1005 4537 pellit,
1037 4467 1318 4540 martyrio
1350 4460 1741 4541 consummat,
1768 4490 1917 4544 pau-

258 4568 458 4624 perem
497 4552 852 4621 consolatur,
885 4554 1119 4611 divitem
1150 4560 1765 4629 temperat,intirmum
1799 4580 1914 4619 non

2028 3391 2255 3459 amputa
2284 3404 2423 3445 eam.
2456 3390 2589 3451 Quae
2621 3386 2805 3457 magis
2838 3385 3216 3456 amputanda,
3248 3400 3424 3455 quam
3456 3382 3513 3436 in
3548 3380 3678 3452 qui-

2030 3478 2141 3532 bus
2174 3476 2400 3533 Domini
2426 3494 2637 3548 corpus
2666 3473 3133 3532 scandalizatur!
3169 3497 3198 3524 »
3221 3472 3416 3546 (lib.de
3444 3471 3678 3528 Idolola-

2028 3569 2163 3634 tria,
2195 3584 2319 3638 cap.
2352 3567 2432 3637 7.)

2100 3675 2295 3730 Mulier
2327 3676 2640 3730 Christiana
2668 3675 2977 3730 hominibus
3004 3674 3218 3745 placere
3255 3672 3511 3741 negligil,
3565 3671 3673 3723 imo

2030 3763 2230 3820 horret.
2286 3795 2355 3804 —-
2419 3787 2439 3814 ι
2501 3767 2791 3831 Perl‘cctaa,
2824 3764 2904 3832 f_id
2940 3769 3029 3818 est
3056 3762 3399 3819 Christiana:
3431 3759 3678 3831 pudiare,

2032 3853 2449 3925 appetitionem
2499 3853 2590 3909 sui
2642 3870 2755 3908 non
2806 3857 3035 3908 tantum
3089 3869 3204 3907 non
3271 3849 3675 3921 appetendam,

2032 3944 2131 3999 sed
2165 3943 2340 3998 etiam
2375 3942 2792 3999 exsecrandam
2824 3942 2988 3996 vobis
3020 3941 3219 3996 sciatis
3255 3958 3268 3995 :
3304 3937 3680 4010 primo,quod

2031 4049 2145 4087 non
2178 4033 2248 4087 de
2279 4032 2505 4103 integra
2534 4030 2892 4087 conscientia
2922 4031 3078 4085 venit
3106 4029 3367 4085 studium
3408 4026 3677 4099 placendi

2028 4138 2132 4193 per
2155 4122 2443 4190 decorem,
2478 4137 2651 4191 quem
2712 4120 3057 4175 naturaliter
3114 4119 3483 4175 iuvitatorem
3544 4116 3675 4171 libi-

2027 4211 2184 4266 dinis
2233 4211 2474 4265 scimus.
2527 4210 2674 4275 Quid
2726 4210 2907 4281 igitur
2955 4209 3012 4263 in
3070 4214 3125 4263 te
3178 4208 3395 4264 excitas
3453 4207 3673 4262 malum

2027 4300 2227 4355 istud?
2258 4300 2397 4371 quid
2432 4299 2663 4366 invitas,
2699 4300 2869 4369 cujus
2900 4303 2953 4354 te
2989 4299 3279 4370 profiteris
3310 4296 3673 4352 extraneam?

2027 4393 2153 4444 tum
2179 4391 2335 4460 quod
2387 4388 2811 4445 tentationibus
2864 4388 3014 4442 viam
3064 4388 3290 4459 aperire
3340 4404 3453 4441 non
3502 4386 3674 4440 debe-

2028 4495 2183 4545 mus,
2216 4495 2344 4549 quaa
2376 4495 2802 4548 nonnunquam
2832 4478 3009 4547 (quod
3042 4478 3195 4531 Deus
3227 4494 3259 4531 a
3284 4476 3412 4531 suis
3457 4474 3673 4545 abigat)

2026 4567 2300 4623 instando
2342 4567 2688 4637 perﬁciunt;
2738 4572 2891 4622 certe
2938 4566 3025 4621 vel
3075 4566 3286 4637 spiritu
3334 4562 3679 4620 scandalum

264 4642 544 4737 extendit,
576 4642 863 4737 valentem
922 4660 1036 4699 non
1095 4648 1410 4737 consumit,
1472 4648 1701 4706 ﬁdelem
1760 4651 1916 4708 dele-
1945 4672 1991 4737 D
2027 4660 2364 4728 permovent
2391 4656 2483 4726 (De
2515 4656 2673 4711 Cultu
2701 4656 2858 4725 rem,
2894 4654 2993 4710 lib.
3028 4672 3091 4723 ll,
3124 4671 3251 4725 cap.
3281 4655 3357 4725 2).
3385 4675 3411 4707 ››

261 4735 399 4800 ctat,
435 4730 712 4803 gentilem
744 4731 969 4801 invitat,
1002 4750 1233 4791 servum
1278 4736 1548 4809 Domino,
1598 4739 1909 4797 Dominum

261 4819 376 4874 Deo
431 4823 825 4886 commendat,
876 4822 1152 4879 feminam
1190 4831 1452 4893 exornat,
1476 4828 1667 4884 virum
1701 4847 1909 4903 appro-

256 4910 393 4975 bat;
429 4913 665 4964 amatur
692 4909 750 4963 in
784 4927 984 4981 puero,
1016 4912 1293 4969 laudatur
1320 4914 1378 4969 in
1403 4918 1643 4987 juvene,
1667 4920 1913 4990 suspici-

260 5003 354 5051 tur
382 4998 442 5051 in
475 5014 649 5067 sene;
680 4999 739 5053 in
772 5000 931 5054 omni
962 5017 1125 5071 sexu,
1157 5002 1217 5059 in
1250 5005 1409 5059 omni
1440 5010 1605 5063 aetate
1652 5009 1911 5066 formosa

261 5092 345 5142 est
374 5088 624 5157 (Ibidem,
656 5104 784 5160 cap.
818 5090 925 5161 17).
956 5110 986 5142 ››

324 5204 603 5260 Adversus
655 5208 978 5277 spectacula
1034 5212 1083 5263 et
1141 5209 1387 5267 theatra.
1421 5244 1490 5254 ——
1524 5237 1552 5264 ‹‹
1589 5216 1910 5289 Impudici-

259 5293 394 5349 tiam
430 5311 659 5349 omnem
692 5295 925 5351 amoliri
965 5297 1265 5367 jubemur.
1329 5303 1442 5359 Hoc
1499 5304 1678 5376 igitur
1736 5308 1909 5364 modo

261 5383 434 5439 etiam
467 5402 499 5439 a
528 5384 754 5440 theatro
781 5392 1304 5461 separamur,quod
1340 5398 1427 5448 est
1458 5394 1747 5465 privatum
1779 5414 1911 5453 con-

261 5474 556 5531 sistorium
588 5474 990 5547 impudicitia,
1025 5477 1122 5533 ubi
1174 5480 1318 5536 nihil
1370 5484 1670 5555 probatur,
1731 5503 1907 5559 quam

261 5565 411 5637 quod
470 5565 605 5622 alibi
666 5581 787 5622 non
848 5566 1130 5637 probatur
1186 5568 1308 5640 (lib.
1370 5572 1435 5631 de
1489 5574 1704 5648 Spect.,
1762 5594 1905 5650 cap.

265 5656 371 5727 17).
409 5678 429 5705 .

328 5760 541 5821 Scenici
565 5776 786 5836 semper
816 5760 1079 5833 infames.
1106 5795 1173 5808 —
1205 5788 1234 5819 «
1267 5770 1480 5828 Arcent
1509 5770 1771 5831 scenicos
1801 5772 1906 5832 ho-

2091 4767 2258 4820 Fucos
2289 4763 2573 4829 adhibere,
2606 4764 2767 4834 quale
2813 4765 3040 4818 crimen.
3092 4793 3162 4805 —-—
3210 4786 3237 4812 ‹‹
3292 4762 3417 4817 Non
3467 4779 3669 4834 super-

2022 4854 2405 4926 grediendum
2439 4854 2497 4907 in
2529 4854 2790 4909 ornando
2823 4868 3061 4924 corpore
3094 4852 3264 4923 ultra,
3297 4870 3473 4923 quam
3516 4852 3670 4923 quod

2022 4942 2317 5015 simplices
2367 4947 2423 4997 et
2470 4942 2827 4997 sufficientes
2861 4941 3158 4996 munditias
3222 4941 3668 5012 concupiscunt,

2022 5032 2177 5088 ultra
2203 5048 2380 5103 quam
2413 5030 2659 5087 Domino
2691 5031 2952 5102 placere;
2988 5030 3044 5085 in
3079 5030 3245 5086 illum
3275 5030 3432 5085 enim
3483 5029 3668 5084 delin-

2022 5127 2231 5193 quunt,
2283 5139 2409 5193 quae
2463 5126 2653 5176 cutem
2686 5120 3175 5176 medicaminibus
3211 5124 3460 5192 ungunt,
3494 5135 3674 5190 genas

2020 5213 2233 5267 rubore
2262 5210 2628 5266 maculant...
2663 5210 2940 5282 Displicet
2971 5210 3085 5265 illis
3118 5210 3397 5264 nimirum
3433 5208 3673 5280 plastica

2023 5302 2120 5357 Dei
2157 5319 2169 5356 :
2204 5302 2261 5356 in
2296 5301 2439 5373 ipsis
2470 5302 2850 5370 redarguunt,
2903 5300 3339 5371 reprehendunt
3386 5297 3669 5353 artificem

2019 5392 2308 5447 omnium.
2344 5390 2801 5461 Reprehendunt
2830 5390 2985 5445 enim
3018 5408 3150 5445 cum
3180 5390 3666 5453 emendant,cum

2018 5481 2324 5553 adjiciunt,
2352 5480 2555 5552 utique
2586 5480 2658 5536 ab
2701 5481 3028 5536 adversario
3088 5482 3307 5536 artifice
3363 5484 3666 5535 sumentes

2018 5572 2362 5628 addimenta
2400 5570 2534 5640 ista,
2568 5570 2625 5626 id
2657 5574 2745 5626 est
2769 5569 3021 5627 diabolo.
3054 5592 3082 5621 »
3117 5569 3272 5642 (Ibid.
3308 5584 3435 5640 cap.
3468 5569 3549 5639 5.)

2088 5691 2277 5757 Imago
2303 5686 2556 5742 mulieris
2586 5685 2938 5741 Christianae.
2971 5716 3038 5726 —
3074 5706 3097 5734 α
3128 5687 3363 5743 Prodite
3386 5687 3505 5758 jam
3536 5703 3662 5755 vos,

2018 5776 2463 5834 medicamentis
2511 5778 2568 5833 et
2620 5775 2974 5835 ornamentis
3028 5779 3306 5836 extructae
3371 5775 3660 5848 apostolo-
