4060 6368
1001 12 1322 24 ..υ-,νηντ--ῄτ
1343 20 1376 24 _

394 426 464 483 31
1891 422 2328 484 PREFATIO.
3722 433 3802 491 39

395 571 618 611 rum....

400 733 534 805 plus
567 750 744 804 quam
778 733 834 787 in
869 750 1009 788 auro
1051 733 1385 803 placebunt.
1445 735 1660 789 Vestite
1711 751 1814 789 vos
1863 733 2044 788 serico

397 824 731 894 probitatis,
768 821 999 894 byssino
1033 823 1385 884 sanctitatis.
1419 840 1677 894 purpura
1727 824 2042 895 pudicitize.

393 912 609 967 Taliter
661 911 1072 998 pigmentataa,
1125 912 1307 966 Deum
1368 912 1660 968 habebitis
1721 918 2041 969 amatorem

399 999 586 1071 (Ibid.,
622 1017 743 1071 cap.
779 999 887 1070 13).
924 1021 953 1048 ››

463 1106 808 1160 Christianus
839 1105 1138 1176 voluptates
1171 1109 1373 1163 mundi
1401 1110 1593 1179 fugere
1620 1109 1790 1166 debet.
1815 1134 1926 1161 —-«
1958 1116 2041 1168 Tu

394 1194 742 1267 peregrinus
774 1195 974 1249 mundi
1010 1195 1209 1266 hujus,
1244 1197 1387 1251 civis
1441 1214 1708 1270 superna:
1767 1197 2041 1255 Hierusa-

391 1282 578 1353 lem.,.
643 1283 798 1340 Nihil
846 1283 949 1338 tibi
985 1301 1115 1339 cum
1148 1285 1380 1356 gaudiis
1411 1287 1630 1355 saeculi,
1662 1290 1778 1343 imo
1809 1294 2042 1344 contra-

389 1372 542 1426 rium
576 1372 773 1427 debes.
810 1371 1082 1428 Saeculum
1113 1375 1259 1429 enim
1311 1375 1588 1444 gaudebit,
1639 1393 1728 1432 vos
1775 1395 1898 1434 vero
1951 1378 2038 1434 tu-

386 1463 606 1530 gebitis.
640 1464 707 1514 Et
733 1462 926 1530 felices
959 1461 1037 1516 ait
1067 1462 1381 1532 lugentes...
1437 1465 1646 1519 Omnia
1694 1466 2042 1538 imaginaria

386 1548 447 1604 in
482 1550 714 1619 saeculo,
749 1555 805 1605 et
837 1550 982 1605 nihil
1014 1551 1129 1606 veri
1163 1551 1288 1623 (lib.
1322 1552 1389 1607 de
1421 1555 1638 1609 Corona
1668 1557 1888 1626 militis,
1911 1573 2037 1629 cap.

394 1639 503 1706 13).
545 1660 571 1687 υ

459 1745 723 1801 Adversus
752 1749 1048 1802 veritatem
1077 1745 1242 1802 nulla
1267 1751 1632 1820 praescriptio.
1655 1782 1724 1791 —
1746 1774 1772 1801 ‹‹
1799 1752 2039 1808 Veritati

387 1851 561 1889 nemo
595 1835 966 1906 praescribere
998 1840 1216 1907 potest;
1253 1853 1364 1892 non
1397 1838 1651 1910 spatium
1683 1845 2036 1914 temporum,

673 559 850 627 caput
899 555 1127 610 maritis
1177 555 1471 626 subjicile,
1520 560 1577 612 et
1625 555 1770 612 satis
1829 558 2045 610 ornatae
2074 553 2127 619 Α
2233 559 2374 612 Deus
2404 559 2680 614 amandus
2711 564 2772 615 ut
2828 565 3013 630 Pater,
3073 560 3343 616 timendus
3397 563 3457 616 ut
3513 562 3802 618 Dominus.

395 645 597 711 eritis;
636 661 848 699 manus
882 644 1031 699 lanis
1062 650 1359 714 occupate,
1394 646 1569 716 pedes
1600 645 1757 699 domi
1791 644 2047 714 ﬁgite,§et
2155 675 2224 685 —
2283 669 2309 694 ‹‹

2368 647 2610 703 Justitia
2657 649 2755 705 Dei
2792 649 3090 722 plenitudo
3123 653 3211 705 est
3241 648 3562 706 divinitatis
3591 651 3803 722 ipsius,

2158 733 2436 791 exhibens
2470 737 2650 792 Deum
2686 739 3093 810 perfectum,et
3123 745 3348 811 patrem
3381 744 3438 794 et
3467 739 3800 795 dominum:

2155 828 2403 894 patrem,
2438 825 2778 894 clementia;
2812 829 3134 892 dominum,
3169 827 3478 899 disciplina
3516 834 3806 900 :patrem,

2156 917 2442 983 potestate
2474 916 2726 985 blanda;
2759 917 3088 984 dominum,
3121 933 3319 973 severa
3352 933 3364 971 :
3399 917 3804 988 patrem,dili-

2153 1004 2428 1072 gendum,
2465 1005 2596 1075 pie;
2648 1006 2977 1072 dominum,
3033 1007 3363 1062 timendum
3423 1007 3800 1063 necessarie:

2155 1090 2540 1162 diligendum,
2577 1095 2715 1166 quia
2763 1095 2931 1151 malit
2989 1096 3391 1168 pmnitentiam
3451 1095 3799 1168 peccatoris,

2153 1195 2330 1250 quam
2364 1187 2635 1251 mortem;
2659 1189 2715 1239 et
2744 1184 3091 1250 timendum,
3124 1184 3264 1255 quia
3295 1185 3439 1240 nolit
3467 1191 3804 1257 peccatores

2154 1269 2242 1323 sui
2268 1271 2392 1340 jam
2428 1288 2541 1326 non
2573 1274 2938 1343 poenitentes.
2973 1274 3106 1329 Ideo
3138 1273 3228 1329 lex
3274 1279 3586 1345 utrumque
3641 1274 3802 1329 difﬁ-

2153 1357 2239 1412 nit
2299 1376 2312 1412 :
2371 1361 2578 1431 Diliges
2635 1364 2824 1428 Deum,
2873 1366 2925 1418 et
2955 1363 3172 1418 timebis
3202 1364 3391 1418 Deum.
3425 1362 3596 1417 Aliud
3629 1365 3801 1418 obse-

2153 1448 2338 1503 cutori
2373 1451 2696 1521 proposuit,
2733 1451 2891 1506 aliud
2922 1451 3450 1507 exhcrbitatori.Ad
3474 1452 3672 1507 omnia
3701 1469 3801 1506 oc-

2152 1539 2335 1591 currit
2365 1540 2469 1594 tibi
2509 1542 2676 1607 Deus,
2713 1541 2866 1596 idem
2899 1540 3250 1612 percutiens,
3284 1541 3384 1596 sed
3417 1545 3473 1596 et
3529 1557 3748 1596 sanans
3784 1558 3798 1596 :

2151 1626 2534 1699 mortiﬁcans,
2594 1631 2695 1685 sed
2753 1634 2810 1685 et
2857 1630 3158 1686 viviﬁcans
3187 1647 3201 1698 ;
3234 1629 3576 1696 humilians,
3609 1631 3710 1685 sed
3744 1634 3804 1685 et

2151 1714 2804 1784 sublimans;condens
2829 1718 3006 1786 mala,
3047 1720 3148 1774 sed
3206 1723 3264 1775 et
3319 1735 3519 1790 pacem
3576 1718 3800 1774 faciens

2149 1803 2329 1874 (Ibid,
2363 1823 2489 1878 cap.
2527 1808 2592 1862 13
2621 1813 2678 1863 et
2709 1809 2816 1879 14).
2854 1830 2876 1858 .

390 1923 507 2014 non
541 1923 864 1993 patrocinia
896 1940 1302 2014 personarum,
1353 1943 1466 1982 non
1530 1929 1899 2003 privilegium
1957 1951 2044 1990 re-
2072 1923 2117 1989 Β
2220 1938 2534 2012 Hucusque
2565 1943 2783 1997 bonum
2816 1959 2944 1998 esse
2975 1960 3040 1997 ac
3081 1941 3389 2014 perutilem
3441 1940 3794 1998 Tertulliani

389 2010 653 2082 gionum.
713 2014 792 2067 Ex
841 2013 933 2068 his
965 2013 1120 2068 enim
1157 2015 1271 2069 fere
1301 2019 1662 2073 consuetudo
1694 2019 1928 2077 initium
1962 2024 2033 2079 ab

389 2098 590 2170 aliqua
619 2100 952 2172 ignorantia
977 2101 1067 2157 vel
1100 2102 1479 2175 simplicitate
1509 2107 1735 2179 sortita,
1771 2110 1829 2165 in
1861 2129 2036 2170 usum

387 2203 492 2258 per
521 2191 953 2245 successionem
1015 2191 1443 2262 corroboratur,
1503 2200 1560 2249 et
1619 2196 1697 2252 ita
1756 2199 2038 2258 adversus

386 2275 689 2332 veritatem
758 2279 1105 2334 vindicatur.
1167 2280 1277 2335 Sed
1329 2281 1612 2338 Dominus
1644 2291 1844 2342 noster
1873 2289 2038 2345 Chri-

391 2367 521 2419 stus
553 2367 829 2422 veritatem
878 2384 961 2433 se,
1022 2385 1136 2423 non
1195 2373 1681 2429 consuetudinem
1737 2378 2037 2450 cognomi-

389 2452 547 2508 navit
575 2455 700 2526 (lib.
735 2457 801 2512 de
836 2457 1152 2528 Virginibus
1183 2459 1418 2528 veland.,
1453 2478 1580 2533 cap.
1617 2464 1688 2532 1).
1722 2486 1750 2515 »

462 2567 579 2623 Non
607 2585 676 2624 ex
700 2573 949 2641 personis
980 2571 1113 2642 ﬁdes
1164 2575 1475 2644 probanda,
1532 2578 1623 2634 sed
1678 2596 1919 2650 personae
1971 2599 2042 2638 ea:

389 2655 514 2725 ﬁde.
569 2688 638 2698 —-
688 2681 716 2708 ‹‹
777 2663 898 2714 Νοη
929 2677 999 2716 ea:
1022 2666 1282 2732 personis
1310 2665 1608 2734 probamus
1637 2669 1820 2740 ﬁdem,
1850 2671 1941 2726 sed
1970 2689 2042 2727 ex

391 2745 499 2815 ﬁde
521 2762 815 2816 personas;
852 2765 1021 2804 nemo
1051 2751 1284 2821 sapiens
1313 2758 1420 2822 est,
1457 2754 1567 2810 nisi
1603 2755 1789 2813 ﬁdelis
1823 2777 1835 2815 :
1871 2777 2040 2817 nemo

391 2835 600 2904 major,
636 2836 746 2892 nisi
781 2837 1148 2894 Christianus
1184 2865 1196 2894 ι
1231 2857 1401 2896 nemo
1435 2849 1630 2900 autem
1652 2846 2039 2915 Christianus,

391 2922 504 2976 nisi
541 2924 640 2994 qui
675 2926 745 2980 ad
778 2927 954 2982 ﬁnem
991 2944 1176 2999 usque
1226 2937 1681 2999 perseveraverit
1735 2937 1831 3006 (De
1877 2944 2042 2996 Prae-

385 3012 544 3082 sript.
571 3012 779 3069 advers.
811 3016 1008 3072 "mret.
1041 3033 1168 3088 cap.
1200 3019 1276 3088 3).
1309 3040 1337 3069 »

461 3117 578 3173 Non
599 3120 710 3175 alia
743 3123 1038 3192 quaerenda
1088 3126 1342 3192 scientia,
1416 3144 1580 3200 quam
1639 3133 1763 3187 Jesu
1815 3134 2037 3191 Christi.

387 3237 457 3247 —-
480 3229 508 3257 «
541 3208 721 3265 Nobis
751 3211 1089 3268 curiositate
1119 3230 1267 3284 opus
1299 3232 1414 3270 non
1446 3223 1535 3272 est
1569 3225 1698 3290 post
1742 3221 2036 3279 Christum

2149 2045 2322 2084 usum
2355 2046 2422 2085 ex
2449 2031 2726 2087 omnibus
2759 2049 2883 2103 quae
2913 2033 2984 2087 de
3013 2033 3139 2102 ejus
3176 2032 3439 2087 doctrina
3497 2030 3796 2103 congessi-

2149 2136 2281 2174 mus
2337 2120 2502 2176 enixe
2556 2123 2799 2194 probare
2853 2123 3108 2178 voluisse
3165 2124 3622 2193 videmur;jam
3654 2139 3793 2178 vero

2147 2208 2376 2264 crimini
2413 2210 2578 2266 nobis
2608 2212 2814 2267 merito
2845 2213 3009 2266 foret.
3056 2212 3112 2266 ni
3171 2212 3240 2266 ad
3305 2228 3544 2283 pravum
3604 2227 3795 2266 unum

2151 2299 2589 2368 praecavendum
2621 2299 2769 2354 nihil
2801 2301 3030 2356 consilii
3061 2301 3431 2355 adderemus.
3464 2305 3557 2370 At,
3591 2315 3798 2370 quem-

2149 2388 2464 2444 admodum
2494 2395 2776 2460 quantum
2810 2391 3084 2461 prodessc
3115 2395 3291 2461 queat
3317 2391 3466 2462 {ejus
3525 2388 3800 2444 doctrina

2150 2477 2487 2545 statuimus,
2547 2479 2627 2534 ita
2681 2496 2750 2535 ex
2806 2481 2934 2550 ejus
2975 2480 3272 2535 erroribus
3302 2479 3672 2534 inferendum
3705 2482 3800 2533 est

2149 2582 2326 2635 quam
2361 2583 2566 2622 nocere
2599 2567 2846 2639 possint,
2881 2584 3057 2639 quam
3089 2567 3206 2623 acri
3231 2567 3458 2639 judicio
3489 2567 3616 2638 ejus
3647 2566 3797 2622 scri-

2151 2660 2250 2727 pta
2277 2656 2632 2711 secernenda
2662 2657 2799 2712 sint.
2834 2660 3010 2712 Porro
3053 2656 3168 2712 alia
3224 2655 3563 2712 communia
3617 2656 3799 2711 habet

2151 2745 2444 2816 paradoxa
2497 2763 2629 2800 cum
2687 2745 3078 2813 Montanistis,
3140 2745 3256 2801 alia
3311 2762 3441 2802 vero
3492 2747 3634 2802 adeo
3677 2745 3792 2800 sibi

2151 2833 2388 2906 propria
2416 2839 2479 2889 ut
2509 2834 2896 2890 haeresiarcba
2939 2834 3074 2890 inde
3132 2834 3399 2906 evaserit,
3458 2850 3525 2890 ac
3581 2833 3798 2888 horum

2151 2938 2414 2978 errorum
2474 2923 2729 2979 asseclas
2757 2922 3246 2993 Tertullianistas,
3275 2939 3343 2979 ex
3371 2927 3607 2980 auctore
3639 2938 3798 2977 nun-

2148 3015 2411 3084 cupatos,
2447 3012 2773 3083 protulerit.

2221 3135 2452 3191 Certum
2487 3136 3001 3208 indubitatumque
3047 3141 3137 3192 est
3191 3135 3618 3192 Tertullianum
3676 3151 3798 3189 non

2151 3225 2343 3280 solum
2403 3227 2700 3282 erroribus
2757 3243 2823 3282 ac
2873 3226 3271 3282 deliramentis
3302 3224 3798 3281 Montanistarum

383 3294 609 3361 Jesum,
667 3315 770 3354 nec
828 3300 1210 3372 inquisitione
1263 3309 1395 3374 post
1449 3308 1847 3380 Evangelium.
1891 3311 2033 3368 Cum
2066 3294 2110 3364 (ἶ
2149 3315 2593 3386 subscripsisse,
2626 3332 2825 3370 verum
2883 3316 3060 3371 etiam
3119 3315 3319 3371 eadem
3378 3313 3801 3370 ardentissime

385 3388 698 3457 credimus,
733 3391 878 3448 nihil
923 3394 1330 3452 desideramus
1388 3398 1540 3454 ultra
1599 3403 1854 3459 credere.
1917 3405 2034 3460 Hoc

387 3477 546 3530 enim
605 3479 767 3549 prius
823 3482 926 3535 30
985 3483 1302 3550 credimus,
1363 3503 1476 3542 non
1511 3505 1663 3557 esse,
1696 3493 1851 3562 quod
1885 3493 2038 3549 ultra

382 3566 617 3622 credere
649 3568 970 3626 debeamus
1002 3572 1179 3643 (Ibid.,
1214 3590 1342 3646 cap.
1375 3575 1484 3647 l7).
1519 3598 1548 3626 υ

455 3675 530 3728 De
557 3674 881 3732 clericorum
912 3680 1268 3736 continentia.
1307 3711 1372 3724 —
1402 3706 1430 3734 «
1475 3685 1688 3749 Quanti
1743 3687 1926 3759 igitur
1983 3695 2040 3746 et

386 3767 618 3832 quantae
675 3765 734 3820 in
793 3765 1208 3824 ecclesiasticis
1240 3770 1547 3829 ordinibus
1578 3774 1650 3829 de
1681 3777 2041 3834 continentia

385 3859 720 3922 censentur,
749 3858 846 3927 qui
881 3865 995 3913 Deo
1027 3861 1244 3916 nubere
1282 3863 1638 3933 maluerunt,
1693 3867 1790 3938 qui
1847 3870 2040 3926 carnis

386 3959 506 3999 suae
565 3942 845 4001 honorem
907 3947 1310 4018 instituerunt,
1367 3952 1587 4024 quique
1637 3972 1698 4010 se
1722 3957 1846 4026 jam
1882 3957 2040 4014 illius

388 4032 632 4103 pudoris
661 4034 812 4090 filios
841 4037 1202 4108 dicaverunt,
1237 4040 1568 4098 occidentes
1597 4043 1656 4098 in
1708 4062 1770 4100 se
1825 4063 2039 4102 concu-

389 4120 740 4192 piscentiam
775 4123 1036 4182 libidinis
1067 4132 1124 4182 et
1156 4133 1345 4184 totum
1376 4129 1521 4186 illud
1554 4134 1707 4204 quod
1741 4134 1896 4191 intra
1938 4153 2039 4208 pa-

388 4208 652 4265 radisum
715 4229 829 4268 non
863 4215 1053 4284 potuit
1083 4217 1383 4272 admitti...
1420 4221 1560 4276 Inde
1590 4223 1742 4293 apud
1775 4241 1881 4280 nos
1914 4226 2040 4297 ple-

388 4297 526 4353 nius
588 4305 766 4370 atque
817 4302 1162 4360 instructius
1224 4309 1623 4378 praescribitur
1677 4313 1854 4369 unius
1912 4330 2041 4370 esse

390 4387 753 4444 matrimonii
808 4397 1077 4461 oportere
1135 4395 1233 4466 qui
1292 4397 1642 4470 adleguntur
1688 4401 1749 4457 in
1780 4403 2042 4460 ordinem

388 4477 811 4536 sacerdotalem
841 4481 939 4552 (De
965 4483 1184 4540 Exhort.
1219 4483 1387 4552 Cast.,
1420 4503 1469 4543 c.
1501 4488 1556 4559 7,
1591 4490 1700 4558 13).
1727 4513 1756 4540 ››

466 4593 626 4648 Homo
679 4597 863 4667 imago
892 4599 991 4653 Dei
1011 4615 1109 4670 per
1139 4600 1376 4656 liberum
1406 4603 1717 4660 arbitrium.
1753 4637 1822 4648 -
1851 4631 1880 4658 ‹‹
1913 4608 2038 4665 Non

393 4680 540 4738 facie
571 4683 742 4739 homo
776 4687 847 4740 ad
883 4688 1236 4745 uniformem
1268 4690 1370 4745 Dei
1403 4708 1716 4765 expressus
1747 4701 1875 4765 est;
1939 4700 2042 4754 sed

391 4768 451 4824 in
513 4785 580 4826 ea
639 4773 971 4831 substantia
1017 4793 1195 4848 quam
1229 4780 1300 4834 ab
1333 4780 1459 4851 ipso
1497 4784 1606 4839 Deo
1637 4786 1830 4854 traxit,
1865 4787 1923 4842 id
1955 4792 2044 4843 est

391 4859 622 4928 animae,
650 4863 718 4918 ad
755 4864 1001 4921 formam
1035 4867 1135 4923 Dei
1168 4871 1577 4940 respondentis
1607 4878 1664 4929 et
1693 4875 1918 4931 arbitrii
1948 4877 2042 4933 sui

391 4947 660 5006 libertate
691 4957 746 5006 et
777 4958 1061 5024 potestate
1104 4956 1375 5028 signatus
1429 4963 1537 5015 est.
1597 4961 1764 5020 Hunc
1819 4970 2040 5022 statum

388 5039 518 5107 ejus
549 5040 918 5098 confirmavit
949 5045 1125 5100 etiam
1161 5045 1289 5118 ipsa
1320 5047 1430 5102 lex.
1467 5049 1593 5104 Non
1649 5053 1805 5109 enim
1868 5073 2042 5128 pone-

391 5129 554 5181 retur
610 5127 701 5184 lex
762 5130 812 5186 ei
845 5133 944 5204 qui
978 5151 1091 5189 non
1127 5135 1367 5192 haberet
1395 5137 1744 5211 obsequium
1778 5145 2041 5202 debitum

389 5215 502 5288 legi
534 5217 590 5271 in
626 5236 733 5274 sua
765 5228 1050 5292 potestate
1078 5241 1091 5279 ε
1127 5241 1230 5280 nec
1264 5243 1468 5282 rursus
1496 5232 1872 5290 comminatio
1897 5252 2045 5291 mor-

389 5305 466 5360 tis
524 5310 982 5382 transgressioni
1041 5315 1448 5386 ascriberetur,
1511 5318 1559 5373 si
1618 5337 1731 5376 non
1791 5328 1848 5378 et
1904 5341 2042 5380 con-

390 5397 654 5486 temptus
709 5397 858 5472 legis
895 5401 953 5457 in
987 5403 1209 5458 arbitrii
1243 5403 1572 5463 libertatem
1604 5408 1825 5466 homini
1859 5413 2041 5486 depu-

391 5485 630 5540 taretur.
666 5489 773 5544 Sed
803 5495 858 5545 et
890 5491 1036 5549 alias
1070 5493 1241 5566 quale
1270 5499 1415 5564 erat,
1476 5500 1541 5551 ut
1594 5500 1775 5556 totius
1833 5485 2042 5558 mundi

393 5573 700 5644 possidens
731 5577 926 5650 homo,
953 5599 1067 5638 non
1100 5584 1158 5639 in
1193 5583 1402 5656 primis
1432 5585 1615 5642 animi
1647 5590 1738 5645 sui
1771 5593 2044 5663 passione

393 5669 683 5753 regnaret,
741 5667 990 5730 aliorum
1050 5671 1346 5745 dominus,
1409 5674 1503 5731 sui
1533 5676 1790 5736 famulus
1820 5680 1944 5753 (lib.
1977 5699 2041 5751 II,

393 5752 616 5810 advers.
651 5760 947 5834 Marcion,
981 5777 1109 5836 cap.
1140 5763 1199 5834 5,
1227 5762 1306 5835 6).
1346 5785 1368 5817 ι

2144 3394 2502 3476 propinasse.
2560 3404 2902 3460 Istiusmodi
2961 3412 3094 3460 sunt
3139 3404 3338 3460 omnia
3369 3404 3586 3476 quibus
3617 3418 3800 3458 suum

2145 3492 2496 3548 Paraclitum
2530 3495 2751 3566 passim
2785 3499 2840 3549 et
2869 3495 3193 3565 procaciter
3221 3494 3522 3560 venditat;
3578 3491 3800 3563 quibus

2145 3584 2437 3638 secundas
2467 3584 2705 3656 nuptias
2734 3601 2848 3639 non
2883 3583 3073 3639 solum
3103 3584 3366 3653 damnat,
3403 3583 3502 3638 sed
3551 3582 3804 3652 insuper

2145 3673 2555 3728 enormitatem
2589 3678 2757 3729 vocat
2785 3674 2945 3729 omni
2977 3673 3224 3729 crimine
3256 3674 3534 3743 majorem
3556 3669 3802 3743 ,quibus

2146 3761 2417 3817 illicitum
2450 3779 2598 3832 esse,
2632 3767 2872 3835 urgente
2903 3763 3324 3834 persecutionis
3354 3767 3520 3827 aestu,
3553 3767 3677 3817 tum
3712 3760 3804 3814 fu-

2147 3867 2304 3923 gere,
2335 3856 2462 3906 tum
2495 3868 2626 3907 sese
2657 3852 2904 3924 pecunia
2932 3853 3027 3908 31
3065 3852 3351 3907 redimere
3381 3853 3567 3906 docet.
3596 3853 3663 3905 At
3711 3865 3802 3904 re-

2149 3940 2298 4012 fugit
2329 3941 2562 3995 animus
2594 3941 2808 3996 referre
2837 3941 3086 4010 injurias
3115 3957 3259 4011 quas
3285 3939 3542 3995 evomuit
3595 3939 3803 3994 doctor

2147 4029 2244 4084 ille
2276 4034 2573 4099 protervus
2603 4033 2804 4086 contra
2834 4029 2936 4085 Dei
2967 4027 3287 4096 Ecclesiae;
3321 4027 3535 4100 quibus
3587 4027 3804 4082 Catho-

2146 4117 2290 4174 licos
2341 4120 2591 4191 impetit,
2615 4136 2762 4191 quos
2793 4119 3013 4190 passim
3051 4117 3306 4190 appellat
3337 4117 3588 4189 Psychos,
3618 4116 3676 4171 id
3707 4121 3805 4172 est

2149 4207 2434 4264 animales
2454 4209 2724 4265 homines
2748 4225 2813 4265 ac
2837 4208 3373 4264 carnales.Eosdem
3403 4206 3596 4277 arguit
3616 4206 3804 4278 quod,

2149 4314 2364 4370 agapen
2403 4297 2768 4366 celebrando,
2803 4297 2991 4354 ventri
3020 4296 3394 4367 indulgerent
3441 4300 3499 4351 et
3547 4295 3809 4367 impudi-

2149 4387 2304 4443 citiis
2360 4403 2598 4460 operam
2655 4388 2879 4455 darent,
2944 4387 3426 4458 confessoresque
3479 4385 3539 4440 in
3568 4401 3806 4441 carcere

2149 4477 2417 4532 detentos
2474 4477 2548 4532 ad
2605 4476 3118 4548 intemperantiam
3177 4474 3612 4547 compellerent.
3646 4474 3802 4529 Prae-

2149 4566 2352 4638 cipuos
2393 4566 2572 4622 habes
2635 4565 2976 4622 Tertulliani
3043 4565 3405 4620 Montanistaa
3463 4580 3708 4630 errores,
3767 4579 3804 4619 θ

2071 4661 2116 4726 1)
2147 4656 2363 4727 quibus
2393 4672 2600 4712 ansam
2629 4655 2878 4728 arripuit
2907 4655 3032 4728 ipse
3063 4655 3344 4727 prodendi
3367 4655 3566 4710 odium
3596 4669 3799 4725 suum,

2151 4746 2534 4816 animumque
2563 4761 2700 4818 erga
2729 4744 3058 4801 Catholicos
3089 4743 3581 4800 infensissimum.

2220 4880 2599 4936 Pervenimus
2625 4880 2695 4936 ad
2728 4896 2954 4936 errores
2983 4877 3083 4951 qui
3114 4877 3469 4934 Tertulliano
3500 4877 3806 4934 haeresiar-

2151 4969 2270 5026 chas
2303 4970 2520 5043 preprii
2548 4974 2689 5026 sunt
2724 4987 2788 5026 ac
2819 4969 3183 5042 peculiares;
3213 4985 3278 5024 ac
3311 4985 3381 5023 ne
3427 4968 3487 5023 in
3546 4968 3802 5024 iirmen-

2152 5077 2285 5116 sum
2344 5059 2779 5132 protrahamur,
2838 5060 2910 5115 ad
2970 5056 3804 5130 Pamelii,Rigaltii,czetero-

2151 5166 2397 5221 rumque
2427 5153 2957 5206 commentatorum
2996 5155 3167 5204 notas
3198 5148 3348 5204 infra
3378 5148 3804 5219 subjiciendas,

2152 5240 2272 5295 hac
2306 5240 2641 5295 minutatim
2675 5240 2979 5312 pensanda
3011 5237 3384 5294 remittimus.
3444 5236 3808 5295 Notabiliora

2151 5345 2418 5401 promere
2475 5329 2750 5386 sufﬁciat.
2811 5332 2888 5384 Ac
2947 5345 3136 5401 primo
3171 5327 3314 5396 loco,
3347 5326 3646 5399 Virginem
3682 5329 3809 5384 Dei-

2151 5434 2352 5489 param
2381 5418 2778 5490 virginitatem
2810 5419 2869 5474 in
2901 5422 3072 5491 partu
3106 5416 3377 5472 amisisse
3435 5417 3611 5473 audet
3666 5433 3803 5489 pro-

2152 5507 2322 5563 ﬁteri.
2356 5509 2506 5563 Tum
2537 5509 2610 5564 de
2640 5509 2856 5575 anima,
2889 5508 2997 5563 etsi
3027 5505 3312 5562 nonnulla
3336 5505 3586 5578 benigne
3615 5505 3804 5578 expli-

2151 5597 2339 5654 canda
2369 5614 2698 5670 censemus,
2727 5597 2915 5654 multa
2945 5594 3108 5652 nullo
3138 5598 3308 5668 pacto
3339 5597 3672 5653 excusanda
3710 5613 3802 5654 re-

2153 5690 2416 5756 manent,
2451 5687 2556 5760 uti,
2589 5687 2839 5761 exempli
2887 5702 3087 5753 causa,
3146 5701 3276 5757 quae
3333 5685 3688 5743 solemniora
3744 5689 3803 5744 et

2153 5777 2314 5833 omni
2371 5777 2544 5835 modo
2573 5775 2950 5852 corpulentia
2980 5773 3198 5845 debita,
3230 5790 3299 5832 ea
3327 5791 3562 5850 quoque
3593 5775 3800 5833 adesse
