4060 6408
165 384 226 445 33
1645 367 2086 434 PRIEFATIO.
3470 375 3551 436 ει

165 513 569 586 αηίωω,ἰρεαω
594 529 667 569 ex
689 512 924 587 proprio
942 529 1079 569 sexu
1113 510 1416 585 distingui,
1439 508 1525 565 vel
1562 520 1789 562 mascu-
1818 502 1873 570 Α
1904 516 2058 565 mus,
2091 515 2223 554 cum
2247 498 2487 570 quinam
2511 497 2728 555 fuerint
2757 499 2815 555 in
2840 516 2906 556 eo
2941 501 3203 558 virorum
3235 504 3546 563 doctorum

162 605 266 660 lino
301 602 518 659 scilicet
551 602 641 658 vel
676 601 989 670 feminino;
1023 602 1266 672 trinam,
1329 598 1502 656 sicuti
1560 599 1617 652 et
1673 611 1793 649 cor-

161 711 308 767 pore,
339 710 438 765 per
464 692 736 764 longum,
769 692 954 747 latum
1000 696 1088 747 est
1120 691 1499 763 profundum,
1560 686 1790 740 dimen-

160 785 365 839 siouem
397 782 612 837 habere
640 807 654 849 ;
687 781 950 853 corporis
981 780 1229 835 humani
1261 778 1513 851 speciem
1547 792 1611 830 ac
1642 774 1789 844 {igu-

158 890 271 928 ram
300 889 412 945 pra
445 889 506 927 se
538 872 725 938 terre;
780 887 893 925 non
948 886 1075 926 esse
1135 868 1439 941 qualitatis
1486 863 1679 919 inanis
1737 865 1793 916 et

160 980 360 1033 vacuas,
388 962 487 1017 sed
520 978 647 1033 quea
665 960 853 1016 teneri
882 960 1085 1032 possit,
1126 959 1277 1015 acrei
1323 954 1533 1013 coloris
1587 970 1653 1009 ac
1700 951 1789 1007 lu-

163 1052 363 1107 cidam.
396 1050 748 1107 Notabiliter
768 1049 1008 1121 insuper
1037 1052 1193 1104 errat
1221 1045 1638 1113 Tertullianus,
1660 1057 1792 1097 cum

164 1144 319 1197 docet
348 1139 661 1197 Ecclesium
712 1140 793 1196 ibi
851 1140 1025 1195 etiam
1058 1139 1281 1205 haberi,
1340 1135 1436 1191 ubi
1482 1138 1622 1190 sunt
1678 1131 1793 1185 duo

162 1230 241 1286 vel
274 1239 407 1298 tres,
440 1229 577 1285 licet
634 1228 814 1284 laici:
875 1229 973 1285 Ubi
1017 1233 1143 1295 tres,
1201 1227 1452 1281 Ecclesia
1508 1227 1605 1292 est,
1670 1220 1796 1275 licet

166 1322 332 1376 laici!
363 1318 657 1375 horribilis
687 1336 830 1375 sane
857 1318 1196 1391 propositio,
1229 1333 1297 1371 ex
1327 1332 1443 1387 qua
1472 1310 1796 1368 funestiora

160 1410 299 1465 bene
320 1407 507 1464 multa
535 1425 637 1480 pro
669 1406 930 1463 Ecclesia
960 1410 1423 1478 consequuntur.

221 1525 457 1581 Silentio
490 1528 763 1596 praetereo
798 1522 942 1578 alios
973 1538 1198 1578 errores
1259 1537 1406 1591 quos
1470 1535 1583 1573 non
1634 1514 1794 1570 solus

157 1616 277 1686 ipse
346 1613 758 1685 propugnavit,
808 1612 909 1667 sed
961 1621 1018 1666 et
1074 1611 1171 1665 alii
1232 1627 1300 1665 ex
1357 1606 1794 1671 vetustioribus,

156 1702 502 1772 casteroquin
536 1701 593 1754 in
618 1716 678 1755 re
706 1701 968 1755 nondum
992 1701 1064 1753 ab
1095 1698 1353 1753 Ecclesia
1384 1694 1626 1751 definita
1657 1710 1669 1759 ;
1704 1710 1790 1747 ex.

155 1791 358 1864 gratia,
382 1789 835 1861 rebaptizandos
867 1804 995 1843 esse
1019 1788 1092 1843 ab
1126 1786 1412 1841 haereticis
1441 1784 1790 1856 baptizatos;

156 1883 289 1936 item
317 1895 386 1934 eo
418 1879 665 1933 refertur
694 1878 893 1949 opinio
926 1876 1413 1940 millenariorum,
1474 1878 1531 1928 et
1579 1872 1795 1927 descri-
1827 1875 1874 1939 B

158 1970 271 2041 ptio
292 1966 551 2040 paradisi
587 1983 761 2038 quem
795 1967 853 2019 in
885 1966 1185 2037 Apologet,
1218 1980 1343 2034 cap.
1406 1963 1494 2029 47,
1547 1960 1800 2033 appellat

156 2057 344 2114 locum
371 2056 581 2110 divinas
621 2055 995 2121 amoenitatis,
1054 2052 1405 2125 recipiendis
1463 2055 1795 2105 sanctorum

154 2145 462 2216 spiritibus
494 2144 881 2207 destinatum,
916 2148 972 2197 et
1010 2142 1262 2197 maceria
1302 2141 1555 2211 quadam
1614 2138 1796 2209 igneas

153 2251 307 2289 zonas
340 2232 605 2288 anotitia
634 2232 791 2287 orbis
837 2230 1168 2286 communis
1211 2234 1599 2301 segregatum.
1656 2226 1796 2290 Qui-

152 2324 261 2377 bus
276 2322 615 2377 addendum
648 2320 806 2375 venit
828 2320 982 2390 quod
1012 2319 1188 2373 habet
1219 2319 1289 2372 de
1312 2316 1532 2385 angelis
1566 2320 1797 2386 aposta-

154 2413 247 2480 tis,
283 2412 389 2482 qui
421 2409 573 2465 tilias
606 2409 915 2464 hominum
939 2411 1336 2480 cognoverunt
1366 2407 1495 2475 (42).

217 2527 365 2582 [llud
401 2530 596 2580 autem
632 2528 970 2595 portentum
1014 2539 1244 2594 aequare
1303 2522 1551 2589 videtur,
1608 2519 1801 2590 inquit

149 2621 354 2671 auctor
388 2614 631 2686 quidam
666 2614 795 2668 vita;
817 2612 1183 2675 Tertulliani,
1206 2611 1397 2665 virum
1432 2609 1588 2663 hunc
1638 2606 1801 2662 scili—

152 2712 258 2773 cet,
292 2703 539 2766 sublimi
573 2701 805 2773 iugenio
836 2700 1335 2769 donatum,fidem
1367 2697 1676 2754 conciliare
1698 2712 1799 2768 po-

153 2795 339 2848 tuisse
374 2790 718 2862 hujusmodi
751 2790 1065 2855 erroribus,
1099 2790 1171 2843 ob
1200 2788 1457 2843 visiones
1488 2785 1801 2841 mulierum

158 2883 376 2953 quibus
410 2896 575 2951 reque
606 2896 671 2935 ac
695 2878 882 2934 sancti
912 2878 1163 2950 Spiritus
1193 2875 1647 2932 revelationibus
1679 2890 1801 2928 om-

163 2970 466 3025 nimodam
501 2969 674 3023 fidem
707 2967 1042 3038 prtestabat.

226 3087 377 3141 Hinc
438 3102 571 3141 cum
631 3083 985 3157 praelaudato
1046 3086 1282 3139 auctore
1334 3080 1802 3138 concludendum

161 3181 247 3231 est
280 3176 394 3247 (45)
414 3176 535 3247 jam
560 3191 664 3229 nos
682 3191 715 3229 a
740 3171 1097 3229 Tertulliano
1118 3171 1282 3243 lapso
1308 3171 1605 3226 admoneri
1630 3187 1799 3242 quam

1903 589 2153 661 impensi
2189 589 2438 655 labores,
2472 588 2593 643 sive
2628 590 2699 643 ad
2758 589 2987 645 codices
3048 593 3549 664 transcribendos,

1905 678 2024 735 sive
2058 678 2128 733 ad
2153 677 2437 733 editiones
2460 678 2858 748 proferendas,
2907 679 3026 735 sive
3085 682 3155 735 ad
3218 686 3439 737 textum
3491 684 3551 738 in

1905 768 2241 823 recentibus
2267 766 2483 837 linguis
2514 766 3008 838 transferendum,
3032 768 3152 825 sive
3184 771 3255 825 ad
3284 773 3550 843 quaedam

1904 857 1983 912 rei
2011 855 2419 911 Tertullianeee
2443 860 2662 927 puncta
2692 856 2993 927 sigillatim
3056 859 3440 927 enucleanda,
3490 861 3549 916 in

1904 946 2152 1001 decursu
2204 944 2575 1012 seculorum,
2637 945 2885 1017 singulis
2946 947 3309 1004 volventibus
3355 949 3550 1017 annis,

1904 1050 2204 1090 recensere
2227 1035 2571 1089 summatim
2596 1034 3031 1106 aggrediamur.
3056 1037 3212 1092 Nihil
3243 1038 3400 1093 enim
3434 1056 3553 1094 ma-

1904 1124 1993 1195 gis
2027 1123 2284 1179 ostendit
2314 1139 2491 1194 quam
2524 1126 2610 1177 tot
2640 1122 2896 1179 virorum
2933 1125 2989 1179 in
3023 1128 3297 1182 eumdem
3350 1132 3550 1183 aucto-

1905 1230 2025 1269 rem
2058 1228 2304 1284 Operosa
2336 1228 2401 1267 ac
2438 1211 2734 1267 indefessa
2760 1213 3285 1285 samulatio,quanti
3318 1216 3553 1271 Tertul-

1903 1302 2129 1357 lianum
2162 1302 2359 1357 fecerit
2387 1301 2580 1356 omnis
2614 1305 2766 1356 retro
2799 1303 3122 1374 antiquitas
3156 1321 3224 1359 ac
3267 1306 3556 1360 recentior

1904 1390 2177 1455 eruditio,
2228 1394 2451 1461 quanta
2510 1389 2686 1444 fuerit
2743 1391 2870 1461 ejus
2928 1393 3267 1462 auctoritas,
3321 1394 3553 1466 qualive

1904 1479 2209 1551 diligentia
2240 1495 2304 1533 ac
2337 1478 2645 1548 prudentia
2675 1479 2926 1551 quisque
2959 1482 3086 1551 ejus
3120 1482 3357 1553 scriptis
3405 1500 3550 1538 usus

1904 1567 2451 1623 fuerit.Przehabitis
2478 1567 2678 1622 eadem
2702 1568 2760 1622 in
2794 1585 2854 1623 re
2883 1570 3191 1641 studiis,ac
3226 1572 3551 1641 praesertim

1906 1659 2040 1712 Cur.
2078 1657 2344 1725 Traugott
2368 1656 2580 1710 Gottlob
2607 1656 3017 1713 Schaenemann
3046 1677 3179 1715 rara
3227 1660 3548 1715 admodum

1903 1745 2262 1801 Bibliotheca
2283 1744 2910 1817 historico-litterario,
2937 1746 3241 1819 libentius,
3265 1764 3367 1818 pro
3390 1765 3553 1803 more

1906 1839 2104 1890 nostro
2136 1850 2201 1889 ac
2224 1835 2380 1904 jure,
2402 1838 2652 1903 utentes,
2688 1836 2877 1905 primo
2911 1837 2980 1890 de
3002 1836 3301 1892 codicibus
3351 1853 3553 1891 manu-

1906 1923 2160 1994 scriptis,
2196 1939 2446 1993 quorum
2481 1922 2691 1978 notitia
2716 1924 2786 1978 ad
2825 1941 3011 1995 usque
3043 1942 3149 1981 nos
3206 1926 3555 1997 pervenerit,

1906 2028 2092 2083 pauca
2120 2012 2477 2078 libabimus;
2530 2016 2654 2067 tum
2716 2013 3062 2080 editionum,
3112 2014 3446 2069 versionum
3486 2031 3553 2070 ac

1907 2101 2472 2156 commentutionum
2506 2100 2761 2171 amplam
2787 2103 2996 2157 seriem
3029 2104 3102 2158 ad
3135 2102 3401 2175 singulos
3450 2120 3555 2157 an-

1908 2207 2036 2261 nos,
2071 2194 2359 2261 quantum
2394 2188 2650 2260 licuerit,
2682 2191 3004 2245 referemus
3037 2192 3171 2262 (44).

2248 2336 2274 2400 §
2304 2331 2341 2387 l.
2374 2349 2444 2386 ns
2481 2348 2782 2388 CODICIBUS
2819 2351 3218 2389 TERTULLIANI.

1984 2458 2163 2512 «Post
2203 2457 2622 2528 antiquissima
2677 2458 2969 2530 Cypriani,
3029 2459 3339 2529 Lactantii,
3393 2459 3551 2515 Hila-

1909 2545 2001 2612 rii,
2041 2545 2298 2610 Eusebii,
2356 2546 2571 2616 Ruﬁni,
2632 2546 2992 2618 Hieronymi,
3026 2548 3365 2620 Augustini,
3404 2548 3554 2604 Vin-

1910 2634 2085 2690 centii
2118 2634 2462 2702 Lirinensis,
2523 2636 2592 2690 de
2646 2636 2989 2691 Tertulliani
3052 2637 3239 2704 libris,
3296 2638 3555 2709 ingenio,

1912 2724 2257 2779 auctoritate
2288 2725 2649 2794 testimonia,
2711 2725 2874 2780 nulla
2930 2726 3179 2782 subinde
3228 2742 3330 2798 per
3386 2726 3557 2797 plura

1912 2812 2124 2868 saecula
2154 2818 2458 2868 remanent
2489 2814 2617 2885 ejus
2648 2814 3292 2887 vostigia,obrutusque
3322 2815 3557 2870 videtur

1912 2903 2023 2957 sub
2046 2902 2419 2958 celeberrimo
2468 2901 2678 2957 Gelasii
2718 2920 2877 2975 papae
2937 2904 3189 2973 decreto,
3249 2905 3348 2975 qui
3410 2904 3555 2958 indi-

1914 2991 2127 3046 stincta
2184 2992 2311 3061 ejus
2355 3007 2530 3062 opera
2588 2991 2741 3046 inter
2796 2993 3128 3065 apocrypha
3194 2992 3552 3049 amandavit.

1911 3080 2147 3136 Excitus
2196 3081 2434 3135 tandem
2493 3097 2559 3135 ex
2617 3080 2689 3135 iis
2755 3082 3217 3153 apocryphorum
3268 3082 3553 3151 tenebris,

1912 3186 2116 3225 rursus
2149 3169 2209 3223 in
2240 3168 2430 3223 lucem
2456 3168 2669 3239 prodiit
2700 3169 2853 3224 circa
2888 3170 3081 3224 fausta
3102 3170 3291 3225 Caroli
3348 3170 3539 3241 Magni

156 3243 387 3320 lubrica
412 3243 503 3319 res
537 3262 936 3318 sithominum
975 3261 1324 3327 intellectus,
1358 3261 1427 3316 de
1457 3277 1518 3316 se
1550 3260 1796 3314 nimium
1828 3243 1871 3311 C
1911 3264 2196 3331 tempore,
2248 3275 2380 3313 cum
2428 3275 2495 3313 ex
2546 3258 2791 3313 immani
2826 3259 3214 3314 barbarorum
3300 3259 3548 3314 colluvie

154 3369 548 3427 praesumens,
581 3352 691 3408 sibi
714 3352 814 3406 uni
864 3351 1063 3406 omnia
1102 3351 1385 3416 tribuens,
1434 3349 1801 3420 nimiumque

150 3444 423 3508 credens,
450 3458 553 3497 nec
586 3442 684 3497 32
719 3439 1362 3510 aliorum,maximeque
1396 3438 1581 3509 ipsius
1613 3439 1804 3493 Eccle-

150 3531 248 3587 siae
283 3529 608 3602 respiciens
666 3527 1118 3584 auctoritatem!
1182 3544 1360 3599 quam
1419 3527 1532 3591 cito
1593 3525 1800 3598 privati

152 3619 477 3691 cujuslibet
508 3617 805 3689 ingenium
842 3616 1098 3671 subverti
1132 3615 1340 3687 queat!
1368 3631 1546 3686 quam
1582 3631 1803 3686 pronus

149 3710 423 3780 ejusdem
461 3708 518 3762 iu
542 3724 767 3762 errores
798 3705 1035 3777 lapsus!
1072 3722 1248 3776 quam
1274 3721 1405 3760 vere
1454 3705 1523 3758 de
1581 3703 1806 3759 Tertul-

152 3799 316 3853 liano
348 3798 410 3851 in
446 3796 533 3852 sui
556 3795 994 3851 Commonitorii
1027 3812 1152 3864 cap.
1213 3794 1281 3849 18
1340 3793 1808 3865 pronuntiaverit

155 3892 215 3942 Β.
268 3885 620 3940 Vincentius
678 3884 1032 3939 Lirinensis:
1091 3884 1469 3939 Tertullianus
1542 3881 1810 3937 catholici

147 3978 453 4045 dogmatis,
488 3975 542 4029 id
580 3982 659 4029 est
686 3975 1015 4028 universalis
1047 3990 1110 4027 ac
1139 3976 1364 4028 vetusta
1423 3972 1555 4041 ﬁdei
1608 3987 1808 4042 parum

145 4076 347 4129 tenax,
411 4079 480 4119 ac
524 4063 788 4118 disertior
843 4064 1013 4117 multo
1072 4079 1237 4134 quam
1285 4062 1532 4132 felicior,
1589 4064 1809 4115 mutata

142 4157 408 4225 deinceps
438 4154 733 4218 sententia,
766 4154 893 4222 fecit
931 4152 1005 4207 ad
1059 4158 1373 4206 extremum
1434 4150 1575 4221 quod
1630 4150 1698 4205 de
1747 4166 1807 4205 eo

142 4244 339 4299 beatus
366 4244 647 4313 confessor
677 4241 923 4295 Hiiarius
951 4240 1183 4312 quodam
1246 4241 1358 4295 loco
1406 4239 1640 4294 scribit:
1701 4238 1799 4293 Se-

147 4335 375 4404 quenti,
412 4333 619 4402 inquit,
652 4346 838 4386 errore
866 4329 1119 4385 detraxit
1144 4331 1373 4400 scriptis
1418 4327 1807 4400 probabilibus

140 4423 568 4479 auctoritatem.

718 4586 1111 4643 ARTICULUS
1152 4587 1247 4644 III.

353 4721 428 4760 DE
468 4720 819 4760 LITTERARIIS
856 4721 1233 4760 TERTULLIANI
1262 4719 1609 4759 ANNALIBUS.

214 4866 389 4920 Modo
422 4880 731 4936 perpensa,
758 4868 889 4919 utut
916 4864 1041 4921 ﬁeri
1070 4864 1614 4928 licuit;Tertulliani
1647 4863 1800 4919 mul-

141 4953 334 5026 tiplici
368 4954 739 5023 auctoritate,
786 4958 961 5025 atque
1000 4955 1174 5021 datis,
1232 4971 1357 5025 quae
1407 4954 1535 5009 ausi
1595 4969 1801 5009 sumus

146 5059 213 5097 ac
245 5044 481 5115 potiora
509 5044 889 5111 duximus,de
906 5044 1342 5115 rectoejusdem
1377 5060 1486 5098 usu
1512 5042 1797 5110 consiliis,

125 5131 255 5201 jam
286 5149 359 5187 ex
391 5132 503 5187 hoc
536 5131 738 5188 ordine
770 5149 964 5188 rerum
1007 5132 1253 5188 minime
1305 5131 1598 5189 declinare
1646 5131 1799 5187 vide-

204 5348 326 5420 (42)
358 5348 491 5403 Haec
523 5352 581 5405 et
611 5348 727 5404 alia
749 5347 1097 5421 Tertulliani
1131 5349 1427 5421 paradoxa
1457 5348 1610 5403 infra
1635 5364 1800 5419 repe-

133 5418 251 5475 ries
284 5418 424 5477 eum
458 5421 724 5477 antidoto
756 5420 1021 5486 Pamelii,
1055 5424 1111 5477 et
1132 5418 1273 5475 alibi
1312 5420 1443 5475 aliis
1501 5418 1800 5475 commen-

130 5497 397 5549 tatorum
448 5494 608 5550 notis
663 5498 907 5561 sanata;
959 5494 1029 5547 ab
1089 5494 1389 5548 erroribus
1438 5493 1797 5563 quibusdam

174 5582 446 5638 erperam
490 5567 605 5639 ipsi
659 5564 972 5636 imputatis
1006 5564 1463 5639 ,Tortullianum
1494 5565 1800 5639 “vindicat

179 5637 345 5710 ump.
378 5637 649 5699 Biblioth.
682 5640 884 5694 histor.
931 5638 1123 5693 critica
1150 5639 1286 5705 PP.,
1332 5643 1375 5692 t.
1437 5637 1556 5707 VII,
1598 5653 1646 5691 c.
1706 5639 1796 5704 11,

131 5728 193 5783 p.
217 5713 326 5768 709
353 5730 517 5788 seqq.

1911 3366 2139 3405 emersa
2170 3353 2619 3405 renascerentur
2649 3349 2845 3405 studia
2870 3349 3222 3405 litterarum.
3252 3352 3385 3416 Quae
3442 3350 3552 3405 im-

1912 3439 2118 3510 primis
2136 3438 2381 3493 tloruere
2411 3438 2692 3507 Lugduni,
2727 3438 2785 3494 in
2806 3444 3037 3495 vetusta
3077 3439 3426 3495 eruditionis
3485 3455 3552 3495 ac

1912 3527 2260 3599 eloquentia:
2292 3526 2519 3581 Gallicas
2552 3528 2707 3595 sede,
2743 3544 2846 3582 nec
2880 3545 3085 3600 parum
3122 3529 3334 3584 favisse
3365 3528 3561 3583 archi-

1914 3616 2170 3688 episcopi
2224 3617 2675 3688 Lugdunenses,
2730 3617 3054 3672 Leidradus
3104 3618 3256 3672 inter
3312 3634 3460 3689 quos
3508 3620 3567 3672 et

1914 3706 2273 3775 Agobardus,
2304 3710 2730 3761 memorantur.
2768 3706 2942 3761 Porro
2974 3706 3406 3761 Tertullianum
3439 3722 3554 3776 pra;

1916 3794 2190 3849 omnibus
2234 3794 2292 3848 in
2353 3794 2577 3849 deliciis
2618 3794 2896 3849 habuisse
2953 3796 3298 3867 Agobardus
3357 3794 3555 3849 existi-

1918 3884 2171 3938 mandus
2197 3888 2305 3950 est,
2339 3882 2556 3953 quippe
2607 3884 2774 3953 cujus
2830 3890 3061 3939 exstant
3108 3884 3306 3956 plures
3359 3900 3558 3939 manu-

1918 3973 2119 4043 scripti
2147 3973 2375 4027 codices
2408 3988 2619 4027 nomen
2653 3974 2783 4043 ejus
2816 3990 2929 4044 prae
2979 3990 3042 4029 se
3085 3974 3354 4029 ferentes.
3414 3972 3560 4027 Hinc

1916 4060 2130 4134 igitur:

2503 4207 2603 4261 33
2635 4206 2854 4262 Saeculo
2886 4224 2956 4262 Ix.

1988 4331 2093 4383 «1ο
2122 4330 2275 4383 Inter
2333 4345 2469 4384 ann.
2519 4329 2623 4383 814
2683 4335 2740 4385 et
2782 4331 2908 4385 840.
2966 4333 3006 4385 Ι.
3057 4331 3237 4387 Codex
3288 4331 3563 4400 Agobardi

1917 4418 2096 4492 prior,
2129 4419 2552 4485 membranac.,
2586 4417 2797 4474 litteris
2824 4420 3170 4487 ,uncialibus
3214 4420 3562 4476 minusculis

1916 4508 2285 4580 elegantibus
2316 4524 2382 4563 ac
2404 4506 2605 4562 nitidis
2635 4512 2931 4576 exaratus,
2962 4510 3067 4563 204
3101 4510 3195 4564 fol.
3219 4509 3364 4564 ὶη-[ιο
3413 4526 3566 4564 com-

1831 4619 1878 4684 D
1908 4604 2138 4670 pactus,
2167 4601 2453 4653 vetustate
2484 4596 2668 4652 nimia
2716 4596 2871 4653 lacer
2919 4614 2984 4653 ac
3045 4598 3325 4653 diuturno
3385 4598 3565 4655 udore

1911 4686 2248 4759 marginum
2269 4703 2540 4742 corrosus
2563 4686 3187 4757 aclancinatus,exstat
3208 4686 3265 4741 in
3290 4686 3564 4746 Biblioth.

1909 4793 2029 4848 reg.
2055 4778 2166 4831 sub
2197 4792 2360 4830 num.
2405 4776 2560 4830 1622.
2593 4776 2725 4830 Jam
2782 4792 2962 4848 prOpe
3016 4776 3291 4832 manibus
3338 4778 3564 4847 absquc

1910 4864 2165 4937 periculo
2198 4864 2435 4920 tractari
2470 4882 2585 4919 non
2622 4870 2868 4936 poterat,
2903 4882 3037 4921 cum
3080 4883 3264 4937 nuper
3311 4867 3561 4922 eximius

1909 4954 2008 5011 ille
2038 4955 2216 5009 codex
2247 4954 2483 5009 tandem
2518 4955 2734 5009 recenti
2757 4971 2932 5024 opera
2964 4957 3280 5010 resarcitus
3311 4962 3420 5025 est,
3456 4974 3559 5011 nec

1910 5044 2088 5101 salvis
2109 5048 2306 5098 tamen
2337 5042 2601 5114 pluribus
2622 5042 3185 5099 foliorumfrustulis
3218 5044 3555 5116 pellucidis,

1911 5132 1971 5189 in
2008 5132 2224 5205 quibus
2249 5132 2472 5203 aliquot
2494 5132 2827 5188 emicabant
2857 5139 3181 5205 grammata
3213 5151 3338 5205 quae
3379 5150 3557 5201 nunc,

2131 5343 2725 5401 CorbinianiThomaa
2757 5343 2991 5400 dissert.
3054 5345 3239 5413 ﬁual.,
3299 5363 3392 5417 op.
3435 5348 3555 5415 cit.,

2040 5419 2108 5455 (ξ)

1912 5419 2244 5559 β’(ἓιέῖὸυδε
2288 5485 2643 5541 doctissimis
2689 5486 3132 5542 Schmnemanni
3199 5488 3418 5544 notitias
3450 5488 3554 5543 ad-

1912 5558 2104 5615 denda
2132 5559 2490 5627 censuimus,
2534 5558 2657 5613 haec
2696 5559 2928 5614 uncinis
2971 5560 3320 5630 praefigenda
3381 5577 3547 5616 cura-

1909 5634 2121 5701 vimus,
2145 5636 2352 5688 caztera
2382 5630 2548 5688 novis
2580 5635 2809 5689 tantum
2832 5631 3046 5697 titulis,
3081 5638 3182 5689 aut
3203 5632 3315 5690 alio
3337 5633 3542 5690 distin-

1913 5706 2110 5764 ximus
2140 5704 2365 5763 ordine.
