4060 6370
345 354 423 413 35
1846 339 2300 403 PREFATIO.
3673 345 3758 406 se

341 483 608 557 margine
635 479 959 546 deﬁciente,
1003 476 1089 534 vel
1134 477 1404 533 obstante
1447 491 1629 548 apaco
1688 473 1985 544 linimine,
2017 475 2071 542 Α
2103 473 2272 528 «VII.
2304 473 2446 530 Eod.
2476 477 2658 548 temp.
2693 473 2876 531 Codex
2903 474 3243 532 Colberlinus
3283 478 3462 548 prior,
3539 491 3752 550 quem,

342 570 888 645 exstinguuntur.ln
911 564 1459 633 2°folio,subtitulo
1492 563 1993 620 recentiorimanu
2097 562 2344 632 jubente
2401 563 2610 619 abbate
2655 561 3010 632 Colbertino,
3067 583 3101 620 a
3153 565 3360 622 Carolo
3415 565 3750 638 Duchesne,

341 681 405 719 ac
434 661 642 717 litteris
676 655 1426 731 quadratisinscripto,hasc
1453 656 1994 709 vetustocaractere
2104 652 2325 724 accepit
2355 653 2422 708 D.
2459 653 2535 709 Le
2591 658 2838 726 Nourry,
2890 654 2985 710 cui
3015 655 3088 711 ab
3137 655 3313 712 annis
3359 657 3590 714 circiter
3642 657 3752 713 700

337 753 653 824 leguntur:
689 764 854 803 mssa
892 761 1141 801 osurus
1181 761 1253 800 an
1293 760 1503 799 ALTARE
1541 760 1590 797 s.
1633 758 1876 796 srspnm
1916 757 1987 796 ex

339 858 481 897 vo'ro
519 854 802 895 AGOBARDI
841 837 1047 901 εΡιηΙι]
1080 832 1520 898 cod.fol.verso,
1546 847 1640 885 HIC
1677 847 1827 886 SUN'I‘
1853 847 1990 884 TER-

342 947 606 987 TULLIANI
638 943 916 983 meum.
942 923 1220 995 Sequitur
1241 921 1414 976 index
1445 922 1589 976 iste:
1614 937 1686 974 AD
1710 934 1988 974 NATIONES

342 1039 455 1076 LIB.
485 1035 611 1085 I,IT.
641 1034 716 1072 AD
749 1030 1026 1071 NATIONES
1057 1031 1095 1068 Ι.
1115 1030 1169 1068 Β.
1195 1029 1256 1067 ΙΙ.
1282 1029 1351 1066 DE
1382 1023 1849 1066 PRESCRIPTIONE
1879 1025 1992 1062 ILE-

335 1123 666 1166 RETICORUM
709 1121 877 1160 LIBER
915 1121 955 1169 Ι,
998 1119 1070 1157 ΒΕ
1110 1117 1458 1157 SCORPIAGE:
1516 1116 1586 1154 DE
1644 1113 1988 1152 TESTIMONIO

332 1216 613 1256 ΑΝιΜιε-
657 1213 728 1250 DE
767 1209 1083 1249 conom—
1117 1208 1188 1247 nr:
1227 1205 1605 1246 SPECTACULIS
1646 1204 1732 1243 LIB
1759 1187 1873 1258 (sic)
1919 1203 1988 1241 na

337 1303 694 1345 IDOLOLATRIA
736 1301 796 1340 LA
838 1284 952 1354 (sio)
997 1314 1063 1323 —
1100 1299 1169 1336 ns
1210 1298 1369 1336 causa
1407 1293 1594 1336 ANIMI}:
1632 1309 1702 1318 -—
1740 1295 1808 1332 DE
1849 1293 1985 1331 om-

336 1396 586 1436 TIONE—
625 1393 693 1431 DE
733 1391 896 1430 (IULTU
935 1389 1246 1428 FEMINARUM
1291 1402 1358 1411 —
1398 1386 1472 1425 IT.
1515 1386 1583 1423 DE
1623 1385 1782 1424 CULTU
1821 1383 1986 1422 FBMI-

341 1484 528 1525 NARUM
549 1495 618 1507 -ο
639 1482 705 1521 AD
745 1480 972 1518 UXOREM
993 1494 1060 1502 --
1095 1479 1170 1526 IT,
1209 1478 1276 1516 Δί)
1317 1476 1538 1516 UXOREM
1566 1489 1638 1500 —
1677 1474 1744 1512 DE
1775 1472 1986 1511 EXIIOR-

350 1574 574 1614 TATIONE
617 1570 910 1610 οΑετιΤΑΤιε
931 1583 996 1592 —
1019 1569 1087 1607 DE
1123 1569 1216 1606 SPE
1252 1567 1513 1606 FIDELIUM
1534 1581 1602 1590 --
1623 1564 1692 1602 DE
1721 1561 1986 1601 PABADISO

346 1678 415 1688 -·
441 1663 513 1702 DE
549 1660 856 1700 VIRGINIBUS
895 1657 1158 1697 VELANDIS
1179 1657 1335 1695 -ΒΕ
1373 1655 1541 1695 CARNE
1571 1655 1635 1692 ET
1665 1652 1862 1691 ANIMA.
1921 1634 1984 1688 In

341 1737 525 1793 altera
556 1733 832 1790 columna
889 1731 1155 1801 ejusdem
1215 1729 1376 1785 folii:
1436 1745 1504 1784 ne
1544 1743 1714 1783 canus
1772 1741 1866 1779 xm
1914 1739 1986 1778 DE

337 1841 715 1883 ΡΔΤῙΒΝΤΙΔ-
771 1839 842 1876 DE
917 1837 1243 1876 P/ENITENTIA
1299 1849 1368 1859 -ο
1409 1835 1480 1873 DE
1516 1833 1681 1872 ANIME
1742 1829 1982 1869 SUMMIS-

330 1933 484 1971 SIONE
521 1943 590 1954 -ο
628 1929 699 1967 DE
748 1927 1160 1966 SUPERITITIONE
1210 1925 1405 1964 SECULI
1462 1938 1532 1948 --
1583 1920 1736 1961 LEGE
1777 1921 1830 1959 IN
1875 1920 1980 1957 XPO

334 2019 450 2056 IHY.
485 2002 658 2056 Porro
691 1998 888 2055 deficit
917 1998 1096 2052 codex
1126 1996 1185 2051 in
1217 1997 1366 2051 libro
1397 1996 1460 2050 de
1509 1995 1684 2049 Came
1743 1990 1975 2057 Christi,

333 2091 405 2147 ad
439 2091 556 2146 haec
588 2088 796 2159 capitis
828 2086 873 2141 X
904 2087 1112 2142 verba:
1136 2087 1264 2141 item
1291 2101 1415 2139 cum
1469 2084 1809 2156 praesumant
1867 2096 1979 2135 non

329 2180 522 2237 carnis
551 2178 641 2234 sed
655 2178 859 2233 animae
887 2185 1114 2232 nostrae.
1135 2205 1203 2217 —
1225 2174 1379 2229 Nihil
1411 2177 1600 2230 exstat
1632 2173 1702 2227 de
1734 2186 1978 2242 sequen-

336 2270 496 2325 tibus
529 2267 718 2338 libris,
753 2281 858 2320 nec
881 2264 1069 2319 ullum
1093 2264 1360 2332 verbum,
1393 2265 1463 2319 de
1479 2266 1732 2335 quatuor
1763 2275 1974 2332 praece-

332 2355 682 2414 dentibusin
709 2353 899 2409 indice
930 2353 1358 2409 memoratis.In
1393 2352 1754 2424 operimento
1789 2364 1974 2404 mem-

333 2446 618 2501 branaceo
641 2459 707 2498 ac
738 2442 1137 2513 rubro,aureis
1160 2441 1329 2498 lineis
1362 2445 1418 2497 et
1439 2439 1648 2496 litteris
1672 2438 1972 2505 distincto,

331 2535 576 2608 legitur:
604 2549 790 2598 JACOB,
823 2548 1250 2588 corneam-mus.
1283 2548 1321 2585 ι.
1351 2548 1402 2585 c.
1437 2547 1592 2586 nomo
1632 2543 1974 2583 PXRISIENSIS

340 2641 527 2679 axem
567 2638 910 2678 PARISIORUM
977 2638 1333 2676 BIBLIOTECE.
1378 2620 1480 2675 Hic
1530 2619 1688 2674 enim
1722 2615 1974 2688 insignis

330 2719 421 2769 est
448 2713 628 2768 codex
668 2727 840 2782 quem
862 2708 1088 2780 primus
1138 2711 1408 2765 tractavit
1466 2708 1884 2776 Gothofredus,
1942 2723 1973 2762 e

327 2819 443 2874 quo
477 2802 706 2873 primus
734 2800 867 2855 duos
896 2800 965 2854 ad
995 2799 1259 2854 Nationes
1293 2800 1458 2854 libros
1507 2798 1709 2864 edidit,
1763 2811 1966 2869 quem-

326 2907 438 2964 que
471 2891 562 2946 his
586 2890 758 2944 editis
782 2890 950 2959 regis:
983 2888 1344 2944 bibliothecae
1372 2889 1522 2943 dono
1554 2887 1788 2942 dicavit.

397 3003 425 3029 ‹‹
455 2980 525 3034 ΙΙ.
565 2978 751 3034 Codex
778 2977 1183 3047 Agobardinus,
1213 2995 1245 3033 a
1277 2976 1561 3048 superiori
1596 2976 1886 3041 diversus,
1907 2973 1965 3028 in

324 3067 598 3124 Biblioth.
636 3068 1185 3138 Lugdune-Batava,
1206 3067 1277 3121 ab
1310 3064 1725 3136 Havercampio
1760 3063 1964 3119 lauda-

322 3163 441 3225 tus,
466 3158 568 3214 sed
602 3175 714 3213 non
749 3157 1100 3228 descriptus.
1133 3155 1278 3211 Vide
1307 3155 1459 3211 infra
1489 3155 1724 3210 Haverc.
1759 3153 1962 3226 prxfa-

322 3241 479 3297 tione
510 3241 580 3297 ad
611 3240 972 3313 Apologetic.
1009 3255 1137 3312 pag.
1165 3240 1271 3294 250
1299 3255 1411 3312 sqq.

1023 3399 1244 3456 Szeeulo
1267 3417 1320 3455 χ.

396 3547 424 3577 ‹‹
471 3527 567 3580 III.
621 3525 785 3581 Circa
834 3541 972 3580 ann.
1012 3525 1136 3580 900.
1198 3525 1394 3580 Clodex
1437 3523 1664 3580 Claudii
1708 3525 1960 3579 Puteani.

321 3619 612 3673 caractere
631 3615 1046 3688 palcherrimo,
1071 3614 1436 3686 elegantibus
1455 3613 1729 3670 uncialib.
1763 3616 1833 3668 80
1862 3614 1959 3669 tol.

319 3706 377 3762 id
411 3707 599 3762 forma
633 3707 691 3760 4ο
721 3709 1082 3777 compactus,
1115 3711 1445 3760 asservatus
1487 3705 1544 3759 in
1587 3703 1962 3759 Biblioth.re-

315 3796 432 3868 gia,
466 3795 609 3852 olim
643 3807 708 3851 n°
743 3796 873 3849 3971
891 3811 1068 3864 ,nunc
1098 3795 1238 3849 1623
1259 3798 1516 3864 notatus,
1535 3793 1727 3849 solum
1753 3793 1961 3865 Apolo-

315 3887 486 3960 getic.
523 3886 627 3945 lib.
661 3887 991 3956 continens,
1013 3902 1187 3957 quem
1220 3885 1278 3939 in
1310 3886 1584 3941 manibus
1616 3885 1871 3943 habuere
1895 3901 1960 3942 ac

311 3978 657 4035 consuluere
679 3977 748 4033 D.
780 3975 904 4032 Nic.
936 3975 1010 4031 Le
1032 3976 1259 4048 Nourry
1288 3979 1342 4031 et
1365 3974 1601 4046 Rigalt..

976 4134 1200 4192 Saecula
1232 4151 1309 4190 x1.

383 4263 525 4318 «IV.
560 4262 723 4318 Circa
753 4278 890 4318 ann.
927 4262 1085 4316 1000.
1144 4262 1333 4319 Codex
1388 4264 1544 4318 Petri
1597 4262 1836 4327 Pitthaei,
1888 4277 1957 4317 ex

311 4359 667 4410 caracterum
693 4353 880 4408 forma
906 4369 940 4408 a
968 4356 1033 4406 D.
1085 4351 1268 4407 Nicol.
1326 4351 1403 4406 Le
1461 4352 1689 4424 Nourry
1723 4356 1779 4408 et
1821 4351 1955 4408 aliis

309 4446 424 4498 VV.
462 4443 574 4498 DD.
618 4442 928 4498 undecimo
961 4439 1172 4497 saeculo
1205 4441 1520 4512 ascriptus,
1568 4440 1710 4496 olim
1765 4458 1833 4496 ex
1867 4442 1956 4496 Pi-

303 4532 442 4587 thcei
475 4532 707 4588 schedis
737 4531 856 4586 RR.
919 4535 1157 4584 Patrum
1215 4529 1463 4585 Oratorii
1518 4531 1660 4586 Jcsu
1709 4530 1951 4602 collegio

303 4622 577 4678 Trecensi
613 4623 763 4676 dono
797 4621 990 4686 datus,
1025 4636 1180 4674 nunc
1205 4619 1262 4674 in
1297 4619 1563 4674 biblioth.
1600 4620 1763 4676 urbis
1795 4621 1949 4678 Mon-
1979 4609 2026 4674 D

302 4711 683 4781 tispessulani
715 4713 1070 4776 asservatus,
1107 4710 1527 4776 membranac.,
1554 4710 1714 4778 in-fO,
1749 4711 1946 4767 omnia

203 4846 210 4852 .
300 4799 646 4856 Tertulliani
677 4816 852 4871 opera
883 4798 1162 4854 continet.
1193 4800 1295 4854 34
1326 4799 1410 4854 Cf.
1455 4799 1643 4854 Ilaenel
1696 4800 1942 4873 catalog.

300 4908 359 4964 p.
391 4892 515 4946 245.
549 4891 627 4945 ΕΟ
659 4907 803 4945 usus
833 4893 921 4944 est
950 4888 1022 4943 ad
1054 4905 1223 4943 suam
1283 4889 1598 4944 editionem
1632 4889 1940 4962 Rigaltius.

376 4980 490 5036 «ν.
546 4981 684 5035 Eod.
748 4984 1030 5050 tempore,
1090 4977 1265 5034 Codex
1311 4979 1565 5036 Harlseus
1632 4980 1943 5036 caracteris

297 5069 586 5141 elegantia
620 5069 774 5125 haud
818 5072 1078 5123 Puteano
1127 5067 1402 5137 deterior,
1463 5084 1652 5141 neque
1706 5073 1942 5125 centum

296 5161 467 5219 annis
498 5159 807 5230 recentior,
842 5157 1045 5229 judice
1093 5161 1157 5212 D.
1225 5158 1299 5212 Le
1350 5158 1596 5232 Nourry,
1657 5159 1758 5230 qui
1807 5175 1940 5215 eum

295 5250 517 5323 accepit
569 5249 640 5306 ab
697 5247 918 5304 Achille
976 5245 1219 5317 Harleeo,
1278 5247 1617 5304 Parisiensis
1703 5255 1942 5305 senatus

294 5341 562 5413 praeside,
604 5339 666 5394 in
721 5355 905 5410 eoque
955 5337 1138 5393 bonas
1197 5341 1253 5392 et
1309 5338 1502 5394 malas
1561 5339 1945 5410 deprehendit

297 5429 603 5486 lectiones.

366 5519 508 5576 «VI.
567 5519 706 5576 Eod.
767 5521 947 5590 temp.
1011 5515 1188 5573 Codex
1245 5516 1505 5589 Augustae
1560 5519 1941 5587 Taurinensis,

291 5609 385 5666 cui
417 5625 480 5667 se
511 5609 828 5666 offendisse
883 5611 1138 5666 testatur
1189 5606 1570 5666 Mabillonius
1624 5610 1683 5664 in
1743 5609 1940 5668 ltiner.

293 5698 477 5758 Italic.
501 5716 538 5756 ι.
571 5699 689 5772 Ι,ρ.
721 5700 776 5754 8.

2101 741 2266 797 visus
2296 747 2384 798 est
2412 747 2704 799 exaratue.

2602 876 2826 933 Saeculo
2857 877 3230 934 duodecimo.

2178 982 2374 1038 «VIII.
2411 985 2568 1038 Infra
2613 1001 2750 1040 ann.
2815 985 2974 1054 1050,
3037 985 3216 1042 Codex
3271 986 3632 1044 Morbacensis
3684 989 3746 1044 in

2100 1072 2265 1141 cujus
2289 1073 2402 1128 ﬁne
2437 1089 2616 1129 manu
2666 1074 2988 1130 recenliore
3046 1076 3366 1134 scribitur:
3431 1078 3596 1134 Orate
3640 1097 3749 1151 pro

2097 1161 2296 1217 domno
2356 1162 2547 1218 abbate
2599 1164 2954 1232 Morbacensi,
3004 1165 3105 1236 qui
3165 1165 3317 1223 alius
3363 1183 3480 1222 non
3538 1172 3627 1223 est
3679 1185 3748 1225 ac

2097 1250 2557 1307 Bartholomasus
2597 1253 2668 1308 de
2697 1252 2942 1319 Andelo,
2987 1271 3141 1310 anno
3188 1257 3328 1311 1455
3380 1257 3742 1313 monasterio

2097 1341 2421 1410 praafectus.
2452 1341 2655 1398 Varias
2686 1343 2813 1413 ejus
2844 1341 3128 1400 lectiones
3158 1344 3362 1401 sedulo
3394 1345 3461 1401 D.
3512 1346 3637 1402 Nic.
3689 1345 3744 1403 le

2095 1429 2321 1502 Nourry
2343 1431 2711 1503 decerpserat
2765 1448 3019 1505 eumque
3065 1434 3170 1487 600
3228 1433 3315 1490 vel
3363 1435 3468 1489 700
3525 1435 3740 1493 abhinc

2097 1519 2268 1574 annis
2300 1519 2585 1592 scriptum
2607 1521 2882 1577 ducebat.

2572 1653 2793 1710 Saecula
2827 1655 3051 1712 decimo
3068 1656 3260 1712 tertio.

2166 1758 2312 1813 «IX.
2347 1759 2530 1816 Codex
2563 1760 2902 1817 Colbertinus
2931 1762 3474 1830 recenlior,delatus
3497 1780 3566 1819 ex
3595 1764 3740 1821 urbe

2013 1865 2058 1930 Β
2093 1847 2392 1903 Tutelensi
2424 1865 2576 1904 anno
2601 1850 2737 1904 1687
2755 1867 2789 1904 a
2813 1855 2873 1906 υ.
2895 1851 3187 1923 Stephano
3211 1853 3465 1918 Baluzio,
3499 1857 3737 1910 notatus

2086 1935 2144 1990 in
2178 1935 2429 1993 Colbert.
2464 1937 2604 1993 bibl.
2638 1949 2702 1994 n°
2731 1941 2892 2012 5271,
2925 1939 3065 1996 olim
3099 1941 3158 1996 in
3191 1942 3371 2014 Regia
3395 1942 3734 2014 5973,nunc

2089 2026 2245 2094 1689,
2305 2026 2462 2082 haud
2522 2029 2626 2083 400
2684 2029 2856 2084 annis
2904 2031 3190 2086 recentior
3241 2032 3469 2102 judicto
3529 2031 3595 2088 D.
3658 2033 3735 2088 Le

2087 2115 2332 2188 Nourry.
2365 2117 2632 2172 Continet
2661 2116 2719 2172 in
2744 2117 2920 2189 priori
2943 2124 3107 2190 parte
3137 2120 3368 2191 Didymi
3401 2120 3465 2177 de
3517 2121 3732 2192 Spiritu

2081 2209 2139 2260 S.
2173 2211 2493 2277 tractatum,
2519 2205 2584 2261 D.
2617 2207 2890 2279 Cypriani
2922 2224 3043 2280 app.
3067 2213 3142 2264 et.
3176 2225 3302 2281 opp.
3335 2214 3391 2266 et
3415 2210 3727 2283 posteriori

2084 2299 2249 2365 parte
2269 2294 2671 2366 Apologeticum
2701 2296 3067 2352 Tertulliani.

2553 2429 2774 2486 chulo
2807 2429 3033 2487 decimo
3064 2434 3294 2503 quarto.

2155 2546 2182 2574 «
2209 2524 2297 2579 Ab
2321 2525 2492 2580 annis
2525 2527 2662 2581 1462
2692 2527 2763 2582 ad
2798 2529 2934 2582 1500
2964 2529 3172 2585 saltem
3233 2529 3521 2586 referendi
3579 2537 3724 2588 sunt

2083 2614 2330 2682 codices,
2357 2631 2504 2686 quos
2542 2616 2599 2670 in
2637 2617 2934 2674 uberrima
2982 2618 3419 2692 Hirsaugiensis
3478 2621 3725 2677 abbatis

2081 2703 2437 2759 bibliotheca
2463 2705 2680 2761 viditJ.
2713 2707 3095 2774 Trithemius,
3126 2724 3193 2764 ac
3252 2710 3522 2765 meminit
3578 2711 3727 2769 libro

2081 2792 2145 2847 de
2173 2792 2372 2865 Script.
2407 2795 2726 2862 ecclesiast.,
2792 2797 2892 2852 ubi
2944 2799 3015 2852 de
3060 2797 3442 2855 Tertulliano.
3503 2799 3724 2857 Ibidem

2082 2888 2440 2939 memoratur
2460 2885 2652 2941 adhuc
2674 2890 2900 2942 exstare
2922 2888 3066 2942 liber
3090 2888 3154 2942 de
3182 2889 3422 2958 Exstasi,
3444 2889 3545 2962 qui
3576 2891 3727 2946 desi-

2079 2971 2334 3028 deratur.

2147 3084 2174 3113 ‹‹
2200 3067 2366 3118 Anno
2400 3064 2555 3130 1481,
2592 3063 2777 3136 pridie
2808 3064 2944 3120 Idus
2972 3065 3236 3122 Januarii
3265 3066 3558 3123 scribebat
3604 3070 3720 3124 An-

2071 3151 2224 3220 gelus
2271 3153 2589 3209 Politianus
2653 3154 2724 3208 de
2771 3154 3134 3211 Tertulliano
3192 3156 3501 3228 epistolam
3559 3157 3718 3214 haud

1994 3232 2037 3298 C
2077 3256 2244 3295 secus
2275 3257 2340 3295 ac
2371 3240 2420 3295 si
2448 3242 2576 3312 ejus
2605 3241 2807 3310 libros,
2839 3248 3131 3315 quotquot
3159 3244 3483 3301 etiamnum
3534 3246 3716 3302 habe-

2079 3345 2234 3396 mus,
2269 3329 2327 3384 in
2361 3331 2636 3386 manibus
2669 3331 2995 3388 habuisset.

2148 3438 2176 3466 «
2199 3416 2264 3471 X.
2297 3417 2379 3472 Ad
2413 3434 2633 3473 annum
2663 3419 2801 3474 1492
2827 3421 3042 3492 prodiit
3099 3421 3268 3478 codex
3324 3421 3576 3478 biblioth.
3630 3439 3720 3479 re-

2075 3507 2179 3575 giae
2198 3508 2559 3575 Parisiensis,
2592 3508 2731 3564 olim
2765 3526 2928 3565 num.
2964 3511 3188 3582 4313-3,
3216 3528 3374 3568 nunc
3434 3529 3494 3568 n.
3552 3513 3719 3584 2616,

2074 3612 2189 3667 prae
2214 3613 2274 3651 se
2307 3597 2516 3666 ferens,
2551 3597 2705 3653 haud
2740 3599 2932 3670 amplo
2963 3600 3271 3656 volum.50
3303 3601 3399 3658 fol.
3430 3603 3724 3659 membra-

2073 3702 2201 3740 nac.
2237 3690 2537 3752 constans,
2570 3687 2755 3744 nitida
2776 3706 2842 3744 ac
2873 3689 3504 3762 eleganticaracterum
3525 3708 3723 3748 recen-

2070 3774 2220 3829 tium
2257 3775 2465 3840 forma,
2516 3777 2586 3831 ad
2639 3795 2812 3833 usum
2859 3779 3074 3850 equitis
3130 3782 3438 3850 cujusdam
3471 3781 3718 3836 Bartho-

2070 3863 2257 3920 lommi
2287 3865 2501 3934 Chalei,
2537 3866 3051 3940 archigrammatei
3099 3869 3327 3925 ducalis
3376 3870 3714 3941 Mediolan.,

2067 3955 2461 4027 transcriptus
2492 3956 2564 4011 ab
2586 3958 2937 4030 Hieronymo
2967 3958 3289 4028 Waradeo;
3322 3963 3515 4017 textus
3558 3960 3716 4032 opti-

2069 4061 2177 4099 mas
2199 4049 2370 4113 notae,
2405 4044 2545 4101 licet
2588 4047 2896 4103 recentior.
2957 4047 3092 4104 Post
3145 4047 3337 4104 varias
3390 4064 3584 4105 rerum
3643 4066 3712 4106 ac

2067 4133 2441 4190 dominorum
2470 4134 2648 4202 vices,
2684 4139 2748 4192 ut
2779 4141 3008 4193 constat
3037 4153 3105 4193 ex
3137 4138 3290 4194 notis
3323 4137 3512 4212 primo
3571 4138 3708 4196 folio

2067 4223 2278 4291 afﬁxis,
2312 4241 2490 4296 penes
2525 4225 2835 4281 Antonium
2866 4227 3143 4283 Faursub
3197 4244 3360 4284 uum.
3423 4228 3526 4284 178
3575 4228 3706 4284 fuit.

2140 4313 2413 4369 «Saecula
2469 4331 2540 4370 xv
2596 4316 2977 4371 ascribuntur
3049 4317 3379 4373 Tertulliani
3446 4317 3712 4388 quaedam

2064 4401 2516 4471 declamationes,
2544 4421 2690 4475 quas
2721 4405 2779 4459 in
2811 4405 3076 4478 catalogo
3134 4405 3404 4464 biblioth.
3464 4406 3711 4463 Middle-

2063 4490 2167 4545 hill
2202 4509 2260 4546 n.
2294 4494 2436 4547 2377
2468 4493 2683 4566 reperit
2713 4494 2905 4550 Hisne]
2937 4512 3003 4552 ac
3025 4495 3271 4552 inseruit
3301 4497 3361 4551 in
3418 4512 3526 4552 sua
3563 4512 3710 4553 mss.

2064 4580 2329 4637 biblioth.

2500 4690 2743 4747 Codices
2772 4692 2961 4748 astatis
2993 4691 3247 4748 incertas.

2128 4817 2155 4845 ‹‹
2181 4795 2270 4851 XI.
2329 4797 2522 4853 Codex
2573 4801 2740 4855 vetus
2789 4799 3026 4871 ignotus
3085 4800 3238 4856 unde
3292 4798 3704 4873 Apologeticus

2053 4884 2310 4956 primum
2343 4887 2670 4958 exscriptus
2701 4893 2811 4944 est.

2124 4975 2220 5031 35
2260 4975 2433 5046 «XII,
2468 4977 2620 5033 XIII.
2675 4979 3076 5050 Hirsaugiensis
3128 4982 3184 5034 et
3237 4979 3709 5036 Patemiaciensis

2052 5063 2229 5136 primi
2280 5065 2518 5121 fuerunt
2568 5083 2637 5122 ex
2683 5067 2901 5138 quibus
2949 5067 3365 5135 Tertullianus,
3423 5066 3704 5125 Rhenano

2053 5153 2748 5229 obstetricante,prodiit.
2788 5179 2810 5206 η
2845 5156 3034 5214 Etiam
3059 5175 3216 5214 nunc
3275 5161 3583 5213 servantur
3638 5157 3701 5214 in

2052 5243 2197 5298 urbe
2229 5243 2637 5317 Schlettstadt,
2653 5263 2722 5302 ex
2753 5247 3008 5318 ipsemet
3038 5245 3381 5304 B.Rhenani
3413 5246 3708 5318 biblioth.,

2052 5333 2395 5390 Tertulliani
2432 5337 2655 5410 scripta
2690 5338 2958 5409 quaedam
2983 5355 3126 5394 mss.
3166 5337 3564 5394 membranac.
3626 5336 3711 5393 Cf.

2053 5423 2270 5478 Haanel.
2305 5442 2364 5497 p.
2395 5426 2519 5482 437.

2133 5538 2161 5565 ‹‹
2188 5517 2334 5585 XIV,
2369 5517 2484 5573 XV.
2512 5516 2824 5574 Corziensis
2855 5521 2912 5573 et
2940 5516 3434 5591 Fuldensisquem
3464 5515 3711 5589 posthac

2053 5611 2147 5668 Fr.
2179 5609 2412 5666 Modius
2445 5607 2788 5680 diligentius
2819 5607 3098 5676 excussit,
3123 5609 3446 5682 plurimum
3479 5605 3708 5664 Tertul-

2051 5699 2215 5756 liano
2249 5697 2615 5755 emendando
2648 5696 3012 5769 profuerunt.
