4060 6398
136 340 198 399 31
1639 334 2087 395 ΡΗᾸΕΡΛΤΙΟ.

3471 345 3552 406 38

201 495 228 524 ‹‹
255 470 397 528 XVI.
424 470 671 543 ϐαρηκί
701 472 1043 536 Codicem,ex
1067 487 1180 542 quo
1210 470 1533 542 pleniorem
1563 469 1785 525 Tertul-
1813 471 1867 537 Α
1896 469 1956 525 in
1984 470 2228 543 reliquis
2258 473 2418 527 Tert.
2450 473 2807 546 Apologetici
2838 491 2973 532 cum
3018 478 3313 533 Lactantio
3343 479 3551 534 editio-

140 563 347 619 lianum
379 562 571 628 dedit,
606 563 975 633 ignoramus.

207 651 379 706 «XII.
430 652 793 707 Britannicus
848 650 1077 706 caenobii
1132 648 1525 704 Masburiensis
1576 665 1609 703 a
1650 647 1783 703 Joh.

1899 559 2074 615 nibus
2106 560 2352 616 exscribi
2408 563 2576 632 solet,
2612 564 2668 618 in
2702 564 2948 621 dimidio
2983 566 3100 623 fere
3132 572 3292 639 parte
3323 569 3548 641 paginae

1897 651 2164 704 secunda:
2216 650 2336 705 folii
2369 652 2580 722 primi;
2616 657 2741 708 tum
2777 654 2964 727 ipsius
3008 657 3146 711 anni
3180 662 3325 713 notae
3357 660 3546 714 defec-

142 740 379 797 Lelando
410 756 546 795 cum
581 740 822 795 Gelenio
875 738 1366 804 communicatus,
1402 737 1573 809 plane
1621 752 1787 805 egre-
1895 743 2012 803 tus,
2044 740 2135 793 vix
2167 740 2373 795 obv1us
2404 741 2462 795 in
2497 742 2673 810 hujus
2707 742 2815 797 loci
2867 750 2923 799 ot
2954 746 3303 817 typographi
3339 747 3545 803 editio-

141 830 299 903 gius;
325 829 426 901 qui
448 831 788 901 usquedum
812 845 924 883 non
948 825 1518 883 habebanturlibros
1539 826 1779 881 Tertull.

142 920 399 991 praebuit,
433 918 561 975 aliis
594 922 797 974 contra
828 918 927 989 qui
955 918 1076 989 jam
1110 917 1434 982 exstabant,
1470 932 1694 971 carens.

202 1008 397 1076 XVIII,
454 1007 651 1063 XXIV.
710 1007 928 1064 Codices
983 1008 1286 1072 Pamelii;
1341 1010 1459 1060 tres
1519 1004 1782 1059 Vaticani

140 1097 411 1154 cardinal.
442 1095 617 1151 Sirlet
664 1098 842 1166 jussu
900 1096 959 1151 in
1006 1112 1176 1152 usum
1229 1096 1358 1166 ejus
1417 1092 1631 1161 collati,
1666 1093 1782 1148 duo

138 1187 618 1243 monasteriorum
669 1186 725 1240 S.
759 1184 1005 1241 Amandi
1053 1190 1110 1240 et
1158 1188 1210 1242 S.
1248 1183 1491 1238 Bavonis
1536 1182 1591 1236 in
1653 1180 1781 1236 Bel-

134 1276 258 1348 gio;
300 1292 457 1331 unus
507 1274 887 1346 Anglicanus,
923 1273 1021 1345 qui
1056 1289 1234 1345 penes
1264 1273 1393 1327 Job.
1423 1270 1779 1326 Clementem

134 1366 261 1421 fuit.

195 1456 359 1512 XXV.
397 1456 571 1511 Codex
600 1457 918 1526 Bongarsii,
954 1471 1070 1526 quo
1100 1469 1244 1509 usus
1278 1456 1367 1509 est
1394 1451 1705 1507 Heraldus.

193 1545 384 1601 XXVI.
418 1544 599 1601 Codex
628 1560 785 1617 quem
812 1544 1121 1600 Salmasius
1153 1542 1224 1597 ad
1255 1542 1473 1597 librum
1506 1541 1571 1596 de
1600 1541 1779 1596 Pallio

130 1635 576 1707 perpoliendum
608 1634 949 1689 adhibuisse
980 1633 1281 1705 professus
1313 1634 1419 1687 est.

196 1724 419 1789 XXVII,
453 1723 703 1779 XXVIII.
764 1723 998 1777 Codices
1055 1721 1169 1777 duo
1226 1719 1657 1775 membranacei
1714 1719 1775 1775 in

129 1814 476 1869 bibliotheca
506 1812 1038 1885 Lugduno-Batava
1068 1810 1375 1877 n.32/i,376
1405 1810 1771 1875 exsistentes,

128 1905 340 1974 quibus
390 1901 538 1956 liber
585 1901 650 1956 de
694 1899 890 1956 Pallio
946 1899 1479 1972 comprehenditur,
1514 1915 1579 1953 ac
1628 1915 1773 1954 usus

124 1998 210 2047 est
240 1993 559 2047 Havercam
570 1989 723 2062 pius.

189 2082 439 2153 Insuper
468 2080 761 2135 variantes
811 2078 1109 2143 lectiones,
1143 2094 1290 2149 quas
1322 2092 1351 2132 e
1376 2076 1553 2133 variis
1602 2077 1771 2132 libris

123 2187 259 2226 mss.
308 2171 370 2225 F.
421 2169 670 2225 Ursinus
722 2166 1052 2240 collegerat,
1098 2171 1392 2237 notemus,
1447 2183 1591 2238 quas
1642 2171 1773 2239 post

122 2258 526 2315 Wouwerium
559 2256 849 2329 Rigaltius
881 2257 940 2311 in
975 2272 1150 2311 usum
1179 2256 1422 2311 vocavit.

190 2370 216 2400 α
248 2348 448 2405 XXIX.
472 2348 651 2403 Codex
685 2346 1309 2414 Vaticanus,continens
1338 2362 1470 2401 cum
1498 2345 1769 2401 cbronico

120 2439 178 2491 V.
212 2439 381 2493 Bedes
436 2437 625 2492 multa
653 2435 767 2492 alia
795 2453 825 2491 e
855 2436 1069 2507 quibus
1116 2436 1510 2507 fragmentum
1544 2436 1768 2490 Tertul-

116 2529 252 2584 liani
284 2528 349 2583 de
399 2527 745 2583 exsecrandis
775 2526 914 2594 Diis,
947 2525 1136 2597 primo
1185 2524 1407 2580 editum
1459 2541 1596 2580 ann.
1633 2526 1768 2579 1630

118 2636 146 2673 a
172 2620 225 2673 J.
258 2621 332 2672 M.
371 2614 1043 2685 Suaresio,bibliothecm
1073 2614 1252 2671 Vatic.
1287 2619 1617 2681 custos,nec
1640 2616 1766 2685 jam

112 2706 324 2762 abhinc
390 2721 691 2772 recusum,
742 2704 954 2759 iterum
1000 2703 1060 2758 in
1110 2704 1218 2758 hac
1266 2708 1470 2758 nostra
1515 2703 1768 2759 editione

117 2795 317 2850 datum
349 2799 392 2849 t.
429 2799 501 2863 II,
536 2794 643 2850 col.
679 2794 837 2848 1114.
871 2793 1057 2849 Codex
1089 2792 1406 2863 ille,inquit
1434 2792 1763 2859 Suarezius,

112 2882 321 2939 litteris
352 2883 792 2956 longobardicis
846 2882 1130 2954 scriptum
1185 2887 1320 2937 ante
1364 2883 1766 2954 septingentos

108 2973 191 3029 vel
223 2977 570 3045 octogentos
600 2989 787 3028 annos
819 2972 1074 3042 scriptus
1102 2970 1354 3026 videtur.

182 3085 208 3112 α
235 3063 409 3119 XXX.
474 3062 651 3117 Codex
698 3061 1132 3131 Ambrosianus.,
1173 3077 1203 3116 e
1247 3077 1362 3132 quo
1408 3060 1763 3116 Muratorius

110 3153 257 3208 eruit
288 3152 565 3207 ultimam
615 3155 840 3224 partem
876 3154 1156 3206 tractatus
1187 3150 1252 3204 de
1298 3152 1564 3221 oratione,
1596 3153 1759 3205 vetu-

108 3247 235 3298 stus
272 3242 540 3314 quidem,
575 3222 778 3296 eodem
820 3240 1041 3311 judice,
1074 3243 1133 3295 at
1182 3239 1393 3295 nullibi
1419 3240 1492 3295 ab
1522 3256 1587 3295 eo
1634 3241 1761 3295 des-
1792 3222 1834 3288 Ο

102 3332 346 3402 criptus,
381 3347 487 3387 nec
524 3329 629 3385 ulli
660 3330 871 3385 afﬁxus
898 3330 1079 3385 :etati.
1114 3351 1142 3379 »

174 3421 486 3492 Perperam
542 3418 893 3474 Tertulliani
947 3418 1185 3474 nomine
1213 3418 1624 3473 inscribuntur
1652 3419 1767 3474 duo

99 3510 329 3565 codices
368 3508 1014 3579 Parisienses,quorum
1051 3507 1202 3562 alius
1235 3507 1292 3561 in
1328 3506 1765 3578 biblioth.regia

102 3615 264 3654 num.
324 3599 485 3665 1656,
523 3596 673 3652 alter
724 3598 783 3651 in
834 3595 978 3652 bibl.
1030 3596 1395 3652 S.-Genovef.
1447 3613 1610 3651 num.
1661 3598 1765 3652 694

101 3692 476 3752 asservatur,
510 3691 719 3742 neuter
748 3703 882 3742 vero
928 3686 1014 3743 vel
1062 3686 1371 3741 minimum
1415 3682 1763 3743 Tertulliani

100 3775 275 3833 habet
312 3775 652 3849 vestigium.

95 3921 120 3986 §
159 3922 227 3976 II.
271 3937 347 3975 ns
386 3936 652 3977 BINGULIS
691 3935 1077 3989 sumomeus,
1118 3934 1522 3989 vensromnus,
1562 3934 1633 3975 AC
1670 3936 1742 3975 VA

220 4026 455 4065 RIORUM
498 4026 556 4064 IN
594 4024 989 4064 TERTULLIANO
1027 4024 1632 4066 COMMENTATIONIBUS.

697 4113 916 4170 Szeculo
946 4132 1166 4171 xv-xvr.

834 4223 994 4278 4483.

162 4333 226 4397 Q.
291 4329 559 4401 Septimii
629 4328 919 4385 Florentis
984 4328 1401 4401 Apologeticus
1470 4330 1756 4386 adversus

94 4425 318 4490 gentes.
354 4419 717 4491 Impressum
757 4420 988 4475 Venetiis
1011 4436 1113 4491 per
1134 4419 1546 4475 Bernardinum
1580 4424 1755 4476 Bena-

98 4508 252 4564 lium.
288 4526 424 4565 ια.
460 4515 612 4564 nota.
666 4509 765 4579 fol.
816 4507 1162 4563 Charactere
1212 4508 1463 4581 eleganti
1515 4511 1749 4581 gaudet,

1898 828 2309 894 nibus,doinde
2328 831 2481 900 quod
2516 835 2647 901 post
2677 832 3167 905 subscriptionem
3200 836 3543 906 subjicitur:

1892 916 2081 973 Sermo
2110 918 2177 973 de
2206 921 2318 973 vita
2346 924 2561 975 aeterna
2590 920 2805 991 (1),qui
2837 926 3051 993 pariter
3081 942 3213 979 cum
3248 926 3546 997 sequenti-

1892 1007 2004 1062 bus
2054 1008 2334 1063 Lactantii
2367 1009 2505 1065 edit.
2558 1026 2684 1081 quze
2718 1011 3057 1067 Tertulliani
3101 1014 3542 1085 Apologeticum

1892 1098 2237 1167 adjunctum
2291 1097 2529 1163 habent,
2593 1098 2938 1172 plerumque
2992 1103 3224 1173 prodiit.
3287 1108 3543 1161 Possunt

1891 1182 2010 1237 haec
2044 1184 2250 1239 saltem
2282 1186 2530 1241 excitare
2561 1187 2677 1243 VV.
2711 1188 2827 1243 DD.
2862 1193 2928 1244 ut
2973 1190 3263 1247 curiosius
3304 1194 3373 1248 de
3421 1193 3537 1260 his,

1892 1273 1989 1328 ubi
2015 1272 2170 1342 licet,
2205 1274 2540 1346 dispiciant.

2639 1384 2796 1440 1493.

1960 1486 2263 1542 Mediolani
2287 1504 2386 1558 per
2418 1488 2726 1545 Uldericum
2765 1492 3167 1549 Scinzsinzeler.
3209 1493 3305 1550 fol.
3339 1494 3403 1557 Ο.
3437 1495 3537 1550 Se-

1888 1575 2099 1645 ptimili
2142 1576 2288 1631 Flor.
2316 1577 2658 1634 Tertulliani
2705 1580 3116 1652 Apologeticus
3149 1583 3277 1637 adv.
3312 1589 3537 1656 gentes.

1889 1662 2004 1718 Cat.
2036 1666 2181 1719 Bibl.
2217 1667 2415 1722 Pinell.
2446 1685 2508 1738 ρ.
2543 1668 2641 1723 lat.
2673 1669 2797 1735 682,
2833 1673 2966 1725 tam.
2996 1673 3039 1723 Ι.

2632 1784 2788 1839 1494.

1804 1848 1851 1912 Β
1963 1888 2217 1955 Venetiis,
2250 1893 2408 1943 curat
2438 1892 2487 1944 ct
2515 1893 2771 1959 expensis
2802 1892 3001 1948 nobilis
3030 1895 3143 1948 viri
3178 1895 3403 1950 Domini
3433 1895 3535 1951 Oc-

1884 1979 2112 2032 taviani
2142 1977 2283 2032 Scoti
2332 1978 2733 2047 Modoeliensis,
2772 1982 2927 2050 1494,
2961 1982 3165 2055 quinto
3195 1983 3329 2038 Idus
3360 1984 3534 2039 Octo-

1882 2066 2004 2120 bris
2036 2083 2135 2136 per
2164 2072 2426 2122 Bouctum
2462 2070 2793 2124 Locatellum
2823 2087 2835 2125 :
2870 2072 2932 2137 Q.
2976 2076 3131 2143 Sept.
3184 2071 3532 2128 Tertulliani

1877 2154 2309 2226 Apologeticus,
2342 2172 2478 2212 cum
2512 2159 2831 2215 Lactantio.

2624 2274 2780 2329 1500.

1950 2379 2203 2445 Parisiis,
2235 2395 2329 2449 ap.
2376 2378 2463 2434 Jo.
2502 2380 2656 2435 Petit.
2685 2381 2761 2434 4ο.
2795 2380 3136 2436 Tertulliani
3186 2381 3522 2455 Apologeti-

1878 2483 2002 2538 cus,
2036 2484 2167 2522 cum
2202 2468 2524 2534 Lactantio,
2559 2468 2607 2524 si
2640 2470 2985 2540 conjecturae
3019 2471 3194 2525 fidere
3225 2470 3381 2528 licet.

2356 2610 2578 2665 Seeculo
2608 2611 2835 2667 decimo
2867 2618 3048 2670 sexto.

2482 2719 2609 2773 1501
2646 2749 2717 2760 —
2746 2719 2906 2773 1600.

1946 2824 2086 2877 Cum
2119 2822 2414 2879 Lactantio
2448 2822 2657 2879 iterum
2687 2824 3022 2897 iterumque
3054 2828 3267 2898 prodiit
3295 2829 3523 2885 Tertul-

1874 2910 2018 2966 liani
2067 2912 2475 2983 Apologeticon
2510 2930 2522 2967 :
2559 2915 2716 2981 1502,
2758 2917 2934 2970 Venet.
2979 2916 3075 2971 fol.
3103 2934 3116 2984 ;
3148 2918 3303 2983 1509,
3341 2920 3521 2977 Venet.

1872 3000 1996 3068 fol.;
2032 3002 2189 3069 1509,
2220 3004 2398 3057 Paris.
2434 3004 2528 3070 4°;
2560 3004 2714 3074 1511,
2755 3006 2936 3061 Venet.
2972 3005 3107 3075 fol.;
3140 3007 3298 3077 1513,
3333 3011 3520 3066 Paris.

1872 3089 2234 3157 l1°;Florent.
2278 3093 2359 3158 8°,
2409 3110 2501 3163 ap.
2549 3092 2699 3147 Phil.
2750 3095 2903 3149 Junt.
2954 3092 3209 3150 Juntina:
3256 3098 3524 3168 exempla

1873 3196 2140 3234 seorsum
2196 3182 2369 3235 etiam
2432 3182 2712 3253 reperias.
2766 3182 2897 3237 Vid.
2940 3186 3061 3237 Cat.
3112 3183 3256 3238 Bibl.
3314 3185 3518 3243 Pinell.

1876 3269 1979 3325 PP.
2012 3268 2139 3340 1at.,
2173 3287 2231 3325 n.
2262 3271 2387 3325 684.

2623 3369 2777 3425 1515.

1953 3475 2191 3530 Venetiis
2238 3476 2297 3529 in
2330 3474 2540 3530 aedibus
2570 3475 2695 3530 Aldi
2741 3480 2789 3530 et
2821 3476 3049 3532 Andreae
3097 3479 3290 3543 soceri,
3324 3494 3527 3535 mense

1874 3563 2055 3635 Aprili
2092 3565 2247 3618 1515.
2285 3565 2345 3619 In
2380 3564 2567 3619 fronte
2601 3582 2614 3620 :
2645 3569 3104 3621 TERTULLIANUS.
3148 3566 3528 3623 Praemittun-~

1872 3657 1971 3707 tur
2002 3660 2209 3725 prreter
2237 3654 2325 3708 Jo.
2362 3654 2527 3725 Bapt.
2562 3654 2789 3722 Egnatii
2818 3654 2960 3709 Ven.
3001 3656 3070 3709 ad
3106 3654 3280 3727 Gasp.
3315 3660 3525 3711 Conta-

1873 3760 2082 3799 renum
2136 3743 2451 3798 Patricium
2503 3742 2706 3799 Venet.
2741 3749 2798 3799 et
2852 3745 3270 3817 philosophum
3322 3747 3523 3818 praeci-

1875 3850 2059 3905 puum
2088 3832 2259 3905 epist.
2296 3832 2738 3903 dedicatoriam,
2772 3833 3107 3906 Hieronymi
3134 3835 3249 3890 vita
3293 3834 3520 3890 Tertul-

1870 3922 2035 3991 liani,
2070 3926 2126 3978 et
2157 3922 2419 3995 capitum
2452 3921 2673 3978 tabula.

2612 4038 2771 4093 1521.

1939 4147 2041 4201 En.
2076 4162 2351 4202 pmncses
2393 4147 2755 4202 BASILEENSIS
2787 4146 2828 4201 Ι.
2867 4145 3123 4218 Operum
3152 4146 3518 4217 Tertulliani,

1867 4238 1995 4292 Bas.
2047 4237 2193 4304 apud
2240 4237 2463 4293 Froben.
2513 4238 2612 4307 fol.
2664 4258 2692 4287 «
2726 4237 2915 4308 Opera
2965 4237 3027 4300 Ο.
3076 4237 3344 4309 Septimii
3394 4238 3518 4294 Flo-

1866 4328 2051 4383 rentis
2079 4327 2445 4393 Tertulliani,
2477 4326 2630 4381 inter
2657 4325 2871 4382 latinos
2904 4326 3171 4383 Ecclesiae
3204 4328 3518 4400 scriptores

1864 4417 2060 4489 primi,
2095 4417 2221 4473 sine
2270 4432 2519 4486 quorum
2569 4415 2816 4471 lectione
2865 4415 3092 4471 nullum
3127 4417 3280 4470 diem
3332 4416 3515 4472 inter-

1863 4508 2135 4562 mittebat
2164 4505 2303 4561 olim
2336 4506 2504 4560 divus
2535 4505 2990 4576 Cyprianus,pcr
3021 4510 3259 4561 BEATUM
3292 4507 3512 4572 ΗῌΕΝΑ-

93 4597 646 4654 litterisinitialibus
660 4598 839 4653 minio
854 4598 1485 4670 adpictis.Singulatim
1503 4600 1739 4670 quidem
1774 4597 1820 4661 D
1853 4613 1979 4651 NUM
1997 4594 2589 4652 Scheletstadiensem
2613 4610 2643 4648 e
2664 4594 2921 4649 tenebris
2947 4599 3113 4649 eruta
3139 4599 3313 4666 atque
3336 4612 3369 4649 a
3391 4595 3511 4652 situ

94 4686 181 4742 hic
213 4687 563 4744 Tertulliani
616 4686 850 4743 libellus
882 4687 939 4742 in
971 4687 1325 4743 bibliotheca
1372 4688 1744 4758 Regio-acad.

97 4776 276 4832 Goett.
310 4780 499 4833 exstat
531 4781 587 4832 et
619 4781 976 4833 memoratur
1007 4777 1066 4831 in
1120 4776 1387 4832 biblioth.
1420 4776 1749 4833 Pinelliana

94 4867 132 4918 t.
165 4865 188 4921 Ι
219 4867 371 4921 Patr.
423 4866 545 4922 Lat.
580 4884 637 4923 n.
670 4866 796 4921 683.
852 4866 982 4935 Sed,
1036 4865 1094 4921 ni
1147 4866 1334 4935 fallor,
1385 4884 1450 4922 ac
1501 4871 1745 4922 Lactan-

97 4954 307 5011 tianam
367 4956 684 5012 editionem
749 4956 819 5010 ab
878 4956 1081 5011 eodem
1146 4955 1316 5011 Bern.
1364 4956 1433 5011 de
1494 4956 1745 5012 Benaliis

97 5043 300 5101 factam
353 5050 410 5100 et
458 5062 491 5100 a
550 5043 814 5101 Fabricio
867 5049 1384 5101 commemoratam
1435 5044 1687 5116 pertinet
1728 5064 1740 5115 ;

94 5149 287 5204 quam,
322 5134 460 5205 quia
508 5134 653 5190 forte
704 5134 892 5188 rarior
937 5134 1036 5202 sit,
1070 5132 1249 5188 nolim
1284 5133 1560 5190 continuo
1609 5151 1743 5190 cum

95 5222 471 5280 Bunemanno
507 5225 567 5279 in
617 5223 860 5279 dubium
909 5238 1135 5289 vocare,
1171 5224 1270 5278 36
1303 5228 1356 5278 et
1404 5223 1609 5279 insunt
1654 5224 1743 5279 in-

96 5312 257 5384 dicia,
290 5332 416 5386 quas
452 5317 743 5369 attentum
798 5312 1225 5367 observatorem
1260 5314 1555 5369 advertere
1604 5332 1742 5386 pos-

97 5408 224 5457 sunt
250 5403 310 5459 in
346 5404 526 5476 hujus
574 5400 757 5458 libelli
789 5401 994 5457 habitu
1027 5400 1204 5457 veluti
1239 5402 1496 5474 capitum
1538 5403 1743 5460 tabula

94 5490 279 5564 ipsum
330 5494 690 5568 praecedens,
723 5507 850 5564 quae
900 5490 983 5546 sic
1031 5493 1322 5565 exscripta
1370 5498 1478 5565 est,
1512 5498 1577 5549 ut
1623 5493 1741 5549 fere

1858 4703 1962 4757 pro
1995 4686 2144 4741 virili
2179 4685 2497 4753 vindicata,
2531 4682 2774 4755 adjectis
2805 4683 3173 4755 singulorum
3224 4684 3511 4742 librorum

1857 4777 2221 4848 argumentis
2253 4779 2309 4829 et
2341 4772 2555 4829 alicubi
2588 4772 2961 4843 conjecturis,
2984 4773 3199 4845 quibus
3230 4776 3510 4831 vetustis-

1856 4863 2044 4919 simus
2078 4867 2280 4917 auctor
2312 4860 2579 4917 nonnihil
2611 4860 2961 4915 illustratur.
2996 4864 3252 4927 Quorum
3288 4862 3503 4918 catalo-

1854 4969 1996 5024 gum
2039 4952 2301 5025 proxima
2348 4951 2561 5022 pagina
2610 4950 2882 5021 reperies.
2938 4951 3161 5006 Floruit
3208 4952 3318 5007 sub
3364 4956 3504 5009 Caes.

1853 5049 2059 5099 Severo
2114 5042 2413 5097 Pertinace
2466 5045 2522 5096 et
2576 5038 2869 5095 Antonino
2937 5040 3268 5112 Caraealla,
3337 5042 3508 5099 valde

1852 5134 2078 5188 vicinus
2126 5130 2525 5203 apostolorum
2581 5129 2967 5201 temporibus,
3003 5130 3156 5186 circa
3210 5149 3429 5187 annum
3473 5150 3506 5188 a

1851 5222 2080 5279 Christo
2139 5238 2311 5293 passo
2358 5222 2479 5275 160.
2514 5223 2702 5286 Quare
2763 5220 2897 5275 boni
2958 5221 3317 5276 consulcnda
3367 5226 3505 5278 sunt

1852 5312 2031 5382 hujus
2082 5310 2324 5383 scripta,
2356 5310 2405 5365 si
2437 5310 2649 5365 alicubi
2696 5308 2917 5364 varient
2947 5326 2979 5364 a
3010 5310 3258 5382 receptis
3292 5318 3499 5366 horum

1850 5407 2184 5475 temporum
2218 5402 2683 5474 dogmatis,cum
2718 5417 2921 5457 omnes
2952 5402 3205 5473 synodos
3237 5406 3501 5458 anteces-

1851 5493 2010 5561 serit,
2044 5490 2378 5565 apostolicis
2427 5491 2545 5547 illis
2594 5491 2873 5563 exceptis,
2926 5507 3174 5563 quarum
3227 5490 3286 5546 in
3340 5492 3500 5548 Actis

154 5693 257 5769 (45)
292 5696 376 5755 Ad
406 5694 652 5753 verbum
684 5688 1015 5763 inscriptus
1046 5705 1060 5747 :
1094 5690 1227 5751 Item
1255 5708 1433 5753 sermo
1461 5693 1528 5752 de
1557 5695 1672 5752 vita
1700 5698 1943 5766 aeterna,
1976 5710 2095 5766 cap.
2131 5692 2220 5749 47.
