4060 6348
375 368 456 430 39
1861 369 2013 430 PR1!

2121 371 2300 432 L'l‘IO.
3711 368 3800 430 40

374 504 472 558 81
509 503 695 559 Lucas
727 500 1148 557 commeminit.
1184 502 1406 569 Gaude,
1440 502 1704 570 lector,et
1733 502 1892 558 hunc
1920 501 2027 557 tibi
2055 503 2111 571 Α
2139 518 2256 574 gno
2285 507 2341 559 et
2389 503 2594 574 nitido,
2645 507 2772 559 tum
2830 501 3039 575 ﬁguris
3071 501 3160 560 vel
3217 502 3670 572 emblematicis,
3703 520 3775 560 ve

373 607 574 647 rarum
616 605 683 644 ac
736 605 951 644 novum
999 587 1345 642 thesaurum
1397 605 1558 659 para,
1607 605 1674 644 ac
1719 587 1866 644 vale.
1902 610 1930 637 »
1965 590 2028 643 In

374 679 552 745 calce,
587 676 725 732 folio
773 682 907 731 ante
951 676 1207 731 indicem
1257 677 1563 748 proximo:
1598 678 1830 732 Basilem
1880 676 2030 745 apud

371 771 452 825 Jo.
486 767 816 823 Frobeniu-m
848 782 860 819 :
892 781 1076 819 mense
1124 765 1293 820 Julia.
1325 782 1423 820 an.
1468 767 1626 820 1521.
1661 765 1850 836 Opera
1899 781 2026 834 quas

370 858 430 912 in
463 857 573 911 hoc
623 855 916 910 volumine
965 854 1360 920 continentur,
1394 870 1646 924 quorum
1695 852 2026 925 catalogum

370 945 584 1017 pagina
615 943 767 998 tituli
797 942 1044 998 adversa
1075 943 1451 1014 prmbet,haac
1480 947 1619 998 sunt
1651 959 1664 998 :
1696 942 1763 997 de
1793 943 2024 997 Patien-

367 1037 448 1090 tia
482 1033 662 1100 liber;
697 1031 762 1087 de
792 1031 970 1086 Carne
1003 1031 1248 1093 Christi;
1279 1032 1341 1086 de
1371 1033 1782 1088 Resurrectione
1800 1033 1985 1086 carnis
2005 1047 2026 1092 .·

368 1125 433 1179 de
507 1121 937 1192 Prwscriptione
1004 1121 1384 1174 hereticorum
1429 1137 1450 1182 ,'
1521 1121 1789 1176 Adversus
1845 1135 2027 1175 omnes

369 1213 641 1275 haereses;
697 1209 966 1265 Adversus
1021 1209 1236 1264 Judzos
1280 1225 1303 1270 ;
1378 1209 1641 1264 Adversus
1696 1210 2024 1265 Marcionem

371 1300 508 1356 libri
545 1302 616 1361 V;
646 1298 918 1354 Adversus
966 1298 1400 1366 Hermogenem;
1448 1299 1714 1352 Adversus
1776 1298 2023 1353 Valenti-

365 1393 604 1456 nianos;
637 1388 905 1443 Adversus
948 1388 1264 1448 Praxeam;
1297 1386 1364 1440 de
1409 1387 1618 1442 Corona
1657 1386 1898 1450 militis;
1944 1386 2023 1440 Ad

366 1485 643 1549 Martyres
670 1495 686 1542 ;
718 1477 782 1531 de
801 1477 1138 1530 Pcenitentia
1157 1493 1177 1536 ;
1201 1475 1264 1530 de
1309 1477 1626 1548 Virginibus
1645 1475 1899 1531 vetandis
1919 1492 1940 1537 ;
1960 1485 2024 1530 de

367 1569 570 1624 Habitu
597 1565 864 1621 muliebri
900 1581 920 1625 ;
980 1563 1043 1618 de
1093 1568 1257 1621 Cultu
1287 1567 1658 1632 feminarum;
1682 1564 1752 1619 ad
1786 1565 2022 1620 Uxorem

367 1673 528 1712 suam
559 1657 691 1710 libri
719 1656 769 1709 II
801 1671 814 1720 ;
849 1653 921 1708 de
947 1654 1097 1723 Fuga
1129 1654 1186 1707 in
1233 1655 1645 1723 persecutione;
1693 1654 1772 1707 ad
1814 1655 2019 1724 Scapu-

367 1746 518 1813 lam;
551 1744 616 1798 de
682 1742 1082 1798 Exhortatione
1132 1743 1445 1809 castitatis;
1489 1741 1555 1796 de
1625 1742 2019 1812 Monogamia;

365 1834 430 1890 de
461 1835 644 1889 Pallio
671 1851 684 1900 ;
717 1833 1096 1904 Apologeticus
1126 1833 1388 1885 adversus
1416 1834 1625 1900 gentes.

435 1924 678 1994 Ceperat
730 1920 939 1976 edendi
987 1919 1412 1974 Tertullianum
1445 1919 1754 1976 consilium
1784 1919 2020 1974 Rhena-

363 2029 494 2081 nus,
546 2027 676 2066 cum
728 2011 868 2066 forte
916 2009 976 2063 in
1031 2007 1285 2064 codicem
1343 2013 1639 2064 vetustum
1697 2009 2021 2064 Paterniaci

363 2100 756 2173 (Peterlingen)
807 2098 1054 2153 cmnobii
1098 2098 1478 2168 Transjurani
1533 2097 1852 2163 incidisset,
1886 2115 2018 2152 mox

362 2193 603 2261 adjutus
680 2189 856 2243 etiam
933 2186 1132 2241 codice
1209 2188 1610 2256 Ilirsaugiensi
1692 2185 2016 2256 (Hirschau).

365 2280 690 2348 Utrumque
721 2282 917 2331 tamen
953 2281 1072 2330 tam
1121 2281 1469 2347 corruptum
1524 2281 1580 2330 et
1624 2275 1856 2330 mendis
1893 2275 2014 2345 ple-

363 2386 530 2434 num,
563 2364 740 2421 simul
776 2365 1130 2436 scripturam
1162 2364 1473 2436 utrobique
1496 2370 1615 2418 tam
1649 2363 1897 2419 similem
1922 2365 2017 2418 de-

360 2455 691 2528 prehendit,
729 2459 791 2508 ut
820 2452 968 2507 alter
1000 2453 1071 2506 ab
1126 2452 1308 2507 altero
1340 2453 1671 2523 descriptus
1702 2453 2014 2519 videretur,

360 2550 418 2600 et
455 2545 511 2598 ni
543 2542 722 2598 semel
768 2543 1008 2596 vixdum
1060 2541 1326 2612 inscripti
1379 2541 1534 2608 libri,
1576 2543 1714 2595 dum
1749 2541 2014 2596 Frobenii

361 2636 539 2706 praela
569 2637 857 2700 vacarent,
889 2630 1042 2701 typis
1075 2632 1279 2686 excudi
1313 2631 1484 2702 empti
1523 2637 1739 2699 essent,
1774 2631 2013 2686 omnino

361 2725 432 2778 ab
465 2739 636 2794 opere
678 2721 1024 2776 destitutum
1085 2736 1146 2774 se
1205 2719 1385 2774 fuisse
1444 2720 1715 2774 affirmat.
1769 2721 2014 2775 Secutus

359 2829 496 2883 ergo
558 2811 615 2865 in
679 2809 1043 2882 prolligando
1094 2807 1290 2863 labore
1350 2808 1457 2863 hoc
1517 2814 1624 2873 est,
1686 2815 1750 2863 ut
1801 2809 2013 2879 quando

360 2903 476 2957 loca
531 2900 787 2955 mendosa
860 2897 1304 2968 deprehenderet,
1384 2901 1433 2952 et
1501 2913 1609 2952 non
1665 2899 2016 2954 subvenirent

358 2991 721 3061 exemplaria,
747 2989 922 3042 sciens
952 2987 1211 3055 religiose
1240 3001 1357 3042 esse
1393 2987 1684 3042 tractanda
1732 2995 2011 3043 auctorum

363 3081 565 3152 scripta
616 3095 729 3133 non
781 3093 936 3132 secus
965 3093 1030 3131 ac
1069 3092 1151 3132 res
1179 3092 1391 3146 sacras,
1423 3076 1569 3131 nihil
1615 3082 1874 3146 mutaret,
1922 3077 2012 3132 sed

367 3171 726 3238 conjecturas,
761 3181 884 3236 qua?
917 3175 1031 3220 tum
1079 3167 1140 3219 in
1169 3167 1406 3220 mentem
1443 3168 1587 3236 forte
1618 3167 1925 3234 veniebant,
1957 3170 2012 3222 in

2139 593 2549 664 mythologicis
2605 597 2664 648 et
2713 591 3009 648 historicis
3048 591 3209 664 ligno
3266 590 3598 663 impressis,
3657 609 3792 664 quas

2137 683 2351 753 partim
2381 682 2645 754 magines
2676 680 3122 752 tituli,itemque
3142 681 3346 751 primas
3377 680 3789 752 dedicationis,

2136 777 2194 826 et
2224 771 2433 826 deinde
2459 771 2646 843 ipsius
2694 775 2886 826 textus
2925 770 3200 843 paginam
3234 770 3485 842 primam
3519 769 3786 840 cingunt,

2135 859 2348 931 partim
2379 859 2589 916 litteris
2627 859 2951 917 initialibus
2995 858 3318 931 majoribus
3352 864 3744 916 accesserunt.

2544 993 2642 1048 as
2675 993 2836 1049 1525.
2882 992 3038 1047 1528.
3073 991 3185 1063 (46)
3219 971 3379 1046 1536.

2309 1103 2441 1158 Bas.
2474 1116 2568 1172 ap.
2600 1100 2844 1154 Froben.
2896 1099 2934 1154 f.
2970 1097 3348 1170 repetitiones
3377 1095 3602 1168 prima.

2874 1187 3030 1243 1539.

2201 1309 2302 1363 En.
2337 1313 2705 1362 BASILEENSIB
2736 1305 2806 1372 II,
2841 1303 3102 1360 Basileée.
3136 1302 3175 1356 f.
3209 1301 3394 1374 Opera
3423 1302 3487 1366 Ο.
3520 1300 3790 1374 Septimii

2133 1397 2414 1453 Florentis
2444 1394 2789 1451 Tertulliani
2821 1391 3322 1464 Carthaginensis,
3354 1391 3507 1446 inter
3556 1391 3790 1446 Latinos

2130 1487 2396 1543 Ecclesiae
2433 1484 2746 1556 scriptores
2795 1481 2992 1555 primi,
3048 1482 3174 1537 sine
3225 1497 3478 1552 quorum
3528 1478 3788 1536 lectione

2131 1576 2360 1632 nullum
2391 1575 2543 1630 diem
2576 1573 3000 1629 intermittebat
3046 1570 3186 1626 olim
3227 1570 3400 1624 divus
3431 1568 3784 1641 Cyprianus,

2131 1682 2233 1737 per
2260 1670 2502 1720 Beatum
2529 1662 2875 1718 Rhenanam
2907 1658 3398 1715 Selestadiensem
3442 1663 3498 1713 et
3527 1657 3784 1714 tenebris

2129 1759 2315 1822 eruta,
2367 1759 2541 1824 atque
2596 1769 2631 1806 a
2686 1751 2804 1806 situ
2839 1767 2938 1820 pro
2970 1748 3126 1803 virili
3184 1747 3496 1813 vindicata,
3533 1747 3783 1817 adjectis

2129 1841 2493 1916 singulorum
2551 1840 2834 1895 librorum
2891 1836 3278 1909 argumentis,
3320 1839 3378 1891 et
3408 1833 3614 1890 nullihi
3664 1852 3780 1890 non

2128 1931 2499 2003 conjecturis,
2532 1946 2598 1984 ac
2648 1945 2836 2000 nuper
2883 1926 3189 1982 collatione
3219 1923 3551 1981 Gorzieusis
3582 1941 3780 1980 exem-

2127 2021 2307 2094 plaris
2338 2037 2406 2076 ex
2432 2016 2962 2074 Mediomatricibus
2994 2014 3207 2082 oblata,
3242 2030 3357 2069 non
3387 2012 3576 2068 solum
3610 2012 3782 2084 longe

2126 2109 2524 2166 emendatiora
2553 2110 2722 2173 facta,
2760 2123 2960 2161 verum
2989 2104 3167 2160 etiam
3200 2120 3302 2175 pro
3332 2119 3391 2158 re
3432 2108 3572 2158 nata
3618 2102 3785 2159 novis

2127 2218 2191 2256 ac
2223 2205 2458 2255 retextis
2514 2195 2992 2253 annotationibus
3043 2193 3306 2265 exposita
3350 2191 3780 2264 illustrataque.

2124 2292 2380 2354 Quorum
2413 2287 2743 2358 catalogum
2780 2285 3044 2357 proxima
3094 2282 3307 2356 pagina
3338 2282 3614 2354 reperies.
3651 2280 3780 2335 Flo-

2124 2379 2242 2434 ruit
2274 2379 2383 2434 sub
2415 2382 2570 2432 Cass.
2604 2380 2809 2431 Severo
2844 2373 3160 2442 Pertinace,
3213 2377 3270 2427 et
3325 2372 3616 2426 Antonino
3672 2370 3779 2427 Ca-

2123 2467 2356 2537 raralla,
2416 2465 2583 2521 valde
2637 2464 2846 2520 vicinis
2926 2462 3327 2534 apostolorum
3386 2460 3781 2532 temporibus,

2123 2558 2276 2612 circa
2309 2573 2527 2611 annum
2561 2554 2850 2609 aChristo
2903 2569 3076 2624 passo
3141 2552 3261 2605 160.
3312 2555 3566 2605 BASILEE
3617 2551 3775 2604 1539.

2122 2663 2304 2703 usus»:
2333 2661 2566 2700 MARTIO.
2604 2649 2680 2698 De
2705 2642 2812 2698 hac
2844 2642 3103 2697 secunda
3153 2641 3407 2695 editione
3438 2639 3777 2705 audiamus,

2121 2752 2243 2805 quae
2267 2735 2391 2805 ipse
2415 2732 2730 2788 Rhenanus
2747 2730 2959 2785 litteris
2989 2727 3419 2801 praetixis,datis
3443 2726 3778 2782 Seletstadii

2121 2823 2231 2879 sub
2262 2821 2386 2877 Kal.
2415 2821 2582 2876 Mart.
2618 2821 2775 2885 4539,
2811 2818 3014 2874 scribit
3047 2836 3059 2874 :
3096 2838 3122 2870 α
3157 2819 3370 2872 lterum
3405 2817 3614 2871 damus
3636 2817 3782 2870 Ter-

2120 2911 2460 2978 tullianum,
2483 2911 2583 2966 sed
2618 2908 3286 2978 emendatiorem,quam
3318 2904 3780 2976 antahac.Cujus

2120 3001 2202 3056 rei
2266 3017 2463 3069 causa,
2515 2999 2669 3071 quod
2740 2997 3110 3053 collationem
3181 2996 3308 3065 ejus
3377 2993 3616 3060 codicis,
3675 2993 3782 3064 qui

2121 3090 2335 3146 Gorziaa
2369 3088 2427 3143 in
2455 3087 2996 3145 Mediomatricibus
3029 3088 3366 3141 asservatur
3387 3082 3689 3151 diligentia
3709 3099 3781 3138 ac

2120 3179 2466 3234 dexteritate
2507 3176 2748 3232 Huberti
2797 3173 3055 3230 Custinei
3087 3204 3155 3214 —-
3214 3173 3527 3243 adjuvante
3588 3169 3778 3226 Domi-

362 3257 706 3326 marginibus
736 3255 1020 3326 adjiceret,
1049 3271 1281 3325 quorum
1318 3257 1621 3324 nonnulla,
1671 3257 1885 3328 inquit,
1915 3273 2012 3312 nec

2125 3270 2254 3322 nico
2282 3266 2614 3322 Florentino
2648 3264 2833 3320 sodali
2867 3267 3333 3336 peractam,cura
3355 3260 3776 3332 jurisconsulti

368 3346 510 3400 mihi
563 3346 801 3399 multum
858 3343 1126 3413 arrident,
1184 3360 1371 3398 verum
1423 3345 1707 3416 cupiebam
1765 3346 2013 3401 lectorem

369 3435 754 3491 dubitaturum
784 3432 1068 3504 adjuvare.
1111 3432 1261 3500 Quod
1285 3435 1336 3487 si
1362 3450 1471 3489 non
1504 3436 1705 3505 ubique
1733 3436 2009 3503 successit,

362 3541 468 3580 non
520 3529 597 3580 est
646 3523 850 3579 idcirco
896 3522 1244 3577 damnandus
1291 3532 1534 3577 conatus.
1588 3523 1779 3595 Pergit
1826 3540 1838 3578 :
1893 3525 2010 3580 Uli-

360 3632 493 3670 nam
521 3613 663 3669 mihi
692 3614 854 3683 copia
883 3614 1075 3683 [uisset
1106 3612 1437 3683 exemplaris
1469 3613 1608 3682 quod
1640 3615 1698 3666 in
1729 3613 2010 3669 Gorziensi

357 3705 597 3760 ccenobio
626 3705 899 3767 serva-tur,
935 3701 989 3755 id
1035 3702 1182 3756 abest
1233 3701 1303 3754 ad
1334 3704 1554 3756 tertium
1581 3703 1911 3757 milliarium
1941 3703 2007 3757 ab

357 3795 494 3849 urbe
525 3792 1012 3857 Mediomatricum,
1041 3795 1091 3843 et
1131 3792 1261 3844 item
1290 3791 1404 3861 ejus
1435 3791 1574 3861 quod
1602 3792 1746 3861 apud
1776 3792 2005 3846 Fuldam

355 3887 532 3939 exstat
564 3884 646 3937 vel
673 3884 790 3950 ejus
815 3881 956 3953 quod
983 3896 1096 3936 esse
1120 3886 1306 3936 Romae
1332 3882 1537 3950 ferunt.
1559 3880 1660 3936 Sed
1676 3883 1868 3953 spatiis
1901 3883 2007 3937 ini-

357 3975 454 4044 qui
509 3973 765 4042 tempoiis
823 3969 1054 4036 exclusi,
1110 3985 1216 4024 non
1271 3971 1555 4039 potuimus
1613 3986 1678 4024 ea
1730 3971 2002 4026 nancisci.

367 4063 696 4131 Quanquam
739 4074 934 4114 vereor
980 4059 1129 4113 nihil
1186 4060 1391 4113 nostris
1438 4075 1552 4114 esse
1607 4059 2001 4129 emendatiora,

364 4150 580 4222 quando
612 4147 824 4204 codices
881 4148 1078 4218 quibus
1129 4149 1223 4202 usi
1267 4163 1478 4218 sumus,
1526 4149 1915 4219 Hirsaugensis
1958 4159 2008 4206 et

351 4239 814 4304 Paterniacensis,
864 4245 974 4292 tam
1021 4239 1334 4292 constanter
1359 4252 1457 4308 per
1485 4239 1674 4292 omnia
1703 4241 2005 4294 consentie-

353 4331 500 4397 bant,
533 4344 603 4383 εχ
631 4327 861 4382 diversis
889 4327 1053 4381 allati
1084 4325 1446 4394 bibliothecis,
1479 4331 1533 4382 et
1581 4343 1690 4381 non
1729 4344 1837 4382 uno
1870 4334 2001 4383 tem-

345 4435 479 4491 pore
506 4417 789 4489 descripti.
824 4415 926 4471 Sed
979 4416 1141 4486 hujus
1199 4416 1528 4487 conferendi
1575 4416 1816 4472 laborem
1871 4418 2004 4473 aliis

348 4509 760 4565 committamus.

419 4598 631 4652 Practer
660 4598 1032 4668 argumenta,
1066 4593 1317 4666 singulis
1350 4593 1491 4651 lbris
1516 4611 1631 4649 una
1660 4611 1794 4650 cum
1826 4612 2003 4652 anno-
2032 4630 2077 4693 D

347 4684 692 4742 tatiunculis
760 4685 1083 4756 praemissa,
1145 4683 1389 4755 prefixit
1444 4684 1762 4740 Rhenanus
1818 4686 1997 4742 vitam

345 4775 707 4842 Tertulliani,
766 4775 1023 4844 itemque
1068 4771 1552 4843 disputationem,
1607 4775 1716 4829 sub
1764 4777 2000 4831 nomine

346 4865 736 4922 admonitionis
784 4862 857 4919 ad
909 4863 1168 4918 lectorem
1196 4861 1263 4916 de
1297 4863 1625 4932 quibusdam
1669 4865 2002 4921 Tertulliani

351 4957 630 5026 dogmatis
653 4975 673 5021 ;
707 4953 1152 5024 subjunguntur
1181 4968 1316 5006 vero
1349 4953 1706 5023 Deﬁnitiones
1735 4956 1996 5010 ecclesia-

345 5047 608 5100 sticorum
657 5044 992 5113 dogmatum,
1055 5040 1298 5113 posthac
1357 5043 1657 5100 Gennadio
1706 5045 1992 5116 ascriptis,

345 5141 402 5191 et
456 5135 628 5190 index
686 5134 938 5204 denique
987 5131 1304 5186 dictionum
1357 5133 1899 5205 ententiarumque
1929 5151 1997 5190 ac

345 5221 1020 5299 dogmatum.lnscripsit
1040 5238 1188 5294 opus
1211 5221 1762 5293 principiStanislao
1785 5225 1990 5279 Turzo.

344 5315 618 5389 episcopo
669 5312 1084 5369 Olomutzensi.
1147 5312 1234 5366 Ab
1302 5312 1546 5367 artificio
1606 5313 1992 5386 typogaphico

343 5405 466 5461 haec
519 5405 696 5461 editio
725 5407 815 5459 est
852 5401 994 5458 satis
1025 5401 1298 5474 insignis,
1340 5406 1467 5456 tum
1499 5401 1833 5458 charactere
1865 5419 1992 5459 ma-

2120 3357 2186 3412 D.
2220 3355 2434 3412 Claudii
2474 3353 2868 3410 Cautiunculaa
2902 3352 3251 3408 Ferdinandi
3303 3350 3546 3405 Caesaris
3579 3367 3610 3404 a
3639 3365 3781 3404 con-

2119 3445 2515 3512 silio,taudem
2540 3443 2693 3498 nacti
2726 3459 2953 3498 sumus.
2977 3441 3090 3496 Nec
3120 3457 3255 3496 vero
3289 3443 3516 3494 tantum
3551 3437 3775 3510 profuit

2115 3532 2236 3599 illa,
2273 3550 2608 3605 quanquam
2640 3531 2892 3588 multum
2919 3530 3454 3602 profuit,quantum
3489 3527 3769 3583 momenti

2117 3623 2315 3678 attulit
2345 3625 2413 3678 ad
2459 3621 2805 3678 exactiorem
2854 3619 3321 3691 castigationem,
3355 3617 3507 3689 quod
3566 3617 3775 3688 depre-

2115 3711 2432 3767 hendimus
2463 3712 2712 3766 subinde
2743 3710 3078 3782 gracissare
3108 3706 3456 3778 Septimium
3486 3705 3691 3775 ﬁguris
3713 3710 3775 3761 et

2115 3801 2650 3855 constructionibus
2707 3797 2910 3871 graecis
2974 3801 3252 3852 utentem.
3325 3799 3578 3865 Apparet
3629 3811 3774 3849 sane

2119 3893 2384 3944 nostrum
2417 3893 2713 3944 auctorem
2776 3888 2834 3942 in
2874 3885 3122 3942 lectione
3151 3887 3480 3938 Gracorum
3514 3887 3782 3939 veterum

2116 3978 2217 4050 qui
2249 3977 2486 4048 plurimi
2521 3979 2574 4032 id
2609 3976 2891 4048 temporis
2924 3981 2981 4032 et
3028 3973 3134 4030 soli
3180 3973 3332 4027 inter
3363 3988 3560 4027 sacros
3592 3971 3781 4026 inter-

2113 4072 2304 4138 pretes
2336 4067 2705 4122 habebantur
2736 4064 2971 4120 assidue
3001 4066 3319 4130 versatum,
3346 4065 3410 4116 ut
3440 4059 3777 4116 imbibitam

2112 4160 2170 4211 et
2204 4156 2553 4228 impressam
2588 4153 2880 4211 memorias
2913 4152 3244 4208 Graecorum
3280 4149 3569 4205 dialecton
3597 4150 3780 4206 etiam

2114 4245 2314 4301 Latine
2346 4244 2608 4300 scribens
2631 4241 3053 4300 interoblivisci
3092 4239 3382 4312 nequiret.
3420 4239 3534 4297 Nos
3566 4238 3777 4308 hujus-

2114 4335 2273 4390 modi
2305 4340 2504 4406 tropos
2527 4333 2943 4399 indicavimus,
2961 4337 3020 4386 et
3051 4330 3288 4402 quidem
3315 4344 3464 4402 saepe
3489 4328 3773 4396 crassius,

2114 4424 2287 4478 modo
2321 4422 2581 4494 apertius
2609 4441 2621 4489 ;
2656 4439 2796 4476 nam
2819 4419 3114 4476 voluimus
3136 4418 3414 4489 adjuvare
3447 4416 3771 4472 studiosos.

2111 4512 2239 4568 Jam
2273 4512 2434 4567 dedit
2465 4511 2910 4567 retexendarum
2939 4507 3388 4565 annotationum
3423 4523 3627 4562 ansam
3651 4506 3772 4562 col-

2110 4601 2348 4658 lationis
2382 4602 2556 4657 istius
2588 4600 3019 4673 opportunitas,
3055 4597 3154 4654 ubi
3201 4596 3375 4652 lectio
3407 4594 3694 4668 posterior
3743 4613 3778 4652 α

2110 4691 2300 4764 priore
2363 4707 2788 4762 nonnunquam
2841 4690 3077 4744 evariat.
3131 4687 3249 4742 Hoc
3310 4684 3589 4757 quoniam
3649 4689 3778 4740 erat

2109 4780 2515 4849 indicandum,
2575 4778 2751 4835 aliam
2811 4779 2987 4834 etiam
3045 4774 3466 4848 expositionem
3537 4777 3771 4830 mutata

2109 4870 2283 4924 verba
2313 4869 2746 4924 desiderabant.
2775 4873 2901 4923 Non
2935 4866 3101 4922 licuit
3132 4865 3336 4921 adesse
3370 4861 3598 4918 Basilea
3625 4863 3766 4918 dum

2107 4959 2301 5014 editur
2329 4976 2496 5029 opus.
2549 4957 2760 5013 Verum
2793 4957 3211 5029 Sigismundus
3265 4953 3560 5020 Gelenius,
3594 4951 3768 5008 homo

2105 5046 2304 5118 magni
2337 5045 2546 5102 litteris
2579 5046 2812 5117 judicii,
2859 5051 2916 5102 et
2964 5045 3290 5100 eruditione
3339 5058 3575 5098 summa
3623 5059 3768 5114 pree-

2103 5137 2284 5206 ditus,
2314 5135 2372 5191 in
2406 5137 2879 5208 recognoscendo
2902 5151 3074 5207 opere
3103 5132 3381 5188 vicariam
3435 5147 3672 5202 operam
3706 5129 3768 5184 in

2104 5226 2336 5281 ofﬁcina
2367 5227 2659 5298 praestitit,
2691 5227 2791 5297 qui
2853 5215 3062 5280 merita
3100 5223 3274 5278 laude
3324 5238 3437 5276 non
3471 5226 3559 5275 est
3607 5221 3764 5275 frau-

2102 5315 2355 5371 dandus.
2392 5337 2419 5365 ››
2451 5347 2519 5356 -—
2551 5316 2709 5371 Hanc
2741 5332 2898 5371 novae
2931 5312 3206 5369 editionis
3233 5311 3633 5383 praefationem
3665 5326 3757 5364 ex-

2103 5404 2334 5476 cipiunt
2362 5406 2663 5462 Proverbia
2693 5409 2796 5463 aut
2825 5402 3117 5460 Proverbii
3157 5400 3413 5473 speciem
3445 5399 3764 5456 referentia

415 5643 527 5714 (146)
577 5642 639 5697 In
671 5643 791 5714 Cat.
826 5635 979 5714 Bibl.
1022 5639 1172 5714 Mus.
1228 5635 1425 5701 Britt.,
1471 5640 1515 5693 t.
1561 5636 1630 5704 ΙΙ,
1665 5635 2029 5693 laudantur:
2073 5637 2260 5711 Opera
2298 5671 2367 5681 ——
2397 5657 2530 5696 cum
2586 5645 2782 5698 annot.
2836 5645 2899 5696 B.
2961 5636 3223 5694 Rhenani
3287 5638 3343 5691 et
3408 5635 3497 5690 Fr.
3556 5629 3764 5689 Junii?

346 5709 472 5774 Bas.
508 5709 646 5772 i528
677 5714 717 5769 f.
749 5709 982 5783 inepte!
1014 5713 1458 5765 Scaonusumu.
