4060 6376
220 362 290 423 ιι
1715 362 2161 428 PRAEFATIO.
3570 389 3652 451 42

239 495 449 569 quibus
480 494 713 567 passim
749 493 809 549 in
842 494 1076 568 scriptis
1109 493 1233 551 suis
1264 494 1452 551 utitur
1480 496 1635 568 Sept.
1668 496 1890 554 Tertul-
1918 498 1973 566 Α
2004 516 2151 571 quos
2185 501 2529 565 Parisiensis
2561 526 2760 570 recens
2794 518 3172 588 produxerat,
3225 523 3325 577 sed
3376 540 3407 578 e
3454 522 3651 580 codice

245 583 436 639 lianus
469 600 504 638 a
530 582 713 655 vulgo
760 584 1081 638 maximam
1120 588 1342 655 partem
1401 585 1714 657 descripta,
1770 591 1895 641 tum

2006 589 2357 661 Britannico,
2390 595 2447 651 in
2482 615 2595 670 quo
2629 602 2845 675 singuli
2880 606 2977 662 isti
3010 608 3141 664 libri
3202 612 3529 676 exstabant,
3585 629 3653 669 ex

236 673 477 745 repetita
505 688 574 727 ex
602 671 793 743 priori
841 672 1096 727 editione
1157 672 1403 745 epistola
1465 676 1897 747 nuncupatoria
2006 680 2251 737 antehac
2282 685 2453 739 editis
2484 692 2677 745 tamen
2712 671 2883 749 modo
2914 696 3000 750 illi
3034 701 3153 753 tres
3189 718 3200 755 :
3234 700 3300 755 de
3358 671 3652 758 Resszirre—

237 768 294 818 et
321 762 439 816 vita
467 760 838 815 Tertulliani.
872 761 1188 816 Admonitio
1241 762 1312 817 de
1370 763 1727 833 quibusdam
1760 766 1895 819 Ter-

237 850 472 906 tulliani
502 848 799 921 dogmatis
831 850 899 903 ad
934 848 1150 904 calcem
1202 851 1465 916 recessit,
1520 852 1894 909 definitiones

237 939 447 996 eccles.
481 939 827 1010 dogmatum
862 938 1097 1009 penitus
1129 939 1360 994 omissae
1394 945 1551 994 sunt.
1590 942 1764 996 Index
1796 959 1893 997 no-

233 1047 340 1086 vus
374 1034 431 1083 et
459 1043 701 1099 prorsus
734 1026 885 1082 alius
917 1035 1028 1082 est.
1059 1029 1142 1082 Ad
1178 1029 1475 1100 margines
1514 1034 1708 1084 textus
1735 1031 1891 1086 dicta

237 1122 295 1175 et
323 1115 629 1173 sententiae
660 1116 1013 1187 insigniores
1044 1116 1355 1188 diligenter
1388 1122 1617 1173 notatas.
1648 1120 1746 1173 89
1781 1120 1889 1173 Ad-

239 1206 644 1263 notationihus
698 1205 769 1260 ad
832 1204 934 1260 lib.
992 1207 1118 1261 adv.
1182 1206 1594 1262 Valentinianos
1649 1210 1895 1264 accessit

243 1295 451 1355 tabula
477 1294 636 1367 ligno
666 1294 976 1365 impressa,
1011 1294 1336 1349 doctrinam
1378 1311 1579 1351 eorum
1614 1296 1670 1352 in
1698 1298 1890 1369 efﬁgie

245 1387 485 1443 sistens.
516 1384 772 1439 Tandem
804 1384 899 1453 qui
934 1383 1295 1455 singularem
1328 1384 1562 1440 libellus
1598 1387 1884 1457 superiori

237 1475 495 1531 editione
525 1473 929 1540 constituerat,
946 1477 1231 1528 tractatus
1260 1473 1525 1529 Adversus
1555 1491 1740 1530 omnes
1770 1476 1885 1532 h3-

226 1565 449 1633 reticos,
482 1568 762 1635 tanquam
799 1560 1114 1632 particulas
1155 1578 1464 1633 perperam
1497 1563 1704 1618 avulsa
1735 1563 1885 1620 libro

227 1654 301 1708 de
356 1650 904 1723 Prescriptionibus
963 1651 1059 1705 hic
1116 1651 1188 1705 ad
1270 1668 1484 1723 corpus
1545 1669 1722 1708 suum
1792 1670 1879 1709 re-

229 1742 345 1797 diit
369 1741 504 1814 (47).

990 1847 1144 1902 1545.

300 1964 402 2018 En.
440 1963 797 2018 PARISIENSIS
827 1961 870 2017 Ι.
902 1991 972 2002 --
998 1963 1235 2017 Parisiis
1268 1962 1363 2018 fol.
1403 1980 1505 2035 per
1544 1967 1871 2022 GAGNEUM.

225 2056 622 2108 Accesserunt
644 2051 880 2124 Gagnaei
913 2067 1088 2123 opera
1119 2051 1476 2124 XI,(48)libri
1508 2055 1872 2111 Tertulliani:

224 2144 297 2198 de
328 2141 619 2197 'l‘rinitate
648 2140 755 2195 lib.
792 2141 835 2205 l,
868 2140 937 2195 de
968 2140 1187 2195 Animas
1218 2141 1556 2198 testimonio
1605 2142 1705 2198 lib.
1733 2145 1772 2214 Ι,
1808 2145 1877 2200 de

227 2231 445 2285 Anima
475 2228 575 2283 lib.
612 2228 656 2296 Ι,
688 2229 759 2284 de
788 2228 1149 2300 Spectaculis
1206 2230 1307 2284 lib.
1346 2231 1390 2295 Ι,
1450 2231 1520 2286 de
1580 2230 1876 2303 Baptismo

224 2319 331 2376 lib.
368 2318 412 2389 Ι,
446 2322 651 2373 contra
677 2317 984 2372 Gnosticos
1015 2317 1394 2389 Scorpiacum
1439 2318 1539 2373 lib.
1577 2321 1619 2386 Ι,
1652 2321 1720 2376 de
1748 2321 1874 2377 Ido-

223 2408 461 2464 lolatria
493 2406 591 2461 lib.
622 2408 667 2472 Ι,
700 2406 771 2462 de
803 2405 1088 2462 Pudicitia
1134 2406 1236 2462 lib.
1291 2409 1335 2474 Ι,
1389 2408 1459 2463 de
1505 2409 1739 2479 Jejunio
1771 2410 1874 2465 ad-

224 2514 437 2553 versus
463 2495 778 2569 Psychicos
802 2495 897 2549 lib.
936 2496 980 2564 Ι,
1014 2496 1084 2552 de
1114 2495 1269 2551 Cibis
1301 2496 1565 2553 Judaicis
1608 2499 1874 2570 epistola,

227 2588 299 2642 de
345 2585 623 2641 Oratione
678 2583 777 2639 lib.
809 2585 865 2650 l;
900 2601 969 2639 ex
1011 2584 1227 2656 quibus
1277 2585 1348 2640 de
1396 2586 1680 2643 Trinitate
1721 2593 1777 2644 et
1807 2589 1876 2645 de

227 2674 388 2731 Cibis
418 2672 683 2730 Judaicis
735 2672 977 2745 posthac
1033 2674 1358 2729 Novatiano
1407 2674 1683 2732 vindicati
1715 2682 1868 2734 sunt.

227 2764 393 2819 Unde
426 2779 560 2818 vero
589 2761 876 2834 Gagnazus
906 2765 1115 2817 nactus
1146 2762 1223 2817 sit
1252 2762 1360 2819 hos
1392 2762 1575 2820 libros
1620 2781 1752 2820 cum
1787 2766 1875 2839 ip-

227 2854 354 2910 sius
384 2852 705 2908 editionem
728 2848 913 2907 ooulis
944 2867 1232 2923 usurpare
1262 2868 1377 2907 non
1423 2853 1751 2926 contigerit,
1785 2856 1871 2911 di-

227 2959 356 2998 cere
387 2958 505 2997 non
541 2939 749 3009 habeo,
784 2957 889 2995 nec
917 2940 1171 3013 reperire
1201 2941 1441 3012 quidem
1474 2944 1634 3014 potui
1667 2962 1873 3015 quem-

228 3048 429 3102 quam,
481 3029 585 3100 qui
629 3028 806 3100 hujus
858 3029 1134 3085 editionis
1186 3030 1453 3086 notitiam
1504 3032 1644 3089 dare
1689 3051 1873 3106 operae

229 3120 497 3175 duxisset
526 3118 620 3187 ;in
654 3116 757 3173 Cat
828 3118 974 3173 Bibl.
1020 3118 1341 3174 Thottiana:
1364 3125 1404 3175 t.
1439 3120 1481 3189 Ι,
1516 3139 1570 3193 ρ.
1623 3140 1662 3190 ι,
1698 3141 1750 3194 p.
1782 3125 1873 3191 62,

227 3210 336 3265 hoc
368 3226 523 3264 anno
555 3212 613 3263 et
641 3206 977 3275 loco,f0rma
1016 3207 1156 3264 item
1212 3209 1467 3265 maxima
1521 3219 1872 3270 memoratas
1906 3242 1950 3311 ϐ

229 3298 461 3354 invenio
492 3296 774 3353 editiones
807 3297 976 3364 duas,
1012 3314 1211 3363 unam,
1246 3299 1573 3354 Tertulliani
1611 3318 1782 3372 opera
1807 3320 1876 3358 ea:

234 3404 454 3456 recogn.
486 3387 649 3441 Beati
676 3384 945 3454 ahenam",
978 3403 1069 3457 ap.
1132 3386 1394 3442 Carolum
1423 3390 1698 3457 Guillard,
1734 3390 1875 3447 alte-

232 3494 359 3532 ram
391 3494 496 3548 per
536 3476 807 3530 eumdem
855 3491 945 3546 ap.
999 3476 1276 3545 Hugoncm
1323 3480 1375 3531 et
1423 3477 1667 3535 havrcdes
1702 3483 1879 3537 Αἰνηο-

233 3569 321 3622 nis
350 3584 390 3622 a
424 3569 609 3621 Porta.
641 3564 779 3621 Utra
808 3563 1019 3620 harum
1071 3564 1305 3637 Gagnaei
1356 3564 1452 3637 sit,
1505 3585 1577 3623 an
1631 3574 1878 3642 utraque

235 3671 452 3711 1188610.

978 3759 1139 3815 1550.

306 3876 410 3931 En.
446 3879 814 3931 BASILEENSIS
845 3874 941 3930 III.
974 3905 1045 3915 —
1074 3876 1445 3933 Basilearfol.
1481 3901 1510 3928 «
1543 3880 1878 3953 Q.Septimii

237 3964 529 4021 Florentia
573 3963 925 4019 Tertulliani
991 3964 1466 4037 Carthaginensis
1533 3971 1877 4045 presbyteri,

234 4054 492 4109 auctoris
524 4052 918 4123 antiquissimi
943 4068 1008 4108 ac
1033 4053 1359 4109 doctissimi
1388 4056 1689 4127 scripta,et
1710 4059 1881 4135 plura

234 4158 411 4213 quam
445 4146 603 4209 ante,
635 4147 691 4196 et
718 4140 1057 4213 diligentius
1088 4157 1190 4213 per
1218 4141 1569 4202 industriam
1603 4148 1749 4204 bene
1779 4150 1878 4205 lit-

231 4236 556 4288 teratorum
590 4230 815 4301 aliquot
839 4230 910 4285 ad
942 4230 1276 4301 complures
1306 4238 1530 4290 veteres
1560 4251 1591 4291 e
1636 4237 1880 4296 Gallica-

232 4319 327 4376 nis
355 4318 839 4390 Germanicisque
851 4318 1225 4376 bibliothecis
1238 4323 1601 4393 conquisitos
1615 4330 1880 4401 recogni-

232 4413 293 4465 ta
317 4408 636 4475 codices,in
669 4408 881 4479 quibus
914 4408 1244 4481 praecipuus
1276 4410 1385 4465 fuit
1417 4428 1571 4468 unus
1601 4413 1772 4488 longe
1793 4418 1880 4473 in-

237 4499 730 4569 corruptissimus
771 4498 832 4552 in
863 4496 1135 4553 ultimam
1168 4516 1356 4570 usque
1400 4502 1618 4572 petitus
1660 4506 1883 4563 Britan-

238 4588 399 4643 niam
432 4604 445 4641 :
481 4602 595 4641 non
629 4584 867 4641 omissis
897 4587 1185 4642 accuratis
1214 4589 1371 4643 Beati
1406 4590 1667 4648 lthenani
1700 4612 1886 4652 anno-

239 4658 936 4746 tationibus.Catalogum
968 4680 1161 4730 autem
1204 4677 1423 4748 aperiet
1450 4696 1617 4737 versa
1648 4687 1880 4756 pagina.

242 4763 507 4819 Accessit
542 4768 599 4817 et
627 4762 803 4817 index
853 4763 1163 4836 copiosior,
1221 4769 1352 4821 Bas.
1408 4769 1562 4823 1550.
1598 4776 1660 4825 In
1720 4774 1835 4831 ﬁne
1872 4795 1883 4832 ;

239 4857 501 4907 Bulbus:
540 4867 691 4906 APUD
732 4854 899 4906 HIER.
948 4852 1192 4907 lineam.
1235 4871 1301 4909 ετ
1340 4855 1464 4912 NIC.
1509 4859 1883 4938 EPISCOPIUM,

240 4956 388 4998 ANNO
422 4941 579 5008 1550,
596 4957 784 4995 MENSE
825 4957 1098 4996 MARTIO.»
1126 4942 1359 4999 Curavit
1391 4945 1540 5001 hanc
1571 4951 1885 5010 editionem

240 5030 653 5097 Sigismundus
685 5026 985 5098 Gelenius,
1028 5030 1198 5100 cujus
1236 5032 1364 5101 jam
1409 5035 1467 5088 in
1500 5035 1761 5094 Rhenani
1794 5058 1888 5098 se-

242 5119 434 5173 cunda
463 5123 658 5189 partes
691 5115 1082 5172 laudavimus.
1145 5119 1390 5177 Exhibet
1445 5130 1654 5195 praeter
1708 5128 1888 5188 libros

239 5205 1647 5283 superioribuseditt.Basileensibusvulgatoseos
1663 5234 1889 5289 quoque

308 5386 423 5457 (48)
455 5384 743 5441 Omnibus
774 5384 1089 5443 Catholicis
1122 5388 1451 5447 innotescat
1514 5410 1751 5453 necesse
1806 5407 1895 5457 est

239 5457 505 5513 Rhenani
560 5457 1104 5536 animadversiones
1148 5464 1431 5536 _censoria
1482 5469 1891 5536 Inquisitionis

243 5530 517 5602 Hispania
545 5527 775 5600 virgula
806 5535 1037 5585 notatas
1079 5530 1261 5588 fuisse
1304 5540 1360 5590 et
1410 5527 1602 5593 Romae
1636 5558 1668 5595 a
1701 5542 1755 5596 S.
1792 5527 1892 5601 Pio

245 5601 459 5686 Papa‘Y‘
474 5601 765 5686 librorum
784 5602 1210 5686 prohibitorum
1230 5603 1407 5686 indici
1426 5609 1894 5686 i_nscriptas,pro-

246 5672 371 5748 pter
402 5674 712 5731 liberiores
742 5672 988 5743 hujusce
1037 5675 1312 5734 editionis
1360 5672 1895 5746 animadversiones

572 5803 836 5860 ΡΑτιιοι..
886 5799 931 5859 Ι.

2003 770 2179 824 ctione
2205 776 2410 841 carnis,
2443 776 2508 831 de
2560 780 3083 853 Prwscriptiombus
3140 789 3264 843 adv.
3325 796 3457 845 [κίεν.
3494 797 3550 845 et
3583 794 3650 847 de

2002 859 2362 931 Monogamz’a,
2400 868 2933 937 reperiebantur.—
2969 876 3244 933 Praeterea
3278 878 3649 952 Apologetico

2002 950 2245 1004 accessit
2275 957 2733 1013 commentarius
2759 966 2927 1017 Fran.
2967 965 3273 1037 Zephyrini
3302 950 3643 1037 Florentini,

2002 1053 2155 1091 nunc
2190 1039 2441 1110 primum
2475 1045 2687 1101 editus.
2724 1048 2988 1120 Repetita
3036 1054 3211 1109 etiam
3259 1056 3353 1111 hic
3384 1057 3644 1115 invenies

2001 1125 2264 1182 Rhenani
2296 1131 2600 1201 epistolam
2638 1142 3143 1212 nuncupatoriam,
3201 1145 3380 1201 vitam
3412 1146 3641 1202 Tertul-

1999 1213 2115 1270 lani
2142 1233 2207 1271 ac
2236 1222 2538 1287 proverbia
2567 1228 2624 1278 et
2646 1226 3110 1286 admonitionem
3139 1233 3208 1287 de
3242 1234 3642 1305 dogmatibus.

1997 1310 2043 1355 A
2076 1307 2177 1359 40
2207 1306 2540 1365 chartarum
2576 1330 2640 1367 ac
2672 1320 2939 1387 typorum
2969 1319 3263 1391 elegantia
3320 1323 3471 1378 inter
3504 1325 3643 1380 niti-

1997 1392 2272 1451 dissimas
2305 1404 2600 1455 numerari
2632 1404 2803 1459 debet
2835 1405 2952 1461 haec
2972 1408 3239 1465 editio.ln
3274 1412 3641 1469 Bibliotheca

1997 1482 2304 1540 Baluziana
2334 1486 2512 1559 hujus
2534 1492 2882 1565 exemplaris
2905 1495 3313 1569 Apologeticus
3345 1517 3478 1556 cum
3512 1503 3640 1558 cod.

1994 1587 2106 1627 ms.
2142 1572 2387 1631 collatus
2418 1585 2562 1634 erat.

2065 1769 2318 1840 Parisiis,
2349 1773 2495 1844 apud
2524 1775 2694 1831 Andr.
2736 1690 3060 1838 gegetum.
3101 1783 3160 1837 4ο
3190 1785 3254 1849 Q.
3290 1784 3450 1858 Sept.
3486 1786 3637 1845 Flor.

1912 1871 1957 1936 Β
1988 1857 2308 1913 Tertuliani
2342 1860 2487 1917 liber
2520 1864 2590 1917 de
2620 1866 3165 1940 Praescriptionibus
3198 1857 3476 1931 adverSus
3509 1875 3631 1933 hai-

1988 1946 2219 2019 reticos,
2252 1966 2385 2005 cum
2423 1952 2662 2010 scholiis
2684 1956 2764 2012 Jo.
2801 1957 3059 2025 ρειίηίἰηί
3088 1960 3296 2017 Hedui.

2724 2072 2879 2129 1562.

2058 2157 2158 2209 En.
2202 2155 2568 2215 BASILEENSIB
2594 2160 2687 2215 IV.
2741 2192 2807 2203 -—
2864 2166 3117 2238 Basileae,
3178 2168 3276 2225 fol.
3341 2170 3630 2244 Repetitio

1987 2242 2259 2300 editionis
2292 2263 2343 2300 a.
2380 2247 2535 2302 1550.
2571 2248 2634 2304 In
2667 2250 2781 2307 fine
2816 2269 2829 2307 :
2867 2255 3058 2311 Ba:.in
3086 2259 3177 2329 oﬂ“.
3198 2242 3456 2328 Frob.pei'
3476 2262 3634 2317 Hier.

1986 2332 2141 2388 Frob.
2177 2342 2227 2389 et
2255 2334 2371 2390 Nic.
2406 2338 2773 2411 Episcopium,
2808 2359 2995 2400 mense
3019 2347 3334 2417 septembri.

2057 2537 2304 2595 «Vansxo
2344 2540 2589 2597 GALLICA
2618 2542 2659 2598 Ι.
2692 2458 2946 2603 Ti'igfat.
2984 2549 3227 2607 Tertull.
3265 2557 3340 2609 De
3369 2554 3632 2611 Praescri-

1980 2626 2261 2697 ptionibus
2293 2629 2719 2704 haereticorper
2749 2637 3074 2694 Aubertum
3107 2640 3179 2697 de
3210 2641 3630 2714 Macere,evul-

1986 2719 2123 2787 gata
2157 2718 2416 2776 Parisiis.
2450 2743 2477 2771 »

2730 2832 2887 2888 1563.

2058 2936 2086 2963 «
2120 2914 2336 2971 Vaasro
2366 2918 2609 2976 GALLICA
2657 2922 2698 2977 Ι.
2746 2921 2871 2979 Lib.
2928 2926 2999 2981 De
3045 2924 3256 2984 Corona
3302 2929 3496 2987 Mititis
3526 2948 3630 3005 per

1986 3004 2281 3071 eumdem,
2312 3006 2455 3062 ibid.
2489 3030 2518 3059 »

2734 3118 2889 3175 1566.

2060 3202 2157 3256 En.
2194 3206 2848 3265 BASILEO-PARISIENSIS.
2894 3242 2962 3250 ——
2992 3212 3206 3267 Parisii
3232 3213 3378 3285 apud
3422 3216 3632 3273 Audac-

1989 3307 2119 3345 num
2152 3293 2391 3348 Parvum
2421 3297 2556 3367 (49),
2587 3298 2687 3353 sub
2717 3301 3044 3371 intersignio
3075 3302 3204 3358 Lilii
3225 3306 3405 3371 aurei,
3440 3307 3529 3361 via
3557 3308 3632 3364 ad

1986 3380 2030 3434 D
2080 3382 2356 3439 Iacobum.
2388 3387 2672 3443 Accurata
2697 3388 3021 3445 Gelenianze
3080 3393 3367 3464 repetitio.
3430 3396 3632 3453 Tomis

1988 3468 2179 3525 dobus
2226 3472 2304 3524 80.
2340 3472 2401 3527 In
2435 3474 2548 3531 ﬁne
2604 3477 2893 3548 cujusque
2928 3496 2940 3533 :
2975 3482 3104 3535 Par.
3166 3483 3464 3539 excutiebat
3519 3490 3635 3541 An-

1987 3557 2145 3613 dreas
2182 3560 2481 3617 Wechelus.
2520 3565 2676 3632 1566,
2733 3568 2909 3623 Index
2960 3569 3313 3628 Gelenianus
3363 3574 3456 3644 (ab
3484 3575 3534 3630 J.
3571 3576 3632 3632 G.

1987 3649 2258 3717 confectus
2289 3651 2427 3721 quid
2453 3653 2561 3708 sibi
2588 3653 2747 3722 velit,
2780 3657 2999 3719 nescio)
3048 3661 3119 3715 ad
3153 3661 3297 3716 tomi
3345 3663 3636 3736 cujusque

1988 3741 2261 3793 contenta
2289 3744 2380 3796 est
2411 3743 2779 3801 reformatus.

2729 3864 2885 3918 1572.

2061 3965 2089 3995 «
2118 3947 2336 4001 Vaasw
2404 3947 2744 4006 GERMANICA
2794 3952 2836 4008 Ι.
2866 3984 2933 3994 -
2967 3955 3031 4020 Q.
3093 3960 3149 4011 S.
3184 3958 3243 4014 F.
3292 3959 3636 4017 Tertulliani

1990 4037 2178 4101 certae,
2205 4034 2379 4106 justaa
2401 4044 2456 4093 et
2486 4042 2826 4098 necessarias
2849 4046 3323 4118 Praescriptiones
3354 4051 3636 4108 adversus

1992 4138 2195 4180 omnes
2224 4123 2476 4182 haereses
2507 4128 2564 4183 in
2598 4129 3012 4190 Germanicum
3054 4135 3270 4193 idioma
3302 4156 3335 4194 a
3365 4144 3637 4198 Laurent.

1990 4209 2229 4268 Alberto
2264 4213 2774 4289 Francotranslal,
2800 4226 2859 4277 et
2880 4238 3074 4279 excus.
3112 4224 3381 4300 Delingae.
3415 4250 3443 4279 »

2742 4337 2900 4394 1579.

2062 4435 2162 4490 En.
2183 4435 2984 4502 PAMELIANA—ANTVBRPIENSIS
3012 4447 3237 4504 I.fol.-—
3256 4450 3636 4523 «0.8eptimii

1993 4522 2145 4579 F'lor.
2169 4527 2509 4583 Tertulliani
2534 4531 3013 4604 Carthaginensis
3061 4539 3386 4609 presbyteri
3436 4556 3636 4613 opera,

1918 4611 1962 4676 D
1996 4628 2119 4680 qua;
2153 4613 2436 4671 hactenus
2467 4619 2705 4687 reperiri
2736 4627 3051 4692 potuerunt
3093 4627 3311 4682 omnia.
3367 4611 3496 4685 Jam
3534 4647 3640 4702 po-

1996 4706 2305 4769 stremum,
2339 4705 2410 4758 ad
2462 4706 2817 4778 exemplaria
2869 4714 3275 4786 manuscripta
3331 4716 3642 4774 collatione

1996 4787 2168 4856 facta;
2198 4808 2375 4861 quam
2409 4796 2847 4852 accuratissime
2879 4802 3194 4873 recognita,
3212 4804 3437 4876 aliquot
3466 4808 3644 4863 etiam

1998 4879 2166 4934 libris
2197 4880 2496 4949 auctiora;
2524 4900 2679 4939 nunc
2728 4888 2985 4956 primum
3026 4890 3085 4944 in
3134 4894 3347 4964 capita,
3400 4902 3458 4951 et
3487 4902 3647 4952 certo

2000 4966 2203 5023 ordine
2227 4967 2673 5041 habita,quanto
2696 4974 2818 5029 fieri
2842 4978 3033 5047 potuit
3053 4983 3384 5053 temporum
3400 4987 3646 5050 ratione,

1999 5055 2059 5109 in
2091 5057 2351 5128 quinque
2385 5064 2575 5114 tomos
2628 5062 2926 5134 distincta,
2979 5083 3112 5123 cum
3166 5070 3369 5127 Jacobi
3401 5075 3647 5130 Pamelii

2000 5146 2339 5215 Brugensis,
2392 5148 2668 5222 theologi,
2717 5153 3114 5212 archidiaconi
3163 5161 3646 5235 Audomaropoli-

2000 5233 2147 5302 tani,
2180 5236 2546 5307 argumentis
2578 5243 2635 5294 et
2682 5240 3163 5303 adnotationibus
3214 5249 3319 5304 toti
3367 5233 3525 5323 operi
3556 5252 3646 5307 in-

2004 5425 2183 5485 super
2214 5411 2481 5485 Ecclesiae
2514 5413 2693 5485 leges,
2744 5417 2893 5473 ritus
2944 5424 2999 5475 et
3048 5422 3469 5481 institutiones.
3505 5428 3647 5485 Enn.

2075 5483 2190 5565 (1158)
2221 5482 2619 5565 XVnnumei-iit
2648 5491 2945 5545 Pamelius
2978 5495 3034 5546 in
3070 5499 3166 5565 Ep.
3202 5498 3388 5551 dedic.
3414 5482 3654 5555 ed.15i9

2005 5553 2074 5607 ad
2112 5558 2270 5633 Pnont.
2307 5556 2408 5633 Ed.
2444 5561 2712 5626 praeﬁxa;
2746 5578 3071 5633 perperam.
3103 5553 3541 5627 SCHOENEMANN.

2079 5626 2187 5709 (lit?)
2222 5627 2362 5709 Male
2390 5627 2510 5682 haec
2542 5647 2633 5701 ap.
2667 5626 2869 5688 Ro'beri
2900 5635 3081 5707 Steph.
3116 5640 3403 5709 prodiisse
3435 5626 3652 5701 Sandio

2005 5694 2241 5753 dicitur.
2273 5699 2512 5754 SCHOEN.

3298 5841 3335 5896 2
