4060 6370
339 333 447 392 43-.
1825 333 2268 395 PR/EFATIO.
3393 369 3404 374 -
3669 336 3749 393 44

339 465 637 537 terjectis;
671 465 885 538 quibus
915 470 1039 521 tum
1070 465 1178 522 loci
1207 466 1576 523 obscuriores
1597 466 1981 540 explicantur,
2011 471 2065 536 Α
2095 466 2354 522 carmine
2382 465 2668 538 Cypriano
2724 465 2862 522 olim
2894 468 3244 535 asseruerat,
3307 468 3543 536 propter
3598 479 3746 521 ora-

340 559 470 611 tum
503 554 788 626 quidquid
823 557 891 609 ad
928 555 1333 626 antiquitatem
1367 556 1824 612 ecclesiasticam
1858 573 1987 626 spe-

2095 556 2273 611 tionis
2304 555 2776 622 similitudinem,
2805 554 3160 610 Tertulliano
3192 571 3348 608 nunc
3379 555 3614 609 demum
3641 555 3744 609 ad-

344 648 482 709 ctat,
515 642 863 698 illustratur.
898 645 980 698 Ab
1011 644 1213 698 eodem
1246 645 1504 699 Pamelio
1537 663 1736 700 recens
1768 645 1989 715 adjecta
2087 644 2374 713 judicavit
2408 649 2466 698 et
2492 644 2684 699 denuo
2717 644 3030 699 recensuit.
3065 648 3191 698 Haec
3247 642 3542 714 excipiunt
3579 649 3744 698 Grae-

347 731 695 787 Tertulliani
734 733 883 794 Vita,
915 732 1348 802 Scripturarum
1372 735 1680 788 citatarum
1708 734 1876 788 index
1904 732 1986 786 lo-

348 820 811 891 cupletissimus,
846 821 1076 891 aliaque
1108 821 1533 892 Prolegomena.
1563 845 1583 870 ι
1617 824 1870 891 Adjutus
1902 827 1990 875 est

349 914 553 962 auctor
583 924 739 962 novas
774 909 948 978 hujus
980 910 1359 977 recensionis,
1392 911 1644 966 Jacobus
1698 909 1986 964 Pamelius

353 1003 408 1066 (a
436 996 700 1067 Pamele),
733 996 1026 1067 imprimis
1070 997 1262 1053 tribus
1321 1016 1464 1054 mss.
1528 997 1988 1054 membranaceis

349 1084 649 1139 codicibus
678 1083 994 1150 Vaticanis,
1024 1086 1338 1141 cardinalis
1385 1087 1596 1153 Sirleti,
1656 1087 1802 1142 Bibl.
1861 1092 1987 1142 tum

346 1173 637 1228 Vaticanee
669 1173 943 1244 praefecti,
978 1191 1115 1229 cura
1153 1175 1447 1247 jussuque
1503 1177 1687 1231 codici
1745 1192 1987 1232 excusso

346 1261 988 1332 comparatis.Habebat
1017 1263 1192 1318 etiam
1225 1263 1406 1320 libros
1439 1281 1581 1320 mss.
1603 1266 1986 1321 monasterio-

341 1368 474 1405 rum
506 1351 818 1405 S.Amandi
851 1368 917 1406 ac
947 1358 1000 1406 S.
1027 1352 1274 1408 Bavonis
1306 1359 1364 1408 et
1391 1353 1696 1424 Anglicum
1731 1355 1987 1409 codicem

343 1441 443 1510 qui
478 1456 656 1511 penes
685 1440 777 1495 Jo.
812 1439 1168 1495 Clementem
1226 1442 1466 1513 anglum
1522 1447 1677 1510 erat;
1712 1459 1815 1498 nec
1871 1460 1986 1497 non

343 1528 534 1583 Latini
569 1528 776 1583 Latinii
811 1527 939 1583 Itali
971 1535 1028 1584 et
1081 1530 1169 1584 J0.
1203 1531 1450 1585 Harrisii
1485 1530 1676 1602 Angli,
1735 1531 1806 1584 ab
1839 1531 1985 1601 ipsis

342 1633 478 1672 cum
511 1633 575 1672 eo
625 1617 1094 1673 communicatae
1150 1620 1518 1689 conjecturas
1573 1620 1987 1690 variorumque

344 1705 596 1776 denique
628 1705 934 1761 hominum
960 1710 1053 1761 41
1091 1707 1394 1763 doctorum
1419 1707 1608 1763 varias
1632 1709 1986 1764 observatio-

344 1811 468 1850 nes.
503 1794 726 1860 Quibus
759 1794 1137 1850 adminiculis
1168 1801 1395 1851 tantum
1443 1813 1580 1851 sane
1627 1797 1890 1867 profecit,
1924 1801 1988 1851 ut

346 1882 471 1938 loca
499 1883 812 1938 innumera
841 1884 1181 1955 castigasse,
1225 1883 1421 1940 hiulca
1471 1885 1797 1958 supplesse,
1832 1902 1988 1957 quea-

346 1972 482 2026 dam
514 1971 690 2027 etiam
724 1972 1042 2042 superflua,
1075 1990 1202 2044 quae
1233 1989 1302 2028 ex
1332 1975 1594 2043 margine
1635 1974 1692 2028 in
1752 1977 1985 2029 contex-

342 2064 470 2114 tum
503 2058 878 2131 irrepserant,
914 2079 1028 2115 non
1073 2062 1289 2132 injuria
1333 2062 1642 2118 rescidisse
1681 2063 1798 2118 sibi
1832 2063 1988 2118 vide-

343 2154 524 2203 retur.
582 2149 845 2204 Primum
902 2149 1078 2205 etiam
1135 2151 1194 2204 in
1255 2151 1446 2222 capita
1519 2152 1699 2207 libros
1781 2168 1987 2207 omnes

339 2236 630 2308 distinxit,
663 2243 1129 2310 argumentaque
1162 2257 1310 2295 nova
1341 2241 1412 2295 ad
1471 2243 1732 2312 capitum
1776 2241 1984 2295 distin-

338 2327 591 2381 ctionem
651 2332 989 2398 comparata
1038 2333 1094 2382 et
1149 2329 1342 2398 ipsius
1399 2329 1742 2385 Tertulliani
1792 2329 1985 2385 verbis

338 2413 672 2485 conscripta
701 2415 951 2471 addidit.
987 2416 1204 2471 Deinde
1235 2422 1421 2472 totum
1455 2435 1600 2488 opus
1631 2419 1688 2472 in
1724 2418 1984 2488 quinque

338 2507 531 2558 tomos
564 2504 841 2575 partitum
888 2509 978 2558 est
1013 2521 1024 2559 :
1059 2521 1307 2576 quorum
1364 2505 1553 2577 primo
1611 2508 1987 2562 continentur

337 2591 474 2646 libri
505 2593 785 2648 adversus
816 2595 1030 2648 Gentes
1053 2598 1110 2648 et
1137 2595 1366 2649 Iudaeos
1393 2613 1406 2662 ;
1441 2596 1698 2650 secundo
1727 2599 1986 2650 Par-aene-

340 2681 491 2749 tica;
527 2680 697 2736 tertio
725 2682 944 2753 scripta
972 2683 1252 2738 adversus
1275 2683 1532 2738 Haareses
1557 2701 1572 2752 ;
1605 2689 1812 2755 quarto
1847 2684 1985 2739 Poe-

342 2773 502 2824 mata
530 2785 664 2824 cum
700 2770 1064 2841 Fragmentis
1103 2787 1345 2842 operum
1379 2789 1502 2842 quas
1533 2772 1982 2840 desiderantur;

347 2857 554 2929 quinto
587 2857 917 2929 deniqueea
945 2875 1072 2929 quas
1106 2860 1384 2916 adversus
1404 2860 1719 2916 Ecclesiam
1748 2861 1986 2933 scripsit

343 2953 402 3001 et
434 2946 624 3002 aliena
654 2948 921 3018 quaedam
959 2965 970 3002 :
1006 2947 1287 3003 librorum
1324 2949 1380 3003 in
1435 2949 1686 3021 singulis
1720 2951 1985 3021 partibus

339 3035 543 3090 eodem
575 3051 691 3106 quo
723 3035 1034 3107 conscripti
1067 3041 1368 3107 putantur,
1399 3039 1601 3094 ordine
1619 3039 1837 3095 habito.
1871 3041 1982 3094 Ad-

339 3124 720 3180 monitionem
753 3125 928 3180 etiam
959 3127 1031 3180 de
1070 3126 1391 3182 Tertuliani
1449 3128 1824 3200 dogmatibus
1877 3145 1978 3184 seu

2097 748 2296 786 corum
2314 749 2555 803 operum
2585 734 2937 803 fragmenta:
2956 733 3026 787 ad
3047 733 3302 788 amicum
3321 731 3738 803 philosophum

2099 820 2167 873 de
2190 819 2538 891 Nuptiarum
2563 821 2851 892 angustiis
2873 837 2977 875 seu
3000 821 3070 875 de
3090 819 3467 890 Virginitate;
3490 820 3561 874 de
3582 821 3742 886 Fato;

2098 908 2229 963 dem
2255 909 2430 962 undis
2452 913 2508 963 et
2537 907 2861 963 immundis
2894 907 3298 974 Animalibus;
3333 908 3403 962 de
3426 907 3744 962 Circumci-

2099 995 2297 1062 sione;
2332 997 2402 1050 de
2424 997 2686 1052 vestibus
2717 999 2904 1052 Aaron
2938 1014 2950 1052 :
2986 997 3056 1052 de
3085 997 3368 1052 Trinitate
3405 1014 3418 1064 ;
3453 997 3522 1051 de
3561 1013 3743 1051 censu

2097 1084 2314 1140 Anima:
2337 1087 2618 1141 adversus
2651 1086 3106 1157 Hermogenem;
3140 1087 3422 1141 adversus
3472 1084 3744 1157 Appelle-

2097 1172 2290 1228 tianos
2319 1190 2333 1242 ;
2367 1174 2438 1228 de
2468 1175 2787 1241 Paradiso;
2823 1175 2892 1230 de
2921 1178 3032 1246 Spe
3065 1174 3322 1230 ﬁdelium
3359 1192 3372 1242 ;
3405 1174 3476 1229 de
3519 1173 3746 1230 Ecstasi

2098 1259 2203 1314 lib.
2256 1277 2397 1320 sex:
2433 1263 2712 1317 adversus
2757 1262 3174 1334 Apollonium;
3209 1263 3467 1319 Aliorum
3516 1263 3749 1334 aliquot

2097 1355 2154 1402 et
2185 1349 2329 1406 falso
2360 1351 2796 1423 inscriptorum.
2832 1353 2898 1408 T.
2949 1352 3017 1408 V.
3067 1353 3440 1408 continentur
3474 1368 3486 1408 :
3520 1353 3590 1408 de
3636 1353 3748 1407 Ex-

2099 1437 2427 1495 hortatione
2457 1441 2793 1508 Castitatis;
2826 1443 2897 1496 de
2939 1442 3306 1512 Monogamia
3341 1459 3353 1508 ;
3382 1442 3453 1497 de
3495 1445 3650 1513 Fuga
3681 1441 3744 1496 in

2099 1528 2520 1597 persecutione,
2575 1529 2646 1582 ad
2707 1529 2949 1584 Fabium
2985 1548 2997 1585 :
3032 1531 3101 1585 de
3156 1529 3406 1599 Jejuniis
3459 1531 3746 1586 adversus

2099 1616 2409 1687 Psycbicos
2440 1634 2452 1683 ;
2481 1618 2552 1672 de
2583 1617 2872 1672 Pudicitia
2903 1635 2916 1684 ;
2951 1617 3255 1673 Novatiani
3305 1619 3376 1673 de
3413 1618 3694 1673 Trinitate
3725 1635 3740 1685 ;

2097 1705 2358 1773 ejusdem
2393 1706 2464 1760 de
2494 1705 2647 1761 Cibis
2669 1706 2966 1776 judaicis;
2998 1707 3188 1776 ejusd.
3245 1706 3628 1778 epistolarum
3669 1708 3742 1762 de

2098 1811 2232 1849 vera
2259 1795 2715 1850 Circumcisione
2744 1801 2799 1850 et
2830 1812 2960 1850 vero
2993 1796 3246 1852 Sabbato
3281 1795 3514 1851 notulaa.

2844 1885 3000 1939 1580.

2171 1972 2269 2027 42
2300 1971 2399 2026 Eo.
2433 1973 3093 2028 Baanzsam.—Parisiis
3115 1973 3260 2045 apud
3287 1973 3747 2028 MichJulianum

2096 2060 2166 2115 ad
2197 2076 2346 2115 mon:
2401 2061 2516 2116 divi
2555 2063 2761 2116 Hilarii
2808 2063 2907 2116 sub
2942 2063 3154 2133 insigni
3206 2063 3383 2119 stellae
3437 2067 3742 2129 coronatae,

2096 2172 2124 2198 ‹‹
2157 2149 2346 2220 Opera
2374 2149 2715 2204 Tertulliani
2747 2155 2806 2205 et
2862 2151 3104 2205 Arnobii
3156 2155 3438 2222 quotquot
3493 2152 3566 2206 ab
3599 2151 3745 2207 inte-

2095 2237 2210 2292 ritu
2241 2237 2524 2292 vindicari
2549 2255 2916 2293 summorum
2941 2239 3201 2294 virorum
3221 2239 3515 2295 industria
3545 2245 3743 2311 potue-

2094 2331 2254 2396 runt,
2286 2343 2420 2382 cum
2451 2333 2714 2382 veterum
2746 2327 3167 2399 exemplarium
3190 2333 3312 2383 tum
3347 2329 3742 2385 recentiorum

2094 2415 2398 2470 collatione
2431 2416 2722 2481 restituta,
2763 2415 2906 2472 locis
2953 2417 3265 2487 Scriptura
3316 2423 3488 2473 aucta
3516 2423 3573 2473 et
3606 2418 3741 2472 illu-

2094 2507 2278 2558 strata
2323 2505 2781 2572 commentariis,
2838 2523 2963 2576 quae
3015 2505 3158 2560 alias
3206 2505 3546 2562 auctoribus
3594 2507 3742 2562 sub-

2094 2592 2361 2646 obscuris
2392 2597 2450 2647 et
2481 2592 2844 2648 difficillimis
2877 2611 2990 2648 non
3034 2595 3383 2650 mediocrem
3432 2595 3618 2651 lucem
3653 2597 3741 2651 af-

2095 2680 2243 2735 ferre
2300 2686 2594 2752 poterunt.
2654 2681 2863 2737 Omnia
2921 2683 3113 2738 studio
3171 2688 3229 2738 et
3281 2683 3476 2739 labore
3543 2686 3744 2741 Renati

2095 2771 2383 2824 Laurentii
2411 2770 2475 2826 de
2501 2771 2559 2826 ια
2586 2772 2777 2825 Barre.
2813 2772 3035 2826 Additis
3083 2772 3380 2828 indicibus
3431 2773 3742 2830 fidissimis

2093 2864 2148 2913 et
2179 2858 2585 2929 amplissimis.
2626 2882 2646 2908 ι
2687 2861 2746 2914 [ιι
2779 2860 2894 2914 {ine
2925 2879 2938 2916 :
2974 2883 3000 2910 ‹‹
3030 2861 3365 2917 Excudebat
3420 2862 3628 2918 Petrus
3666 2863 3744 2918 Le

2094 2947 2368 3017 Voirrier,
2428 2948 2624 3019 regius
2699 2949 2755 3003 in
2828 2949 3253 3006 Mathematicis
3314 2951 3741 3024 typograpbus,

2093 3041 2259 3091 Anno
2289 3036 2500 3091 salutis
2533 3037 2692 3091 hum.
2741 3037 2816 3091 M.
2869 3038 2934 3093 D.
2985 3038 3192 3106 LXXX,
3229 3056 3429 3095 mense
3475 3040 3675 3096 Junio.
3713 3064 3742 3091 »

2091 3125 2323 3180 Primus
2354 3126 2461 3195 (5i)
2504 3126 2852 3181 Laurentius
2891 3131 3152 3182 Barraaus
3209 3126 3266 3182 id
3298 3127 3433 3200 egit,
3496 3133 3577 3195 ut,
3605 3145 3738 3200 quas

337 3213 633 3269 erroribus
661 3231 729 3269 ea
759 3230 934 3285 quam
966 3214 1283 3270 Rhenanus
1313 3217 1762 3288 conscripserat,
1807 3217 1980 3289 longe
2012 3201 2054 3266 (ἶ
2094 3214 2315 3284 passim
2346 3212 2405 3267 in
2438 3214 2674 3285 scriptis
2706 3215 2882 3270 variis
2915 3215 3152 3270 VV.DD.
3177 3216 3470 3288 imprimis
3504 3217 3737 3273 Beroal-

336 3301 774 3373 locupletiorem
806 3309 862 3358 et
881 3303 1082 3359 ordine
1111 3304 1480 3376 alphabetico
1501 3308 1820 3362 confectam
1847 3323 1981 3362 cum

339 3391 639 3456 Antidoto,
673 3395 738 3446 ut
767 3398 948 3462 vocat,
981 3393 1163 3447 edidit
1191 3394 1327 3464 (50).
1375 3393 1526 3450 Ordo
1577 3411 1706 3450 vero
1739 3401 1981 3451 conten-

342 3484 536 3535 torum
572 3479 667 3534 hic
697 3485 788 3535 est
819 3497 832 3537 :
868 3481 924 3535 1°
951 3480 1246 3536 Dedicatio
1278 3483 1348 3537 ad
1401 3482 1613 3537 Pontif.
1639 3484 1786 3538 Max.
1845 3483 1984 3539 Gre-

342 3569 568 3638 gorium
599 3568 747 3638 XIII,
782 3569 916 3624 data
946 3569 1126 3624 Duaci
1173 3570 1304 3642 ipsa
1361 3571 1737 3627 Exaltationis
1785 3573 1984 3628 Crucis

345 3657 439 3712 die
468 3657 641 3725 1579;
671 3658 730 3710 2°
758 3657 1052 3713 Dedicatio
1075 3657 1258 3714 altera
1277 3659 1348 3714 ad
1380 3659 1717 3731 Philippum
1749 3661 1796 3715 ΙΙ
1820 3660 1984 3732 Hisp.

345 3761 543 3818 regem
574 3746 773 3818 script.
819 3747 897 3801 ib.
957 3747 1084 3802 cod.
1144 3748 1211 3802 14
1267 3749 1586 3819 septembr.
1646 3750 1704 3804 3°
1764 3749 1988 3805 Indices

343 3834 629 3890 librorum
661 3836 865 3906 quovis
897 3839 1054 3890 tomo
1109 3841 1519 3892 contentorum
1577 3843 1634 3892 et
1680 3843 1986 3894 auctorum

345 3925 864 3996 codicumque,qui
897 3924 1260 3980 Tertulliano
1285 3926 1632 3998 castigando
1647 3927 1780 3982 usui
1806 3928 1984 3994 fuere,

343 4013 549 4068 notitia
576 4030 590 4080 ;
622 4015 746 4067 tum
792 4013 850 4066 4ο
881 4014 997 4067 vita
1044 4013 1385 4068 Tertulliani
1421 4031 1524 4085 per
1553 4016 1902 4082 Pamelium,
1933 4021 1990 4072 et

341 4104 399 4156 5ο
436 4101 731 4156 Paradoxa
761 4101 1104 4157 Tertulliani
1139 4119 1272 4157 cum
1306 4103 1563 4159 antidoto
1621 4105 1900 4173 Pamelii;
1931 4106 1988 4159 6°

340 4188 682 4244 Tertulliani
705 4189 1119 4259 jurisconsulti
1162 4191 1387 4246 romani
1423 4191 1613 4262 legum
1666 4196 1984 4264 rescripta;

341 4279 578 4333 tandem
607 4278 666 4331 7°
697 4278 927 4334 Indicos
977 4279 1033 4333 in
1095 4279 1540 4350 Tertullianum,
1601 4299 1736 4338 cum
1783 4283 1985 4351 locor.,

338 4373 467 4423 tum
499 4365 749 4422 aliorum
785 4372 1004 4422 auctor.
1040 4368 1111 4422 ab
1143 4384 1209 4422 eo
1241 4368 1491 4434 citator.,
1525 4376 1650 4426 tum
1680 4388 1893 4427 rerum.
1917 4402 1986 4412 —

343 4455 442 4528 qui
473 4460 680 4526 quarto
711 4460 870 4511 tomo
902 4457 1696 4528 comprehenduntur,libros
1731 4462 1984 4532 poeticos

341 4548 398 4598 et
430 4545 757 4615 fragmenta
785 4561 888 4599 seu
921 4543 1138 4599 indicia
1170 4544 1362 4615 potius
1400 4546 1681 4602 librorum
1715 4548 1984 4619 deperdi-

339 4635 533 4687 torum
565 4632 715 4703 apud
740 4631 884 4687 alios
918 4637 1185 4687 auctores
1218 4639 1318 4688 aut
1341 4634 1535 4705 ipsum
1559 4635 1983 4692 Tertullianum

341 4721 512 4775 obvia
542 4720 766 4791 primus
799 4719 894 4774 hic
933 4719 1225 4775 Pamelius
1281 4723 1556 4792 operibus
1618 4723 1861 4780 Tertull.
1895 4726 1983 4779 in-

340 4809 543 4863 seruit.
576 4811 657 4864 Ad
683 4813 954 4879 poemata
984 4809 1140 4879 quod
1182 4809 1474 4877 attinet,in
1506 4809 1673 4866 libris
1704 4814 1984 4868 adversus

337 4901 688 4953 Marcionem
719 4903 776 4952 et
807 4897 1065 4952 carmine
1097 4898 1168 4952 de
1198 4898 1429 4953 Judioio
1469 4899 1695 4955 Domini
1755 4902 1982 4957 Tertul-

338 4987 494 5042 liano
523 4987 1017 5052 vindicandis,Ge.
1055 4986 1296 5042 Fabricii
1329 4987 1408 5058 (in
1441 4989 1683 5060 poeticis
1712 4991 1983 5047 christia-

341 5076 476 5146 nis),
511 5076 569 5130 in
600 5075 860 5131 carmine
892 5076 962 5130 de
1015 5078 1267 5131 Sodoma
1319 5093 1452 5132 vero
1509 5077 1651 5134 Sixti
1710 5081 1984 5136 Senensis

339 5163 509 5234 (Bibl.
557 5167 752 5220 Sanct.
817 5163 916 5219 lib.
976 5164 1072 5235 ιν)
1124 5165 1527 5221 auctoritatem
1588 5170 1982 5239 sequebatur;

341 5253 590 5311 Genesin
621 5258 818 5310 autem
849 5258 907 5308 et
936 5255 1008 5309 ad
1042 5258 1358 5310 senatorem
1388 5271 1516 5326 quas
1548 5272 1681 5312 cum
1729 5259 1984 5315 Sodoma

413 5432 522 5504 (50)
576 5433 775 5487 Prima
815 5431 1053 5504 quidem
1103 5433 1277 5489 editio
1339 5435 1581 5491 Pamelii
1637 5437 1710 5491 ad
1770 5454 1982 5492 manus

341 5521 453 5559 non
487 5509 593 5573 est,
629 5519 814 5578 neque
847 5506 1251 5578 typograpbos
1309 5511 1367 5561 et
1423 5507 1790 5578 bibliopolae,
1826 5509 1980 5578 apud

342 5593 489 5648 quos
522 5576 1040 5651 prodiitjﬁndagare
1071 5578 1502 5651 potuimus,sed
1535 5576 1982 5651 desumptabaac

343 5655 480 5705 sunt
509 5665 577 5703 ex
606 5651 696 5704 ed.
729 5649 856 5705 Par.
891 5650 1048 5719 1598,
1081 5650 1172 5706 cui
1223 5665 1350 5720 quae
1389 5653 1632 5723 insuper
1661 5649 1977 5723 accessere,

2091 3303 2224 3365 dus,
2256 3301 2534 3368 Alciatus,
2567 3303 2846 3370 Crinitus,
2878 3303 3209 3371 Turnebus,
3230 3305 3591 3372 Vertranius,
3625 3306 3746 3361 Ho-

2091 3396 2429 3460 tomannus,
2501 3392 2793 3462 Cujacius,
2866 3393 3092 3466 Saliger
3156 3398 3227 3450 ad
3299 3397 3744 3453 emendandum

2093 3481 2573 3552 explicandumve
2603 3481 3027 3538 Tertullianum
3059 3484 3466 3552 contulissent,
3493 3487 3743 3557 conqui-

2096 3577 2266 3640 reret,
2298 3576 2356 3627 et
2393 3577 2663 3643 excerpta
2719 3589 2836 3626 una
2885 3588 3016 3627 cum
3068 3574 3195 3629 suis
3254 3575 3746 3633 adnotationibus

2097 3660 2365 3716 Rhenani
2394 3660 2832 3716 commentariis
2864 3661 3168 3730 allineret;
3203 3664 3303 3719 ubi
3343 3681 3478 3720 vero
3511 3665 3593 3720 illi
3638 3666 3746 3721 de-

2098 3752 2354 3820 ﬁcerent,
2386 3749 2445 3804 in
2481 3749 2646 3804 libris
2678 3751 2900 3806 scilicet
2929 3755 3061 3823 post
3092 3751 3440 3807 Rhenanum
3498 3754 3746 3826 additis,

2097 3839 2168 3893 de
2199 3855 2304 3894 suo
2337 3839 2616 3909 proferret
2649 3855 2660 3892 :
2695 3839 2751 3893 in
2774 3855 2841 3895 eo
2870 3843 3065 3895 tamen
3088 3840 3406 3896 lectoribus
3430 3841 3745 3910 molestus,

2097 3929 2248 3999 quod
2283 3945 2384 3982 sua
2429 3945 2718 3998 nusquam
2756 3945 2790 3983 a
2838 3928 3098 3984 Rhenani
3149 3929 3470 3986 aliorumve
3522 3932 3744 3987 distin-

2097 4016 2589 4086 gueret.Rhenani
2621 4016 2931 4087 epistolam
2955 4018 3447 4087 nuncupatoriam
3481 4020 3748 4091 itemque

2097 4104 2556 4160 admonitionem
2587 4105 2658 4159 de
2689 4106 3042 4176 quibusdam
3067 4106 3412 4162 Tertulliani
3446 4109 3745 4180 dogmatis

2097 4195 2276 4265 repeti
2311 4195 2550 4261 curavit,
2592 4196 2769 4249 vitam
2821 4193 3169 4250 Tertulliani
3215 4195 3285 4250 de
3331 4213 3439 4252 suo
3488 4199 3742 4268 addidit,

2099 4288 2374 4354 praeterea
2403 4283 2666 4355 amplum
2701 4284 2946 4354 praefixit
2975 4289 3306 4353 auctorum,
3339 4301 3589 4356 quorum
3621 4287 3744 4344 ﬁde

2096 4377 2382 4427 annotatt.
2418 4373 2757 4443 conscriptae
2789 4377 2949 4441 sunt,
2981 4371 3336 4445 catalogum.
3369 4374 3746 4445 Nuncupavit

2096 4461 2244 4516 hanc
2275 4461 2589 4516 editionem
2624 4461 2955 4532 praeceptori
2989 4478 3096 4517 suo
3133 4463 3207 4517 De
3240 4463 3320 4518 La
3350 4463 3528 4534 Bigne
3557 4464 3744 4522 Th.D.

2015 4567 2062 4633 Β
2094 4551 2254 4614 Quod
2288 4555 2584 4605 externam
2634 4550 2836 4605 faciem
2886 4555 3131 4622 spectat,
3183 4552 3501 4607 admodum
3553 4551 3745 4611 nitida

2093 4645 2182 4694 est
2212 4639 2410 4708 editio,
2469 4640 2864 4708 adornataque
2923 4639 3067 4694 satis
3132 4642 3440 4696 commode
3499 4647 3745 4698 annota-

2091 4727 2352 4783 tionibus
2383 4727 2494 4783 sub
2523 4732 2682 4783 textu
2715 4728 3019 4799 dispositis
3041 4729 3290 4784 diversis
3319 4747 3553 4802 quoque
3583 4733 3740 4802 typis

2091 4817 2403 4888 expressis.

2830 4907 2984 4961 1582.

2163 4999 2378 5050 Vsasm
2419 4995 2748 5051 GERMANICA
2779 4999 2819 5049 I.
2846 5025 2915 5036 —
2943 4995 3098 5050 Libri
3131 4997 3204 5051 De
3233 4998 3512 5054 Patientia
3543 5015 3577 5054 a
3597 4999 3736 5056 Luc.

2094 5083 2265 5156 Maio,
2299 5083 2700 5153 Smalkalacaa,
2733 5084 2903 5139 in-8°.

2834 5174 2993 5230 1583.

2164 5265 2264 5318 En.
2300 5268 3003 5320 PAMBLIANA-PARISIENSIS
3029 5263 3146 5317 I.—
3167 5265 3408 5320 Parisiis
3429 5265 3540 5320 sub
3571 5269 3742 5323 scuto

2091 5460 2197 5498 suo
2227 5442 2351 5498 loco
2383 5446 2935 5498 commemorantur.
2968 5444 3241 5497 Sacarum.

2162 5515 2272 5584 (51)
2307 5516 2460 5568 [nter
2491 5515 2864 5585 repetitiones
2897 5513 3264 5568 Pamelianas
3317 5513 3444 5570 sine
3489 5514 3736 5573 editoris

2091 5586 2324 5642 nomine
2355 5591 2572 5642 Caveus
2603 5591 2835 5653 iaudat;
2865 5602 3190 5658 perperam.
3225 5586 3549 5643 Senonum.
