4060 6398
138 351 222 412 45

1643 342 2090 404 PREFATIO.

3486 355 3570 414 46

149 482 462 541 Basiliensi
514 484 624 540 sol.
688 483 1027 541 Pomeliana
1077 498 1299 539 recusa.
1360 479 1506 535 Huic
1564 476 1888 543 demum'A
1922 474 2020 529 mii
2092 472 2375 532 Florentis
2445 477 2783 534 Tertulliani
2857 480 3127 553 Carthag.
3202 483 3565 559 presbyteri,

151 573 398 630 editioni
431 574 757 629 accessisse
787 574 1094 630 videntur:
1121 570 1497 628 Proverbiales
1528 566 1803 624 Formulae

152 663 348 735 Operi:
380 664 769 718 Tertullianici
796 667 1065 719 contentae
1097 662 1226 733 (5'2),
1262 660 1535 715 brevibus
1566 654 1806 712 scholiis

152 755 463 810 illustratus
527 771 628 824 per
688 754 935 808 Adream
990 753 1214 824 Hoyum
1273 755 1651 820 Brugensem,
1711 746 1803 800 cui

149 844 310 898 hanc
342 860 545 897 curam
580 843 705 913 ipse
747 842 1043 897 Pamelius
1091 841 1444 911 injunxerat,
1481 842 1543 891 ut
1576 836 1806 907 praeﬁxa

150 932 298 1004 Ηυξ-ί
332 933 402 986 ad
436 930 759 986 Pamelium
800 929 1062 1001 epistola,
1112 930 1247 984 data
1295 928 1449 997 apud
1503 926 1805 979 Atrebates

149 1022 284 1075 Kal.
317 1020 557 1075 Januar.
595 1020 754 1085 1583,
805 1036 910 1074 nos
960 1019 1125 1073 docet
1172 1019 1306 1088 (53).
1358 1015 1559 1070 Utrum
1589 1030 1719 1067 vero
1751 1017 1807 1066 et

150 1109 421 1179 ejusdem
456 1108 593 1180 Hoyi
629 1108 685 1162 in
710 1106 1136 1163 Tertullianum
1169 1104 1407 1161 Pamelii
1440 1121 1530 1173 op.
1566 1103 1805 1157 restitu-

148 1203 284 1251 tum
342 1196 735 1269 Epigramma,
797 1212 911 1267 quo
963 1194 1332 1266 singulorum
1390 1193 1671 1247 librorum
1703 1190 1803 1261 qui

148 1286 268 1341 hoc
295 1286 556 1358 quinque
586 1285 799 1357 partito
828 1300 998 1357 opere
1031 1284 1425 1350 continentur,
1464 1286 1805 1351 argumenta

148 1392 223 1429 ex
254 1375 458 1430 ordine
500 1375 857 1438 indicantur,
891 1374 996 1428 hac
1045 1374 1284 1427 demum
1324 1372 1579 1426 editione
1610 1386 1801 1425 acces-

148 1465 323 1534 serit,
358 1482 428 1520 au
461 1464 597 1519 olim
625 1466 749 1535 jam
784 1464 955 1518 fuerit
1000 1463 1322 1534 vulgatum,
1354 1462 1575 1516 nescio.
1612 1459 1802 1530 Hujus

148 1552 508 1625 exemplaris
570 1552 964 1624 apologaticus
1023 1568 1157 1607 cum
1212 1550 1338 1606 cod.
1393 1551 1498 1606 MS.
1554 1548 1800 1604 collatus

146 1642 420 1697 exstabat
450 1642 507 1697 in
540 1641 688 1697 Bibl.
730 1642 1060 1697 Baluziana.

904 1766 1061 1821 1584.

222 1856 326 1911 En.
351 1859 1169 1911 PAMELIANA-ANTVERPIENSIS
1200 1859 1218 1907 Ι
1229 1856 1270 1909 Ι.
1302 1884 1370 1894 -—-
1395 1853 1803 1926 Anlverpnpud
1830 1842 1878 1907 B

153 1946 257 2009 με
286 1946 536 2000 Planlin.
593 1945 692 2015 fol.
753 1945 956 2000 eadem
1014 1943 1298 2016 repetita;
1353 1942 1412 1998 in
1467 1944 1591 1999 Cat.
1652 1942 1798 1997 Bibl.

152 2033 421 2090 Leidens.
457 2034 664 2106 (Lugd.
718 2038 842 2088 Bat.
899 2033 1049 2105 716.)
1095 2033 1418 2089 scribitur:
1461 2031 1801 2087 Tertulliani

156 2124 263 2195 Op.
298 2140 363 2178 ex
393 2124 624 2179 emend.
657 2123 779 2179 Jac.
816 2122 1051 2177 Pamelli
1080 2138 1213 2178 cum
1267 2120 1397 2176 coll.
1432 2121 1647 2177 codicis
1680 2122 1798 2176 MS.

158 2211 449 2285 Agobardi
482 2228 584 2283 per
609 2212 701 2268 Jo.
737 2211 1096 2267 Mercerium.
1133 2211 1395 2283 Anlverp.
1438 2211 1577 2265 1584
1608 2210 1646 2265 f.

225 2408 329 2464 En.
375 2408 1098 2463 PAMBLIANA-PARISIENSIS
1157 2407 1227 2463 II.
1275 2438 1344 2447 ——
1392 2408 1649 2477 Parisiis,
1709 2425 1799 2479 ap.

156 2497 316 2553 Mich.
354 2497 644 2553 Sonm'um.
680 2498 718 2552 Γ.
751 2499 816 2563 Q.
856 2501 1012 2568 Sept.
1062 2495 1209 2551 Flor.
1252 2495 1593 2551 Tertulliani
1627 2513 1802 2569 opera

160 2587 381 2655 omnia,
413 2586 486 2642 ad
534 2586 889 2657 exemplaria
937 2602 1079 2642 mss.
1128 2584 1435 2640 collatione
1483 2586 1798 2657 rccognita,

160 2678 384 2748 aliquot
421 2675 595 2731 etiam
646 2675 812 2731 libris
862 2675 1141 2742 auctiora,
1176 2692 1244 2730 ex
1289 2674 1545 2729 editione
1576 2679 1633 2729 et
1665 2691 1797 2729 cum

162 2765 639 2821 annotationibus
670 2763 870 2820 Jacobi
900 2764 1137 2819 Pamelii
1172 2780 1184 2819 :
1229 2766 1507 2818 recedunt
1533 2764 1798 2834 ejusdem

162 2853 502 2910 Tertulliani
532 2852 668 2922 vita,
702 2852 931 2924 aliaque
976 2851 1403 2924 prolegomene.
1466 2852 1579 2906 Cat.
1633 2853 1702 2907 de
1746 2853 1801 2908 ια

165 2946 303 3000 Bibl.
356 2944 430 2998 du
471 2946 604 3015 Bay,
655 2950 695 2997 t.
746 2943 789 3009 Ι,
840 2959 895 3014 p.
928 2944 1051 2997 363.
1086 2943 1209 2997 Non
1242 2942 1497 2997 sucurrit
1525 2942 1797 3013 jamjam,

168 3033 259 3087 ubi
291 3033 527 3087 laudata
556 3031 879 3086 invenerim
916 3031 1256 3087 Tertulliani
1287 3047 1461 3101 opera
1483 3048 1615 3085 cum
1650 3036 1794 3085 nott.

156 3121 271 3177 Jac.
324 3120 557 3176 Pamelii
608 3121 789 3175 Paris.
842 3121 994 3191 apud
1046 3120 1217 3175 Mich.
1254 3120 1584 3187 Somnium,
1636 3120 1793 3187 1548,

157 3212 306 3282 quod
339 3210 474 3265 hinc
504 3213 738 3265 constat
765 3226 1018 3265 errorem
1052 3225 1180 3265 esse
1212 3209 1716 3282 typographicum.

893 3318 1049 3372 1594.

227 3425 248 3454 ι
281 3405 494 3461 νεῐιειο
523 3409 733 3460 GALICA
764 3405 832 3460 ΙΙ.
892 3436 959 3446 —-
1020 3406 1146 3461 Lib.
1196 3406 1276 3461 De
1328 3406 1550 3461 Corona
1592 3405 1788 3463 Militis

152 3511 252 3566 per
284 3494 721 3550 Florimundum
754 3495 1014 3550 Remond
1057 3495 1254 3564 (Louis
1286 3495 1619 3563 Ricbeome)
1648 3501 1787 3551 Bar-

151 3584 264 3655 dig.
295 3605 322 3633 »ι

887 3672 910 3727 4
921 3673 1046 3727 595.

218 3760 492 3831 Lugduni:
520 3762 775 3817 Batavor.
808 3778 882 3815 ex
921 3760 1017 3834 off.
1047 3762 1442 3819 Plantam'ana.
1476 3763 1527 3817 4.
1578 3763 1694 3835 (Sic
1725 3764 1783 3818 in

149 3854 266 3906 Cat.
314 3849 455 3904 Bibl.
518 3850 834 3922 Leidensis)
893 3856 949 3905 et
995 3851 1049 3905 8.
1098 3850 1215 3906 Cat.
1285 3854 1351 3906 de
1398 3853 1451 3907 la
1505 3854 1643 3908 Bibl.
1706 3855 1786 3909 du

150 3942 279 4011 Roy,
339 3955 470 4011 pag.
528 3940 652 4010 364,
710 3943 748 3993 t.
808 3940 872 4009 l.)
920 3941 977 4005 Ο.
1033 3941 1191 4011 Sept.
1247 3940 1399 3997 Flor.
1448 3942 1786 3998 Tertulliani

148 4029 319 4084 Liber
347 4030 419 4083 de
446 4027 645 4096 Pallio,
678 4045 745 4084 ex
775 4028 1026 4084 editione
1057 4033 1113 4084 et
1142 4046 1276 4085 cum
1310 4030 1463 4086 notis
1496 4032 1785 4088 Francisci

146 4117 327 4174 Junii.

894 4206 1049 4262 1596.

212 4295 315 4349 En.
350 4294 869 4350 HEIDELBEBGBNBIS
922 4296 961 4350 Ι.
1011 4326 1082 4338 -
1131 4297 1380 4352 Heidelb.
1413 4315 1504 4369 ap.
1542 4298 1788 4355 Comme-

149 4384 355 4450 linum,
390 4384 426 4437 f.
462 4401 495 4438 a
544 4383 843 4451 Rhenano,
903 4385 1182 4453 Pamelio,
1223 4386 1399 4443 Junio
1446 4390 1781 4445 emendata.

148 4473 417 4529 Laudant
445 4473 718 4539 Sandius,
750 4472 828 4527 du
858 4472 985 4541 Pin,
1018 4478 1075 4528 et
1103 4475 1265 4530 Cave.

895 4580 1051 4634 1597.

219 4672 319 4726 Eo.
382 4670 1133 4725 PAMELIANA-FRANECKERE
1201 4673 1243 4726 Ι.
1316 4702 1382 4713 —-
1440 4674 1794 4730 Franeckeraz

148 4759 471 4815 excudebat
498 4762 621 4827 zEg.
653 4758 896 4813 Radaius
946 4759 1070 4813 ord.
1121 4759 1319 4816 Frisia
1349 4764 1466 4833 typ.
1524 4765 1587 4828 Q.
1619 4764 1799 4835 Septi-

223 4900 617 4976 (52)_Sandius
649 4901 785 4976 edit_.
846 4901 1229 4976 Parisiensem
1285 4903 1463 4976 hujus
1497 4907 1633 4961 anni
1666 4923 1798 4962 cum

156 4974 316 5029 Notis
348 4974 619 5056 Rbenani
644 4978 701 5028 et
747 4972 904 5028 Junii
938 4974 1002 5041 f0,
1050 4973 1278 5044 laudat;
1313 4972 1429 5048 qua
1467 4978 1600 5045 fide,
1643 4979 1800 5035 affir-

157 5062 315 5101 mare
344 5062 457 5100 BOD
495 5061 708 5100 RDSIm.

228 5116 338 5187 (53)
370 5115 606 5172 Scilicet
634 5132 703 5171 ex
757 5116 898 5171 edit.
958 5117 1115 5183 1498,
1150 5121 1335 5176 Paris.
1396 5120 1539 5176 mihi
1601 5122 1659 5176 in
1710 5121 1803 5177 his

148 5189 538 5264 judicandum
606 5188 734 5252 fuit,
793 5193 857 5242 ut
905 5189 1085 5243 semel
1126 5191 1251 5260 jam
1286 5194 1586 5264 professus
1648 5211 1800 5249 sum.

155 5262 490 5316 SCHOENEM.

230 5333 341 5402 (54)
380 5334 435 5387 In
472 5329 748 5405 Catalogo
772 5328 910 5405 libr.
964 5338 1331 5403 expurgator.
1368 5335 1593 5389 Madriti
1650 5336 1805 5405 1584,

154 5400 321 5479 juSsu
357 5404 523 5479 card.
551 5400 729 5479 Gasp.
764 5400 1331 5479 Quiroga,'.Archiep.
1358 5407 1640 5463 Toletani.
1676 5400 1804 5479 gen.

164 5476 380 5545 inquis.
413 5476 572 5546 Hisp.
607 5475 784 5546 edito.
813 5474 1133 5529 SCHOENEM.

233 5550 341 5616 (55)
386 5545 691 5617 Perperam
734 5545 1011 5617 laudatur
1057 5564 1089 5601 a
1139 5547 1396 5604 Fabricio
1427 5567 1650 5606 ——cum
1702 5567 1809 5605 no-

164 5619 240 5694 tis
273 5616 555 5694 Rhenum,
591 5616 834 5694 Pameili
866 5622 920 5669 et
953 5617 1038 5671 Fr.
1070 5620 1229 5674 Junii
1259 5623 1391 5689 (Del.
1423 5639 1529 5677 ser.
1560 5639 1658 5694 pro
1692 5623 1809 5677 Ver.

166 5693 278 5747 Ret.
314 5690 438 5747 Chr.
473 5709 529 5765 p.
559 5690 719 5759 213).
761 5687 1079 5745 Senonum.

1915 563 2173 619 auctoris
2210 564 2605 637 antiquissimi
2640 584 2765 639 qua:
2811 569 3001 624 adhuc
3050 572 3294 641 reperiri
3359 579 3568 645 potue-

1914 657 2053 707 runt
2081 653 2277 708 omnia
2308 671 2319 708 :
2352 670 2420 709 ex
2449 657 2701 711 editione
2731 659 2928 713 Jacobi
2953 659 3190 715 Pamelii
3223 664 3561 734 Brugensis.

1914 740 2137 804 Quibus
2180 744 2423 798 seorsim
2469 746 2674 800 additae
2737 752 2874 801 sunt
2935 749 3345 806 annotationes
3399 753 3561 808 Beati

1916 830 2181 886 Rhenani
2225 832 2692 903 Selestadiensis,
2727 841 2903 890 aucta
2936 854 3185 893 censura
3219 840 3561 912 inquisitio-

1918 920 2009 974 nis
2042 919 2363 991 Hispanicae
2396 924 2507 992 (54)
2542 939 2555 977 :
2591 924 2849 995 itemque
2881 926 3294 997 castigationes
3319 946 3382 984 ac
3407 935 3556 986 nota:

1916 1010 2236 1080 perspicuae
2267 1015 2323 1065 et
2354 1012 2553 1067 breves
2585 1014 3078 1069 B‘nANCIsCI-JUNII
3110 1017 3405 1090 Biturigis,
3431 1024 3556 1075 tum

1914 1113 1982 1152 ex
2015 1114 2156 1152 mss.
2194 1099 2327 1164 ﬁde,
2373 1105 2430 1155 et
2480 1100 2661 1155 Latini
2718 1102 2929 1157 Latinii
2974 1104 3364 1175 Viterbiensis,
3418 1108 3561 1165 alio-

1916 1203 2166 1258 rumque
2222 1188 2506 1259 symbolis
2582 1197 2972 1262 comportatae,
3034 1198 3149 1248 tum
3213 1196 3564 1266 conjecturis

1914 1276 2282 1345 gramssimis
2314 1283 2487 1348 atque
2514 1278 2852 1336 lectissimis
2883 1288 3184 1338 accurataa.
3208 1284 3562 1343 Communes

1916 1371 2190 1435 praeterea
2241 1366 2464 1422 indices
2514 1376 2889 1424 accesserunt
2936 1371 3197 1428 locorum
3245 1374 3558 1445 Scriptura

1916 1469 2114 1522 sacras,
2160 1454 2408 1509 aliorum
2470 1463 2774 1513 auctorum
2832 1458 3094 1532 itemque
3144 1463 3451 1519 verborum
3507 1468 3566 1520 et

1914 1558 2109 1596 rerum
2141 1543 2663 1615 locupletissimus.
2699 1548 2957 1603 Pamellii
2997 1555 3224 1606 textum
3266 1556 3441 1625 atque
3470 1570 3564 1609 or-

1912 1630 2107 1685 dinem
2157 1632 2371 1688 Junius
2418 1633 2860 1706 religiosissime
2910 1640 3184 1705 servavit,
3243 1640 3358 1696 nisi
3405 1644 3562 1713 quod

1910 1721 2067 1774 tomo
2113 1726 2319 1791 quarto
2369 1722 2696 1793 fragmenta
2738 1728 2797 1779 et
2850 1726 3068 1782 indicia
3123 1728 3561 1800 deperditorum

1911 1806 2195 1864 librorum
2246 1812 2478 1881 penitus
2526 1813 2744 1867 omisit.
2795 1816 3221 1873 Annotationes
3266 1818 3405 1874 item
3448 1824 3563 1875 Pa-

1912 1897 2071 1952 melii
2129 1900 2368 1955 omnino
2427 1900 2644 1956 absunt
2703 1903 2831 1973 (55).
2882 1908 3021 1960 Post
3070 1910 3295 1962 textum
3343 1910 3559 1966 seosim

1912 1987 2168 2056 primum
2202 1987 2388 2060 ipsius
2416 1990 2603 2057 Junii,
2635 1991 2845 2046 deinde
2894 1993 3158 2050 Rhenani
3187 1996 3563 2054 animadver-

1911 2074 2107 2131 siones
2155 2078 2430 2148 subjcctae
2480 2084 2638 2134 sunt.
2698 2084 2777 2135 Ac
2846 2082 2969 2137 ista:
3026 2084 3285 2156 quidem,
3346 2087 3563 2159 quibus

1911 2165 2090 2220 etiam
2119 2165 2280 2221 Junii
2332 2168 2403 2223 ad
2450 2168 2696 2225 Ordines
2746 2169 2925 2242 Belgii
2958 2176 3021 2228 F.
3050 2173 3375 2245 dedicatio;
3426 2178 3565 2234 data

1913 2255 2094 2325 Lugd.
2144 2260 2271 2310 Bat.
2323 2273 2375 2311 a.
2426 2257 2481 2311 d.
2526 2256 2771 2313 Kalend.
2803 2260 3038 2316 Martias
3070 2264 3228 2332 1597,
3271 2281 3404 2321 cum
3447 2266 3565 2322 vita

1912 2344 2256 2400 Tertulliani
2306 2346 2378 2401 ab
2429 2346 2555 2418 ipso
2606 2363 2808 2403 recens
2857 2351 3187 2422 conscripta
3235 2355 3558 2427 praefigitur

1914 2433 2006 2503 (de
2036 2432 2287 2489 Pamelio
2319 2435 2475 2489 enim
2501 2436 2734 2503 judicat
2775 2454 2889 2492 non
2930 2439 3109 2495 vitam
3152 2457 3287 2497 eum
3334 2443 3565 2499 Tertul-

1911 2521 2075 2590 liani,
2107 2523 2208 2577 sed
2240 2522 2533 2578 curiosam
2565 2523 2727 2580 illius
2784 2529 2885 2583 44
2942 2530 3226 2599 temporis
3256 2530 3557 2588 historiam

1911 2616 2214 2666 contexere
2243 2610 2542 2685 voluisse).
2592 2618 2718 2669 Ηωο
2748 2614 2808 2669 in
2858 2617 3047 2672 fronte
3094 2624 3306 2690 gerunt
3338 2636 3350 2675 :
3386 2621 3457 2676 ad
3489 2622 3556 2686 Ο.

1909 2705 1963 2759 S.
1998 2704 2077 2758 F1.
2110 2704 2450 2760 Tertulliani
2482 2722 2657 2777 opera
2707 2724 2830 2777 quas
2880 2714 3110 2765 exstant
3154 2713 3352 2769 omnia
3381 2714 3556 2770 casti-

1909 2793 2173 2864 gationes
2203 2800 2261 2849 et
2288 2801 2457 2860 notae,
2482 2812 2658 2867 quam
2693 2797 2944 2853 maxime
2975 2799 3033 2853 in
3064 2805 3186 2856 tam
3217 2807 3547 2860 vestustum

1909 2887 1963 2937 et
1993 2899 2227 2954 gravem
2289 2885 2633 2955 scriptorem
2695 2885 2819 2941 ﬁeri
2870 2889 3082 2958 potuit,
3138 2893 3458 2963 perspicua;
3498 2897 3556 2951 et

1908 2971 2111 3027 breves
2143 2973 2276 3043 (56).
2312 2974 2374 3026 In
2408 2972 2624 3043 quibus
2654 2979 2779 3029 tum
2825 2991 3029 3032 omnes
3078 2978 3257 3034 ferme
3286 2981 3552 3037 omnium

1906 3060 2102 3115 saeculi
2160 3061 2343 3116 nostri
2389 3061 2868 3118 doctissimorum
2917 3064 3223 3122 hominum
3253 3067 3555 3140 lectiones,

1908 3149 2365 3216 emendationes,
2428 3150 3058 3223 interpretationesque
3106 3159 3450 3212 necessariae
3480 3176 3553 3216 ex

1820 3212 1863 3280 Ο
1903 3254 2045 3293 mss.
2080 3238 2193 3292 ﬁde
2223 3244 2280 3292 et
2304 3212 2656 3307 conjecturis
2706 3212 3108 3309 probabilibus
3136 3245 3474 3302 adunantur

1899 3327 2274 3383 ascribuntur
2330 3328 2455 3382 suis
2511 3328 2888 3397 auctoribus;
2945 3331 3018 3386 iis
3076 3333 3254 3389 etiam
3313 3352 3546 3408 expres-

1898 3418 2001 3486 sis,
2036 3433 2162 3487 quzs
2194 3433 2309 3471 non
2340 3416 2475 3471 visae
2518 3423 2658 3472 sunt
2707 3417 2878 3488 plane
2924 3421 3176 3491 rejiculm
3228 3440 3241 3478 :
3291 3429 3420 3481 tum
3476 3442 3547 3483 ex

1898 3506 2205 3561 collatione
2227 3504 2647 3577 exemplarium
2671 3507 2783 3562 loci
2805 3524 2983 3578 quam
3017 3510 3252 3581 plurimi
3284 3515 3354 3569 ad
3386 3518 3541 3571 veri-

1894 3600 2071 3651 tatem
2103 3611 2321 3681 .rerum
2353 3595 2885 3667 proprietatemque
2910 3600 3235 3671 verborum
3270 3602 3339 3658 de
3371 3604 3536 3675 peni-

1894 3685 2138 3740 tissimas
2198 3684 2565 3755 antiquitatis
2608 3687 2864 3741 tenebris
2910 3690 3213 3759 proferunt
3259 3692 3534 3764 suppleti,

1895 3774 2160 3842 correcti,
2192 3772 2465 3829 illustrati
2498 3778 2671 3845 atque
2712 3776 3061 3832 confirmati.
3096 3783 3226 3835 Post
3273 3781 3539 3838 Rhenani

1895 3863 2301 3920 annotationes
2351 3862 2597 3919 accessit
2641 3866 2981 3920 variantium
3026 3867 3317 3924 lectionum
3363 3872 3429 3927 in
3467 3872 3541 3927 li-

1897 3954 2053 4008 brum
2090 3954 2497 4024 Apologeticum
2551 3961 2603 4008 et
2652 3953 2907 4009 adversus
2951 3956 3165 4012 Judwos
3218 3959 3543 4030 indiculus,

1896 4059 2043 4113 quas
2076 4059 2144 4098 ex
2167 4058 2308 4097 mss.
2354 4041 2827 4097 membranarum
2874 4047 3195 4115 praesertim
3246 4065 3357 4104 ms.
3409 4049 3546 4106 Ful-

1897 4132 2095 4187 densis
2164 4128 2475 4185 collatione
2548 4130 2897 4187 Franciscus
2945 4134 3174 4191 Modius
3233 4138 3548 4209 Brugensis

1898 4221 2036 4276 olim
2095 4221 2521 4285 observaverat,
2605 4224 2663 4274 et
2746 4227 3119 4293 posteaquam
3205 4226 3306 4280 diu
3391 4227 3549 4297 apud

1902 4312 1977 4365 Μ.
2012 4310 2319 4365 Veiserum
2360 4311 2764 4379 Angustanum
2799 4309 3173 4383 delituerant,
3215 4316 3286 4369 ab
3317 4331 3384 4371 eo
3414 4332 3549 4371 cum

1901 4401 2077 4471 Gasp.
2110 4397 2397 4469 Schoppio
2430 4397 2673 4462 France,
2700 4403 2823 4453 tum
2850 4400 3085 4470 juvene,
3113 4403 3552 4459 communicatis

1901 4494 2085 4555 erant,
2121 4488 2221 4560 qui
2252 4486 2428 4542 Junio
2458 4486 2698 4541 tandem
2728 4503 2829 4542 eas
2860 4490 3293 4547 transmiserat.
3328 4492 3553 4548 Laudat

1822 4578 2194 4651 Dimprimis
2240 4575 2453 4630 Junius
2523 4574 2746 4630 multas
2816 4577 3051 4633 Pamelii
3112 4581 3555 4638 emendationes

1908 4668 2214 4723 Fuldensis
2271 4682 2381 4720 ms.
2415 4663 2762 4721 auctoritate
2807 4681 2935 4721 esse
2983 4668 3266 4726 ﬁrmatas.
3318 4670 3557 4727 Collatio

1909 4757 2143 4830 quidem
2178 4755 2306 4827 ipsa
2353 4754 2425 4809 ad
2470 4753 2560 4807 ed.
2594 4753 2803 4809 Βαττεεὶ
2840 4755 2996 4826 1580,
3030 4757 3212 4845 Paris.
3263 4761 3375 4832 (57)
3408 4761 3562 4817 facta

1984 4900 2095 4972 (56)
2129 4898 2261 4962 Quae
2291 4897 2495 4972 breves
2553 4900 2610 4950 et
2666 4897 2986 4972 perspicuae
3044 4900 3171 4971 ipso
3217 4902 3396 4958 Junio
3426 4902 3562 4957 visas

1913 4968 2051 5047 sunt
2079 4968 2650 5047 animadversiones,
2682 4970 2898 5047 eaedem
2948 4976 3003 5026 et
3051 4968 3340 5047 Scaligero
3374 4975 3565 5047 casti-

1913 5046 2148 5115 gatione
2179 5041 2563 5115 dignissimae,
2595 5047 2652 5095 et
2681 5042 3112 5115 Schoenemann
3155 5041 3326 5101 merae
3370 5046 3565 5102 hario-

1914 5112 2159 5171 l'ationes
2189 5112 2399 5168 habitas
2431 5114 2587 5167 sunt.
2622 5134 2649 5161 «
2682 5112 3074 5172 Doctissimus
3104 5120 3413 5174 Gretserus
3445 5118 3566 5173 edi-

1916 5190 2003 5244 dit
2031 5185 2484 5241 vindicationem
2530 5186 2920 5254 quorumdam
2968 5188 3223 5245 locorum
3255 5189 3564 5245 Tertullia-

1916 5263 2179 5315 nicorum
2213 5275 2246 5312 a
2278 5256 2776 5333 FrancisciJunii
2827 5258 3152 5317 Calvinistae
3202 5262 3566 5333 depravatio-

1918 5335 2114 5388 nibus.
2169 5332 2229 5385 In
2257 5345 2417 5404 opp.
2445 5328 2657 5404 _Gre_tz.
2710 5345 2748 5381 1.
2804 5333 2867 5382 V.
2902 5347 3037 5402 pars
3083 5334 3142 5403 V,
3178 5350 3233 5404 p.
3267 5328 3391 5402 305,
3424 5333 3565 5388 edit.

1919 5404 2218 5460 Baiisbon.
2249 5401 2405 5453 1735.
2440 5400 2477 5452 ί.
2514 5420 2541 5447 ›)
2568 5399 2704 5452 EDD.

1992 5478 2103 5547 (57)
2134 5474 2291 5547 Hanc
2321 5470 2654 5547 editionem
2705 5474 2991 5547 Benatum
3052 5475 3427 5531 Laurentium
3464 5475 3569 5529 Lu-

1919 5542 2089 5603 tetirc
2150 5544 2426 5599 Parisior.
2500 5542 2662 5604 4580,
2722 5544 2941 5600 Barrzeo
3017 5552 3249 5602 auctore
3316 5547 3573 5602 edidisse

1918 5621 2130 5675 Junius
2184 5615 2405 5671 scribit.
2462 5616 2548 5669 Tu
2602 5614 2729 5669 vide
2772 5632 2878 5671 suo
2930 5616 3051 5674 loco
3097 5636 3129 5674 a
3182 5618 3350 5676 nobis
3397 5619 3570 5675 dicta.

1920 5697 2239 5747 SCHOENEM.
