4060 6398
334 374 413 435 ιτ
1828 359 2270 421 PREFATIO.

3666 361 3750 424 48

331 511 454 564 erat
485 522 592 562 nec
619 509 848 561 mutata
873 521 908 560 a
933 503 1129 569 Junio,
1164 502 1262 558 sed
1300 499 1521 572 pagina
1551 501 1782 552 tantum
1814 509 1973 550 novas
2010 494 2067 560 Α
2094 491 2392 563 Campiani
2423 490 2601 547 oblati
2634 491 2972 548 certaminis
3004 492 3062 546 in
3095 509 3274 548 causa
3305 492 3437 548 ﬂdei
3483 493 3748 550 rationes

333 596 611 654 editionis
642 600 784 650 sunt
814 594 1093 664 ascriptis.
1148 592 1211 645 In
1260 589 1408 644 Bibl.
1455 585 1717 642 Leidensi
1753 587 1986 639 exstant

337 687 453 741 duo
485 685 542 740 b.
597 699 646 738 e.
706 681 1075 754 exemplaria,
1135 695 1318 734 unum
1370 693 1538 732 manu
1587 674 1807 744 Josephi
1853 672 1988 726 Sca-

338 776 501 846 ligeri
545 777 832 837 notatum,
891 770 1140 825 alterum
1189 767 1284 822 cui
1333 784 1366 820 a
1415 764 1716 820 Dominico
1768 760 1984 816 Baudio

338 863 602 934 ascripta)
652 866 791 917 sunt
837 859 1254 930 castigationes
1304 854 1543 926 Josephi
1596 851 1875 922 Scaligeri
1919 866 1987 904 ex

340 952 724 1026 autograpbo.

1084 1038 1219 1091 1597
1229 1079 1240 1091 .

410 1135 509 1186 En.
563 1127 1264 1186 PAIELIANA-GBN’EVEVSIS
1325 1125 1368 1178 Ι.
1431 1155 1494 1163 -
1557 1121 1783 1176 Genava
1857 1133 1991 1174 cum

342 1225 462 1277 not.
495 1219 736 1276 Pamelii
768 1217 982 1290 (Sand.,
1013 1217 1094 1271 Du
1125 1216 1254 1286 Pin,
1291 1213 1480 1282 Cave).

1097 1306 1254 1359 1598.

422 1402 522 1456 En.
556 1400 1290 1455 PAMELIANA-PARISIENSIS
1323 1391 1416 1446 IlI.
1463 1420 1530 1429 ——
1576 1389 1814 1444 Parisiis
1843 1385 1991 1457 apud

342 1491 704 1552 Laurentium
733 1487 1025 1541 Somnium
1055 1485 1142 1538 via
1168 1483 1420 1537 Jacobtva
1455 1481 1515 1533 in
1547 1478 1767 1534 Circino
1799 1491 1992 1531 aureo.

345 1585 421 1642 M.
457 1585 518 1638 D.
551 1575 791 1635 XCVIII.
826 1574 970 1628 Vide
1003 1571 1240 1626 titulum
1292 1570 1384 1624 ed.
1442 1569 1598 1634 1579,
1647 1565 1739 1620 cui
1782 1564 1876 1619 hic
1907 1562 1994 1617 in-

345 1688 525 1745 super
565 1666 760 1724 addita
808 1681 820 1719 :
873 1685 901 1711 «
951 1668 1262 1716 Accessere
1305 1662 1362 1713 et
1401 1657 1511 1712 loci
1561 1673 1628 1710 ex
1659 1655 1996 1725 conjectura

345 1743 537 1818 Lirim
593 1759 796 1811 LATINII
852 1749 1237 1805 Viterbiensis
1287 1745 1567 1813 restituti,
1644 1748 1701 1799 et
1767 1743 1998 1798 erudita

2099 581 2318 636 decem.
2355 580 2528 635 (ἴαται.
2563 581 2710 636 Bibl.
2768 582 2983 652 Regalis
3042 581 3349 637 Carihuaiae
3385 583 3443 637 S.
3490 585 3742 638 Martini.

2100 669 2333 741 Neapoli
2368 670 2525 724 1764.
2561 669 2599 726 f.

2846 759 3004 812 1602.

2176 869 2202 897 ‹‹
2232 847 2294 901 In
2327 845 2541 902 librum
2575 847 2650 902 de
2678 848 3190 920 Praescriptionibus
3213 853 3379 904 notas
3409 850 3592 905 edidit
3619 850 3751 906 Jus-

2099 940 2198 992 tus
2223 935 2494 992 Calvinus
2539 936 2598 991 in
2639 935 2788 991 libro
2834 936 3144 1008 Moguntiaa
3193 938 3347 992 edito
3382 939 3493 994 sub
3542 939 3651 995 hoc
3681 941 3752 994 ti-

2101 1024 2223 1080 tulo
2257 1041 2269 1078 :
2304 1025 2789 1096 Pranscriptionum
2818 1026 3073 1081 adversus
3119 1025 3401 1084 haereticos
3443 1033 3751 1100 perpetua-

2101 1131 2231 1169 rum
2255 1119 2518 1170 tractatu:
2544 1130 2664 1170 rex.
2696 1132 2726 1164 η

2851 1211 3007 1265 1603.

2176 1322 2204 1349 ‹‹
2235 1299 2520 1356 Theodori
2557 1300 2760 1355 Petreii
2792 1301 3079 1356 confessio
3109 1300 3528 1358 Tertullianica
3556 1306 3614 1358 et
3643 1301 3755 1374 Cy-

2106 1389 2310 1463 priana
2340 1389 2399 1443 in
2429 1405 2487 1444 IV
2515 1387 2648 1443 libr.
2681 1389 2929 1461 digesta'
2966 1389 3147 1446 Paris.
3181 1391 3351 1446 in~8°.
3387 1411 3415 1439 »

2852 1496 3010 1550 1603.

2176 1585 2428 1655 Francof.
2451 1585 2506 1638 8.
2537 1586 2620 1640 Jo.
2646 1601 2680 1639 a
2715 1587 2968 1641 Wower.
3001 1585 3448 1642 Emendationes
3482 1586 3760 1659 Epidicti-

2107 1689 2186 1728 cae
2217 1674 2286 1728 ad
2320 1673 2383 1737 Ο.
2415 1677 2470 1728 6.
2506 1673 2586 1727 F1.
2620 1673 2964 1729 Tertulliani
3005 1691 3201 1746 Opera.
3245 1698 3272 1726 «
3319 1676 3400 1732 Jo.
3450 1692 3484 1730 a
3521 1676 3754 1731 Wower.

2107 1763 2300 1818 lectori
2328 1781 2345 1816 :
2379 1785 2406 1812 «
2435 1763 2614 1818 Totus
2647 1761 2738 1817 hic
2787 1762 3021 1818 libellus
3071 1781 3185 1818 non
3234 1769 3353 1819 tam
3387 1765 3444 1820 in
3476 1765 3756 1836 speciem,

346 1851 407 1906 in
438 1850 540 1904 lib.
574 1847 640 1900 de
671 1843 846 1898 Pallio
876 1842 1100 1929 «ΙοΑκΝιξ
1129 1838 1407 1929 Μεξῑοειξιι
1455 1832 1854 1929 Αηῐξοεξῗεοτίδ
1903 1831 1994 1929 BE"
2025 1863 2074 1929 Β
2105 1868 2281 1922 quam
2317 1867 2490 1905 usum
2524 1855 2782 1921 paratus,
2810 1852 3251 1907 emendationes
3284 1831 3594 1924 promittit,
3622 1831 3760 1925 qui?

345 1934 661 1995 turicensis
705 1927 1155 1986 Commentario.
1208 1924 1548 1995 Catalogum
1590 1922 1772 1977 totius
1802 1918 1997 1992 operis

347 2025 604 2083 inveniet
649 2021 831 2076 lector
870 2022 1002 2088 post
1040 2013 1311 2085 epistolas
1363 2012 1786 2076 dedicatorias;
1838 2014 1894 2063 et
1937 2008 1995 2062 in

348 2111 600 2185 singulis
658 2106 833 2164 tomis
888 2101 1364 2176 praefatiunculas
1439 2101 1510 2154 de
1561 2099 1846 2154 librorum
1905 2112 1996 2150 or-

348 2203 504 2257 dine.
542 2221 570 2249 »
601 2229 663 2239 —
699 2198 816 2251 Lat.
865 2193 1070 2248 Latinii
1100 2189 1541 2246 emendationes
1571 2205 1619 2242 s.
1649 2187 1998 2257 conjecturas

346 2296 480 2364 post
536 2287 677 2344 edit.
740 2282 954 2339 Pamel.
1017 2299 1050 2336 a
1111 2282 1268 2346 1583,
1321 2278 1665 2349 conscriptae
1710 2274 1998 2364 (Praefatio

347 2363 538 2453 ipsius
569 2377 627 2431 d.
681 2379 874 2429 Romae
925 2371 1051 2425 Kal.
1093 2369 1369 2424 Novemb.
1423 2368 1498 2422 M.
1560 2366 1626 2421 D.
1692 2363 2000 2432 LXXXIV.)

349 2474 408 2524 et
436 2466 680 2522 seorsim
726 2463 894 2517 editze
925 2464 1093 2515 erant
1138 2462 1332 2512 Roma
1368 2457 1525 2523 1584,
1559 2472 1661 2526 per
1706 2454 1999 2508 Francisc.

351 2561 671 2612 Zannetum
727 2556 784 2606 et
841 2549 1093 2619 repetitae
1157 2551 1357 2618 postea
1411 2549 1550 2600 sunt
1595 2543 1929 2598 accuratius
1970 2556 2005 2594 a

351 2645 412 2700 Ο.
450 2644 638 2698 Macro
669 2641 728 2694 in
779 2637 992 2695 Catinii
1050 2635 1197 2690 Bibl.
1257 2635 1381 2689 Scr.
1439 2639 1497 2688 et
1554 2632 1706 2687 Prof.
1767 2647 1823 2701 p.
1877 2629 2002 2684 191.

353 2733 589 2788 Codices
620 2729 852 2799 quidem
897 2742 1013 2779 non
1060 2724 1330 2787 habebat,
1362 2726 1637 2776 utebatur
1674 2725 1870 2774 tamen
1905 2734 2006 2772 co-

355 2821 554 2877 dicum
585 2820 657 2874 ab
688 2815 821 2872 aliis
863 2813 1236 2868 laudatorum
1295 2811 1604 2876 varietate;
1654 2809 1752 2865 45
1803 2808 2007 2863 insunt

356 2923 588 2981 quoque
645 2911 702 2961 et
760 2905 818 2960 P.
878 2901 1132 2957 Ciaconii
1178 2899 1443 2955 Toletani
1491 2899 1759 2969 quaedam
1794 2897 2004 2968 partim

357 3015 427 3055 ex
483 2995 734 3065 ingenio,
797 2993 1010 3064 partim
1059 3006 1128 3046 ex
1173 2990 1312 3046 Cod.
1364 2988 1662 3042 Vaticano.
1721 2987 2006 3042 Caeterum

355 3092 627 3160 typorum
663 3088 720 3139 et
748 3082 960 3138 chartas
1009 3079 1193 3134 nitore
1243 3077 1559 3134 admodum
1613 3077 1733 3132 base
1762 3075 2010 3132 eruditis

359 3173 827 3233 commendatur.

1114 3257 1266 3312 1599.

433 3355 535 3409 En.
593 3351 1485 3407 PAMELIANA-UBIDELBBRGENSIS
1541 3345 1612 3400 II.
1663 3375 1733 3385 —
1766 3343 2010 3400 Heidelb.

364 3441 518 3515 apud
548 3438 871 3497 Commelin.
908 3437 946 3491 f.
989 3435 1257 3508 Repetita
1287 3434 1620 3490 Pameliana
1649 3435 1728 3488 Du
1754 3435 1883 3488 Pin.

445 3637 687 3693 Colonia:
742 3633 888 3706 apud
961 3631 1184 3687 Arnold.
1245 3630 1494 3702 Mylium.
1579 3630 1663 3684 12.
1742 3629 1805 3693 Ο.
1859 3628 2017 3698 Sept.

375 3728 527 3785 Flor.
546 3723 946 3781 Tertullianus
977 3721 1123 3777 liber
1149 3721 1219 3775 de
1242 3718 1784 3792 Praescriptionibus
1815 3718 2020 3774 adver-

378 3834 480 3873 sus
509 3813 833 3880 haareticos,
883 3828 952 3867 ex
998 3811 1090 3867 ed.
1141 3813 1199 3865 et
1237 3825 1370 3865 cum
1404 3809 1886 3864 annotationibus
1925 3808 2021 3863 Ja-

376 3904 509 3963 cobi
539 3900 803 3959 Pamelii.

1121 3989 1280 4043 1599.

439 4105 466 4133 ‹‹
499 4082 713 4136 νιῐιειο
740 4081 982 4135 GALLICA
1017 4077 1084 4133 ll.
1117 4108 1189 4119 -—~
1219 4077 1436 4132 Iterum
1467 4075 1621 4131 edita
1669 4075 1772 4130 lib.
1821 4076 1894 4131 De
1937 4075 2033 4130 Co-

367 4189 512 4228 rona
541 4187 643 4243 per
670 4169 868 4226 eumd.
897 4166 1263 4223 Florimund.
1307 4167 1384 4220 Ad
1417 4165 1635 4220 calcem
1668 4169 1836 4220 tract.
1873 4165 2035 4236 ejus-’

365 4261 492 4317 dem
525 4261 596 4316 de
626 4256 986 4314 Antichristo
1016 4261 1072 4311 et
1098 4255 1482 4326 Antipapissa
1509 4254 1799 4310 Johanna.
1838 4276 1860 4304 ι

773 4363 993 4420 Saaculo
1023 4381 1160 4419 xvu.
1201 4362 1329 4416 1601
1363 4393 1431 4402 —
1463 4362 1624 4418 1070.

1118 4453 1281 4508 1600.

443 4546 679 4603 Parisiis
704 4561 803 4618 per
843 4543 1091 4599 Ambros.
1127 4544 1380 4596 Drouart.
1431 4541 1484 4595 8.
1525 4541 1860 4597 Tertulliani
1888 4540 2036 4597 liber

373 4637 444 4693 de
469 4635 650 4692 Pallio
682 4651 813 4689 cum
846 4630 1319 4704 interpretatione
1340 4629 1548 4704 gallica
1570 4635 1627 4686 et
1652 4630 1802 4686 notis
1834 4629 2032 4686 latinis

371 4726 543 4782 Edm.
607 4723 883 4779 Ricberii.
953 4722 1095 4792 (Cat.
1162 4721 1230 4776 de
1295 4721 1350 4776 la
1426 4720 1691 4777 Biblioth.
1761 4720 1835 4776 du
1903 4722 2036 4794 Roy,

375 4832 439 4888 p.
479 4813 631 4886 364.)

1143 4900 1302 4955 1601.

442 4995 545 5049 En.
583 4991 1479 5048 PAMELIANA—HEIDELBERGBNSIS
1537 4991 1634 5045 III.
1705 5021 1762 5031 -
1819 4989 2039 5047 Heidel-

376 5083 578 5155 bergae.
624 5081 662 5136 t'.
713 5097 846 5136 cum
900 5080 1053 5136 notis
1100 5079 1362 5136 Pamelii.
1409 5080 1578 5134 Sand.
1640 5079 1796 5136 Cave.
1867 5084 2041 5136 Eam-

375 5173 509 5229 dem
540 5171 650 5227 hoc
691 5186 842 5226 anno
894 5169 1126 5228 Geneva:
1173 5169 1463 5242 prodiisse
1514 5169 1803 5242 Dupinius
1853 5171 2041 5227 adno-

377 5261 547 5318 tavit.

1136 5347 1292 5404 1601.

451 5437 694 5495 Colonia:
721 5437 948 5510 Agripp.
992 5437 1172 5496 in-12.
1211 5439 1352 5494 Tres
1383 5438 1715 5511 gravissimi
1751 5443 2040 5512 perpetuae

379 5527 686 5584 Catholicae
721 5527 850 5582 ﬁdei
903 5530 1242 5584 constantiae
1293 5533 1493 5586 testes.
1529 5528 1936 5585 Tertullianus
1970 5531 2040 5586 de

378 5617 957 5688 Praescriptionibus;
990 5617 1334 5674 Vincentius
1383 5619 1705 5674 Lirinensis
1738 5619 2031 5674 Adversus

380 5708 656 5781 profanas
687 5708 954 5764 omnium
997 5707 1292 5764 haereseon
1327 5708 1686 5765 novationes.
1743 5693 2040 5764 Edmundi

2106 1943 2216 1996 bus
2249 1939 2592 1995 Tertulliani
2625 1956 2802 2010 opera
2832 1939 3080 1995 inﬁnitis
3129 1941 3362 1997 mendis
3409 1941 3758 2012 liberantur,

2106 2046 2206 2084 eas
2248 2027 2512 2101 exemplo
2559 2034 2815 2083 veterum
2866 2029 3216 2100 Epidicticas
3276 2030 3764 2103 inscripsi;quia

2109 2119 2404 2191 specimen
2465 2122 2523 2172 et
2579 2115 2992 2191 προκαθάρισμα
3051 2119 3289 2189 majoris
3343 2121 3534 2191 operis
3581 2139 3594 2187 ;
3665 2119 3762 2174 cui

2109 2224 2222 2274 me,
2255 2223 2430 2277 quam
2461 2205 2716 2278 primum
2749 2223 2852 2277 per
2880 2223 3078 2261 verum
3113 2224 3375 2263 mearum
3421 2209 3760 2265 varietatem

2109 2295 2328 2363 licebit,
2360 2295 2682 2366 accingam.
2732 2295 3086 2350 Beneﬁcium
3140 2309 3334 2351 tamen
3387 2296 3643 2369 illarum,
3690 2316 3763 2356 ne

2112 2383 2250 2455 quid
2295 2399 2474 2449 erres,
2512 2400 2626 2438 non
2673 2387 2792 2438 tam
2843 2383 3008 2449 mihi,
3041 2401 3219 2456 quam
3273 2385 3472 2441 Fulvio
3521 2387 3760 2458 Ursino,

2111 2472 2510 2528 eruditissimo
2558 2471 2702 2541 viro,
2752 2473 2967 2541 debes;
3018 2490 3086 2528 ex
3145 2473 3334 2545 ipsius
3385 2476 3542 2531 enim
3588 2475 3760 2547 libro,

2113 2561 2214 2634 qui
2243 2562 2297 2615 in
2329 2560 2686 2616 Bibliotheca
2710 2561 2990 2617 Vaticana
3020 2567 3458 2624 asservatur.ea
3477 2565 3763 2638 excerpsi,

2113 2655 2170 2705 et
2202 2666 2274 2705 ne
2330 2649 2471 2704 ﬁdes
2529 2667 2660 2705 mea
2712 2653 2866 2722 apud
2915 2656 2969 2706 te
2999 2651 3178 2707 dubia
3216 2651 3388 2709 istius
3419 2653 3553 2708 libri
3586 2671 3763 2711 usum

2116 2738 2260 2795 mihi
2318 2739 2610 2793 concessit
2664 2739 2816 2796 doct.
2864 2740 2953 2795 vir
3014 2741 3347 2797 Dominicus
3408 2742 3766 2815 Raynaldus,

2115 2827 2379 2900 ejusdem
2412 2827 2560 2882 Bibl.
2615 2829 2796 2900 praet,
2829 2829 3001 2900 cujus
3031 2845 3167 2901 erga
3202 2846 3292 2885 me
3334 2830 3768 2889 humanitatem

2116 2921 2172 2972 et
2197 2917 2491 2986 singulare
2513 2917 2772 2972 studium
2803 2935 3105 2988 nunquam
3130 2919 3230 2974 46
3253 2920 3396 2974 satis
3416 2920 3769 2992 praedicabo.

2117 3008 2464 3077 Quanquam
2493 3005 2661 3060 valde
2693 3006 3008 3063 voluissem
3049 3006 3274 3064 diutius
3305 3009 3458 3080 apud
3493 3025 3586 3066 me
3617 3009 3772 3066 deli-

2117 3095 2392 3165 tuissent,
2437 3094 2619 3150 donec
2667 3094 2784 3150 illis
2827 3097 2898 3150 ab
2947 3095 3180 3168 ingenio
3230 3103 3428 3154 nostro
3473 3098 3776 3156 decentior

2038 3226 2084 3295 α
2119 3183 2313 3238 cultus
2345 3183 2708 3239 accessisset.
2733 3185 2839 3239 Sed
2867 3185 2992 3256 jam
3026 3190 3233 3258 sponte
3263 3192 3593 3243 currentem
3627 3187 3775 3244 inci-

2122 3272 2261 3295 A---2L
2295 3272 2485 3295 _-_-2-
2527 3272 2656 3295 _.-.'_
2701 3272 2912 3295 -I--..-..
2963 3278 3020 3295 --Α
3057 3273 3170 3295 1.---
3209 3276 3303 3295 -υι
3331 3275 3496 3295 'I_'__,,-
3538 3277 3562 3295 ll
3629 3277 3667 3295 ιο

2122 3272 2266 3327 tavit
2295 3272 2489 3327 nescio
2524 3272 2658 3344 quis
2697 3272 2934 3342 clamor,
2963 3278 3025 3329 ut
3057 3273 3175 3329 haec
3208 3275 3505 3348 publicare
3536 3277 3776 3334 festina-

2124 3377 2273 3426 rem,
2313 3377 2427 3432 quo
2476 3361 2787 3416 satisﬁeret
2835 3361 3161 3418 curiositati
3209 3363 3442 3420 illorum
3502 3367 3604 3439 qui
3647 3369 3773 3440 pati

2126 3466 2242 3504 non
2274 3453 2541 3521 poterant
2582 3449 2740 3505 hunc
2789 3449 2994 3506 exilem
3044 3456 3101 3507 et
3143 3451 3461 3525 fugientem
3512 3454 3772 3529 gloriolae

2128 3537 2498 3611 splendorem
2530 3538 2600 3593 ad
2635 3555 2726 3594 me
2754 3539 3102 3612 pertingere.
3136 3562 3165 3592 ι»

2879 3647 3036 3702 1605.

2207 3736 2508 3804 Ονασουὶέε,
2580 3735 2639 3790 in
2706 3736 2802 3809 of].
2875 3736 3052 3792 Andr.
3114 3739 3439 3795 Pelriconii.
3500 3741 3563 3806 Ο.
3622 3744 3787 3814 Sept.

2136 3825 2284 3882 Flor.
2347 3823 2692 3881 Tertulliani
2762 3825 2832 3881 de
2897 3825 3446 3899 Prmscriptionibus
3505 3829 3797 3887 adversus

2137 3931 2343 3972 omnes
2381 3913 2681 3970 hereticos
2706 3915 2871 3982 liber,
2905 3914 3222 3971 distinctus
3270 3915 3327 3970 in
3355 3917 3547 3988 capita
3575 3923 3634 3974 et
3666 3919 3798 3974 bre-

2137 4005 2307 4061 vibus
2339 4003 2762 4074 natationibus,
2783 4019 2849 4060 ex
2870 4005 3065 4063 Jacobi
3085 4005 3324 4061 Pamelii
3351 4009 3806 4066 commentariis

2142 4094 2499 4151 illustratus.

2220 4274 2321 4330 En.
2354 4184 3104 4330 ΡΑυιςωΑΝΑεΡειΑΝεέῗίῖζω
3133 4273 3230 4330 ΙΙΙ.
3262 4304 3331 4315 -—
3363 4275 3724 4334 Franeckeraz
3758 4277 3803 4333 f.

2149 4363 2394 4435 repetita
2431 4363 2522 4418 ed.
2559 4380 2612 4418 a.
2647 4363 2802 4418 1597.
2833 4363 3004 4419 Sami.
3047 4365 3278 4422 Femvz
3308 4364 3348 4420 1'.
3380 4364 3421 4420 f.
3454 4381 3506 4421 c.
3537 4369 3658 4421 not.
3691 4366 3805 4422 Pa-

2151 4453 2330 4510 melii.
2363 4453 2448 4508 Du
2477 4452 2603 4507 Pin.

2904 4541 3060 4596 1608.

2218 4635 2317 4686 En.
2373 4631 3085 4686 PAMELIANA-PABISIINSIS
3122 4633 3214 4685 1V.
3247 4661 3314 4671 —
3349 4631 3532 4687 Puris.
3565 4632 3602 4687 ἰ.
3639 4648 3808 4704 repe-

2149 4723 2276 4777 titio
2335 4719 2700 4776 Pameliana.
2752 4720 2936 4776 Paris.
2989 4720 3146 4776 1598.
3198 4719 3367 4776 Sand.
3419 4722 3588 4778 Fabr.
3648 4721 3813 4782 Cave.

2148 4811 2268 4868 Cat.
2301 4809 2446 4865 Bibl.
2481 4809 2706 4864 Barber.
2744 4808 2874 4865 Mus.
2907 4811 3070 4884 Britt.

2928 4899 3086 4954 1609.

2219 4990 2324 5045 Ει).
2356 4989 3138 5045 ΡΑΜειιΑΝΑ-Ακτειιριεκειε
3190 4987 3287 5044 ΙΙΙ.
3335 5021 3404 5030 -
3435 4989 3597 5061 Apud
3649 4989 3816 5046 Com-

2148 5080 2343 5136 melin.
2392 5079 2431 5134 f.
2493 5077 2775 5151 Repetitio
2837 5077 3203 5135 Pameliana}.
3263 5082 3436 5135 Antv.
3496 5080 3654 5136 1583.
3705 5082 3811 5137 Fa-

2155 5169 2290 5225 bric.

2221 5347 2323 5404 En.
2383 5257 3117 5403 PAMELIANA-PARI:1681:SIB
3177 5351 3244 5402 V.
3299 5377 3368 5390 -
3443 5348 3700 5405 Parisiis.
3762 5347 3806 5403 1'.

2149 5437 2350 5494 eadem
2383 5437 2658 5492 laudante
2703 5437 2950 5505 Oudino,
2985 5453 3041 5508 p.
3073 5436 3201 5491 218.
3233 5435 3298 5492 T.
3333 5441 3352 5490 Ι
3387 5440 3710 5494 Comment.
3735 5437 3810 5492 de

2149 5528 2248 5584 SS.
2285 5529 2432 5583 Rom.

2957 5617 3108 5670 1612.

2220 5705 2579 5778 Francofurti
2607 5705 2687 5762 ad
2715 5705 2978 5775 Moenum,
3010 5704 3164 5778 typis
3191 5704 3600 5763 Richterianis.
3630 5708 3805 5764 Joan-
