4060 6360
244 391 318 451 49
1751 392 2194 455 ΡΒΛΞΡΛΊῚΟ.
3608 400 3689 461 50

254 526 338 581 nis
368 541 402 580 α
438 524 651 581 Wower
680 521 1122 579 emandationes
1175 522 1506 595 Epidictices
1553 522 1624 578 ad
1659 522 1721 586 Ο.
1755 524 1913 596 Sept.
1943 530 1998 595 Α
2028 528 2147 595 det,
2186 528 2434 585 varietas
2487 529 2750 587 lectionis
2806 532 3023 589 codicis
3080 532 3194 589 MS.
3259 530 3462 588 Baliol.
3509 532 3693 594 Oxon.

257 615 400 671 Flor.
434 611 795 670 Tertulliani
851 627 1043 684 opera.
1098 612 1213 668 Cat.
1247 612 1316 668 de
1348 613 1405 667 la
1460 612 1600 668 Bibl.
1636 612 1710 668 du
1760 614 1913 685 Roy.,
2024 617 2283 689 ascripta
2311 622 2420 675 est.

259 724 313 778 p.
342 705 468 760 365.

1004 800 1160 856 1612.

326 918 353 944 ι(
376 893 592 948 Vsasxo
610 891 856 948 GALLILA
875 890 894 944 Ι
904 890 943 944 Ι.
969 890 1160 944 Tract.
1186 889 1717 962 Praescriptionum,
1740 890 1911 947 Bros-

258 1000 368 1040 sieo
398 984 736 1054 interprete,
770 979 955 1047 Paris,
990 979 1163 1034 in-8°.
1197 1001 1224 1029 »

1000 1106 1156 1163 1613.

326 1199 559 1254 Lutetiae
614 1196 988 1252 Parisiorum.
1047 1197 1127 1250 Ea:
1180 1196 1270 1267 oﬂ'.
1328 1195 1710 1265 Plantiniana,
1764 1197 1909 1267 apud

259 1287 535 1343 Hadrian.
595 1287 808 1351 Perier,
868 1286 961 1340 via
1014 1284 1263 1340 Jacobea.
1324 1285 1387 1349 Ο.
1441 1284 1706 1356 Septimii
1756 1284 1904 1343 Flor.

252 1374 598 1431 Tertulliani
650 1371 1078 1445 Apologeticus.
1136 1372 1472 1429 Desiderius
1521 1372 1804 1428 Heraldus
1836 1389 1905 1429 ex

250 1464 512 1536 antiquis
542 1462 705 1518 libris
732 1462 1083 1527 emendavit,
1121 1462 1539 1517 commentario
1588 1460 1735 1517 libro
1768 1462 1900 1517 illu-

2770 712 2928 768 1614.

2102 797 2335 853 Parisiis
2364 798 2519 869 apud
2574 802 2662 854 J0.
2725 801 3015 856 Libertum.
3070 803 3149 857 8ο.
3212 804 3277 868 Q.
3327 807 3481 875 Sept.
3532 802 3686 860 Flor.

2028 886 2369 941 Tertulliani
2404 887 2551 942 liber
2580 890 2651 942 de
2700 888 2903 956 Pallio,
2938 908 3007 945 ex
3055 892 3309 947 editione
3339 900 3393 947 et
3426 909 3558 948 cum
3590 892 3682 948 in-

2027 978 2444 1045 terpretatione
2468 978 2738 1049 notisque
2769 979 2985 1035 criticis
3014 985 3071 1035 et
3092 980 3388 1037 historicis
3424 982 3687 1038 Theodori

2022 1063 2276 1119 Marcilii.
2312 1066 2427 1120 Cat.
2461 1066 2526 1122 de
2572 1066 2629 1121 la
2660 1068 2805 1123 Bibl.
2839 1068 2912 1123 du
2960 1072 3092 1141 Bay.
3128 1074 3170 1124 t.
3206 1071 3249 1136 Ι,
3284 1088 3335 1140 p.
3369 1071 3492 1125 364.
3528 1088 3586 1126 n.
3620 1072 3679 1131 b.

2026 1171 2083 1206 ιι.
2119 1154 2241 1207 462.
2280 1154 2427 1209 Ibid.
2492 1173 2549 1212 n.
2610 1157 2732 1212 565.
2796 1164 2854 1213 et
2911 1158 3026 1213 Cat.
3076 1158 3237 1214 d’une
3296 1160 3435 1215 Bibl.
3495 1162 3529 1214 ὰ
3563 1161 3678 1218 Uir.

2019 1241 2145 1296 776.
2181 1246 2242 1297 T.
2273 1244 2312 1295 Ι.
2350 1260 2406 1314 p.
2438 1244 2564 1308 557,
2617 1244 2701 1299 sic
2750 1262 2982 1316 quoque
3034 1246 3341 1303 laudatur:
3377 1246 3577 1319 Satyra
3615 1246 3683 1304 de

2015 1332 2192 1401 pallio
2225 1348 2277 1387 c.
2320 1331 2797 1404 interpretatione
2844 1335 3112 1390 familiari
3144 1336 3265 1391 sive
3309 1335 3595 1407 glossaria
3624 1339 3682 1393 et

2018 1423 2419 1480 notationibus
2452 1424 2697 1495 reliquis
2730 1426 2994 1483 Theodori
3022 1427 3279 1483 Marcilii.

250 1533 474 1619 stravit,
507 1556 563 1607 et
602 1553 750 1607 duos
781 1550 1212 1623 digressionum
1258 1549 1462 1617 libros,
1494 1550 1707 1622 quibus
1738 1552 1900 1623 ejus-
2084 1620 2124 1623 _
2222 1619 2253 1623 _
2567 1621 2587 1623 _
2759 1533 2916 1588 1616-

248 1643 380 1698 dem
413 1640 754 1698 Tertulliani
813 1619 874 1696 et
929 1640 1175 1696 aliorum
1234 1619 1585 1711 scriptorum
1645 1619 1898 1713 plurima
2222 1619 2888 1713 PWBLHM'PAN‘SIENSIS
2944 1622 3038 1678 VL
3095 1654 3167 1664 -
3224 1626 3409 1680 Ρανιέι
3472 1625 3510 1680 1.
3564 1629 3674 1681 Pa-

244 1730 373 1787 loca
405 1748 522 1803 qua
549 1730 953 1798 emendantur,
978 1746 1093 1801 qua
1122 1708 1488 1801 explicantur
1508 1734 1562 1784 et
1592 1708 1895 1786 illustran-
2011 1708 2486 1766 mellaM‘Paris-
2521 1710 2980 1803 ι’θΡθίίῖαέ-ςαηδ·
3012 1713 3168 1769 Cave-

242 1824 360 1885 tur,
393 1802 623 1890 adjecit.
659 1820 726 1875 Μ.
760 1818 989 1874 Minucii
1016 1819 1212 1875 Felicis
1251 1818 1521 1875 Octavius.
1554 1818 1890 1876 Desiderius
2076 1886 2115 1890 _
2243 1888 2271 1890 _
2749 1802 2906 1858 1617-

241 1886 531 1965 Heraldus
558 1910 673 1964 MS.
709 1908 848 1981 Reg.
882 1924 989 1980 ope
1017 1907 1349 1963 emendavit
1383 1912 1440 1963 et
1471 1912 1638 1963 notas
1670 1909 1895 1965 addidit

2076 1886 2179 1981 lin.
2242 1888 2831 1946 Piraeeum-Cononis
2888 1892 2931 1946 I.
2993 1923 3063 1933 —
3132 1892 3374 1950 Coloniae
3428 1894 3665 1966 Agripp.

238 1999 505 2069 (Minucii
537 2002 594 2052 F.
630 1997 778 2052 libro
812 1996 1121 2069 peculiaris
1156 2002 1348 2052 tamen
1405 1996 1613 2052 titulus
1645 1999 1890 2070 prmﬁgi-

236 2092 355 2157 tur,
390 2104 565 2159 quem
597 2102 703 2142 suo
734 2085 859 2141 loco
890 2085 1063 2156 vide).
1096 2085 1159 2141 In
1200 2086 1566 2141 emendando
1610 2086 1718 2141 hoc
1748 2088 1893 2143 Ter-

237 2176 472 2232 tulliani
508 2176 654 2232 libro
677 2192 823 2230 usus
852 2178 941 2229 est
966 2173 1253 2229 Heraldus
1278 2173 1509 2230 duobus
1531 2174 1698 2230 codd.
1734 2176 1892 2231 MSS.

237 2265 421 2321 altero
454 2264 694 2320 Puteani
728 2264 911 2335 patris
944 2280 1047 2335 per
1076 2262 1229 2318 ﬁlios
1258 2267 1454 2318 tamen
1486 2263 1597 2335 ipsi
1630 2281 1897 2320 commu-

238 2355 456 2421 nicato,
518 2353 697 2409 altero
752 2352 954 2408 Jacobi
1012 2352 1336 2424 Bongarsii.
1397 2352 1569 2408 Illum
1620 2353 1728 2409 etsi
1770 2355 1896 2424 jam

238 2443 379 2499 olim
414 2444 761 2498 adhibuerat
789 2442 1041 2498 Jacobus
1071 2440 1387 2509 Pamelius,
1420 2446 1616 2498 tamen
1649 2443 1898 2499 aliorum

239 2532 530 2588 librorum
563 2530 832 2604 praesidio
863 2531 1199 2598 destitutus,
1226 2547 1340 2586 non
1373 2530 1763 2602 spicilegium,
1797 2534 1898 2588 sed

239 2637 496 2677 messem
556 2622 844 2693 integram
904 2619 1146 2675 Ueraldo
1206 2619 1518 2692 reliquisse
1571 2622 1894 2693 videbatur.

239 2715 455 2766 Prester
482 2691 714 2766 codices
743 2709 891 2764 istos
923 2708 1193 2764 adhibuit
1223 2691 1399 2764 etiam
1432 2709 1649 2765 librum
1682 2691 1903 2782 Cujacii

241 2817 423 2855 manu
454 2803 746 2864 notatum,
778 2814 952 2871 quem
986 2798 1288 2869 Bongarsii
1327 2815 1467 2854 cura
1493 2805 1704 2855 nactus
1733 2806 1859 2856 erat
1886 2820 1899 2870 ;

243 2890 422 2954 unde,
456 2906 585 2961 quas
618 2905 687 2944 ex
736 2903 795 2943 re
824 2904 953 2943 esse
1008 2887 1344 2943 viderentur
1372 2887 1609 2945 laudato
1643 2890 1903 2947 auctoris

241 2978 480 3034 nomine
504 2976 891 3049 deprompsit.
922 2999 947 3027 «
972 2976 1032 3031 In
1065 2977 1486 3034 Commentario
1510 2984 1730 3035 nostro.
1759 3002 1786 3029 ››
1812 2980 1901 3035 in-

247 3067 395 3138 quit,
430 3090 458 3116 ‹‹
491 3066 601 3122 hoc
633 3069 1164 3137 temperamentum
1208 3066 1372 3137 sequi
1403 3068 1499 3122 47
1536 3068 1898 3137 studuimus,

238 3162 305 3210 ut
338 3172 528 3227 neque
560 3171 628 3210 ea
684 3172 810 3221 quae
858 3154 1224 3210 mediocriter
1270 3155 1517 3210 eruditis
1547 3156 1693 3212 satis
1746 3156 1903 3212 clara

2000 1974 2111 2045 fol.
2161 1977 2307 2047 apud
2365 1979 2659 2034 Antonium
2715 1981 2922 2036 Ilieral.
2983 1982 3186 2037 eadem
3248 1999 3313 2038 ac
3362 1981 3655 2055 superior.

2003 2062 2168 2119 Sand.
2202 2068 2330 2121 Fab.
2368 2068 2523 2123 Cave.
2556 2070 2686 2125 Mus.
2722 2070 2889 2124 Brilt.

2748 2159 2902 2214 1620.

2079 2266 2106 2293 «
2166 2243 2347 2300 Hann.
2419 2245 2705 2302 Runmm
2773 2247 3108 2319 Theosophia
3173 2249 3499 2320 priscorum
3559 2248 3666 2304 Pa-

2008 2336 2167 2388 trum
2202 2333 2539 2389 Tertulliani
2573 2340 2630 2391 et
2662 2336 2929 2409 Cypriani
2983 2336 3116 2392 ﬁdei
3150 2338 3402 2410 antiquas
3454 2343 3511 2394 et
3540 2338 3670 2392 vitae

2012 2440 2139 2479 vere
2170 2422 2511 2479 Christianae
2564 2429 2721 2481 certa
2771 2430 2826 2481 et
2874 2426 3153 2482 salutaria
3210 2428 3447 2483 tradens
3495 2428 3676 2482 docu-

2016 2516 2233 2577 menta,
2269 2529 2298 2568 e
2344 2516 2748 2571 monumentis
2800 2532 3000 2571 eorum
3063 2517 3313 2589 propriis
3363 2517 3593 2572 reddita
3622 2518 3680 2572 et

2015 2602 2250 2658 recitata
2280 2603 2491 2660 verbis.
2521 2627 2542 2653 ι

2761 2695 2918 2748 1622.

2091 2804 2117 2829 ‹‹
2148 2782 2212 2837 In
2244 2782 2378 2838 libr.
2412 2783 2483 2839 de
2514 2783 3255 2855 Prtescriptionibusnotas
3289 2785 3466 2841 edidit
3500 2785 3677 2843 Alba-

2016 2870 2258 2941 spineus
2300 2889 2560 2928 annexas
2608 2872 2798 2945 ipsius
2859 2872 3330 2928 Observationum
3390 2874 3675 2931 Ecclesia-

2015 2961 2216 3017 sticar.
2249 2959 2392 3016 libb.
2426 2961 2493 3016 Il.
2530 2961 2738 3027 Paris.,
2775 2963 2931 3016 1672.
2968 2962 3313 3034 Helmstad.,
3346 2964 3501 3019 1672.
3536 2986 3565 3013 ››

2762 3070 2917 3123 1622.

2086 3158 2320 3212 Lutetia
2356 3159 2730 3224 Parisiorum,
2780 3162 2983 3229 sumpt.
3017 3159 3065 3213 b.
3121 3159 3266 3213 Hier.
3296 3159 3550 3225 Drouart,
3582 3158 3676 3216 via

241 3249 402 3316 sunt,
460 3244 833 3299 illustramus
861 3289 874 3310 ,
934 3243 992 3298 id
1068 3248 1196 3313 est,
1263 3242 1371 3299 soli
1444 3246 1895 3302 accenderemus
1928 3278 1970 3344 C
2014 3244 2113 3300 48
2144 3246 2424 3314 Jacobaea,
2456 3248 2557 3301 sub
2589 3256 2742 3302 scuto
2790 3248 2982 3302 solari.
3036 3248 3100 3311 Ο.
3159 3247 3319 3319 Sept.
3356 3247 3503 3302 Flor.
3535 3248 3673 3303 Ter-

239 3335 445 3402 facem,
480 3350 668 3405 neque
695 3349 763 3388 ea
793 3349 922 3404 quae
973 3333 1262 3401 homines,
1295 3333 1554 3406 alioquin
1607 3335 1889 3407 eruditos,

240 3425 343 3479 sed
376 3423 507 3478 aliis
539 3421 801 3479 scientiis
832 3427 1165 3494 occupatos,
1198 3423 1413 3477 morari
1443 3424 1692 3494 possint,
1727 3442 1894 3495 pror-

242 3530 347 3568 sus
379 3512 730 3584 inexplicata
750 3512 1331 3567 omitteremus.l.ibri
1357 3512 1529 3567 istius
1558 3529 1625 3568 ea
1650 3514 1897 3569 mistura

239 3608 349 3670 est,
383 3607 449 3657 nt
483 3619 595 3657 non
630 3602 803 3657 modo
854 3601 925 3655 ad
974 3600 1340 3657 humanioris
1372 3602 1716 3658 eruditionis
1769 3608 1894 3659 stu-

240 3692 462 3758 diosos,
498 3691 598 3746 sed
632 3691 699 3746 ad
735 3689 1036 3762 theologos
1069 3692 1358 3761 praecipue
1379 3695 1437 3745 et
1460 3693 1897 3762 jureconsultos

241 3780 386 3835 adeo
416 3779 577 3851 ipsos
609 3780 735 3850 ejus
763 3778 932 3835 lectio
978 3778 1301 3850 pertineat:
1350 3786 1761 3852 argumentum
1794 3798 1896 3836 au-

238 3874 380 3936 tem,
409 3874 465 3923 et
494 3885 621 3939 quae
652 3869 709 3923 in
740 3884 805 3923 eo
830 3867 1226 3939 disputantur,
1252 3884 1320 3923 ea
1345 3873 1501 3935 sunt,
1536 3874 1599 3923 ut
1629 3871 1892 3925 omnium

240 3957 339 4030 qui
372 3975 404 4012 a
438 3956 635 4012 saeculi
668 3958 953 4013 fermento
983 3956 1095 4012 sibi
1128 3972 1330 4013 cavere
1370 3958 1595 4029 volunt,
1628 3960 1898 4015 manibus

239 4047 480 4103 libellus
512 4046 603 4101 hic
652 4047 873 4102 versari
931 4046 1156 4102 debeat.
1194 4047 1319 4102 ilth
1376 4046 1559 4119 igitur
1614 4048 1895 4116 fecerunt,

240 4142 306 4192 ut
340 4135 624 4193 nonnulla
650 4153 779 4208 qua:
809 4136 1032 4207 absque
1077 4152 1255 4191 causa
1298 4135 1406 4192 hac
1465 4137 1673 4205 forent,
1734 4154 1895 4207 pror-

238 4243 345 4282 sus
376 4225 734 4290 omisissem,
769 4226 1119 4297 quandoque
1149 4224 1570 4296 attigerim,sed
1603 4225 1893 4298 attigerim

235 4320 495 4384 tantum,
528 4318 584 4370 et
615 4322 899 4386 quantum
932 4314 1004 4368 ad
1061 4313 1250 4369 lucem
1299 4315 1444 4370 satis
1496 4320 1670 4370 esset.
1700 4315 1805 4370 Sed
1837 4318 1895 4370 et

237 4404 379 4476 quia
410 4420 632 4459 morem
663 4403 845 4459 istum
878 4401 1186 4458 inolevisse
1216 4401 1505 4471 videmus,
1528 4409 1593 4458 ut
1621 4404 1893 4459 dictionis

238 4498 340 4550 aut
371 4494 521 4548 ritus
550 4493 799 4563 alicujus
829 4496 886 4547 et
920 4490 1097 4547 moris
1129 4490 1339 4547 veteris
1370 4492 1670 4548 occasione
1702 4492 1891 4548 homi-

240 4599 345 4638 nes
376 4580 553 4654 paulo
582 4581 815 4654 longius
856 4583 1161 4636 excurrant
1217 4579 1560 4652 sepissime,
1592 4585 1649 4637 et
1707 4582 1893 4636 multa

2010 3333 2241 3389 tulliani
2273 3334 2422 3390 liber
2455 3336 2525 3390 de
2559 3335 2751 3391 Pallio.
2792 3335 3058 3391 Claudius
3110 3335 3424 3391 Salmasius
3472 3352 3675 3392 recen-

2005 3422 2143 3489 suit,
2204 3424 2531 3495 explicavit,
2581 3426 2737 3481 notis
2801 3424 3133 3481 illustravit.
3194 3425 3474 3481 Natarum
3528 3424 3677 3480 liber

2004 3511 2173 3567 titulc
2208 3513 2485 3584 peculiari
2549 3516 2784 3586 gaudet.
2846 3516 2922 3569 Ac
2981 3516 3053 3570 de
3109 3514 3203 3569 his
3236 3514 3382 3570 satis
3435 3514 3675 3585 quidem

2006 3606 2273 3656 constat:
2310 3602 2365 3657 id
2400 3603 2572 3657 modo
2606 3608 2806 3659 notare
2832 3604 3020 3673 juvat,
3054 3608 3262 3675 praeter
3291 3608 3515 3659 veteres
3543 3603 3673 3659 edi-

2010 3690 2194 3745 tiones
2250 3692 2378 3746 cod.
2438 3709 2615 3747 manu
2675 3698 2977 3747 exaratum
3039 3692 3186 3747 satis
3262 3696 3560 3748 vetustum
3616 3694 3674 3746 et

2008 3780 2240 3850 optimae
2275 3785 2422 3835 notis
2454 3782 2779 3853 inspexisse
2826 3781 3185 3837 Salmasium
3239 3784 3485 3853 ejusque
3532 3780 3673 3837 scri-

2008 3872 2238 3940 pturam
2274 3869 2424 3940 (quae
2484 3886 2615 3925 cum
2668 3869 2857 3941 prima
2912 3875 2969 3925 et
3021 3871 3280 3925 secunda
3311 3869 3577 3925 Rhenani
3607 3868 3669 3923 in

2008 3956 2283 4013 omnibus
2316 3959 2431 4013 fere
2461 3959 2838 4019 consentiret)
2889 3958 3106 4030 ubique
3155 3957 3403 4013 fideliter
3432 3973 3670 4028 expres-

2007 4062 2130 4100 sam
2186 4046 2541 4104 exhibuisse.
2618 4047 2917 4103 Dedicavit
2993 4047 3211 4102 librum
3271 4048 3458 4103 editor
3513 4045 3671 4101 Patri

2004 4134 2263 4207 Benigno
2311 4135 2594 4192 Salmasio
2628 4138 2686 4191 in
2736 4154 2868 4208 sup.
2932 4136 3269 4192 Divionensi
3320 4137 3483 4191 curia
3514 4135 3672 4207 regio

2005 4223 2363 4280 consiliario.
2388 4227 2599 4281 Contra
2628 4225 2779 4280 hanc
2812 4224 3083 4281 Salmasii
3111 4225 3433 4281 editionem
3468 4225 3674 4280 eodem

2004 4329 2058 4368 a.
2122 4313 2391 4369 Rhedonis
2446 4332 2537 4386 ap.
2623 4316 2835 4370 Ivonem
2907 4314 3195 4370 Halecium
3265 4312 3675 4385 typographum

2003 4398 2377 4466 iuramentum
2438 4403 2657 4474 prodiit
2714 4406 2945 4458 Amomr
3013 4407 3309 4459 Keaxoern
3369 4401 3674 4457 Aremorici

2001 4490 2260 4563 (Dionys.
2296 4492 2526 4547 Petavii
2582 4508 2649 4547 ex
2703 4492 2760 4547 S.
2814 4492 2880 4563 Ι.)
2940 4491 3480 4547 animadversorum
3518 4489 3671 4545 liber

2002 4582 2073 4635 ad
2134 4580 2360 4636 Claudii
2420 4581 2691 4636 Salmasii
2753 4586 2922 4637 notas
2984 4581 3041 4636 in
3098 4579 3524 4635 Tertullianum
3593 4579 3666 4635 de

237 4647 646 4743 tractent,quaa
678 4647 750 4727 ad
810 4670 1172 4742 scriptorem,
1208 4647 1382 4741 quem
1442 4647 1557 4742 pra‘.
1618 4671 1889 4727 manibus
1923 4647 1967 4710 D
2000 4668 2201 4725 Pallio.
2253 4670 2355 4725 Cui
2412 4669 2681 4742 Opposita
2741 4670 3062 4725 confutatio
3120 4668 3662 4725 animadversorum

236 4760 456 4817 habent
485 4760 926 4826 illustrandum,
972 4759 1187 4814 faciant
1216 4758 1389 4832 plane
1437 4759 1582 4814 nihil
1610 4778 1624 4828 ;
1658 4765 1716 4816 et
1746 4777 1887 4816 con-
1995 4759 2225 4814 Antonii
2254 4759 2537 4815 Kerkoetii
2566 4760 2638 4815 ad
2669 4759 2891 4815 Claudii
2926 4758 3199 4815 Salmasii
3230 4764 3400 4815 notas
3433 4761 3489 4814 in
3521 4758 3659 4814 Ter-

234 4850 531 4906 suetudini
566 4850 711 4905 satis
764 4850 1107 4914 faceremus,
1157 4852 1214 4905 et
1269 4848 1638 4905 incommoda
1670 4855 1888 4919 tamen,

236 4956 362 5011 quae
392 4940 532 4995 inde
565 4944 916 5012 sequuntur,
950 4939 1358 5011 eﬂ'ugeremus,
1410 4938 1630 5010 placuit
1665 4956 1731 4996 ea
1762 4956 1888 5012 quae

236 5033 403 5084 erant
439 5033 645 5100 praeter
670 5027 731 5080 τὸ
763 5024 919 5101 ἔργον
951 5027 1008 5083 in
1040 5027 1186 5083 alios
1217 5026 1397 5082 libros
1428 5029 1705 5098 rejicere;
1756 5030 1891 5101 qui-

236 5118 352 5173 bus
407 5119 537 5173 ideo
591 5119 1027 5187 Disgressionum
1082 5132 1294 5172 nomen
1352 5118 1646 5174 dedimus.
1704 5121 1893 5191 Atque

237 5225 436 5263 eorum
485 5206 694 5279 priore,
748 5224 872 5278 qure
924 5207 995 5261 ad
1043 5204 1448 5262 humaniorem
1502 5207 1891 5263 litteraturam

244 5296 634 5369 pertinebant,
695 5294 978 5366 complexi
1012 5311 1257 5362 sumus;
1292 5296 1627 5366 posteriore,
1664 5314 1789 5368 qua
1822 5298 1892 5352 ad

240 5387 460 5440 rituum
517 5384 1046 5441 ecclesiasticorum
1103 5382 1578 5439 illustrationem.
1637 5386 1895 5457 Epistola

242 5474 596 5531 dedicatoria
627 5475 699 5531 ad
732 5474 860 5528 Nic.
893 5473 1262 5541 Brulardum,
1313 5472 1566 5529 Franciae
1599 5474 1891 5531 Cancella-

244 5564 662 5637 rium,propter
689 5568 1022 5634 temporum
1044 5561 1291 5616 istorum
1315 5578 1488 5618 casus
1518 5562 1668 5619 lectu
1690 5564 1888 5635 digna.

244 5653 386 5709 Data
413 5658 501 5710 est
532 5652 774 5711 Lutetiae
832 5650 1013 5707 Paris.
1045 5667 1099 5706 a.
1130 5650 1187 5706 d.
1222 5649 1343 5706 Kal.
1402 5653 1697 5708 Decembr.
1731 5654 1888 5710 1613.

246 5742 426 5817 Hujus
452 5745 586 5804 libri
618 5739 920 5815 exemplo,
970 5740 1124 5813 quod
1170 5738 1316 5796 Bibl.
1348 5742 1524 5813 Regio
1570 5744 1668 5798 Ac.
1702 5742 1893 5817 possi-

2002 4848 2311 4903 tullianum
2346 4850 2415 4904 de
2466 4849 2669 4915 Pallio,
2721 4854 2954 4905 auctore
3018 4852 3304 4905 Francisco
3361 4852 3572 4905 Franco
3602 4850 3657 4906 J.

2000 4942 2056 4993 C.
2090 4937 2477 5012 Middelburgi
2507 4940 2667 5005 1623,
2698 4943 2754 4994 et
2794 4956 2926 4994 cum
2982 4955 3117 4995 mox
3166 4939 3373 4995 iterum
3410 4939 3659 5012 prodiis-

2001 5031 2090 5083 set
2136 5045 2147 5083 :
2209 5029 2434 5083 Antonii
2488 5028 2760 5083 Kerkoetii
2816 5028 3123 5083 Aremorici
3186 5028 3659 5101 Mastigophorus

2002 5118 2320 5184 secundus,
2353 5117 2472 5173 sive
2503 5117 2737 5172 Elenchi
2784 5117 3223 5187 confutationis,
3264 5135 3439 5189 quam
3491 5118 3661 5174 Clau-

2002 5207 2135 5262 dius
2165 5207 2490 5262 Salmasius
2521 5208 2631 5263 sub
2664 5208 2942 5262 ementito
2968 5207 3202 5261 nomine
3226 5207 3663 5263 Animadversis

2003 5296 2406 5352 Kerkoetianis
2428 5294 2726 5369 opposuit,
2751 5296 2891 5351 Pars
2912 5298 3192 5365 secunda,
3217 5297 3479 5364 Parisiis,
3506 5298 3659 5364 1623,

2004 5401 2353 5457 responsum
2386 5392 2475 5441 est
2528 5386 2731 5441 eodem
2791 5402 2963 5455 anno,
3025 5386 3286 5453 Parisiis,
3320 5386 3662 5455 Re/ulalz'one

2003 5476 2287 5547 utriusque
2314 5476 2541 5531 Etenchi
2582 5479 2745 5531 Cerco
2796 5476 3109 5542 Petaviavi,
3160 5482 3381 5529 auctore
3426 5476 3657 5531 Franci-

2001 5580 2086 5619 sco
2133 5567 2340 5620 Franco
2370 5565 2422 5620 J.
2457 5566 2514 5620 C.
2549 5569 2606 5620 et
2634 5569 2834 5619 contra
2892 5564 3081 5617 denuo
3138 5562 3429 5618 emissus:
3466 5564 3655 5619 Marti-

2002 5654 2270 5725 gophorus
2298 5656 2493 5709 tertius
2515 5657 2558 5725 Γ.
2597 5654 2822 5709 Elenchi
2849 5653 3241 5721 con/utaliouis
3290 5651 3652 5710 Salmasianae

2003 5745 2144 5798 Pars
2165 5743 2262 5810 III,
2277 5744 2374 5799 ibi.
2390 5744 2565 5799 cod.a.
2585 5743 2661 5798 Ad
2682 5739 3108 5797 Tertullianum
3133 5757 3201 5797 ex
3223 5740 3352 5799 hac.
3369 5742 3651 5799 convicio-
