4060 6348
397 407 463 466 51
1881 406 2325 472 PREFATIO.

3735 401 3820 460 52

396 553 530 593 rum
580 538 918 593 mutuarum
977 535 1222 592 colluvie
1279 552 1488 609 parum
1547 536 1775 593 fructus
1831 539 2046 594 redun-
2077 539 2328 609 Aalteri
2388 545 2738 612 traderetur,
2797 544 2940 613 quot
3009 537 3469 600 commutarent,
3529 529 3820 587 delerent.

397 625 581 683 davit.

1064 713 1388 771 1624-1630.

469 827 497 856 ‹‹
530 805 730 860 Enrrm
769 803 844 858 LA
881 807 1089 860 Canum
1127 820 1502 860 meanunc“.
1560 803 1624 868 Ο.
1685 808 1839 876 Sept.
1900 805 2048 861 Flor.

394 893 741 951 Tertulliani
799 893 995 965 presb.
1054 895 1329 967 Carthag.
1399 909 1606 964 Opera,
1667 895 2052 967 argumentis,

397 982 908 1056 explicationibus,
943 987 1000 1038 et
1031 983 1183 1038 notis
1216 984 1524 1051 illustrala,
1562 989 1795 1039 auctore
1824 984 1872 1039 J.
1907 984 2051 1039 ιω).

397 1088 469 1128 DE
495 1090 560 1128 LA
592 1075 783 1127 Ceam
814 1074 940 1127 Soc.
973 1073 1162 1134 Iesus.
1188 1089 1322 1128 cum
1356 1071 1544 1128 indice
1566 1071 2058 1143 locupletissimo,

398 1161 656 1230 Parisiis,
690 1161 1025 1232 sumptibus
1057 1162 1230 1218 Mich.
1262 1161 1478 1229 Sonnii,
1508 1162 1600 1217 via
1623 1161 1914 1227 Jacobaaa,
1950 1161 2058 1217 sub

399 1254 567 1307 scuto
625 1249 960 1320 basileensi,
996 1255 1138 1306 tom.
1201 1251 1243 1319 l,
1294 1267 1468 1306 anno.
1531 1251 1704 1317 1624;
1737 1255 1778 1305 t.
1814 1249 1882 1318 Il,
1917 1267 2058 1305 ann.

400 1339 558 1395 1630.
590 1339 850 1402 Quorum
885 1339 1045 1411 prior
1072 1339 1254 1396 libros
1303 1339 1595 1395 sexdecim
1629 1338 2060 1410 complectitur,

400 1447 468 1488 eo
499 1431 722 1488 scilicet
752 1430 976 1497 ordine,
1009 1431 1075 1486 de
1121 1431 1302 1487 Pallio
1333 1430 1435 1486 lib.
1473 1433 1532 1498 I;
1593 1431 1920 1501 Apologetic.
1957 1428 2061 1495 lib,

403 1535 446 1576 ιι
480 1536 495 1587 ;
526 1521 592 1576 dc
647 1521 973 1576 Testimonio
1029 1521 1268 1586 Animae,
1325 1520 1429 1576 lib.
1464 1537 1564 1588 m;
1617 1520 1694 1574 Ad
1749 1519 2063 1598 Scapulam,

404 1607 507 1664 lib.
542 1625 633 1677 1v;
663 1608 726 1664 de
784 1610 1082 1665 Pwnitent.
1143 1608 1244 1664 lib.
1295 1627 1372 1677 v;
1405 1609 1471 1664 de
1521 1609 1672 1666 Orat.
1711 1607 1812 1664 lib.
1873 1625 1965 1675 v1;
1998 1607 2068 1662 ad

405 1705 680 1769 martyras
713 1697 814 1753 lib.
847 1714 966 1765 v11;
1000 1699 1067 1753 de
1114 1699 1363 1756 Patient.
1418 1699 1519 1753 lib.
1550 1715 1693 1766 VIII;
1752 1697 1818 1752 de
1843 1701 2069 1768 Specta'

404 1788 568 1854 culis,
604 1786 706 1843 lib.
741 1803 834 1855 1x;
869 1787 935 1843 dc
968 1787 1306 1853 ldololatria,
1363 1787 1465 1844 lib.
1500 1805 1574 1855 x;
1607 1788 1674 1843 de
1724 1787 1919 1844 habitu
1947 1804 2071 1842 mu-

2162 632 2569 702 transferrent,
2601 648 2733 688 cum
2757 631 2815 685 in
2849 645 2965 686 uno
2987 624 3346 683 Tertulliano
3376 621 3460 678 ita
3491 621 3610 676 sint
3641 617 3817 674 varias

2163 719 2315 774 circa
2362 720 2618 778 litteram
2671 719 2971 776 lectiones.
3005 747 3074 757 ——
3107 715 3257 769 Raro
3314 711 3372 766 in
3418 707 3688 765 biblioth.
3723 723 3823 762 re-

2164 807 2501 865 fertissimis
2581 812 2899 866 occurrunt
2973 806 3088 860 duo
3163 802 3262 858 isti
3323 800 3583 856 Lacerilaa
3643 795 3820 861 tomi,

2166 897 2357 953 rarius
2415 899 2673 954 secundo
2728 897 2954 968 primus
3025 891 3300 948 sociatur.
3372 887 3538 943 Unde
3598 884 3823 940 multas

2164 985 2404 1042 ineunte
2435 987 2804 1042 admiserunt
2834 983 3075 1039 mendas
3107 980 3486 1035 fabricatores
3517 973 3816 1044 catalogo-

2167 1091 2298 1129 rum
2333 1075 2749 1142 bibliotb.,imo
2772 1079 2829 1129 et
2852 1069 3166 1144 patristicaa
3191 1063 3582 1136 bibliograpb.
3618 1065 3826 1117 aucto-

2169 1179 2262 1218 res
2295 1165 2661 1236 peritissimi.
2693 1163 2784 1218 Sic
2814 1161 2970 1218 enim
3005 1161 3063 1214 in
3113 1162 3223 1213 cat.
3276 1153 3549 1211 bibliotb.
3608 1149 3827 1205 Barbe-

2171 1252 2310 1307 rinre
2343 1258 2383 1308 t.
2421 1255 2438 1308 Ι
2472 1258 2529 1308 et
2560 1253 2630 1309 ll.
2661 1253 2733 1308 ad
2785 1268 2923 1307 ann.
2960 1249 3094 1304 1624
3154 1246 3506 1302 referuntur.
3548 1241 3640 1295 Sic
3672 1239 3828 1294 falso

2172 1348 2444 1396 asserunt
2478 1342 2748 1404 Oudinus,
2795 1355 3010 1394 comm.
3065 1337 3133 1391 de
3164 1334 3378 1406 Script.
3430 1329 3574 1386 Eccl.
3613 1335 3655 1385 t.
3689 1333 3734 1396 Ι,
3768 1344 3831 1398 ρ.

2173 1431 2316 1496 218;
2349 1431 2592 1486 Tertull.
2624 1447 2800 1501 Opera
2849 1429 3064 1495 omnia,
3123 1430 3180 1480 et
3222 1423 3508 1478 Fabricius
3538 1422 3599 1474 in
3644 1418 3831 1473 Delin.

2177 1535 2281 1574 scr.
2315 1519 2381 1574 de
2415 1536 2546 1576 vera
2575 1521 2748 1588 Relig.
2787 1517 2991 1572 Christ.
3026 1533 3084 1587 p.
3133 1513 3260 1581 213,
3306 1512 3570 1582 pleraque
3599 1507 3837 1562 duobus

2178 1609 2580 1664 voluminibus
2612 1626 2663 1664 a.
2700 1608 2836 1662 1624
2867 1611 2922 1662 et
2960 1605 3201 1660 totidem
3251 1602 3458 1656 iterata
3485 1598 3579 1652 via
3605 1614 3656 1652 a.
3691 1595 3836 1650 1630

2183 1697 2489 1769 prodiisse.
2523 1697 2602 1753 De
2660 1697 2864 1753 Oudini
2919 1707 3112 1750 errore
3151 1692 3278 1763 jam
3338 1686 3646 1744 admonuit
3675 1685 3834 1754 lttig.

2184 1787 2332 1841 Hist.
2360 1786 2566 1842 eccles.
2602 1804 2642 1841 11
2691 1784 2886 1841 saacul.
2919 1800 2977 1855 p.
3025 1781 3097 1835 69
3142 1784 3200 1836 et
3247 1779 3318 1833 de
3347 1793 3544 1833 errore
3590 1771 3840 1830 Fabricii

411 1875 594 1944 liebri,
654 1875 757 1973 lib.
815 1892 912 1944 x1;
971 1876 1038 1931 de
1097 1877 1270 1934 Cultu
1324 1879 1612 1949 [eminar.,
1673 1877 1774 1932 lib.
1835 1894 1953 1945 xu;
1999 1874 2076 1933 ad
2111 1908 2158 1973 Β
2188 1875 2586 1973 Schonemann.
2632 1872 2780 1930 Bibl.
2813 1877 2969 1928 Patr.
3003 1870 3174 1925 latin.
3215 1872 3257 1922 t.
3317 1866 3525 1973 Inpag.
3558 1864 3648 1973 3?:
3680 1861 3843 1962 ».Si.c

420 1965 679 2034 Uxorem,
731 1963 834 2019 lib.
894 1979 996 2020 xm
1049 1969 1106 2020 et
1162 1982 1300 2034 xiv;
1349 1966 1415 2020 de
1473 1966 1666 2022 Coron.
1725 1967 1944 2031 militis,
1976 1965 2080 2022 lib-

430 2070 504 2108 xv
529 2071 543 2122 ;
573 2053 637 2110 de
667 2053 892 2110 Veland.
935 2054 1170 2123 Virgin.,
1227 2054 1328 2111 lib.
1379 2072 1491 2110 xvr.
1527 2055 1682 2112 Nihil
1740 2056 1810 2111 de
1841 2055 2083 2110 editoriﬂ

417 2159 616 2214 opera,
644 2159 749 2198 nec
785 2143 856 2198 de
890 2142 1254 2200 Tertulliano
1285 2144 1559 2215 praevium
1611 2147 1900 2210 occurrit;
1934 2162 2083 2217 prae-

420 2230 674 2287 mittitur
730 2235 956 2287 tantum
1039 2233 1288 2304 epistola
1369 2234 1796 2306 nuncupatoria
1849 2233 2078 2290 Clariss-

422 2319 684 2376 HeroiD.
743 2321 850 2376 Ant
902 2321 968 2377 de
1027 2322 1082 2376 la
1145 2321 1344 2388 Cerda,
1406 2324 1739 2391 Atanconis,
1793 2323 1946 2390 Poci,
1991 2323 2085 2379 Ol'

424 2408 723 2466 millorum
756 2409 1071 2482 toparchsa,
1105 2410 1284 2466 Piozii
1336 2413 1578 2483 ejusque
1623 2413 1773 2468 arcis
1804 2413 2079 2484 despotic,

427 2498 730 2556 Mmcenati
761 2516 826 2554 ac
853 2499 1014 2554 fratri
1043 2517 1151 2555 suo
1176 2500 1608 2557 amantissimo.
1633 2502 1681 2562 Ιο
1711 2507 1869 2558 tomo
1901 2501 2084 2557 altera

431 2587 754 2660 praetigitur
809 2589 1098 2643 dedicatio
1156 2589 1378 2644 Excell.
1437 2590 1675 2661 Dynast.
1736 2590 1966 2662 Gaspari
2017 2591 2084 2645 de

436 2675 706 2745 Guzman,
752 2677 957 2732 Comiti
1016 2678 1088 2732 de
1144 2677 1423 2744 Olivares,
1482 2685 1647 2746 etc.;
1706 2697 1831 2751 qua;
1877 2679 2080 2734 litterae

433 2765 606 2821 unice
637 2765 695 2820 in
725 2764 1005 2822 laudibus
1054 2771 1434 2837 patronorum
1481 2767 1562 2822 ita
1605 2773 1987 2840 occupantur,
2019 2773 2084 2824 ut

429 2855 525 2910 vix
554 2852 734 2911 semel
766 2853 1110 2910 Tertulliani
1142 2871 1350 2911 nomen
1383 2855 1440 2911 in
1474 2857 1545 2912 iis
1595 2856 1984 2929 appellantur.
2019 2859 2081 2913 In

429 2948 482 2997 1ο
511 2947 658 2999 tom.
692 2943 954 3015 quinque
986 2942 1119 2999 libri
1152 2960 1316 3016 seqq.
1367 2945 1776 3002 continentus:
1817 2953 1894 3002 De
1933 2952 2084 3004 Prae-

427 3033 826 3103 scriptionibus
855 3032 1112 3088 adversus
1142 3034 1426 3090 haereticos
1471 3033 1574 3090 lib.
1609 3053 1668 3101 1,-
1703 3042 1777 3091 De
1808 3038 2082 3109 Baptismo

427 3122 686 3178 adversus
715 3123 1044 3191 Quintillam
1099 3121 1202 3178 lib.
1240 3139 1318 3188 Ii;
1351 3124 1423 3180 De
1479 3125 1677 3180 Anima
1724 3123 1825 3181 lib.
1877 3143 1978 3194 m;
2014 3128 2084 3184 De

431 3213 611 3270 Carne
641 3211 849 3270 Christi
875 3211 1140 3267 adversus
1188 3213 1418 3268 hwrcses
1460 3223 1694 3284 quatuor
1734 3215 1834 3270 lib.
1870 3233 1962 3283 iv;
2003 3221 2084 3271 De

434 3303 848 3357 Resurrectione
922 3302 1116 3356 Carnis
1186 3301 1284 3356 lib.
1340 3320 1392 3357 ν.
1468 3276 1666 3358 Caeteri
1740 3276 2156 3359 TertullianiC

432 3389 569 3445 libri
599 3389 1026 3460 desiderantur,
1070 3389 1508 3462 dolendumque
1549 3397 1638 3448 est
1686 3393 2087 3465 imperfectam

435 3477 794 3534 remansisse
825 3477 975 3534 hanc
1022 3478 1337 3536 editionem
1387 3481 1486 3536 49
1518 3481 1718 3552 iniquo
1777 3481 2089 3554 supercilio

439 3567 787 3641 plerumque
817 3567 1173 3639 despectum.
1203 3569 1262 3623 In
1288 3571 1534 3640 utroque
1554 3573 1696 3625 tom.
1720 3570 1874 3626 edito
1899 3575 2090 3626 textus

437 3655 730 3727 capitibus
764 3673 796 3710 ιι
826 3656 1084 3712 Pamelia
1129 3658 1379 3713 editione
1429 3660 1703 3731 acceptis,
1753 3677 1855 3714 nec
1889 3677 2002 3715 non
2035 3663 2092 3716 et

440 3745 898 3818 quamplurimis
971 3746 1330 3802 sectionibus
1405 3748 1807 3820 distinguitur.
1868 3749 2092 3821 Cuique

436 3833 587 3890 libro
618 3834 993 3906 praemittitur
1044 3836 1210 3890 breve
1262 3842 1676 3906 argumentum
1726 3837 1904 3894 nimis
1942 3838 2093 3909 jeju-

437 3939 620 3990 num;
677 3921 931 3994 singulis
986 3939 1121 3978 vcro
1177 3922 1468 3996 capitibus
1529 3924 1755 3994 titulus,
1788 3926 2094 3983 summarii

437 4002 646 4080 instar,
703 4010 1104 4082 locupletior:
1165 4012 1418 4084 singulis
1478 4019 1674 4070 autem
1733 4015 2094 4071 sectionibus

438 4097 751 4170 subjicitur
805 4099 1108 4172 explicatio
1139 4101 1200 4156 in
1259 4117 1376 4173 qua
1406 4106 1596 4158 textus
1639 4107 2094 4181 παραφραστικῶς

439 4186 747 4259 evolvitur,
779 4188 1184 4262 completoque
1216 4191 1400 4262 capite
1432 4193 1686 4248 subeunt
1713 4192 2097 4266 amplissimae

2193 1965 2433 2020 doctiss.
2479 1963 2948 2030 Schoenemann,
2999 1973 3264 2014 errorum
3315 1952 3648 2010 istiusmodi
3699 1950 3844 2022 rigi-

2191 2055 2303 2109 dus
2335 2060 2584 2121 exactor,
2619 2051 2833 2108 erravit
2873 2054 2931 2105 et
2981 2049 3105 2121 ipse
3134 2047 3190 2101 in
3228 2043 3612 2100 describendo
3661 2055 3845 2113 quem

2192 2159 2307 2198 non
2361 2141 2583 2197 viderat
2613 2145 2752 2195 tom.
2814 2140 2854 2205 l,
2916 2139 2974 2193 in
3027 2153 3142 2208 quo
3192 2133 3318 2189 XIII
3375 2132 3560 2188 libros
3604 2134 3845 2185 tantum

2192 2231 2498 2298 contineri,
2528 2230 2685 2286 haud
2719 2231 2800 2284 ita
2835 2228 3040 2282 firmus
3070 2223 3302 2280 asserit.

2933 2317 3091 2370 1635.

2263 2410 2456 2465 Eomo
2489 2424 2758 2464 PRINCEPS
2787 2405 2988 2461 libror.
3022 2404 3091 2458 ad
3128 2401 3422 2459 Nationes.

2263 2498 2506 2564 Genevze,
2538 2514 2630 2567 ap.
2659 2498 2809 2552 Petr.
2847 2503 2899 2550 et
2925 2495 3045 2549 Jac.
3082 2491 3306 2555 Chouet,
3355 2488 3518 2542 in-to.
3572 2487 3635 2551 Ο.
3671 2485 3839 2557 Sept.

2192 2587 2343 2644 Flor.
2374 2585 2714 2642 Tertulliani
2748 2583 2879 2638 libri
2929 2583 3045 2637 duo
3076 2581 3145 2636 ad
3205 2577 3502 2643 Nationes,
3533 2575 3605 2630 ad
3635 2589 3836 2629 exem-

2191 2685 2319 2757 plar
2350 2683 2654 2756 Agobardi,
2690 2679 3101 2754 Lugdunensis
3149 2675 3432 2749 episcopi,
3484 2689 3618 2728 cum
3650 2671 3833 2740 notis,

2189 2775 2386 2830 labore
2434 2779 2490 2828 et
2542 2773 2736 2828 studio
2791 2773 2984 2828 Jacobi
3043 2765 3372 2838 Gothofredi.
3431 2795 3496 2806 —
3533 2768 3664 2835 Ipsa
3710 2762 3837 2817 haec

2189 2863 2367 2919 editio
2398 2864 2469 2918 ad
2503 2879 2713 2917 manus
2746 2876 2858 2916 non
2891 2859 3085 2915 est.De
3115 2857 3275 2912 cord.
3299 2855 3398 2926 qui
3429 2851 3712 2925 Agobardi
3740 2850 3835 2905 di-

2189 2954 2362 3021 citur,
2395 2951 2809 3022 antiquissimo
2841 2963 2981 3004 sane
3027 2953 3081 3002 et
3120 2947 3332 3001 horum
3385 2943 3668 2998 librorum
3704 2939 3842 3011 qui-

2192 3044 2323 3098 dem
2358 3041 2509 3096 baud
2543 3040 2720 3094 dubie
2749 3039 2943 3104 unico,
2975 3053 3148 3109 quem
3194 3032 3328 3090 ﬁdei
3357 3033 3448 3088 sui
3498 3027 3846 3102 diligentia-

2192 3146 2305 3204 que
2334 3134 2539 3186 testem
2575 3128 2763 3201 Regiis
2811 3125 2955 3182 Bibl.
2991 3122 3308 3181 Parisiensi
3357 3125 3559 3195 postea
3603 3117 3850 3174 donavit

2193 3219 2400 3282 editor,
2453 3217 2740 3289 Bigaltius
2792 3217 2852 3270 in
2905 3214 3171 3286 proxima
3215 3208 3562 3268 Tertulliani
3590 3207 3846 3264 editione

2199 3307 2423 3375 scribit,
2460 3307 2702 3378 paginas
2733 3303 3066 3374 complures
3097 3303 3239 3357 adeo
3281 3301 3426 3356 fmde
3465 3298 3646 3353 fuisse
3674 3301 3845 3351 vetu-

2198 3396 2371 3452 statis
2399 3394 2638 3466 injuria,
2671 3411 2769 3450 seu
2806 3393 3000 3466 potius
3046 3391 3429 3447 barbarorum
3459 3387 3688 3443 incuria
3715 3401 3846 3441 cor-

2199 3503 2363 3542 rosas
2395 3489 2837 3556 corruptaeque,
2871 3488 2936 3538 ut
2966 3481 3185 3536 lacunae
3231 3493 3630 3551 saepenumero
3661 3475 3844 3531 etiam

2199 3575 2256 3629 in
2289 3591 2397 3630 sua
2426 3573 2680 3628 editione
2724 3575 3053 3639 occurrant,
3087 3571 3157 3624 de
3205 3568 3421 3640 quibus
3453 3566 3580 3622 sine
3623 3563 3846 3620 codicis

2197 3661 2534 3735 integrioris
2563 3675 2671 3731 ope
2721 3657 3024 3730 explendis
3076 3671 3315 3728 prorsus
3365 3654 3654 3725 desperat.
3707 3649 3852 3705 Sunt

2201 3754 2404 3816 autem,
2455 3749 2662 3821 pergit,
2693 3755 2747 3805 et
2797 3751 2996 3820 preter
3043 3745 3294 3809 lacuuas,
3343 3743 3459 3798 alia
3505 3755 3631 3812 quae
3671 3738 3850 3809 ipsius

2200 3840 2510 3911 antiquarii
2538 3853 2733 3892 manus
2763 3835 2915 3890 haud
2960 3850 3088 3890 raro
3133 3833 3396 3905 peccavit,
3439 3845 3674 3902 quorum
3702 3835 3852 3882 certe

2199 3927 2470 3984 nonnulla
2526 3927 2858 3996 coniecturis
2916 3924 3121 3980 nostris
3193 3920 3476 3978 emendari
3530 3918 3847 3975 vidcantur.

2199 4017 2304 4076 Sed
2333 4019 2408 4073 iis
2435 4021 2618 4072 tamen
2645 4016 2849 4086 absque
2877 4015 3075 4070 veteris
3104 4013 3389 4082 scripturae
3427 4009 3674 4082 vestigiis
3703 4005 3854 4060 male

2201 4105 2356 4162 credi
2382 4121 2493 4160 non
2547 4103 2871 4174 difﬁtemur,
2921 4116 3094 4173 neque
3154 4099 3214 4154 id
3253 4099 3411 4154 nobis
3465 4095 3852 4169 permisimus,

2203 4195 2306 4252 50
2335 4195 2450 4249 nisi
2480 4193 2611 4248 locis
2638 4191 2932 4248 admodum
2975 4190 3189 4262 paucis,
3221 4203 3508 4258 nunquam
3553 4199 3856 4256 suppressa

439 4281 613 4344 nota,
646 4292 712 4333 eo
748 4278 1046 4334 uberiores
1100 4296 1216 4350 quo
1274 4281 1528 4351 amplius
1576 4283 1786 4337 crescit
1835 4299 2004 4355 opus,
2035 4282 2097 4338 in
2206 4285 2339 4340 libri
2382 4283 2584 4339 veteris
2626 4283 2923 4353 scriptura.
2981 4278 3206 4334 Dicitur
3251 4290 3678 4348 nonnunquam
3728 4273 3856 4328 hinc

439 4367 752 4424 verborum
781 4371 838 4422 et
867 4367 1148 4424 orationis
1192 4369 1582 4426 illustrations
1633 4371 1918 4442 plurimm.
1955 4389 2097 4444 pau-
2206 4372 2385 4429 editio
2419 4388 2471 4426 a.
2505 4371 2642 4425 1624
2674 4370 2861 4437 facta;
2910 4367 3064 4423 unde
3125 4365 3429 4437 utriusque
3481 4364 3618 4420 anni
3650 4365 3855 4418 notam

443 4457 630 4513 ciores
660 4455 720 4511 in
753 4473 948 4512 rerum
980 4473 1046 4513 ac
1077 4457 1417 4529 dogmatum
1453 4459 1911 4531 indagatione,in
1945 4469 2100 4516 utro-
2207 4459 2451 4517 diversis
2473 4458 2907 4531 exemplaribus
2939 4455 3284 4527 inscriptam
3306 4471 3435 4510 esse
3456 4451 3855 4525 suspicamur.

445 4563 558 4618 que
603 4562 921 4618 parumper
969 4545 1225 4619 prolix-ce,
1278 4548 1616 4618 neutiquam
1675 4566 1805 4605 vero
1859 4550 2099 4606 omnino
2207 4550 2414 4606 Utrum
2448 4565 2580 4604 vero
2610 4553 2666 4604 et
2696 4547 2990 4619 quomodo
3013 4546 3084 4601 ab
3117 4545 3225 4599 bac
3259 4541 3577 4600 Genevensi
3600 4539 3858 4596 editione

445 4634 778 4705 superfluae.
813 4635 893 4690 Ad
925 4635 1144 4691 calcem
1175 4639 1318 4691 tom.
1353 4637 1368 4690 l
1421 4638 1720 4692 adduntur
1776 4638 1834 4693 in
1868 4637 1998 4696 libr.
2032 4639 2103 4694 de
2137 4647 2179 4712 D
2210 4639 2438 4695 diversa
2484 4638 2582 4705 sit,
2641 4654 2768 4708 quae
2818 4636 3021 4692 eodem
3079 4649 3232 4689 anno
3281 4633 3464 4705 (1625)
3511 4626 3859 4700 AureliOpoli

444 4720 631 4778 Pallio
663 4722 1109 4779 exercitationes
1154 4723 1213 4778 in
1271 4725 1482 4792 quibus
1533 4725 1800 4781 Salmasii
1833 4726 1981 4782 liber
2031 4727 2103 4782 ad
2210 4729 2499 4801 impressa
2529 4726 2958 4790 circumfertur,
3010 4723 3202 4778 dicere
3250 4739 3365 4777 non
3409 4720 3623 4792 ausim.
3664 4718 3857 4788 Hujus

445 4810 684 4868 strictos
708 4811 932 4882 judicia
963 4813 1158 4885 apices
1189 4813 1465 4881 defertur,
1508 4816 1862 4885 quibusdam
1904 4818 2107 4889 proba-
2211 4819 2303 4875 ed.
2365 4815 2677 4889 exemplari
2734 4815 2793 4870 in
2851 4812 2999 4870 Bibl.
3064 4810 3327 4868 Leidensi
3389 4810 3655 4884 quaedam
3716 4810 3860 4863 sunt

442 4903 563 4966 tur,
597 4898 655 4954 in
690 4900 895 4956 multis
949 4902 1284 4970 damnatur,
1321 4904 1380 4957 in
1438 4903 1713 4959 omnibus
1767 4905 2106 4962 doctissime
2211 4907 2467 4980 ascripta
2495 4924 2530 4962 a
2556 4903 2862 4962 Salmasio.

445 4992 748 5062 pensatur.
783 4989 914 5046 Haec
945 4989 1187 5047 laudare
1207 4992 1375 5064 juvat
1405 4993 1620 5063 quibus
1651 4994 2106 5051 concluditRev.

444 5079 699 5135 Auctor:
741 5101 761 5128 ι
825 5079 968 5134 Mihi
1022 5097 1174 5153 saepe
1229 5081 1472 5154 contigit
1527 5084 1940 5154 praemeditanti
1979 5084 2108 5156 ejus

446 5167 753 5237 lectiones,
787 5171 1044 5240 gaudere
1076 5171 1227 5242 quod
1255 5172 1614 5242 Scripturam
1656 5191 1877 5229 sacram
1912 5173 1993 5230 ita
2024 5174 2079 5229 in

2215 5174 2414 5230 Cerda.
2451 5173 2605 5240 1628,
2642 5171 2778 5226 1629
2809 5169 2941 5241 (58).

446 5263 670 5330 tegram
720 5256 1045 5316 habeamus
1096 5264 1153 5316 et
1182 5259 1604 5334 incorruptam,
1655 5267 1719 5319 ut
1771 5263 1989 5319 nemini
2033 5262 2110 5318 sit
2287 5262 2540 5332 Lutetiae,
2574 5261 2724 5333 typis
2781 5258 2913 5316 Rob.
2964 5255 3234 5327 Stephani
3285 5252 3432 5327 apud
3471 5253 3700 5309 viduam
3743 5249 3860 5306 Oli-

448 5345 757 5402 dubitandi
788 5346 956 5404 locus
986 5351 1165 5420 quod,
1217 5351 1332 5407 nisi
1374 5357 1549 5423 esset,
1599 5358 1657 5408 et
1698 5352 1982 5410 Salmasio
2020 5351 2107 5408 vel
2215 5353 2364 5408 varii
2399 5350 2713 5409 Varennwi.
2745 5349 2822 5404 8°.
2857 5349 2922 5414 Ο.
2957 5347 3115 5418 Sept.
3149 5343 3299 5402 Flor.
3348 5339 3694 5400 Tertulliani
3725 5338 3862 5394 libri

3024 4992 3054 5026 τ)

3024 4992 3054 5026 τ,

2282 5084 2453 5156 Lugd.
2487 5084 2526 5138 f.
2586 5080 2828 5140 Tertull.
2883 4992 3192 5137 demBSllio
3251 5094 3386 5134 cum
3443 5092 3658 5133 comm.
3707 5073 3779 5129 de
3802 5071 3865 5129 la

493 5524 640 5607 ,(ξβ)
669 5525 731 5581 In
768 5527 889 5607 Cgt-
921 5527 1077 5607 de“!!!
1106 5529 1272 5607 _B._du
1298 5531 1359 5586 Β.
1397 5548 1453 5602 p.
1486 5531 1588 5587 364
1622 5531 1829 5588 titulus
1862 5531 1943 5607 ita
1965 5548 2109 5607 con-
2217 5531 2399 5607 galtii,
2450 5531 2605 5586 162.8.
2642 5553 2678 5607 ξ)Δ
2707 5528 2857 5607 _Anni
2895 5528 3033 5607 nota
3080 5523 3164 5580 sic
3195 5540 3425 5607 quoque
3473 5519 3866 5606 diversimode

454 5596 674 5668 cipitur
696 5614 724 5676 ;_
749 5621 768 5648 ιι
804 5600 957 5676 Tert.
986 5600 1120 5658 libri
1168 5602 1266 5676 IX,
1318 5596 1736 5676 scutractatus
1790 5605 1933 5659 varii
1964 5604 2110 5676 locis
2220 5596 2440 5676 passim
2473 5601 2843 5676 exscribitur,
2877 5602 2941 5676 ut
2972 5597 3030 5676 in
3053 5596 3494 5676 exemplaribus
3509 5596 3752 5676 piceam
3779 5608 3869 5647 re-

459 5664 637 5739 quam
671 5664 942 5751 plurimis
974 5664 1361 5751 emendati_,ex
1385 5674 1739 5751 bibliotheca
1767 5676 1928 5751 regia
1949 5675 2110 5751 editi,
2221 5664 2396 5751 periri
2430 5691 2668 5751 necesse
2700 5673 2795 5729 sit.
2829 5664 3071 5751 'Uisepte
3111 5664 3862 5751 enimninﬂediti‘oneppp‘.

439 5735 530 5798 ex
558 5735 896 5800 recensione
941 5750 996 5801 et
1043 5762 1175 5801 cum
1226 5735 1734 5804 observationibus
1777 5735 1996 5805 Nicolai
2024 5735 2112 5804 Ri;
2220 5735 2376 5804 Tert.
2433 5746 2763 5820 Rigaltiana
2818 5761 2873 5800 a.
2945 5740 3104 5807 1641,
3172 5740 3462 5798 dedicatio
3518 5735 3731 5812 Rigalti
3766 5735 3860 5793 ad
