4060 6348
302 393 378 451 53
1803 396 1974 454 ΡΙΗΕ

2085 397 2242 454 .TIO.
3659 401 3741 460 54

315 543 392 592 1x,
430 542 499 582 ex
522 527 725 583 codice
757 527 869 583 Ms.
934 528 1221 600 Agobardi
1278 528 1336 583 in
1392 527 1533 583 Bibl.
1598 529 1731 599 Reg.
1795 528 1959 584 obvio
1992 529 2508 601 Aexemplaribus
2538 532 2821 601 antiquis,
2871 532 3219 588 addiderit:
3279 533 3380 587 sed
3439 534 3740 590 nonduam

316 617 611 671 emendati
644 623 705 671 et
736 618 1243 673 observationibus
1274 617 1576 673 illustrati.
1611 650 1679 658 -—
1711 618 1832 671 Nic.
1869 618 1967 671 Ri-

321 706 564 776 galtius,
596 708 771 776 cujus
796 723 1005 762 nomen
1041 706 1132 761 hic
1164 706 1391 773 siletur,
1424 708 1633 762 borum
1667 706 1973 778 opusculo-

322 812 451 849 rum
483 796 743 851 editione
774 796 987 851 futuris
1020 795 1142 851 suis
1192 796 1439 868 egregiis
1495 798 1565 851 de
1614 795 1969 851 Tertulliano

324 885 552 939 meritis
610 885 930 955 praeludere
960 886 1163 940 voluit.
1201 886 1348 940 Sunt
1392 890 1584 940 autem
1645 884 1823 939 libelli
1873 885 1969 937 isti

322 991 526 1029 novem
555 979 872 1045 sequentes
907 992 918 1029 :
951 975 1015 1029 de
1042 977 1348 1036 Oratione;
1399 975 1468 1029 ad
1522 976 1751 1031 Uxorem
1785 973 1823 1028 ι.
1887 976 1921 1027 2
1956 990 1967 1027 :

319 1064 386 1118 de
415 1064 579 1118 Cultu
609 1066 954 1135 feminarum
985 1064 1021 1120 ἰ.
1054 1065 1088 1117 2
1110 1064 1221 1134 (59)
1244 1082 1255 1131 ;
1280 1067 1348 1119 (ιι
1402 1064 1799 1119 Exhortatione
1863 1064 1971 1117 Ca-

315 1154 533 1208 ειίίαίτέ
562 1170 582 1214 ;
614 1153 678 1208 de
729 1154 935 1208 Corona
969 1174 987 1220 ,-
1026 1153 1089 1208 de
1118 1155 1540 1223 Prasscriptione
1590 1154 1971 1210 haereticorum

316 1246 373 1297 et
424 1241 731 1313 Scorpiace.
789 1243 977 1297 Codex
1026 1242 1319 1314 Agobardi
1385 1242 1565 1297 libros
1622 1258 1750 1297 xxiv
1810 1259 1969 1297 com-

319 1330 525 1401 plexus
548 1333 753 1397 fuerat,
784 1347 1016 1402 nempe,
1075 1336 1283 1402 preter
1341 1348 1544 1385 novem
1580 1330 1732 1397 illos,
1794 1330 1969 1385 etiam

323 1422 568 1476 librum:
598 1425 649 1477 et
680 1438 720 1477 ιι
742 1422 811 1476 ad
862 1422 1138 1491 Nationes,
1200 1437 1302 1475 nec
1364 1438 1475 1475 non
1535 1422 1601 1475 de
1651 1422 1970 1476 Testimonio

320 1512 551 1574 animm,
580 1510 645 1565 de
672 1510 1025 1581 Spectaculis,
1056 1509 1120 1564 de
1152 1510 1492 1576 Idololatria,
1526 1509 1589 1564 de
1620 1510 1796 1565 Censu
1846 1512 1968 1564 ani-

323 1615 426 1653 mae
452 1616 471 1658 .°
507 1600 571 1653 de
600 1600 776 1655 Carne
826 1599 1034 1654 Christi
1067 1616 1079 1653 :
1142 1604 1197 1654 et
1247 1616 1371 1670 qua:
1407 1599 1578 1653 hodie
1623 1598 1969 1653 Tertulliani

324 1689 546 1758 scripta
576 1689 998 1758 desideramus,
1031 1688 1098 1743 de
1130 1688 1233 1759 Spe
1261 1689 1536 1759 ﬁdelium,
1563 1688 1629 1741 de
1679 1686 1967 1753 Paradiso,

322 1776 391 1831 de
422 1779 636 1834 Animae
664 1778 1023 1833 submissione
1071 1782 1125 1832 et
1181 1778 1247 1831 de
1305 1776 1701 1846 Superstitione
1746 1774 1965 1833 saeculi.

2081 619 2378 673 correctis.
2446 618 2580 673 Dira
2640 620 2794 675 natio
2854 626 2973 675 tam
3036 621 3183 675 fcede
3234 621 3497 691 Septimii
3552 622 3738 678 nostri

2081 706 2261 761 libros
2286 708 2427 761 adeo
2460 724 2692 779 quoque
2715 710 3071 781 jampridem
3106 711 3348 777 vexavit,
3372 716 3435 765 ut
3465 712 3588 781 jam
3607 711 3738 766 falsi

2080 800 2340 851 vetustas
2372 796 2526 867 longi
2588 800 2870 868 temporis
2912 800 3412 871 praescriptionem
3471 800 3739 855 obstruat

2082 885 2330 941 veritati.
2356 886 2516 949 Quod
2543 887 2589 939 si
2622 894 2880 942 veterum
2918 888 3199 943 librorum
3227 888 3485 960 appelles
3538 890 3735 945 fidem.

2082 974 2257 1029 etiam
2288 980 2544 1029 veterum
2609 976 2891 1031 librorum
2942 978 3052 1032 fide
3077 978 3409 1033 falsissimae
3458 977 3739 1035 lectiones

2082 1064 2579 1118 afferuntur.Nam
2608 1070 2745 1120 sunt
2775 1072 2831 1121 et
2853 1066 2982 1120 libri
3008 1072 3227 1122 veteres
3251 1068 3737 1138 depravatlssime

2082 1153 2321 1207 correcti
2360 1171 2371 1219 ;
2435 1170 2624 1225 neque
2658 1154 2777 1209 ulla
2813 1172 2947 1227 spes
2975 1156 3309 1211 reducenda:
3342 1172 3603 1227 unquam
3637 1173 3735 1213 ve-

2082 1242 2294 1311 ritatis,
2328 1244 2441 1297 nisi
2475 1249 2592 1298 tam
2630 1250 2847 1299 veteres
2873 1246 3310 1311 nanciscantur,
3334 1250 3397 1300 ut
3424 1246 3542 1301 sint
3573 1246 3731 1302 omni

2080 1335 2468 1386 correctorum
2490 1332 2837 1403 antiquitate
2861 1333 3226 1389 vetustiores.
3285 1334 3439 1389 ditas
3489 1351 3730 1390 avorum

2082 1419 2405 1475 laudabiles
2435 1420 2695 1476 Rhenani
2732 1439 2937 1493 operas
2958 1423 3121 1487 vidit,
3156 1424 3346 1479 tribus
3377 1424 3732 1479 editionibus

2082 1508 2429 1565 elaboratas.
2467 1511 2644 1581 Cujus
2675 1511 2781 1564 viri
2817 1511 3239 1581 fidei,judicio,
3273 1512 3609 1577 eruditioni,
3646 1511 3733 1565 di-

2080 1596 2417 1669 ligentiae,si
2454 1600 2705 1670 partium
2743 1600 2942 1655 studia
2969 1600 3280 1655 meliorum
3306 1600 3731 1671 exemplarium

2082 1688 2433 1743 commercia
2464 1704 2577 1742 non
2610 1687 2980 1753 invidissent,
3016 1689 3066 1743 is
3098 1688 3299 1760 procul
3350 1690 3528 1744 dubio
3588 1706 3733 1760 pra:-

2080 1775 2348 1846 stitisset,
2407 1778 2555 1847 quod
2614 1778 2787 1832 istam
2832 1779 2995 1833 nobis
3035 1778 3208 1833 hodie
3264 1794 3502 1850 operam
3563 1777 3734 1833 valde

328 1864 636 1963 inscripsit
666 1865 788 1963 haec
809 1864 1150 1921 Tertulliani
1179 1864 1466 1937 Rigaltius
1497 1865 1970 1921 Card.Armando
2000 1898 2048 1963 B
2078 1862 2309 1963 levaret.
2337 1865 2606 1963 Sequens
2638 1869 2778 1963 retas
2814 1865 3089 1963 Fulviani
3109 1865 3388 1963 Ursinum
3421 1864 3577 1963 tulit,
3619 1863 3721 1963 q-ui

321 1953 458 2009 duci
488 1953 764 2011 Richelio.

1076 2062 1232 2117 1630.

395 2174 848 2241 «Fragmentum
878 2186 944 2225 ex
961 2169 1124 2224 libris
1144 2170 1214 2224 de
1231 2167 1573 2225 Tertulliani
1596 2168 1661 2223 de
1673 2185 1973 2224 exsecran-

324 2259 411 2314 dis
431 2260 676 2330 gentium
709 2258 1075 2323 diis,erutum
1122 2275 1151 2314 e
1172 2257 1753 2325 Biblioth.Vaticana,
1778 2257 1971 2312 studio

325 2349 567 2421 Joseph.
603 2348 744 2405 Mar.
773 2348 1057 2404 Suarezii.
1118 2348 1310 2415 Rom.,
1364 2348 1521 2403 1630.
1576 2348 1782 2415 Paris,
1841 2348 1971 2402 eod.

330 2456 473 2494 ann.
505 2439 582 2493 80.
619 2460 648 2487 »

1078 2528 1237 2583 4632.

410 2658 439 2685 α
471 2634 605 2689 Joh.
638 2634 840 2704 Crojus
869 2633 1161 2705 specimen
1208 2634 1678 2703 conjecturarum
1711 2634 1769 2688 in
1828 2649 1979 2703 quae-

338 2725 472 2778 dam
504 2723 632 2778 loca
688 2722 975 2794 Origenis,
1038 2723 1255 2790 Irenai,
1305 2721 1670 2788 Tertulliani,
1728 2726 1785 2777 et
1843 2722 1976 2794 Epi-

337 2813 535 2884 phanii
569 2812 754 2868 edidit
781 2811 958 2867 Oxon.
991 2811 1166 2866 in—8°.
1203 2834 1231 2861 »

1076 2917 1233 2973 1634.

407 3030 507 3081 En.
544 3026 895 3082 RIGALTIANA
924 3025 967 3082 Ι.
1002 3026 1246 3095 Lutetiae,
1299 3025 1607 3097 sumptibus
1665 3024 1980 3080 Mathurim'

337 3119 414 3171 Du
455 3118 615 3183 Puis,
672 3115 762 3171 via
815 3115 1083 3181 Iacobum,
1152 3116 1248 3169 sub
1303 3131 1458 3186 signa
1509 3114 1757 3178 Corona,
1794 3114 1829 3169 f.
1859 3116 1974 3180 «ρ.

2077 1952 2305 2009 codices
2335 1954 2667 2025 inspexerat
2717 1953 2885 2026 longe
2955 1954 3226 2011 meliores
3303 1954 3723 2023 Rhenanianis,

2081 2046 2387 2098 contentus
2409 2048 2709 2115 excerptas
2741 2044 2875 2098 inde
2896 2042 3171 2100 lectiones
3193 2043 3464 2099 editionis
3532 2048 3731 2099 Pame—

2080 2132 2249 2187 lianze
2273 2133 2638 2204 marginibus
2670 2134 3001 2201 adnotasse,
3035 2135 3134 2189 sed
3168 2150 3241 2188 ne
3288 2132 3730 2206 possessoribus

2079 2222 2316 2293 quidem
2358 2222 2779 2293 exemplarium
2814 2222 3157 2290 nominatis,
3202 2223 3494 2279 Fulvianze
3538 2222 3732 2279 lectio-

2083 2327 2208 2376 nes,
2251 2311 2308 2365 in
2344 2312 2558 2366 librum
2591 2311 2856 2382 ampliss.
2893 2313 3339 2384 doctissimique
3372 2311 3731 2368 Tolosatium

2082 2400 2504 2471 archiepiscopi
2545 2405 2670 2455 Car.
2706 2401 3007 2455 Monchalli
3032 2419 3100 2455 ex
3129 2401 3489 2473 autographo
3533 2405 3732 2455 trans-

2084 2490 2225 2545 fusae
2255 2490 2423 2545 nobis
2446 2490 2552 2546 hoc
2584 2489 2759 2545 etiam
2820 2490 3181 2561 profuerunt,
3216 2497 3279 2545 ut
3340 2507 3542 2546 earum
3593 2491 3723 2546 edi-

2084 2581 2252 2647 tioni,
2310 2580 2621 2652 Eptdicticis
2687 2580 2942 2635 Wowerii
2999 2580 3152 2635 Notis
3223 2583 3517 2649 accuratae,
3588 2580 3733 2635 fides

2086 2671 2260 2726 etiam
2295 2670 2449 2741 apud
2501 2670 2853 2724 austeriores
2909 2675 3175 2725 constare
3224 2670 3476 2737 debeat;
3512 2669 3629 2723 imo
3679 2676 3737 2724 et

2084 2759 2469 2831 Schoppianis
2495 2758 2611 2814 illis
2643 2776 2710 2813 ex
2745 2758 3013 2814 Fuldensi
3047 2764 3103 2814 et
3133 2759 3411 2815 Vaticano
3466 2759 3524 2813 in
3586 2763 3736 2829 Apo-

2083 2848 2398 2922 logeticum
2430 2854 2485 2903 et
2514 2849 2791 2903 adversus
2826 2848 3058 2904 Judaeos
3116 2849 3401 2919 excerptis
3424 2848 3496 2903 ab
3552 2847 3730 2902 Junio

2086 2938 2416 3009 publicatis.
2469 2940 2728 3003 Quorum
2787 2942 2941 2993 certe
2999 2939 3171 2993 fidem
3232 2954 3297 2993 eo
3332 2936 3517 3007 magis
3551 2936 3732 2991 refert

2086 3028 2305 3098 ubique
2336 3026 2804 3095 testatissimam,
2841 3027 2993 3098 quod
3023 3030 3079 3081 et
3111 3025 3297 3081 multa
3342 3028 3481 3080 sunt
3506 3028 3562 3080 et
3584 3041 3728 3097 prte-

2087 3117 2240 3171 clara
2273 3116 2438 3171 nobis
2472 3116 2607 3171 inde
2639 3120 2858 3181 notata,
2911 3114 3205 3187 quzelhuic
3254 3114 3494 3170 editioni
3545 3112 3729 3185 pluri-

334 3210 488 3277 Sept.
521 3205 671 3260 Flor.
703 3203 1044 3259 Tertulliani
1077 3202 1262 3275 Opera
1311 3204 1378 3258 ad
1437 3202 1975 3258 vetustissimorum
2016 3266 2051 3277 _
2088 3221 2250 3260 mum
2283 3206 2544 3259 tribuant
2574 3204 2721 3259 lueis
2753 3208 2809 3259 et
2843 3203 3192 3259 ornamenti.
3223 3207 3353 3258 Haec
3409 3202 3518 3258 erit
3574 3201 3730 3274 apud

336 3266 760 3366 exemplarium
797 3295 968 3350 fidem
991 3266 1329 3364 locisquam
1356 3293 1625 3364 plurimis
1646 3293 1975 3347 emendata.
2009 3266 2053 3333 Ο
2091 3299 2356 3366 posteros
2384 3294 2569 3348 aetatis
2602 3298 2812 3347 nostra}
2861 3292 3075 3365 gloriae.
3134 3292 3234 3347 Cui
3284 3293 3461 3348 decus
3509 3266 3735 3347 accedit

336 3385 551 3440 Nicolai
602 3385 840 3453 Rigaltii
867 3382 919 3438 J.
998 3386 1055 3437 C.
1115 3382 1621 3438 observationibus
1694 3386 1749 3436 et
1820 3380 1977 3437 notis

336 3473 648 3528 illustrata.
681 3476 821 3528 Cum
853 3472 1042 3527 indice
1072 3470 1355 3543 glossario
1388 3470 1520 3543 styli
1545 3470 1812 3526 Africani.
1851 3492 1877 3519 ››
1909 3501 1977 3510 -

337 3562 481 3627 Quid
516 3578 662 3616 nova
692 3561 800 3617 hac
831 3560 1091 3616 omnium
1144 3561 1293 3616 Tert.
1329 3578 1566 3633 operum
1621 3559 1975 3629 recensione,

336 3668 464 3723 quae
496 3657 553 3705 et
600 3667 757 3705 nunc
808 3650 982 3705 etiam
1046 3650 1437 3722 principatum
1479 3654 1654 3715 tenet,
1704 3648 1974 3715 effecerit,

336 3746 437 3795 aut
466 3740 693 3795 efficere
723 3740 931 3795 saltem
961 3738 1211 3794 voluerit
1242 3738 1551 3809 Rigaltius,
1604 3738 1791 3810 ipsius
1839 3742 1977 3809 puto

337 3829 545 3895 verbis,
579 3828 808 3883 etiamsi
842 3826 1014 3899 paulo
1046 3826 1422 3899 plenioribus,
1464 3828 1665 3882 audire
1723 3829 1801 3881 sit
1848 3842 1976 3898 pre-

334 3918 505 3971 tium.
540 3916 956 3985 «Tertulliani,
992 3938 1019 3964 ››
1054 3916 1265 3986 inquit,
1294 3918 1387 3973 51
1429 3940 1454 3965 ‹‹
1486 3915 1704 3986 scripta
1736 3915 1976 3986 legenti-

337 4006 470 4072 bus,
503 3994 678 4061 etiam
701 4006 856 4060 haud
890 4005 1262 4060 mediocriter
1310 4004 1605 4070 litteratis,
1664 4007 1979 4059 occurrunt

339 4094 599 4151 difﬁcilia
632 4112 746 4151 non
806 4112 992 4166 pauca
1032 4094 1317 4150 sermonis
1365 4098 1421 4149 et
1472 4094 1795 4166 scripturae.
1830 4094 1975 4149 Nam

340 4185 627 4240 sermonis
677 4183 915 4255 quidem
978 4182 1235 4238 Africani
1295 4183 1572 4256 superbia
1647 4182 1975 4238 doctrinam

343 4275 520 4330 ferme
547 4273 811 4329 omnium
846 4273 975 4328 dote
999 4276 1281 4344 praestans
1302 4272 1545 4327 lectores
1575 4272 1683 4327 sibi
1706 4273 1981 4344 poscebat

339 4363 407 4417 ad
445 4368 656 4418 nutum
692 4360 1081 4417 attentissime
1111 4376 1372 4433 sagaces.
1421 4360 1806 4433 Posteaquam
1846 4376 1978 4416 vero

338 4452 396 4507 in
431 4452 604 4523 longe
627 4450 1015 4521 aliosincidit,
1052 4450 1263 4506 mutari
1299 4450 1490 4522 coepit,
1523 4467 1555 4506 a
1598 4452 1813 4521 quibus
1862 4467 1978 4505 non

337 4540 527 4613 potuit
547 4540 671 4613 capi
693 4546 749 4597 et
770 4538 1355 4613 spuriasdilectiones
1381 4539 1791 4612 prolegitimis,
1813 4540 1977 4595 adul-

2091 3384 2299 3455 ingens
2345 3391 2638 3454 comperto
2698 3382 2936 3437 tandem
2994 3382 3211 3448 codice,
3273 3398 3443 3452 quem
3478 3398 3544 3437 ex
3604 3386 3735 3436 voto

2087 3472 2377 3543 Agobardi
2412 3471 2667 3543 episcopi
2704 3471 3116 3543 Lugdunensis
3149 3472 3219 3526 ad
3254 3475 3309 3525 S.
3342 3470 3619 3542 Stephani
3655 3468 3739 3524 al-

2087 3566 2210 3617 tare
2241 3561 2500 3615 oblatum
2560 3560 2739 3615 fuisse
2791 3560 3057 3630 legimus.
3111 3560 3276 3615 Hunc
3308 3565 3461 3614 certe
3519 3558 3737 3613 librum

2088 3652 2157 3706 ad
2191 3650 2545 3722 exemplaria
2600 3649 2701 3704 illa
2763 3650 3022 3704 nondum
3085 3654 3346 3704 correcta
3374 3648 3737 3719 descriptum

2088 3739 2291 3804 fuisse,
2327 3739 2659 3811 probabunt
2681 3740 2808 3809 ejus
2840 3755 2946 3810 ope
2969 3738 3240 3794 restituta
3270 3740 3455 3793 nitore
3488 3737 3734 3807 pristino

2088 3845 2264 3901 quam
2298 3828 2742 3899 plurima,fqua3
2784 3827 3017 3899 singula
3074 3828 3333 3883 indicare
3380 3826 3533 3881 tzedii
3592 3842 3733 3881 sane

2086 3916 2295 3972 fuisset
2326 3916 2751 3983 molestissimi,
2786 3915 2954 3986 pretii
2986 3932 3119 3971 vero
3152 3914 3372 3970 nullius
3399 3932 3411 3981 ;
3436 3931 3568 3969 nam
3612 3914 3734 3969 haec

2088 4005 2215 4077 ipsa
2246 4004 2647 4060 Tertullianus
2680 4006 2843 4059 avide
2875 4004 3111 4075 recepit,
3147 4009 3201 4059 et
3235 4021 3361 4072 sua,
3394 4020 3520 4074 qua:
3583 4002 3735 4058 male

2089 4094 2291 4150 avulsa
2320 4094 2570 4158 fuerant,
2604 4098 2719 4148 tam
2755 4095 2901 4149 bene
2924 4093 3096 4148 hodie
3129 4093 3440 4163 cohaerent,
3473 4097 3537 4148 ut
3569 4091 3738 4148 avelli

2088 4200 2350 4255 unquam
2386 4183 2645 4253 potuisse
2677 4199 2791 4238 non
2823 4183 3255 4253 credas.ltaque
3286 4198 3551 4237 summas
3574 4196 3737 4236 recu-

2089 4277 2425 4344 peraturum
2460 4271 2655 4343 colligi
2689 4276 2779 4328 sat
2812 4274 2943 4337 erit,
2977 4276 3042 4327 ut
3090 4272 3226 4327 inde
3286 4276 3535 4339 constet,
3597 4270 3738 4342 quid

2089 4366 2363 4433 prazstare
2386 4360 2572 4417 simus
2607 4361 2815 4432 parati.
2848 4361 2940 4415 Sic
2976 4365 3268 4427 tamen,ut
3301 4359 3582 4416 notabilia
3610 4365 3739 4414 tan-

2090 4454 2222 4507 dem
2259 4451 2837 4519 comprehendantur
2869 4468 2882 4504 :
2916 4450 3337 4505 minutioribus
3372 4464 3474 4504 nec
3506 4449 3606 4504 52
3650 4454 3737 4503 ta-

2091 4558 2225 4595 men
2266 4540 2630 4612 spernendis,
2657 4539 2999 4611 scrupulose
3027 4538 3387 4593 calculorum
3419 4536 3737 4609 diligentias

337 4635 469 4686 teras
503 4647 713 4685 manus
746 4628 1161 4685 inverecundis
1181 4628 1416 4700 sparsit.
1442 4629 1749 4700 Scriptura;
1782 4634 1975 4683 autem
2007 4628 2054 4693 D
2088 4629 2325 4697 relictis,
2361 4634 2425 4684 ut
2456 4629 2531 4684 sit
2562 4628 2699 4683 olim
2730 4628 2938 4699 ingens
2969 4627 3187 4682 cumuli
3222 4644 3473 4682 summa.
3531 4628 3737 4684 Obser-

342 4724 543 4777 nativaa
578 4721 767 4791 ruina,
802 4720 1058 4775 auctoris
1090 4718 1282 4774 verbis
1314 4718 1489 4774 semel
1521 4719 1880 4791 interceptis,
1912 4724 1977 4773 ut

343 4812 557 4867 obtrito
588 4826 849 4881 corpore,
891 4825 1130 4865 sensum
1157 4825 1272 4863 una
1305 4810 1473 4878 quasi
1503 4808 1696 4879 ipsum
1733 4813 1789 4863 et
1818 4825 1977 4863 men-

343 4907 457 4956 tem
492 4899 839 4972 proﬂigavit.
897 4899 991 4954 Sic
1023 4897 1263 4970 pessimi
1294 4902 1649 4953 correctores
1705 4899 1980 4954 emenda-

343 4988 570 5046 tissima
601 4988 918 5061 perdidere.
953 4988 1097 5043 Nam
1130 4985 1261 5058 quis
1282 4991 1437 5041 esset
1468 4986 1831 5059 querelarum
1864 5005 1983 5043 mo-

344 5081 453 5135 dus
484 5079 507 5134 ?
540 5083 639 5134 aut
659 5077 798 5150 quid
832 5078 889 5131 in
917 5080 1089 5132 tanta
1120 5075 1624 5133 calamitatiscasu
1656 5082 1776 5133 tam
1804 5079 1983 5133 veteri

342 5186 456 5225 non
481 5166 1073 5240 desperandummmc
1096 5164 1276 5238 pestis
1300 5165 1980 5238 Homerumjampridem

343 5260 423 5315 ita
454 5261 916 5328 persuaserat,ut
947 5258 1123 5311 Arato
1167 5256 1446 5327 quaerenti
1480 5278 1507 5305 ‹‹
1564 5257 1661 5311 ubi
1720 5256 1980 5312 locorum

342 5350 655 5404 haberetur
684 5345 903 5402 llliadis
934 5344 1189 5417 pristinae
1222 5342 1408 5415 copia,
1437 5366 1463 5393 ‹‹
1494 5345 1786 5400 Timarchi
1824 5345 1980 5401 ﬁlius

341 5438 550 5494 Timon
610 5452 746 5492 cum
791 5433 1242 5506 respondisset:
1305 5434 1681 5504 quaerendam
1734 5451 1861 5490 esse
1921 5435 1980 5490 in

341 5604 543 5660 ducem
602 5598 934 5659 Richelium
991 5613 1059 5653 ex
1116 5612 1321 5653 novem
1373 5595 1573 5653 libror.
1618 5598 1871 5654 editione
1928 5616 1981 5654 a.

344 5674 665 5733 MDCXXIX
694 5672 878 5745 repeti
910 5670 1139 5745 dicitur.
1164 5670 1484 5745 Sanamem

411 5748 521 5822 (59)
548 5740 779 5819 Nempe
803 5740 1032 5799 libellos
1066 5742 1135 5798 de
1164 5740 1376 5797 Habitu
1402 5740 1671 5797 muliebri
1705 5746 1761 5798 et
1808 5740 1982 5798 Cultu

2088 4719 2349 4774 vationes
2373 4718 2693 4788 adjecimus
2710 4717 3083 4773 illustrandis
3101 4716 3323 4787 aliquot
3349 4716 3493 4772 locis
3526 4717 3735 4772 obscu-

2090 4808 2367 4875 rioribus,
2402 4806 2578 4879 prisci
2612 4808 2935 4878 morisjam
2974 4807 3146 4878 longa
3186 4805 3477 4861 oblivione
3538 4805 3731 4871 deleti,

2091 4902 2192 4953 aut
2222 4896 2567 4951 eruditionis
2600 4896 2849 4966 alicujus
2882 4895 3189 4950 reconditae
3247 4894 3507 4967 vestigiis
3567 4895 3731 4949 inda-

2096 4986 2329 5059 gandis.
2364 4986 2422 5039 In
2459 5002 2593 5056 quo,
2631 4985 2680 5041 si
2710 4984 2991 5040 nonnulla
3027 4983 3200 5056 paulo
3230 4983 3505 5039 licentius
3545 4984 3735 5056 posita

2092 5081 2195 5132 aut
2226 5075 2538 5146 disquisita
2570 5079 2941 5140 censeantur,
2981 5079 3043 5129 ut
3075 5079 3215 5128 sunt
3246 5073 3345 5129 illa
3388 5075 3635 5129 fortasse
3666 5074 3736 5128 de

2093 5164 2405 5219 criminum
2440 5164 2796 5218 occultorum
2844 5164 3246 5229 castigatione,
3306 5164 3493 5233 deque
3551 5164 3739 5217 forma.

2092 5252 2377 5308 Dominici
2412 5252 2610 5307 vultus
2641 5269 2706 5308 ac
2741 5253 2809 5306 de
2843 5252 3097 5306 lucernis
3130 5269 3231 5322 per
3261 5253 3414 5306 diem
3452 5252 3735 5320 ascensis,

2092 5358 2156 5398 ea
2189 5341 2272 5397 sic
2315 5341 2499 5413 accipi
2532 5342 2764 5408 debent,
2790 5345 3074 5412 tanquam
3106 5340 3482 5412 Septimianis
3512 5340 3737 5411 Opinio-

2092 5434 2267 5487 nibus
2325 5432 2719 5503 despiciendis
2769 5430 3214 5497 animadversa;
3266 5428 3509 5483 minime
3541 5434 3734 5485 autem

2092 5596 2443 5652 feminarum
2503 5595 2718 5650 codicis
2776 5593 2996 5649 laudati
3060 5591 3405 5647 auctoritate
3437 5590 3493 5645 in
3546 5608 3731 5649 unum

2093 5670 2345 5725 duorum
2378 5667 2662 5723 librorum
2694 5671 3008 5722 tractatum
3033 5663 3273 5735 redegit.
3302 5662 3631 5720 SCHOENEM.
