4060 6398
328 371 405 430 55
1809 356 2256 418 ΡΒᾹΞΕΑΤΙΟ.
3661 354 3740 413 56

330 501 649 574 arguendis
679 501 1098 558 catholicorum
1128 496 1438 555 sententiis
1459 491 1975 565 autimprobandis
2003 493 2059 560 Α
2089 489 2207 546 suit
2237 487 2663 556 adnotationes,
2694 492 3062 561 argumenta,
3093 488 3274 544 vitam
3307 493 3366 545 et
3416 493 3542 546 ciet.
3617 506 3747 562 qua

327 595 568 647 Patrum
598 591 878 663 Septimio
912 589 1301 663 posteriorum
1350 583 1603 641 decretis
1651 583 1784 654 (60).
1856 582 1976 636 Imo

327 680 651 736 sententias
681 684 739 735 et
772 680 1002 736 decreta
1031 678 1160 750 ipsa
1183 678 1421 732 Patrum
1453 674 1512 728 in
1571 670 1830 728 Ecclesia
1887 685 1976 723 re-

322 769 795 839 ceptissimorum
825 785 1056 839 semper
1079 766 1465 838 opposuimus
1498 760 1856 818 Tertulliano
1893 761 1980 824 ,ut

326 857 427 928 qui
460 856 745 912 Africanis
776 857 905 912 istis
936 856 1094 912 velut
1125 854 1370 911 salebris
1427 850 1823 913 offenduntur,
1856 852 1975 902 sta-

325 946 433 1001 tim
467 945 723 1001 habeant
753 962 866 1016 quo
893 946 1105 1000 referre
1133 944 1338 1015 pedem
1363 942 1484 995 luto
1517 938 1762 1012 possint.
1800 936 1978 990 Notas

325 1035 502 1091 etiam
536 1034 896 1090 intexuimus
927 1033 1219 1089 variarum
1248 1030 1562 1086 lectionum
1609 1023 1978 1097 ambiguitati

332 1122 712 1196 pensitanda,
747 1122 976 1178 veritati
1007 1120 1392 1193 explorandae,
1450 1115 1798 1188 conjecturis
1831 1131 1976 1168 non-

325 1227 630 1282 nunquam
662 1209 1025 1283 explicandis
1071 1213 1172 1264 aut
1227 1205 1667 1263 confirmandis.
1722 1203 1980 1274 Denique

325 1297 584 1354 Africani
613 1297 748 1370 styli
780 1297 1011 1369 glossas
1043 1295 1434 1369 complurium
1467 1295 1619 1350 inter
1648 1308 1776 1348 sese
1832 1289 1981 1347 loco-

327 1404 460 1445 rum
492 1387 925 1458 comparatione
969 1385 1483 1453 concinnavimus,
1550 1379 1980 1454 interpretandi

326 1475 556 1533 ratione
587 1475 940 1543 certissima,
975 1475 1212 1532 Glossas
1244 1474 1500 1530 diximus
1559 1473 1754 1528 Graeco
1811 1486 1979 1526 voca-

327 1565 493 1633 bulo,
519 1582 637 1638 quo
668 1566 883 1621 Fabius
934 1565 1178 1620 tradidit
1216 1563 1428 1636 linguae
1461 1561 1788 1618 secretioris
1812 1575 1980 1614 voces

327 1655 528 1711 minus
562 1655 809 1711 usitatas
833 1654 1171 1726 signiﬁcari.
1209 1657 1382 1708 Porro
1428 1651 1720 1707 breviores
1776 1649 1982 1704 Obser-

324 1743 587 1800 vationes
618 1760 682 1799 ac
714 1744 890 1800 Notas
922 1744 1217 1815 plerisque
1247 1741 1403 1798 haud
1435 1739 1842 1796 satisfacturas
1867 1737 1979 1793 sci-

2087 577 2259 650 longe
2283 579 2562 648 majorem
2594 578 2910 634 voluminis
2952 583 3175 650 partem
3204 579 3413 650 (usque
3445 579 3742 652 ad.p.781)

2088 672 2394 739 occupant,
2429 667 2780 722 exhibentur
2840 668 2931 723 hic
2961 669 3154 723 Latini
3193 669 3400 723 Latinii
3456 670 3754 740 conjectu-

2087 773 2158 810 τω
2207 761 2264 811 et
2318 756 2776 824 emendationes,
2862 758 2942 812 Jo.
3002 757 3231 813 Merceri
3303 758 3740 826 adnotationes,

2087 846 2254 900 Edm.
2285 844 2556 911 Richerii,
2589 845 2874 915 Theopori
2923 845 3192 915 Marcilli,
3223 845 3467 902 Joannis
3509 864 3540 902 a
3599 850 3744 902 Wo-

2086 951 2210 989 wer
2239 941 2295 989 et
2324 933 2609 989 Gabrielis
2642 933 3014 1005 Albaspinzei,
3053 935 3552 1007 Aureliam,episc.
3588 943 3738 992 notae

2088 1027 2143 1078 et
2173 1023 2635 1078 emendationes.
2669 1024 2892 1086 Quibus
2913 1025 3190 1080 omnibus
3210 1026 3628 1081 accommodus
3649 1030 3742 1081 est

2089 1111 2261 1166 index
2291 1111 2554 1183 apprime
2585 1111 2768 1166 utilis.
2803 1113 2964 1176 Quod
2998 1112 3054 1166 in
3091 1111 3261 1168 titulo
3295 1114 3738 1185 ponitur,hasce

2089 1200 2492 1255 adnotaliones
2524 1199 2705 1255 textui
2739 1199 3068 1271 Rigaltiano
3101 1203 3475 1274 respondere,
3528 1219 3744 1258 nume-

2088 1288 2168 1344 ris
2203 1290 2548 1361 paginarum
2577 1289 2635 1344 in
2662 1289 2922 1360 margine
2943 1291 3417 1346 Observationum
3451 1291 3749 1348 adnotatis

2089 1378 2353 1434 effectum
2386 1383 2493 1449 est,
2519 1378 2601 1433 ita
2630 1385 2826 1433 tamen
2861 1384 2925 1433 ut
2955 1377 3103 1434 liber
3124 1379 3194 1434 de
3245 1379 3426 1436 Pallio
3479 1385 3536 1436 et
3586 1383 3740 1453 Apo-

2089 1467 2394 1539 logeticus,
2429 1467 2527 1538 qui
2561 1468 2615 1522 in
2648 1466 2996 1538 Rigaltianis
3019 1468 3188 1538 plane
3219 1467 3315 1524 alii
3335 1469 3470 1527 facti
3502 1487 3743 1542 compa-

2089 1561 2240 1623 rent,
2273 1557 2344 1610 ad
2380 1555 2772 1611 Pamelianain
2806 1556 3198 1613 recensionem
3248 1559 3439 1613 denuo
3490 1559 3741 1615 excude-

2091 1649 2312 1701 rentur.
2362 1644 2648 1700 Volumen
2707 1645 2816 1700 hoc
2864 1650 3135 1701 notarum
3191 1647 3438 1703 seorsim
3488 1648 3646 1704 venit
3673 1647 3738 1703 in

2089 1733 2381 1806 Catalogis
2426 1750 2598 1805 quam
2633 1732 2905 1806 plurimis
2949 1751 3034 1790 ex.
3061 1751 3110 1790 c.
3145 1737 3206 1790 In
3237 1737 3417 1792 Catal.
3454 1737 3592 1793 Bibl.
3627 1737 3741 1794 Tot-

329 1849 485 1904 mus,
516 1849 622 1890 nec
665 1839 973 1905 propterea
1004 1831 1234 1904 culpam
1259 1832 1660 1902 deprecamur.
1708 1826 1842 1882 Afer
1872 1825 1979 1882 iste
2007 1860 2055 1926 Β
2088 1831 2279 1892 uanae,
2311 1822 2640 1894 Bodleianse,
2674 1824 2976 1880 Firmiana:
3005 1827 3063 1880 et
3092 1825 3386 1883 D’Estrees.
3417 1831 3457 1881 t.
3481 1828 3524 1882 Ι.

325 1921 598 1979 lectorem
632 1939 748 1978 non
780 1921 1034 1978 admittit
1091 1921 1202 1977 nisi
1229 1921 1355 1992 jam
1415 1919 1786 1975 eruditum.»
1844 1919 1973 1970 Haec

325 2010 616 2084 Rigaltius
663 2010 723 2066 in
756 2011 1157 2084 disputatione
1182 2008 1501 2080 inscripta:
1535 2008 1599 2064 de
1641 2005 1971 2062 Tertulliauo

321 2101 504 2168 eteius
549 2102 774 2173 scriptis
831 2101 1003 2172 deque
1051 2101 1220 2155 variis
1266 2115 1462 2155 eorum
1514 2095 1864 2165 editionibus,
1923 2101 1975 2149 et

322 2190 462 2260 quid
488 2190 590 2245 hac
628 2197 814 2246 nostra
859 2197 1176 2261 prasletur,
1231 2205 1356 2260 quae
1414 2204 1533 2242 una
1570 2202 1702 2242 cum
1743 2183 1972 2256 epistola

318 2278 661 2336 dedicatoria
689 2278 760 2334 ad
790 2281 1129 2334 Armandum
1161 2278 1290 2333 Duc.
1328 2276 1716 2332 Richeliumex
1763 2274 1846 2329 ed.
1901 2271 1971 2327 IX

318 2367 594 2423 librorum
649 2385 702 2422 a.
767 2367 1046 2422 MDXXIX
1129 2367 1238 2439 (sic
1305 2366 1485 2422 textui
1574 2363 1967 2438 praemittitur.

315 2455 475 2513 Hanc
509 2459 823 2513 testimonia
849 2461 975 2512 vett.
1007 2457 1073 2512 de
1120 2456 1457 2511 Tertulliano
1506 2454 1967 2522 subsequuntur,

311 2549 369 2600 et
397 2548 567 2602 series
613 2546 943 2602 Tertulliani
970 2561 1195 2618 operum
1225 2561 1350 2617 quae
1380 2545 1481 2599 hoc
1528 2544 1806 2598 volumine
1847 2556 1969 2595 con-

315 2635 584 2690 tinentur.
616 2635 751 2690 Item
770 2651 839 2690 ex
867 2635 1068 2706 quibus
1088 2650 1310 2706 quaeque
1333 2642 1384 2688 et
1429 2634 1641 2702 quoties
1671 2632 1782 2684 sint
1825 2627 1970 2683 codi-

313 2723 471 2778 cibus
492 2723 824 2779 notabiliter
872 2723 1197 2778 emendata.
1251 2723 1309 2777 Id
1362 2721 1516 2792 quod
1548 2721 1616 2774 ad
1651 2717 1966 2774 minimum

315 2817 530 2883 quater,
563 2813 632 2867 ad
669 2828 971 2867 summum
1002 2813 1279 2867 ducenties
1309 2810 1675 2882 quinquagies
1699 2809 1779 2878 (in
1813 2809 1967 2877 Apo-

315 2900 583 2973 logetico)
610 2901 667 2956 in
702 2899 993 2973 plerisque
1022 2903 1290 2970 trigeszes,
1326 2900 1580 2968 vigesies,
1637 2897 1965 2968 septuagies,

314 2991 417 3046 sed
478 2994 536 3045 et
583 2991 747 3046 octies
795 2992 1021 3057 centies,
1068 2991 1271 3046 centies
1338 2989 1611 3059 trigesies,
1668 2985 1964 3040 interdum

312 3079 570 3136 omnibus
599 3080 717 3150 fere
741 3078 1014 3135 clausulis
1045 3079 1261 3136 factum
1297 3077 1698 3132 dicitur.Liber
1717 3075 1780 3130 de
1835 3075 1963 3129 Pal-

313 3167 410 3234 lio,
443 3167 668 3240 scribit,
695 3168 1015 3224 emendatur
1044 3169 1302 3224 omnibus
1316 3167 1448 3239 fere
1480 3167 1667 3235 lineis,
1681 3167 1845 3238 juxta
1877 3163 1961 3220 ed.

312 3257 613 3314 doctissimi
641 3258 903 3313 Salmasii
946 3259 1022 3315 ad
1076 3263 1281 3314 vetusta
1335 3258 1676 3328 exemplaria
1730 3272 1960 3311 accura-

310 3348 584 3402 tissimam
602 3351 978 3418 praeterquam
1017 3363 1114 3404 sea:
1142 3351 1238 3402 aut
1277 3351 1482 3417 septem
1529 3347 1685 3402 locis.
1717 3345 1962 3400 Textum

313 3433 732 3504 excipitlndex
777 3435 1210 3507 Scripturarum
1245 3451 1583 3500 sacrarum;
1629 3438 1754 3488 tum
1824 3433 1965 3488 sub-

309 3522 521 3592 juncta
551 3523 660 3578 sub
694 3523 862 3578 titulo
892 3523 1098 3579 incerti
1132 3525 1388 3579 auctoris
1425 3524 1690 3578 carmina
1745 3520 1966 3576 Tertulc

308 3609 468 3667 liano
515 3610 657 3666 olim
729 3611 939 3667 ascribi
1005 3611 1197 3682 solita,
1239 3613 1498 3668 adversus
1526 3613 1863 3668 Marcionem
1921 3611 1959 3664 ι.

308 3699 378 3771 ν,
409 3699 474 3755 de
512 3699 725 3772 judicio
783 3702 1010 3756 Domini
1057 3701 1295 3770 Genesis,
1349 3701 1578 3757 Sodoma
1631 3718 1653 3755 .·
1711 3699 1964 3769 denique

308 3788 483 3844 index
511 3804 706 3844 rerum
740 3790 1239 3846 memorabilium.
1279 3788 1766 3847 Observationum
1801 3787 1965 3844 libel-

307 3877 404 3934 lus
437 3877 712 3949 peculiari
740 3878 911 3935 titulo
941 3883 1182 3952 gaudet,
1229 3881 1331 3937 53
1364 3879 1532 3951 eique
1562 3879 1810 3935 accessit
1869 3881 1964 3934 ln-

309 3967 416 4022 dex
434 3967 741 4038 glossarum
776 3969 1110 4025 Tertulliani
1137 3968 1367 4041 egregio
1399 3968 1642 4024 consilio
1699 3972 1755 4023 et
1799 3966 1962 4038 judi-

306 4055 397 4112 cio
431 4057 756 4112 confectus.
790 4057 1094 4130 Elegantia
1123 4061 1179 4113 et
1208 4059 1398 4114 nitore
1433 4061 1725 4129 typorum,
1757 4056 1805 4112 si
1828 4055 1962 4126 qui-

310 4145 442 4200 dem
471 4145 664 4216 prima
693 4147 782 4201 ed.
846 4162 960 4201 non
1010 4146 1252 4202 inferior
1299 4146 1376 4202 sit
1432 4148 1722 4210 secundae,
1781 4161 1960 4217 quam

310 4249 508 4289 coram
558 4232 880 4303 intuemur,
940 4235 1258 4290 admodum
1319 4235 1768 4290 commendatur
1841 4233 1962 4292 haec

310 4321 509 4393 editio,
542 4322 635 4378 cui
667 4321 996 4396 bibliopolae
1026 4323 1332 4380 honestate
1360 4323 1515 4379 haud
1548 4323 1793 4396 exiguus
1842 4323 1961 4378 uti-

310 4410 496 4468 litatis
526 4411 804 4468 cumulus
836 4412 1084 4467 accessit
1115 4412 1286 4468 editis
1317 4411 1707 4485 plurimorum
1738 4411 1956 4467 Vv.Dd.

310 4500 371 4554 in
432 4499 676 4556 Tertull.
750 4501 1235 4557 adnotationibus
1319 4500 1604 4573 singulari
1665 4499 1960 4556 volumine

312 4588 524 4660 tituloq
537 4607 605 4646 ue
663 4589 1104 4663 comprehensis
1154 4607 1166 4644 :

312 4677 514 4748 Theol.,
547 4682 656 4734 etc.
691 4680 1026 4749 Argumenta
1048 4684 1099 4735 et
1140 4681 1542 4735 Annatationes
1572 4682 1633 4735 in
1691 4679 1750 4746 ρ.
1811 4680 1955 4751 Sept.

314 4767 394 4823 Εἰ.
429 4768 760 4823 Tertulliani
805 4785 994 4840 opera,
1025 4769 1222 4839 quibus
1273 4769 1502 4840 adjecta:
1548 4773 1676 4824 sunt
1725 4773 1957 4824 annota-

313 4857 487 4910 tiones
546 4855 907 4912 diversorum.
967 4855 1167 4911 Omnia
1225 4859 1402 4911 textui
1458 4857 1714 4911 editionis
1769 4857 1826 4913 V-
1876 4855 1955 4911 Cl.

310 4941 546 4999 NICOLAI
585 4948 815 5000 RIGALTI
862 4945 917 5000 J.
977 4945 1038 4999 Ο.
1086 4947 1502 5017 respondentia.
1560 4946 1691 4999 Par.
1751 4954 1955 5016 sumpt.

306 5033 498 5088 Matth.
552 5033 626 5089 du
682 5035 836 5100 Puis,
895 5035 989 5089 via
1045 5036 1157 5091 Jac.
1194 5035 1295 5090 sub
1331 5037 1482 5105 signo
1516 5033 1953 5092 Coronw.1635.

312 5123 535 5178 Praeter
589 5138 656 5178 ea
699 5139 826 5194 quae
862 5122 1154 5180 Pamelius
1185 5124 1245 5178 in
1275 5123 1956 5198 Tertullianumcompo-

358 5261 496 5343 .(60)
520 5264 620 5320 Hie
649 5265 840 5343 verbis
863 5271 1100 5343 excusat
1146 5265 1433 5343 Rigaltius
1483 5267 1807 5343 liberiores
1831 5268 1956 5339 opi-

312 5339 519 5410 niones
540 5355 686 5408 quas
715 5340 770 5392 in
805 5339 1280 5395 annotationibus
1303 5340 1428 5394 suis
1455 5339 1765 5410 aliquoties
1796 5341 1954 5395 inse-

311 5405 428 5461 ruit
457 5405 590 5464 cum
622 5410 680 5464 in
713 5409 1089 5482 Cyprianum,
1117 5415 1242 5466 tum
1274 5411 1333 5466 in
1363 5405 1786 5466 Tertullianum
1822 5428 1834 5477 ;
1868 5429 1957 5466 ve-

312 5493 441 5550 rum
475 5481 668 5537 nescio
700 5481 896 5538 utrum
928 5499 1025 5538 eos
1049 5484 1413 5540 satisfactum
1441 5483 1616 5539 fuerit
1645 5483 1914 5538 omnibus
1939 5501 1952 5550 ;

313 5549 614 5631 fatendum
656 5558 744 5609 est
777 5557 954 5625 enim,
997 5556 1260 5631 quaedam
1293 5572 1418 5612 esse
1447 5555 1696 5631 locarin_
1741 5549 1955 5631 quibus

313 5626 473 5699 _satis_
490 5629 744 5699 testatur
763 5643 824 5682 se
843 5643 908 5682 ex
939 5643 1046 5682 sua
1076 5627 1458 5699 potiusqnam
1481 5626 1732 5682 auctoris
1764 5630 1956 5682 mente

310 5690 476 5766 loqui
505 5701 561 5754 et
589 5698 648 5758 in
679 5699 898 5770 quibus
931 5690 1104 5756 etiam
1134 5690 1366 5757 aberrat
1396 5715 1430 5756 a
1472 5715 1554 5771 re,
1586 5703 1652 5756 ut
1707 5703 1956 5756 annota-

2849 1931 2862 1985 Ι
2874 1932 2998 1986 636.

2152 2044 2178 2071 α
2211 2021 2421 2077 νεικειο
2454 2021 2698 2076 GALLICA
2731 2018 2769 2074 1.
2801 2020 3166 2094 Apologetici,
3201 2021 3398 2077 studio
3457 2021 3731 2079 Ludovic-

2079 2111 2254 2185 Cyrii,
2285 2111 2467 2168 Paris.
2501 2110 2708 2166 in—120.
2745 2132 2772 2160 »

2828 2201 2985 2256 1636.

2155 2319 2176 2345 ι
2203 2294 2703 2350 ΗΕΒΜΒΑΤΗΜΑΜ
2727 2290 3068 2362 TheosOphia
3088 2292 3198 2344 sub
3218 2291 3326 2344 hac
3350 2305 3496 2344 nova
3518 2288 3733 2345 inscri-

2079 2385 2276 2456 ptione
2300 2400 2312 2438 :
2339 2380 2658 2452 Theologia
2686 2378 3047 2452 speculativa
3078 2383 3132 2434 et
3165 2378 3421 2450 practica
3450 2394 3519 2433 ex
3551 2378 3734 2449 patri-

2079 2474 2190 2528 bus
2224 2472 2296 2526 ab
2328 2469 2544 2541 insigni
2577 2470 2833 2540 quodam
2864 2467 3134 2540 theologo
3159 2466 3397 2523 collecta
3419 2471 3475 2523 et
3504 2465 3738 2539 publici

2069 2559 2225 2630 juris
2249 2557 2422 2613 facta.
2457 2555 2838 2627 Witemberg.
2875 2577 2902 2604 »

2825 2661 2981 2716 1639.

2151 2774 2178 2803 ‹‹
2208 2751 2422 2807 Vsnsm
2454 2751 2764 2805 HISPANICA
2799 2751 2840 2806 Ι.
2870 2749 3086 2805 Libror.
3117 2749 3460 2804 Tertulliani
3492 2755 3571 2806 De
3613 2753 3731 2806 Pa-

2073 2842 2288 2906 tientia,
2321 2841 2387 2894 de
2407 2840 2713 2895 testimonio
2733 2839 2957 2906 animae,
2988 2839 3057 2893 ad
3079 2837 3400 2909 Scapulam,
3432 2844 3542 2894 etc.
3577 2854 3722 2895 cura

2073 2929 2312 3002 Josephi
2341 2928 2635 2995 Pellecier,
2660 2928 3032 2985 Barcellonae.
3055 2950 3082 2976 »

2824 3036 2984 3089 .4639.

2145 3151 2172 3177 «
2205 3131 2482 3184 PACANINI
2515 3128 2834 3184 GAUDENTII
2856 3125 3106 3180 Salebraa
3131 3124 3559 3181 Tertullianicaa
3583 3141 3718 3181 cum

1994 3232 2036 3300 ρ
2075 3200 2338 3287 ejusdem
2383 3218 2817 3288 comparatione
2881 3217 3227 3286 dogmatum
3259 3213 3528 3286 Origenis
3583 3230 3717 3270 cum

2077 3307 2448 3380 philosophia
2478 3307 2754 3363 Platonis.
2786 3305 2960 3374 Flor.,
2992 3305 3163 3362 in-4o.
3193 3326 3219 3353 ››

2820 3412 2976 3467 4639.

2152 3522 2174 3548 α
2205 3503 2420 3559 Vsasm
2452 3503 2764 3558 HISPANICA
2801 3501 3001 3556 libror.
3027 3501 3096 3557 de
3119 3500 3421 3572 Patientia,
3446 3501 3517 3556 de
3545 3499 3725 3556 Testi-

2073 3591 2270 3647 monio
2301 3593 2532 3660 animae,
2592 3592 2662 3646 ad
2711 3589 3047 3662 Scapulam,
3117 3594 3254 3659 etc.,
3312 3607 3452 3646 cura
3480 3588 3723 3661 Josephi

2073 3681 2365 3751 Pellecier,
2392 3679 2762 3737 Barcellonae.
2794 3701 2823 3731 »

2811 3767 2971 3824 4640.

2150 3879 2177 3910 ε
2205 3858 2420 3913 Vsasw
2453 3857 2697 3914 GALLICA
2728 3857 2772 3914 l.
2805 3857 3026 3924 Libror,
3053 3857 3124 3912 de
3171 3857 3451 3913 oratione.
3515 3857 3718 3927 Paris.,

2070 3946 2272 4003 ἰπὶ-120.
2305 3979 2374 3988 -—
2403 3947 2483 4003 De
2516 3947 2821 4017 Patientia,
2841 3946 2984 4000 ibid.
3023 3947 3108 4016 12,
3141 3947 3658 4003 auctoreJiobierio
3688 3967 3718 3995 »

2817 4055 2975 4109 1640.

2143 4167 2170 4194 ‹‹
2199 4145 2411 4200 Vsasm
2450 4143 2696 4199 GALLICA
2726 4145 2796 4199 ll.
2823 4144 2989 4199 Libro
3020 4143 3093 4199 De
3112 4143 3302 4200 Pallio
3328 4159 3466 4200 cura
3522 4142 3710 4198 Titre-

2069 4233 2214 4301 villi,
2247 4233 2432 4290 Paris.
2461 4255 2488 4282 n

2824 4321 2984 4377 1641.

2144 4413 2313 4467 Lutet.
2349 4413 2536 4468 Paris.
2568 4429 2614 4468 c.
2638 4412 2849 4483 insigni
2877 4427 3092 4482 magna:
3114 4409 3420 4467 navis.Fol.
3453 4409 3620 4466 Tomi
3649 4411 3718 4466 ll.

2071 4501 2134 4566 Ο.
2159 4502 2318 4574 Sept.
2378 4500 2525 4557 Flor.
2572 4504 2725 4564 Tert.
2777 4516 2974 4572 opera,
3019 4500 3405 4572 argumentis,
3455 4497 3719 4571 explica-

1227 4592 1412 4646 Jacobi
1486 4590 1723 4646 Pamelii
1788 4590 2349 4666 Brug.Dtionibus,
2409 4590 2563 4646 notis
2611 4589 2926 4660 illustrata,
2975 4593 3128 4645 auct.
3194 4589 3274 4646 Jo.
3341 4588 3479 4644 Lud.
3537 4588 3600 4644 de
3662 4587 3721 4642 la

2069 4677 2258 4735 Cerda.
2293 4679 2446 4750 (Vid.
2480 4679 2581 4734 Ed.
2616 4679 2815 4750 prim.)

2744 4769 2847 4825 54
2909 4769 3034 4822 641.

2139 4852 2708 4914 Εο.ῐίι(;Αῐ.τιΑΝΑἸΙ.
2741 4888 2810 4897 ——
2866 4858 3120 4926 Lutetia,
3168 4865 3368 4929 sumpt.
3399 4855 3585 4912 Matth.
3636 4856 3720 4911 Du

2064 4950 2224 5018 Puis,
2249 4953 2358 5004 etc.
2402 4948 2440 5003 f.
2493 4946 2973 5002 Observationibus
3027 4957 3080 5003 et
3126 4949 3284 5002 Notis
3338 4951 3501 5018 atque
3547 4947 3718 5001 etiam

2069 5038 2338 5094 Glossario
2369 5038 2610 5102 auctior,
2645 5037 2815 5104 cujus
2847 5035 3180 5108 exemplum
3226 5053 3358 5092 cum
3421 5036 3714 5107 frequent.

2066 5125 2197 5184 coll.
2233 5127 2413 5182 Codd.
2441 5142 2584 5180 mss.
2618 5124 2795 5196 impr.
2828 5124 3183 5197 Agobardini
3215 5125 3272 5181 in
3324 5123 3465 5181 Bibl.
3517 5123 3714 5180 Baluz.

2066 5271 2259 5325 riones
2291 5269 2505 5324 scribat
2549 5266 2866 5339 aliquando
2924 5267 3206 5323 hodierno
3254 5262 3522 5339 Ecclesia
3581 5261 3713 5339 usui

2067 5359 2274 5416 parum
2305 5334 2747 5416 consentaneas.
2781 5345 2910 5394 Haec
2935 5340 3224 5416 Dupi_nius
3248 5343 3310 5416 et
3340 5334 3514 5416 paulo
3546 5337 3712 5416 post“:

2067 5405 2156 5469 llli
2188 5414 2483 5485 (Rigaltio)
2511 5413 2896 5485 exprobratur
2946 5405 3099 5484 quod
3131 5405 3484 5482 conjecturis
3542 5405 3716 5462 fuerit

2066 5484 2342 5542 audaciOr
2399 5501 2502 5540 nec
2539 5484 2683 5539 satis
2705 5487 3012 5540 accuratus
3043 5485 3113 5539 ad
3169 5488 3476 5538 Auctorem
3535 5493 3709 5532 suum

2065 5558 2323 5630 antiquis
2354 5555 2774 5626 manuscriptis
2807 5557 3344 5630 recognoscendum
3376 5560 3433 5609 et
3463 5551 3708 5630 tandem

2065 5623 2225 5700 suas,
2258 5633 2360 5684 aut
2386 5630 2639 5700 altorum
2660 5623 3346 5700 contextui'codjecturas
3375 5623 3539 5682 nulla
3584 5638 3709 5676 ma-

2065 5698 2502 5775 nusc'riptorum
2526 5698 2696 5756 nixus
2726 5698 3102 5758 auctoritate.
3122 5703 3263 5760 Enn.
