4060 6360
224 366 291 423 51
1730 367 2176 430 PR/EFATIO.
3576 367 3655 428 58

233 500 513 557 exstabat.
550 505 688 557 Post
720 500 878 556 hanc
908 502 1208 573 repetitam
1234 515 1361 557 esse
1384 500 1772 574 Rigaltianam
1795 506 1893 557 Pa-
1922 520 1977 587 Α

235 590 411 660 risiis,
443 590 607 661 1644,
640 590 731 658 46,
767 591 839 644 50
869 594 923 645 et
951 591 1038 656 58,
1075 589 1341 646 Oudinus
1371 592 1645 647 afﬁrmat.

996 678 1153 733 4644.

308 791 334 818 α
369 768 653 823 ΡΑοΑΝιΝι
687 767 1005 823 GAUDENTII
1028 768 1305 839 opuscula
1340 768 1728 839 tria,quorum
1765 768 1893 823 ulti-

234 874 400 913 mum
432 858 498 913 ds
530 858 922 930 philosophicis
968 860 1329 925 opinionibus
1362 870 1601 913 veterum
1634 860 1893 915 Ecclesiae

233 947 698 1015 Patrum,multa
728 947 799 1001 de
829 946 1183 1002 Tertulliano
1207 948 1435 1019 quaerit.
1472 948 1639 1015 Pisis,
1672 949 1839 1003 ἱη-[ιο.
1860 970 1887 998 ››

1030 1036 1182 1089 1644.

304 1148 333 1175 «
365 1124 545 1180 Vens.
585 1126 738 1179 HISP.
777 1124 824 1179 ΙΙ
856 1125 1091 1180 Mairiti.
1120 1125 1155 1178 f.
1187 1156 1248 1165 —
1271 1124 1615 1179 Tertulliani
1652 1124 1799 1180 liber
1819 1126 1889 1181 de

233 1213 533 1269 Patientia
562 1230 694 1268 cum
748 1213 1095 1269 commentis
1129 1214 1278 1270 Orii.
1340 1214 1457 1270 Cat.
1493 1215 1639 1272 Bibl.
1681 1216 1883 1271 Pincil.

223 1307 267 1358 ι.
304 1304 345 1357 1.
370 1320 427 1374 p.
455 1304 545 1358 89.
579 1324 607 1353 ››

1051 1392 1208 1446 1644.

302 1504 328 1531 ‹‹
362 1481 580 1535 Vaasm
612 1481 921 1535 HIsPANICA
951 1480 998 1536 II
1030 1481 1182 1536 Libr.
1236 1483 1306 1536 ad
1339 1481 1673 1554 Scapulam,
1707 1482 1883 1538 inler-

222 1578 395 1643 prete
426 1571 546 1626 Pet.
584 1571 836 1637 Manero,
861 1572 1050 1626 Caesar
1083 1573 1323 1643 August.
1360 1594 1387 1621 ››

986 1661 1144 1715 1645.

298 1748 515 1803 Vsasxo
545 1748 783 1803 GALLICA
818 1747 973 1803 II.——
997 1749 1233 1804 Librum
1267 1750 1337 1805 de
1372 1750 1718 1807 Posuitentia
1750 1769 1883 1807 cum

226 1838 367 1892 aliis
402 1838 639 1892 Patrum
685 1838 755 1891 de
814 1837 921 1892 hac
974 1840 1218 1893 materia
1268 1840 1613 1895 tractatibus
1669 1841 1883 1897 Gallice

2752 506 2910 559 1651.

2076 615 2103 642 ‹‹
2136 594 2475 649 Tertulliani
2499 611 2632 666 opp.
2695 593 2918 665 poetica
2948 590 3129 647 edidit
3158 589 3401 644 Andreas
3422 590 3650 644 Rivinus

2004 698 2069 736 ac
2102 688 2233 753 post
2264 683 2610 739 Pamelium.
2639 683 2879 739 Junium
2913 680 3215 736 Barthium
3249 679 3451 734 breves
3482 683 3647 733 notas

2002 772 2252 841 addidit,
2284 773 2479 843 Goth.,
2504 774 2556 827 8.
2595 795 2621 821 υ

2781 862 2937 915 1655.

2077 974 2096 997 ι
2134 954 2323 1006 HERM.
2370 952 2673 1006 RATHMANI
2711 949 3035 1020 Theosophia
3066 951 3153 1002 ter
3182 946 3339 1001 edita
3369 945 3480 1001 sub
3502 961 3644 999 novo

1999 1040 2269 1095 nomine:
2306 1040 2562 1095 Medulla
2597 1040 2854 1105 Patrum,
2887 1039 2995 1092 hoc
3025 1043 3113 1091 est
3142 1041 3473 1091 Consensus
3499 1034 3640 1088 har-

2000 1128 2303 1183 moniacus
2336 1129 2571 1184 Patrum
2609 1129 2738 1183 fidei
2772 1128 3023 1198 antiquas
3054 1132 3110 1180 et
3138 1125 3264 1179 vitae
3316 1140 3446 1179 vere
3479 1122 3644 1177 Chri-

1997 1218 2221 1286 stianae,
2255 1220 2427 1274 certis
2470 1236 2571 1289 per
2602 1218 2758 1273 locos
2815 1216 3172 1286 tbeologicos
3226 1212 3644 1284 porismatibus

1996 1307 2397 1373 consignatus,
2421 1312 2575 1363 certa
2602 1312 2657 1362 et
2689 1305 2971 1362 salutaria
3026 1308 3229 1359 contra
3274 1300 3639 1356 adversarios

1996 1397 2231 1466 quosvis
2253 1398 2491 1452 tradens
2522 1398 2891 1451 documenta.
2928 1395 2987 1448 In
3046 1394 3159 1447 fine
3192 1392 3424 1447 additur
3454 1389 3642 1445 Theo-

1995 1484 2148 1555 logia
2181 1486 2441 1540 Practica
2498 1501 2526 1540 e
2570 1482 2911 1539 Tertulliani
2960 1487 3015 1537 et
3062 1480 3329 1553 Cypriani
3386 1478 3636 1551 propriis

1993 1574 2183 1627 verbis
2215 1574 2558 1627 confirmata
2588 1579 2644 1627 et
2675 1572 2788 1627 luci
2822 1572 3083 1643 exposita
3113 1576 3203 1625 est
3230 1588 3261 1625 a
3293 1569 3367 1624 M.
3402 1572 3632 1623 Herm.:

1996 1661 2387 1717 Rathmanno.
2424 1663 2800 1733 Witcmberg.
2841 1683 2867 1710 »

2736 1751 2896 1804 1656.

2065 1840 2232 1911 Lugd.
2280 1843 2399 1896 Bai.
2452 1858 2523 1895 ex
2580 1842 2670 1912 of].
2729 1841 2808 1895 Jo.
2871 1839 3058 1893 Maire.
3108 1838 3162 1891 8.
3223 1838 3286 1901 Q.
3338 1836 3493 1907 Sept.
3556 1835 3638 1891 [τι.

216 1928 396 1983 vertit
421 1929 715 1983 Antonius
744 1928 1037 1984 Arnaldus
1068 1934 1123 1985 et
1156 1929 1338 1983 Paris.
1374 1930 1726 2002 evulg.inter
1755 1933 1883 2002 ejus
1920 1889 1962 1954 Β
1994 1889 2338 1985 Tertdlliani
2370 1929 2517 1985 liber
2538 1889 2840 1986 deuPallio.
2873 1928 3150 1984 Claudius
3170 1889 3643 1981 Salmasi‘usante

227 2033 394 2089 opp.,
430 2021 475 2072 t.
510 2016 755 2087 XXVIII,
772 2016 909 2072 edit.
944 2018 1151 2083 Paris.,
1186 2018 1349 2073 l7‘79.

985 2107 1142 2160 1646.

297 2198 574 2249 «Vzasxo
605 2199 843 2250 GALLICA
884 2194 933 2249 II
992 2195 1347 2268 Apologetici
1406 2197 1601 2253 studio
1660 2197 1879 2254 Ludov.

222 2283 408 2355 Gyrii,
437 2284 647 2339 in-12°.
675 2306 702 2334 ))

772 2373 910 2427 1646
937 2404 1005 2414 -
1038 2373 1104 2427 48
1135 2405 1202 2414 -
1227 2374 1298 2428 50
1326 2376 1461 2447 (61).

286 2463 531 2517 Parisiis
567 2479 654 2534 ap.
702 2462 873 2517 Mich.
924 2462 1064 2533 Solg.
1120 2465 1212 2518 via
1270 2465 1522 2521 Jacobwa
1564 2465 1661 2520 sub
1716 2466 1876 2535 signa

216 2553 518 2607 Phwmcis.
543 2551 639 2606 fol.
672 2551 838 2607 Tomi
874 2552 969 2607 IIl.
999 2554 1379 2608 Tertullianus
1436 2555 1732 2621 redivivus,
1768 2572 1877 2610 sco-

221 2642 316 2695 liis
346 2646 397 2696 et
426 2641 898 2696 observationibus
925 2642 1258 2697 illustratus.
1315 2643 1378 2697 In
1437 2660 1545 2715 quo
1594 2645 1879 2715 utriusque

210 2732 361 2801 juris
389 2733 579 2801 forma
613 2733 685 2787 ad
706 2734 976 2801 originem
1024 2750 1183 2788 suam
1239 2742 1565 2790 recensetur.
1602 2738 1671 2788 Et
1702 2737 1876 2791 avitae

219 2821 441 2891 pietatis
492 2822 829 2876 amatoribus
869 2823 1185 2892 inquirendi
1242 2839 1437 2878 norma
1478 2824 1873 2894 przescribilur.

223 2912 455 2965 Auctore
478 2911 541 2964 P.
575 2912 824 2981 Georgio,
884 2912 1227 2980 Ambianale,
1286 2913 1543 2967 Minoriia
1576 2911 1870 2983 Capucino,

229 3000 468 3055 Parisiis
496 3000 643 3071 apud
688 3017 816 3055 suos
862 3002 1174 3070 Professore
1223 3001 1498 3073 Theologo.
1555 3002 1753 3057 Facete
1776 3002 1871 3056 Iti-

228 3088 445 3159 galtius
475 3089 696 3160 grande
729 3088 837 3144 hoc
859 3089 1135 3159 Capucini
1161 3107 1308 3161 opus
1322 3091 1710 3161 respiciensin
1730 3107 1871 3162 prse-

224 3176 441 3232 fatione
474 3178 627 3233 notis
679 3178 734 3232 in
797 3182 959 3250 Cypr.
1019 3178 1320 3249 prmmissa
1371 3178 1608 3235 scribit:
1671 3180 1869 3242 Quoad

1996 2024 2239 2074 mortem
2274 2019 2584 2083 recensuit,
2608 2018 2935 2091 explicavit,
2970 2017 3125 2073 notis
3158 2015 3496 2071 illustravit.
3531 2020 3641 2071 Ac-

1993 2110 2146 2164 cedit
2174 2125 2309 2165 vera
2339 2110 2409 2165 ad
2441 2110 2638 2164 vivum
2671 2110 2936 2180 ejusdem
2969 2106 3215 2178 elﬁgies.

2747 2199 2901 2253 1657.

2062 2287 2447 2359 (Argentorati.
2505 2288 2558 2343 8.
2617 2286 2954 2343 Tertulliani
3013 2301 3207 2356 opera,
3268 2299 3442 2355 opera
3498 2282 3641 2338 Boe-

1988 2375 2172 2449 cleri.)
2204 2377 2288 2433 Ita
2318 2377 2616 2433 Standius.
2661 2376 2929 2433 Gudinus
2986 2380 3187 2431 contra
3228 2374 3390 2443 hujus
3437 2372 3542 2427 ioci
3586 2376 3638 2427 et

1987 2470 2125 2523 anni
2154 2470 2535 2539 repetitionem
2566 2468 2901 2539 Rigallianzc
2957 2465 3144 2521 forma
3202 2480 3317 2519 non
3375 2462 3634 2517 indicata

1986 2562 2425 2613 commemorat.

2730 2647 2888 2701 1658.

2058 2735 2297 2791 Parisiis
2319 2753 2407 2811 ap.
2448 2736 2563 2791 Jac.
2598 2735 2787 2789 Dallin
2820 2734 2915 2788 sub
2938 2734 3094 2802 signa
3142 2731 3196 2787 S.
3263 2730 3523 2801 Stephani
3578 2732 3635 2784 et

1987 2824 2239 2880 Thomam
2268 2825 2387 2895 Joly
2418 2824 2515 2879 sub
2544 2826 2699 2894 signo
2738 2825 2881 2879 scuti
2938 2821 3274 2885 Hoilandiae,
3330 2821 3421 2876 via
3473 2823 3634 2875 Jaco-

1986 2914 2139 2969 ὀίεαι
2175 2912 2447 2969 fol.Tomi
2482 2913 2576 2968 III.
2600 2906 3630 2980 TertullianiOmniloquiumAlpha-

1984 3003 2240 3058 beticum
2302 3001 2604 3058 Rationale
2666 2988 3054 3074 Triparitum,
3112 3000 3230 3054 sive
3284 2996 3629 3052 Tertulliani

1983 3107 2159 3162 opera
2186 3092 2386 3146 omnia
2418 3092 2475 3145 in
2504 3107 2716 3146 novum
2752 3091 3038 3160 ordinem,
3064 3088 3345 3143 hactenus
3370 3087 3625 3140 intenta-

1980 3185 2104 3235 tum
2130 3183 2186 3234 et
2216 3179 2462 3246 facilem,
2496 3180 2771 3234 omnibus
2796 3178 3101 3248 utriusque
3124 3175 3229 3231 fori
3261 3172 3622 3241 Oratoribus,

222 3266 651 3321 Tcrtullianum
686 3267 915 3332 attinet,
948 3267 1037 3322 vix
1058 3271 1165 3337 est,
1191 3272 1254 3323 ut
1286 3268 1575 3323 redivivus
1606 3285 1866 3340 unquam
1901 3260 1944 3329 C
1984 3287 2177 3325 rerum
2228 3270 2624 3325 humanarum
2684 3269 3134 3338 divinarumque
3192 3264 3627 3320 Professoribus

221 3357 291 3410 ab
326 3356 445 3411 ullo
476 3355 812 3411 mortalium
837 3356 949 3411 dici
982 3356 1423 3429 queat,quijam
1454 3359 1531 3413 sit
1561 3358 1867 3413 horrendis

216 3444 303 3500 vel
328 3444 640 3516 grandium
666 3446 1221 3501 commentariorum
1254 3447 1501 3502 sarcinis
1535 3447 1782 3501 obrutus
1814 3451 1869 3502 et

218 3535 533 3590 contritus.
557 3565 626 3574 —-
650 3535 972 3606 Antequam
1007 3540 1199 3590 autem
1222 3536 1291 3590 ad
1342 3535 1470 3608 ipsa
1522 3536 1867 3591 Tertulliani

217 3640 393 3695 opera
426 3624 656 3678 recedat
688 3623 887 3679 scoliis
920 3624 1045 3679 suis
1076 3628 1133 3679 et
1188 3625 1697 3681 observationibus
1727 3624 1867 3679 illu-

218 3713 483 3777 stranda,
518 3712 817 3783 praemittit
837 3712 1120 3768 vindicias
1144 3713 1865 3785 Tertullianicas,quarum

215 3802 405 3873 prima
439 3807 602 3872 parte
633 3802 702 3857 de
733 3801 1075 3857 Tertulliani
1101 3803 1308 3875 patria,
1340 3804 1708 3871 educatione,
1735 3809 1865 3860 stu-

216 3890 329 3945 diis
362 3890 613 3961 aliisque
638 3890 707 3945 ad
742 3890 918 3946 vitam
942 3892 1071 3961 ejus
1104 3892 1429 3947 naturalem
1461 3893 1865 3963 spectantibus

216 3980 357 4053 agit.
390 3981 453 4035 In
486 3980 745 4035 secunda
774 3980 1107 4051 parteinter
1137 3980 1249 4036 alia
1278 3981 1865 4054 disquiritur,quibus

216 4068 450 4124 motivis
481 4069 550 4123 ad
583 4068 979 4123 Christianam
1014 4070 1189 4125 ﬁdem
1223 4071 1515 4126 adductus
1547 4071 1768 4127 fuerit?
1790 4089 1862 4127 an

212 4157 411 4214 statim
438 4173 470 4211 a
502 4155 877 4212 conversione
906 4156 1201 4228 baptismo
1231 4158 1495 4213 initiatus
1530 4159 1705 4215 fuerit
1733 4160 1760 4214 ?
1789 4178 1862 4215 an

211 4250 268 4301 et
290 4260 529 4301 uxorem
564 4244 631 4299 ad
658 4245 832 4300 fidem
856 4248 1096 4300 traxerit
1124 4246 1151 4301 ?
1199 4264 1270 4301 an
1331 4246 1599 4302 Ecclesiae
1630 4248 1859 4315 Doctor,

210 4352 281 4390 an
314 4336 620 4400 Sacerdos,
649 4351 720 4389 an
753 4334 1095 4400 Monachus,
1128 4352 1198 4391 an
1231 4340 1446 4408 Martyr
1474 4336 1694 4392 fuerit?
1722 4339 1861 4393 Ter-

208 4427 287 4480 tia
317 4424 704 4479 vindiciarum
726 4440 860 4495 pars
883 4424 951 4478 de
966 4424 1310 4480 Tertulliani
1334 4426 1599 4481 doctrina
1617 4427 1862 4499 ejusque

209 4514 446 4586 scriptis
494 4518 615 4568 tam
652 4512 1031 4585 apologoticis
1055 4532 1230 4586 quam
1263 4514 1565 4587 polemicis
1592 4521 1645 4571 et
1679 4534 1859 4588 parae-

208 4603 415 4659 neticis
448 4603 587 4674 agit.
622 4604 703 4658 Ita
752 4608 944 4659 autem
980 4605 1049 4660 de
1083 4605 1345 4660 doctrina
1397 4606 1522 4676 ejus
1580 4621 1641 4661 se
1690 4623 1859 4679 agere
1891 4627 1937 4691 Β

1978 3359 2457 3432 acScriptoribus
2490 3359 2717 3425 utilem,
2776 3356 3080 3428 disposita,
3139 3354 3426 3427 exposita,
3488 3353 3623 3408 illu-

1977 3453 2163 3504 strata
2205 3466 2381 3520 opera
2436 3449 2633 3503 fratris
2694 3448 2881 3503 Caroli
2937 3449 3156 3502 Moreau
3211 3442 3628 3517 Augustiniani

1976 3537 2210 3593 Ordinis
2242 3537 2631 3593 Eremitarum
2656 3536 3012 3591 Communit.
3064 3534 3410 3590 Bituricens.
3470 3532 3624 3587 Con-

1974 3632 2181 3683 ventus
2213 3628 2441 3698 Regina
2476 3627 2817 3698 Margaritze,
2843 3626 2900 3680 in
2925 3624 3227 3680 suburbiis
3258 3624 3315 3678 S.
3349 3621 3623 3677 Germani

1977 3716 2159 3771 Paris.
2196 3716 2341 3778 Quid
2378 3716 2512 3771 novi
2544 3715 2880 3787 prastiterit
2935 3716 3150 3769 Auctor
3198 3712 3255 3766 in
3288 3712 3397 3765 hoc
3428 3725 3621 3781 opere,

1976 3821 2272 3859 summam
2304 3804 2632 3877 Tbeologiaa
2660 3803 3045 3867 scholastica,
3079 3800 3337 3873 positivae
3360 3804 3415 3855 et
3430 3815 3624 3854 mora-

1975 3892 2047 3949 lis
2078 3910 2145 3949 ex
2175 3894 2478 3965 Scriptura
2509 3900 2563 3947 S.
2599 3893 2869 3948 Patribus
2900 3897 2957 3947 et
3013 3888 3375 3946 Tertulliano
3419 3890 3476 3942 et
3504 3889 3623 3941 Au-

1974 3983 2209 4054 gustino
2242 3983 2495 4037 maxime
2543 3984 2846 4053 decerptis,
2898 3978 3342 4051 complectente,
3373 3991 3621 4046 sequens

1975 4072 2187 4144 pagina
2214 4070 2521 4126 indicabit.
2554 4070 2772 4126 Titulos
2804 4070 2851 4125 ΙΙ
2884 4074 2941 4124 et
2997 4069 3073 4124 III
3102 4064 3423 4123 voluminis
3462 4064 3619 4121 haud

1974 4161 2172 4215 minus
2205 4160 2460 4232 prolixos
2502 4160 2853 4226 omittimus,
2900 4162 2956 4213 et
2987 4157 3035 4212 si
3081 4172 3357 4211 summam
3410 4170 3617 4225 rerum,

1973 4266 2106 4320 quas
2137 4250 2204 4305 de
2230 4265 2365 4305 novo
2422 4250 2653 4304 contulit
2685 4251 2881 4303 Auctor
2914 4246 2983 4300 ad
3030 4244 3467 4301 iliustralioncm
3498 4244 3620 4297 Ter-

1972 4340 2205 4394 tulliani
2237 4355 2367 4411 pag.
2407 4338 2589 4393 altera
2636 4338 2801 4393 Tomi
2858 4334 3029 4409 primi
3087 4334 3365 4401 exhibita,
3399 4332 3619 4388 descri-

1971 4432 2129 4499 ptam
2163 4428 2523 4492 dederimus,
2558 4428 2701 4483 satis
2732 4427 2944 4498 cuique
3000 4427 3071 4480 de
3100 4424 3335 4497 ingenio
3375 4422 3615 4477 editoris

1972 4517 2282 4573 constabit.
2318 4517 2400 4571 Ita
2429 4533 2562 4571 vero
2595 4516 2715 4571 haec
2747 4520 2946 4571 sonat:

2042 4629 2069 4656 «
2095 4607 2253 4678 Opus
2271 4606 2380 4663 hoc
2398 4622 2613 4661 novum
2635 4604 2996 4677 tripartitum
3018 4601 3397 4659 tribustomis
3419 4601 3615 4657 absol-

207 4694 537 4767 profitetur,
571 4697 639 4747 ut
686 4693 816 4763 ejus
847 4694 942 4750 55
993 4710 1218 4751 errores
1262 4694 1320 4749 in
1370 4695 1584 4751 bonam
1634 4701 1856 4767 partem
1967 4702 2143 4752 vntur.
2186 4696 2419 4751 Primus
2452 4696 2543 4749 hic
2588 4700 2707 4749 tres
2741 4699 2934 4765 partes
2964 4691 3388 4763 complectitur.
3427 4691 3615 4747 Prima

206 4781 576 4855 interpretari
608 4782 846 4837 nitatur.
881 4783 1010 4838 Haec
1041 4788 1096 4840 et
1142 4783 1310 4855 plura
1340 4801 1516 4856 super
1571 4784 1678 4839 hac
1736 4786 1857 4841 edi-

207 4873 363 4928 tione
392 4872 611 4943 lttigius
632 4870 691 4926 in
721 4870 867 4927 Hist.
905 4872 1052 4927 Eccl.
1087 4874 1210 4929 Sec.
1268 4874 1339 4942 II,
1368 4891 1425 4946 p.
1457 4875 1520 4929 71
1548 4890 1637 4945 sq.

960 4962 1115 5016 1650.

1968 4786 2203 4858 quidem
2235 4801 2439 4840 omnes
2470 4783 2649 4839 libros
2665 4782 3089 4849 Tertulliani,in
3122 4781 3383 4837 ordinem
3407 4780 3614 4851 alpha-

1966 4875 2221 4930 beticum
2255 4872 2531 4945 digestos,
2566 4874 2802 4943 profert,
2856 4871 3137 4943 supplens
3173 4875 3423 4941 quatuor
3452 4869 3614 4924 defe-

1965 4968 2095 5019 ctus
2127 4962 2435 5028 notabiles,
2468 4962 2527 5015 in
2577 4962 2852 5016 omnibus
2911 4961 3200 5016 hactenus
3255 4959 3611 5015 editionibus

276 5050 452 5104 Lond.
510 5050 563 5103 8.
623 5046 965 5103 Tertulliani
999 5047 1285 5120 opuscula
1331 5049 1514 5105 varia.
1573 5080 1642 5089 —-—-
1698 5051 1854 5106 Inter
1964 5051 2410 5125 praetermissos,
2442 5051 2499 5105 in
2525 5050 2968 5122 praefatiuncula
2998 5049 3408 5122 praemittenda
3438 5054 3610 5104 nota-

200 5142 401 5194 Franc.
427 5141 604 5206 Rous,
632 5135 884 5193 Medulla
916 5141 1150 5193 Patrum
1184 5155 1315 5211 pag.
1347 5139 1454 5194 293
1482 5170 1550 5179 —-
1576 5140 1697 5193 468.
1734 5140 1847 5195 Cat.

202 5231 451 5285 Buneau.

266 5424 377 5495 (61)
424 5424 509 5479 Ita
540 5425 666 5494 jam
726 5422 958 5478 Ceillier
1007 5440 1062 5495 p.
1112 5426 1236 5479 526.
1300 5426 1368 5495 ιΙ,
1442 5429 1497 5481 et
1548 5427 1647 5481 Gaz
1699 5428 1842 5482 Bibl.

198 5495 478 5567 Chigianze
506 5514 558 5550 ν.
596 5495 933 5551 Ambianas.
968 5496 1077 5552 Sed
1110 5498 1416 5553 variantin
1441 5515 1727 5553 annorum
1754 5500 1845 5553 in-

199 5570 343 5624 dicio
374 5569 491 5624 VV.
526 5568 646 5625 DD.
711 5567 937 5642 Fabric.
972 5568 1114 5642 (Del.
1152 5587 1205 5640 p.
1260 5571 1411 5642 213.)
1472 5572 1610 5625 1646
1648 5576 1705 5626 et
1751 5573 1839 5627 48.

201 5642 480 5725 Depinius
679 5643 739 5725 c‘t
766 5639 855 5725 5’9,
890 5639 1356 5725 p‘rofert;rquare
1394 5639 1723 5725 utrumque
1743 5660 1840 5725 se:

200 5710 302 5785 qui
323 5712 565 5787 placuit.
602 5710 760 5774 Male
781 5710 1034 5771 San’dius
1066 5710 1233 5784 quasi
1282 5713 1589 5786 repetitam
1618 5710 1671 5771 ἆ.
1710 5716 1843 5770 1650

1962 5148 2053 5198 tos
2084 5142 2216 5212 (62).
2251 5141 2351 5197 56
2382 5140 2668 5204 Secunda,
2721 5140 2977 5211 paciﬁca,
3010 5144 3067 5194 et
3114 5140 3336 5209 absque
3366 5143 3607 5193 conten-

1958 5232 2110 5287 tiosa
2139 5228 2552 5297 controversia,
2595 5228 2772 5284 tacito
2832 5229 3008 5284 etiam
3041 5227 3358 5283 adversarii
3408 5227 3605 5297 cujus-

1955 5427 2107 5483 hanc
2138 5426 2451 5482 editionem
2483 5424 2706 5492 laudat,
2740 5424 2855 5479 nisi
2888 5423 3276 5497 negligentius
3324 5423 3431 5477 hoc
3455 5421 3600 5497 scri-

1955 5500 2157 5572 pserit,
2205 5514 2363 5572 cum,
2397 5498 2660 5572 diversas
2716 5494 3005 5572 editiones
3045 5494 3371 5572 signiﬁcare
3428 5494 3600 5572 vellet

1955 5565 2236 5639 1‘actaa,a.
2270 5571 2428 5626 4648.
2474 5570 2527 5623 Ρ.
2579 5569 2808 5640 Georgii
2867 5574 2923 5625 et
2970 5586 3019 5623 a.
3068 5568 3224 5635 1650,
3283 5565 3457 5629 aliam
3502 5566 3599 5621 Ri-

1953 5644 2221 5718 galtianie
2246 5659 2327 5718 sc.
2364 5640 2790 5718 repetitionem.
2825 5640 3153 5718 Senensi-1M.

2022 5717 2134 5788 (62)
2165 5713 2375 5781 Quales
2396 5708 2446 5769 Τ
2472 5712 2745 5785 equidem
2796 5726 2899 5767 nec
2955 5710 3110 5766 dicto
3168 5708 3293 5765 loco
3347 5708 3598 5783 reperire
