4060 6404
429 403 505 463 59
1902 397 2341 462 ΡΗιΕΡΛΤΙΟ.
3760 401 3850 460 60

429 548 666 604 cunque
697 530 930 587 nomine
962 532 1118 587 nudo
1149 530 1429 597 veritatis,
1452 535 1510 586 et
1555 529 1786 602 pietatis
1817 529 1880 586 S.
1922 529 2074 585 Patri
2103 531 2158 597 Α
2189 532 2496 590 datioribus
2518 533 2854 591 editionibus
2877 533 3075 591 menda
3099 547 3444 594 correxisse;
3472 531 3856 602 virgularum.

427 621 778 694 Augustino,
813 619 1018 674 debitae
1049 636 1154 674 nec
1199 637 1311 674 non
1347 619 1528 674 totius
1581 619 1773 689 operis
1831 633 1898 672 ex
1957 618 2084 688 ejus

426 711 734 766 sententiis
769 709 1105 764 lectissimis
1129 709 1381 763 contexti
1409 710 1479 762 ab
1503 708 1662 763 omni
1695 706 2086 762 aemulationis

428 801 644 871 injuria
673 800 901 855 tutandi
955 805 1245 868 respectu,
1279 797 1477 862 diluit,
1515 797 1899 868 Alphabetum
1926 812 2084 850 erro-

427 906 559 944 rum
594 905 894 960 perperam
912 887 986 941 im
1000 893 1337 958 putatorum
1373 890 1406 941 A
1421 887 1722 955 ugustino,
1736 884 2086 940 Tertulliani

428 979 488 1032 in
520 977 796 1033 omnibus
823 977 985 1032 sanis
1019 975 1394 1046 illustratori,
1441 977 1497 1029 in
1559 975 1842 1047 perversis
1892 989 2086 1029 corre-

426 1067 591 1124 ctori.
629 1066 730 1122 Ubi
764 1070 890 1122 tota
920 1066 1047 1135 ejus
1079 1065 1365 1132 doctrina,
1393 1064 1644 1120 maxime
1678 1080 1807 1119 vero
1851 1064 1920 1118 de
1952 1074 2091 1134 pm'

425 1155 839 1225 destinatione,
875 1156 1084 1226 gratia,
1116 1159 1171 1209 et
1201 1153 1386 1208 libero
1413 1152 1676 1218 arbitrio,
1707 1169 1820 1207 non
1861 1152 2090 1224 privata

426 1245 603 1300 unius
635 1244 913 1314 auctoris,
948 1244 1047 1298 sed
1107 1243 1423 1306 Catholica,
1475 1248 1530 1297 et
1559 1242 1629 1296 ad
1661 1246 1717 1296 S.
1751 1241 2088 1313 Scriptum,

426 1333 688 1402 Patrum,
723 1332 1129 1388 Conciliorum.
1163 1331 1614 1386 SSPontiﬁcum
1647 1335 1702 1386 et
1730 1329 2086 1384 Tridentinis

429 1439 607 1495 quam
625 1422 880 1477 maxime
901 1421 1113 1494 Synodi
1146 1427 1205 1476 et
1225 1419 1671 1476 Constitutionis
1696 1419 2016 1475 Innocentii
2042 1423 2092 1472 X

427 1511 486 1564 in
521 1511 782 1582 quinque
818 1509 1106 1580 PrOposit.
1141 1512 1421 1575 Censura,
1457 1509 1706 1579 regulas,
1771 1514 1968 1563 exacte
2011 1523 2094 1562 re-

429 1601 636 1666 ducta;
670 1604 727 1655 et
757 1615 862 1671 per
889 1599 959 1652 27
990 1599 1348 1670 quastiones
1379 1599 1608 1654 curiose
1655 1598 1945 1661 discussa,
1999 1613 2092 1650 or-

429 1690 691 1745 thodoxa
741 1706 981 1760 prorsus
1060 1705 1187 1743 esse
1259 1687 1649 1742 convincitur.
1723 1687 1916 1742 Tertia
1959 1702 2094 1758 pars

431 1795 723 1847 erroneas,
759 1779 1083 1846 haereticas,
1118 1776 1499 1849 durioresque
1523 1777 1847 1832 sententias
1868 1773 2094 1830 Tertul-

431 1867 571 1923 liani
606 1886 640 1924 a
669 1885 810 1923 sana
845 1869 976 1938 ejus
1007 1867 1275 1922 doctrina
1301 1871 1622 1938 separatas,
1649 1864 1852 1920 ordine
1880 1863 2096 1934 pariter
2125 1895 2174 1962 Β

432 1956 799 2029 alphabetico
833 1961 1139 2011 contextae
1178 1954 1412 2025 evolvit,
1445 1954 1696 2026 explicat
1724 1959 1780 2010 et
1807 1953 2100 2008 Catholica

431 2049 581 2101 S.P.
641 2045 953 2118 Augustini
997 2045 1263 2100 doctrina
1321 2042 1611 2099 dissolvit.
1674 2046 1815 2099 Cum
1865 2042 2097 2114 gemino

433 2136 701 2191 secundae
745 2139 803 2191 et
860 2134 1042 2190 tertiis
1102 2134 1290 2205 partis
1352 2132 1588 2204 proprio
1638 2132 1874 2200 indice;
1915 2130 2097 2186 altero

435 2224 704 2280 locorum
765 2222 1086 2280 selectioris
1126 2222 1431 2295 scriptum
1487 2221 1704 2276 ibidem
1773 2219 2096 2292 explicatis,

432 2313 614 2370 altero
641 2329 834 2368 rerum
882 2312 1328 2368 notabiliorum.
1363 2311 1650 2366 Secundus
1679 2313 1732 2365 et
1773 2311 1984 2364 Tertius
2009 2310 2096 2366 Τοῖ

437 2419 556 2458 mus
610 2403 917 2474 patiuntur
966 2401 1161 2456 omnia
1205 2417 1350 2456 sana
1407 2400 1674 2469 ejusdem
1741 2372 2096 2454 Tertullianl

437 2509 614 2564 Opera
643 2491 702 2547 in
735 2491 900 2547 locos
937 2507 1282 2546 communes
1305 2490 1510 2545 ordine
1543 2505 1688 2544 novo
1733 2493 1790 2543 et
1818 2488 2103 2543 hactenus

439 2583 749 2647 intentato,
781 2598 898 2636 non
925 2585 1152 2635 tantum
1198 2578 1590 2650 alphabetico,
1649 2578 1746 2633 sed
1800 2578 1974 2632 etiam
2013 2594 2100 2632 ra-

437 2668 642 2724 tionali
665 2667 1031 2724 exactissime
1057 2667 1356 2735 distincta,
1418 2667 1688 2722 brevibus
1743 2665 1987 2721 ecboliis
2020 2665 2093 2720 ad

437 2758 674 2830 singula
699 2773 942 2830 quaeque
974 2759 1244 2822 obscura,
1278 2757 1348 2811 ad
1410 2756 1665 2811 litteram
1722 2755 2004 2825 exposita,
2037 2743 2102 2808 εἴ

439 2848 658 2918 ubique
698 2863 799 2920 per
829 2846 1166 2903 selectiores
1198 2862 1264 2901 ex
1329 2844 1586 2900 medulla
1640 2845 1698 2900 S.
1759 2843 2098 2915 Scriptum,

438 2935 853 3001 Conciliorum,
889 2938 1152 3004 Patrum,
1185 2938 1242 2988 et
1269 2933 1328 2988 S.
1384 2932 1696 3004 Augustini
1750 2930 2097 3002 pmsertim:

439 3024 649 3081 nullibi
687 3022 1344 3096 pmtermissi,aliorum
1371 3022 1508 3076 item
1543 3019 2094 3092 probatissimorum

443 3119 747 3170 auctorum
783 3114 1070 3184 cujusque
1100 3111 1422 3184 disciplina;
1443 3111 1600 3166 locos
1629 3109 2094 3166 illustrata.Cum

441 3203 673 3276 triplice
706 3203 896 3258 indice
937 3200 1401 3274 locupletissimo
1461 3200 1518 3255 in
1571 3199 1683 3256 {ine
1737 3199 1882 3255 tomi
1934 3198 2093 3255 tertii

441 3263 784 3348 collocando
811 3316 825 3358 ;
858 3263 1097 3364 quidem
1127 3291 1435 3362 Scriptum
1465 3305 1642 3344 sacm
1671 3287 1968 3360 explicatis
2007 3293 2094 3342 ter
2123 3263 2167 3332 C-

446 3380 660 3437 millies
693 3384 750 3436 et
779 3379 1035 3452 amplius
1065 3378 1235 3448 locis,
1270 3394 1466 3433 rerum
1499 3393 1564 3432 ac
1594 3377 1924 3444 verborum,
1959 3393 2096 3430 con-

445 3471 703 3528 cionum.
728 3469 808 3524 De
838 3467 1447 3540 Operisinscriptione
1505 3467 1640 3537 (63),
1692 3464 2095 3537 dispositione,

450 3559 718 3626 utilitate,
748 3557 1068 3624 soliditate,
1128 3555 1464 3612 curiositate
1496 3560 1554 3610 et
1609 3555 1684 3609 in'
1711 3559 1874 3610 tanta
1903 3569 2098 3609 rerum

446 3648 810 3704 diversarum
834 3645 1656 3716 abundantia,conjunctaque
1672 3643 1953 3698 brevitate
1970 3658 2101 3713 per-

447 3738 678 3810 spicua:
716 3752 819 3793 nec
842 3753 955 3791 non
984 3733 1228 3790 Tabellte
1254 3732 1673 3789 emblematicsa
1713 3731 1906 3787 efronti
1965 3747 2100 3802 ope-

448 3828 529 3883 ris
558 3827 846 3898 imposita:
878 3823 1235 3897 expositione
1267 3823 1405 3893 (64),
1439 3821 1687 3892 Synopsi
1713 3837 1944 3894 quoque
1974 3820 2100 3875 vitae

448 3915 795 3973 Tertulliani
825 3919 882 3970 et
914 3912 1454 3987 Augustini,deque
1485 3909 1819 3983 symbolicis
1875 3925 2102 3976 eorum,

450 4008 546 4063 57
577 4023 641 4061 ac
675 4002 1110 4076 dissymbolicis
1169 4000 1622 4073 proprietatibus
1661 4005 1717 4055 et
1762 3998 1999 4071 elogiis:
2033 3999 2105 4054 de

451 4112 562 4151 usu
621 4095 856 4150 tandem
889 4097 946 4149 et
993 4091 1156 4164 praxi
1217 4091 1406 4146 totius
1445 4089 1640 4161 operis
1698 4088 1892 4155 habet,
1926 4103 2103 4159 quam

455 4188 676 4240 attente
706 4183 999 4239 examinet
1023 4179 1225 4250 lector,
1251 4184 1315 4235 ut
1347 4179 1457 4235 sibi
1489 4178 1932 4246 neccessariam,
1962 4178 2107 4232 Prae-

452 4273 731 4329 fationem
761 4271 1113 4343 generalem,
1145 4266 1778 4341 postnuncupatoriam
1795 4266 2104 4338 epistolam

453 4361 799 4418 immediate
826 4360 1303 4431 subsequentem.
1344 4379 1371 4406 »
1405 4358 1623 4423 Restat,
1655 4360 1720 4410 ut
1747 4356 1818 4410 ad
1850 4355 2105 4427 illa,quaa

453 4452 514 4508 in
546 4455 703 4508 textu
733 4449 1079 4522 pmetitisse
1109 4447 1435 4520 proﬁtetur,
1496 4444 1792 4518 paulisper
1840 4444 2106 4501 animad-

453 4546 752 4598 vertamus
788 4557 802 4608 ;
834 4539 934 4596 sed
967 4543 1025 4594 et
1053 4537 1149 4593 hic
1171 4536 1362 4592 verbis
1393 4535 1584 4608 ipsius
1616 4534 1855 4606 defungi
1884 4534 2103 4592 licebit.

2193 629 2551 693 punctorum,
2610 634 2929 680 accentuum
2979 623 3235 693 delectus,
3283 621 3626 676 intellectum
3657 620 3855 675 obscu-

2194 713 2405 766 rissimi
2445 715 2692 768 auctoris
2739 713 3136 774 obnubilantes,
3177 711 3548 782 supplevisse;
3585 725 3854 779 cacogra-

2195 802 2354 871 phias
2382 817 2548 873 quam
2603 803 2874 874 plurimas
2933 801 3284 863 emendasse;
3319 804 3377 854 ut
3431 800 3488 853 si
3519 797 3860 870 typOgraphi

2197 905 2328 944 cura
2360 891 2689 962 autoyraphi
2713 891 3097 963 purgatissimi
3147 887 3517 943 sollicitudini
3558 888 3856 958 responde-

2197 979 2302 1044 rit,
2334 985 2386 1034 et
2416 982 2707 1035 correctori
2727 981 3150 1048 vigilantissimo
3206 977 3474 1049 paruerit,
3519 977 3664 1032 nihil
3693 980 3856 1046 futu-

2200 1083 2323 1121 rum
2351 1071 2446 1135 sit,
2479 1069 2620 1141 quod
2651 1071 2710 1124 in
2739 1071 2841 1124 hoc
2875 1073 3028 1126 textu
3075 1069 3314 1124 censoris
3372 1066 3576 1133 oculos,
3621 1081 3863 1120 severis-

2197 1158 2328 1212 simi
2355 1159 2501 1224 licet,
2533 1159 2879 1228 arguendum
2907 1159 3306 1214 ostendatJam
3332 1156 3456 1210 haec
3487 1154 3630 1210 satis
3657 1159 3859 1221 erunt,

2199 1261 2306 1300 nec
2333 1250 2532 1302 tamen
2555 1247 2757 1312 nimia,
2782 1252 2847 1302 ut
2876 1263 3175 1320 spero,pro
3206 1247 3442 1301 raritate
3470 1242 3642 1299 molis
3674 1242 3862 1313 hujus

2201 1334 2536 1391 chartaceae.
2571 1337 2876 1409 Inscripsit
2905 1353 3052 1408 opus
3084 1336 3401 1406 Pomponio
3452 1333 3522 1388 de
3572 1331 3860 1387 Bellicore

2202 1424 2412 1495 Equiti,
2447 1431 2502 1480 et
2547 1425 2807 1497 supremi
2833 1434 3070 1482 senatus
3092 1423 3437 1480 Parisiensis
3469 1420 3739 1494 principi.

2953 1514 3108 1569 1662.

2275 1602 2378 1657 En.
2417 1603 3267 1659 PAMELIANA-ROTHOMAGENSIS
3292 1601 3407 1656 I.—
3431 1599 3781 1669 Rothomagis
3817 1598 3857 1651 f.

2203 1691 2268 1757 Q.
2303 1691 2359 1747 S.
2398 1691 2480 1746 F1.
2509 1693 2830 1746 Tertulliani
2858 1708 3033 1763 opera
3080 1690 3300 1754 omnia,
3357 1694 3494 1757 etc.,
3547 1705 3682 1744 cum
3724 1687 3857 1742 Jac.

2204 1783 2363 1836 Pam.
2401 1796 2562 1851 argg.
2593 1785 2649 1834 et
2669 1785 2977 1845 annotatt.,
3015 1779 3206 1834 Latini
3246 1777 3452 1833 Latinii
3503 1775 3861 1848 conjecturis

2203 1873 2337 1935 etc.,
2373 1871 2634 1940 repetita.
2671 1870 2775 1925 Ed.
2808 1869 2965 1923 1597.

2952 1959 3111 2013 1662.

2276 2070 2305 2096 ‹‹
2339 2047 2415 2101 Le
2445 2045 2622 2102 Génie
2648 2047 2718 2102 de
2737 2045 3079 2117 Tertullien,
3115 2063 3221 2118 par
3255 2046 3326 2101 de
3379 2043 3629 2116 P‘ayolle.
3663 2041 3858 2112 Paris,

2203 2134 2381 2191 iani".
2409 2158 2436 2185 ››

2985 2227 3142 2280 1664.

2281 2315 2379 2370 En.
2415 2316 3037 2371 PAMELIO-RIGALTIANA
3071 2315 3313 2371 Pmonn.
3346 2345 3414 2354 —
3434 2311 3664 2368 Lutetia?
3683 2311 3860 2366 Pari-

2207 2406 2438 2469 siorum,
2477 2407 2738 2476 impensis
2775 2407 3062 2460 societatis
3117 2403 3528 2476 lypographicae
3586 2401 3865 2455 librorum

2206 2495 2383 2564 ofﬁcii
2404 2495 2780 2550 ecclesiastici.
2813 2493 2876 2556 Ο.
2911 2494 3068 2564 Sept.
3114 2495 3264 2548 Flor.
3301 2489 3643 2547 Tertulliani
3669 2489 3867 2560 Opera

2209 2583 2279 2637 ad
2336 2582 2876 2638 vetustissimorum
2937 2581 3360 2652 exemplarium
3422 2580 3595 2634 ﬁdem
3656 2575 3866 2633 sedulo

2209 2672 2541 2739 emendata,
2575 2671 2879 2744 diligentia
2908 2672 3025 2727 Nic.
3061 2669 3294 2742 Rigaltii
3345 2669 3396 2724 J.
3431 2669 3492 2725 C.
3526 2683 3660 2723 cum
3691 2667 3863 2736 ejus-

2207 2762 2340 2816 dem
2365 2761 2844 2816 annotationibus
2875 2760 3117 2831 integris
3144 2766 3200 2813 et
3228 2759 3458 2813 varioru
3486 2774 3521 2811 ς]
3556 2771 3864 2812 commen-

2208 2849 2390 2920 tariis,
2424 2849 2663 2905 seorsim
2700 2854 2870 2904 antea
2890 2848 3082 2916 editis,
3115 2847 3481 2902 PhLPriorius
3510 2848 3864 2917 argumenta

2207 2945 2263 2994 et
2292 2939 2440 2994 Nota
2471 2938 2527 2993 in
2557 2939 2704 2994 libro
2735 2954 2935 2993 omnes
2981 2937 3052 2993 de
3101 2953 3248 2992 novo
3305 2935 3518 3007 adjecit
3544 2939 3601 2990 et
3632 2933 3872 2990 Disser—'

2205 3028 2484 3084 tationem
2520 3028 2785 3100 apprime
2843 3026 3048 3082 utilem
3095 3024 3488 3081 concinnavit.
3545 3022 3856 3078 Accedunt

2204 3119 2510 3173 Novatiani
2537 3119 2841 3186 tractatus,
2865 3116 2935 3170 de
2977 3114 3260 3170 Trinitate
3306 3118 3363 3168 et
3389 3112 3545 3169 Cibis
3569 3110 3856 3183 judaicis,

2206 3223 2340 3262 cum
2397 3206 2582 3271 Notis,
2647 3209 2713 3261 ut
2769 3204 2827 3260 in
2871 3204 3126 3260 editione
3174 3201 3438 3259 Pamelii.
3492 3206 3705 3257 Textus
3767 3203 3862 3255 est

2205 3294 2540 3366 Rigaltiante
2600 3294 2888 3362 secundae,
2937 3294 3107 3365 cujus
3165 3292 3341 3348 etiam
3397 3295 3569 3357 notis,
3624 3304 3861 3359 omnes,

2206 3389 2332 3439 tum
2368 3401 2513 3455 quas
2539 3383 2607 3438 ad
2632 3382 2850 3438 calcem
2885 3387 3263 3454 apposuerat,
3312 3385 3440 3437 tum
3501 3396 3578 3435 eae
3623 3395 3751 3450 qua:
3787 3377 3864 3433 ad

2207 3473 2452 3529 notaein
2484 3472 2833 3545 Cyprianum
2865 3476 3032 3528 erant
3075 3472 3336 3542 adjectae,
3391 3474 3671 3542 pmterea
3727 3483 3869 3522 vero

2206 3565 2324 3620 Jac.
2390 3563 2631 3618 Pamelii
2677 3561 3085 3617 annotationes
3152 3560 3400 3626 selectis,
3474 3559 3534 3614 Β.
3585 3556 3865 3613 Rhenani.

2207 3657 2411 3709 Franc.
2469 3651 2741 3724 Zephirii,
2800 3649 3088 3706 Gabrielis
3137 3648 3514 3721 Albaspintei,
3585 3644 3872 3702 Ludovici

2209 3743 2280 3797 de
2309 3741 2366 3797 la
2397 3741 2578 3798 Cerda
2609 3740 2896 3796 doctiores
2937 3739 3394 3804 observationes,
3428 3743 3556 3792 tum
3589 3733 3876 3790 Salmasii

2208 3830 2266 3885 in
2292 3831 2354 3886 L.
2388 3831 2458 3886 de
2480 3829 2658 3884 Pallio
2682 3829 2957 3900 potiores,
2993 3845 3096 3883 nec
3125 3844 3239 3882 non
3267 3826 3555 3894 Mercerii,
3581 3823 3870 3879 Wowerii

2212 3919 2578 3991 aliorumque
2626 3917 3051 3973 illustrationcs
3081 3920 3138 3971 et
3166 3915 3573 3981 correctiones,
3606 3912 3869 3984 denique

2212 4009 2399 4080 ipsius
2420 4007 2673 4079 Philippi
2696 4007 2746 4062 le
2771 4009 2993 4074 Prieur,
3029 4005 3128 4077 qui
3159 4021 3356 4062 curam
3382 4003 3564 4075 hujus
3585 4001 3868 4059 editionis

2213 4097 2416 4170 gessit,
2451 4101 2598 4152 notua
2629 4101 2684 4152 et
2714 4102 3058 4169 argumenta
3088 4095 3145 4149 in
3199 4093 3380 4150 libros
3413 4109 3618 4148 omnes
3665 4107 3868 4148 acces-

2215 4191 2437 4244 serunt.
2471 4185 2815 4256 Consilium,
2850 4201 2964 4256 quo
2995 4183 3330 4240 societatem
3368 4181 3480 4238 sibi
3525 4181 3866 4237 institutam

2213 4293 2342 4333 esse
2371 4274 2698 4346 bibliOpolaa
2734 4273 3012 4340 fatentur,
3058 4278 3124 4328 ut
3166 4273 3382 4328 latinos
3432 4275 3634 4327 Patres
3672 4287 3736 4326 ac
3767 4287 3867 4327 ve-

2212 4371 2365 4422 teres
2421 4366 2517 4422 SS.
2597 4363 3036 4419 Ecclesiasticoe
3103 4361 3470 4417 eruditorum
3550 4359 3866 4416 hominum

2212 4453 2620 4511 lucubratione
2649 4453 2976 4508 illustratos
3008 4452 3265 4518 ederent,
3297 4467 3575 4507 successu
3605 4448 3871 4506 caruisse

2215 4543 2532 4601 dolendum
2565 4546 2671 4598 est.
2713 4541 2857 4597 Nam
2884 4541 3003 4596 haic
3021 4540 3197 4597 editio
3229 4541 3483 4612 profecto
3512 4544 3638 4594 tum
3662 4537 3870 4595 ordine

452 4633 541 4686 Ita
559 4647 692 4686 vero
725 4628 1031 4701 pollicetur
1059 4629 1119 4682 in
1137 4629 1290 4682 textu
1310 4627 1610 4680 innumera
1625 4624 1792 4680 etiam
1821 4625 1882 4679 in
1910 4641 2098 4680 emen-
2129 4639 2176 4704 D
2209 4638 2266 4690 et
2307 4632 2722 4689 distributione
2770 4635 3064 4701 notarum,
3109 4647 3236 4702 quas,
3285 4630 3468 4686 textui
3526 4628 3867 4685 charactere

497 4754 641 4821 otui,
683 4769 789 4808 nec
829 4771 858 4809 e
916 4749 1269 4822 specialiori,
1319 4749 1389 4804 ad
1441 4763 1613 4820 quem
1673 4747 1808 4803 inde
1858 4749 2107 4804 remittit

478 4831 718 4891 actores,
755 4821 1347 4896 pmi‘at’ionecertior
1377 4822 1564 4896 factus
1608 4835 1772 4896 sum:
1826 4821 2106 4896 quoniam

455 4915 587 4953 vero
619 4898 676 4951 in
704 4893 818 4952 ista
847 4896 1026 4966 hujus
1056 4894 1328 4949 editionis
1356 4893 1604 4966 virtutes
1655 4893 1733 4966 ad,
1770 4909 1866 4947 sex
1901 4893 2105 4965 impri-

457 4969 570 5024 mis
601 4968 792 5040 capita
824 4964 997 5023 refert
1029 4968 1108 5039 (et
1144 4966 1334 5022 tribus
1367 4964 1601 5040 quidem
1634 4964 1890 5040 reliquas
1913 4981 2108 5040 carere

455 5037 972 5106 diserte—alﬁrmat,
1009 5037 1110 5095 nec
1141 5042 1412 5110 quartam
1463 5037 1550 5110 eis
1586 5037 1907 5110 concedere
1947 5037 2104 5092 vide-

457 5113 596 5180 tur),
629 5113 754 5168 scil.
788 5130 800 5167 :
836 5113 988 5182 quod
1041 5107 1192 5166 textu
1228 5110 1305 5164 sit
1349 5108 1732 5182 emendatior,
1787 5107 2106 5182 Scriptum

454 5190 511 5240 S.
547 5186 673 5241 loca
701 5186 756 5239 in
818 5181 942 5256 ipso
993 5189 1148 5237 textu
1208 5183 1432 5256 diverso
1464 5181 1805 5256 charactere
1846 5181 1964 5256 sint
1989 5181 2107 5234 dis-

455 5257 749 5339 c_ret‘a,uad
786 5251 1107 5339 marginem
1159 5270 1271 5310 non
1305 5253 1496 5339 capita
1526 5251 1718 5334 solum
1748 5251 1889 5339 libri.
1917 5256 2013 5335 SS,
2059 5267 2108 5334 .a

456 5321 697 5385 Tertull.
726 5321 970 5394 laudati,
995 5327 1094 5382 sed
1123 5342 1326 5381 versus
1357 5321 1533 5379 etiam
1567 5321 1786 5395 singuli
1822 5325 1894 5378 ad
1926 5323 2107 5394 origi-

458 5402 590 5457 nale
637 5401 830 5456 denuo
873 5399 1090 5464 collati,
1151 5396 1413 5469 ascripti,
1473 5399 1845 5469 Argumenta,
1892 5397 2106 5469 quibus

457 5473 581 5527 alia:
613 5473 774 5528 editi.
824 5471 1107 5539 laborent,
1137 5465 1325 5525 libris
1354 5467 1588 5539 pmlixa
1618 5465 1790 5539 plana
1819 5470 1876 5522 et
1910 5465 2110 5523 brevia

461 5575 527 5617 _—
558 5544 679 5600 haec
711 5545 840 5617 ipsa
870 5538 1206 5600 defectuum
1255 5538 1878 5617 nomine__declarasse
1908 5539 2111 5617 Morel-

459 5614 586 5670 lum
609 5607 848 5672 suorum
865 5632 1004 5672 sane
1025 5616 1309 5672 bonorum
1332 5607 1663 5683 cognitione
1680 5610 1824 5667 satis
1847 5611 2104 5684 beatum,

460 5691 636 5760 puto.
653 5689 978 5760 senosnsu.

532 5757 645 5833 (63)
679 5758 1110 5833 Omniloquium,
1164 5752 1380 5828 inquit,
1427 5751 1537 5810 hoc
1589 5768 1736 5826 opus
1781 5753 2106 5828 inscripsi:

2215 4765 2341 4815 tum
2374 4759 2527 4830 quod
2561 4756 2784 4830 nullam
2839 4772 3076 4828 prorsus
3133 4754 3192 4810 in
3269 4772 3335 4810 eo
3386 4753 3738 4830 sententiam
3770 4751 3864 4808 vel

2216 4826 2428 4887 lineam
2460 4846 2528 4885 ex
2560 4829 2668 4884 hoc
2699 4826 3053 4900 solo’opere,
3085 4843 3355 4900 magnam
3403 4827 3461 4882 in
3495 4826 3653 4881 omni
3673 4841 3868 4900 causa

2216 4901 2467 4967 dicendi,
2500 4899 2819 4957 Tertuliani
2843 4897 3310 4972 praetermiserim
3337 4915 3350 4954 :
3384 4903 3510 4954 tum
3537 4897 3688 4972 quod
3723 4897 3866 4952 scri-

2216 4973 2459 5030 bendive
2516 4973 2738 5044 copiam
2796 4987 3128 5043 cuicunque
3176 4971 3411 5038 oratori,
3472 4971 3864 5042 scriptorique

2215 5047 2636 5120 prospexerim.
2677 5045 3006 5120 Scuosusss,

2287 5112 2397 5189 (ὃᾶ)
2419 5117 2774 5189 γΑᾱτίεθιδξιηι
2831 5115 3186 5189 Parisienses
3207 5185 3220 5189 Α
3233 5113 3526 5189 imagines
3547 5112 3864 5189 Augustini

2217 5185 2539 5270 (cucullati)
2571 5194 2627 5244 et
2653 5187 3092 5270 Tertulliani(c.
3128 5185 3326 5270 Pallio)
3379 5202 3490 5242 aere
3543 5187 3868 5270 impressas

2216 5256 2274 5317 et
2315 5260 2490 5316 titulo
2523 5256 2741 5333 'operis
2783 5256 3038 5332 generali
3090 5258 3358 5333 praeﬁxas
3405 5274 3537 5312 cum
3596 5256 3867 5333 subscri-

2217 5333 2449 5404 ptione:
2501 5331 2616 5388 Duo
2668 5335 2727 5388 in
2783 5331 2976 5404 A/rica
3035 5332 3247 5402 ingenii
3310 5334 3554 5404 monstra
3593 5331 3870 5398 totiusque

2216 5401 2488 5462 Doctrina
2512 5410 2561 5460 et
2590 5405 2928 5474 Eloquentia:
2949 5401 3108 5457 Genii
3155 5404 3230 5474 de
3253 5417 3320 5471 pa
3331 5401 3448 5456 ima
3474 5405 3760 5474 certantes.
3798 5431 3868 5443 —-

2219 5477 2523 5534 Cachinius
2553 5472 3314 5547 ipsis_insultasse,Morellue
3340 5473 3704 5547 inquit.Hinc
3728 5488 3863 5547 vero

2216 5548 2530 5605 incumbere
2564 5544 2678 5604 sibi
2705 5548 3003 5604 existimat
3022 5544 3382 5602 Tertulliano
3423 5544 3782 5600 conformari
3805 5551 3861 5599 ct

2215 5622 2368 5678 sicut
2397 5620 2493 5676 ille
2523 5637 2626 5693 pro
2647 5619 2826 5675 Pallio
2863 5635 2992 5684 suo,
3023 5635 3124 5693 pro
3155 5618 3454 5693 Augustini
3482 5616 3861 5674 bardocucullo

2215 5696 2265 5751 et
2300 5708 2454 5751 sacco
2484 5689 2878 5764 apologaticum
2906 5689 3181 5749 scribere.
3206 5689 3532 5746 Senonum.
