4060 6376
300 452 368 513 61
1790 453 1966 513 PB/E

2100 454 2231 515 [‘10.
3641 449 3719 508 62

304 581 513 637 minori
562 581 870 637 columnis
921 582 1097 638 sectis
1146 581 1563 655 subjiciuntur,
1614 587 1741 639 tum
1792 583 1957 640 char-
1991 588 2043 653 Α

306 675 495 726 tarum
540 675 598 726 et
660 676 942 743 typorum
1003 670 1185 726 nitore
1243 672 1506 726 omnium
1565 671 1958 727 litteratorum

307 760 575 832 plausum
609 760 854 816 meruit.
889 759 1095 815 Priorii
1128 760 1285 815 Notis
1319 762 1478 833 parvi
1521 762 1759 832 quidem
1791 761 1959 832 pretii

305 854 460 912 sunt,
497 848 805 904 laudanda
836 854 1055 915 tamen,
1088 866 1262 920 quam
1316 850 1667 904 adornanda;
1716 851 1960 905 editioni

310 937 599 1010 praestitit,
634 937 967 1009 diligentia.
1002 938 1302 993 Novatiani
1341 944 1623 993 tractatus
1655 956 1723 993 ex
1756 956 1959 994 recen-

306 1026 467 1083 sione
497 1026 837 1081 Pameliana
867 1032 924 1081 et
958 1026 1221 1097 ejusdem
1255 1032 1485 1082 tantum
1520 1027 1620 1084 58
1656 1028 1808 1082 notis
1832 1027 1961 1081 illu-

311 1115 478 1170 strati
504 1113 823 1170 habentur.
860 1115 1068 1170 Praeter
1100 1130 1188 1184 ea,
1246 1132 1371 1186 quae
1426 1116 1778 1171 Pamelianis
1818 1116 1956 1170 edit.

312 1204 773 1277 praemittuntur,
804 1205 924 1259 vita
967 1220 1173 1276 nempe
1220 1204 1561 1260 Tertulliani
1615 1223 1648 1261 a
1703 1205 1959 1260 Pamelio

308 1294 667 1365 conscripta,
699 1294 1002 1349 Paradoxa
1030 1292 1189 1349 illius
1221 1310 1355 1348 cum
1387 1293 1670 1358 antidoto,
1718 1310 1959 1365 prover-

306 1382 496 1437 biales
532 1382 794 1438 formulae
826 1388 945 1438 toto
976 1399 1149 1455 opere
1179 1387 1485 1449 contentas,
1518 1399 1586 1438 ex
1632 1382 1961 1454 Rigaltiana

310 1471 560 1527 accessit
596 1472 877 1543 judicium
924 1472 994 1526 de
1051 1471 1433 1537 Tertulliano,
1472 1477 1604 1539 etc.,
1665 1478 1721 1526 et
1778 1472 1960 1526 series

307 1576 555 1632 operum
588 1560 905 1632 aRigaltio
953 1562 1244 1629 instituta,
1305 1566 1431 1615 tum
1493 1578 1694 1617 recens
1753 1560 1959 1615 Priorii

308 1650 459 1705 diss.
511 1666 625 1719 qua
675 1649 1020 1705 Tertulliani
1068 1651 1205 1720 vita,
1266 1651 1570 1720 Opiniones
1622 1655 1679 1706 et
1736 1666 1959 1706 errores

314 1740 749 1812 expenduntur.

1066 1830 1223 1885 1664.

382 1935 631 1991 «Herm.
688 1935 1048 1992 Rathmanni
1105 1935 1488 2008 Theosophie
1549 1937 1686 1993 edit.
1749 1941 2035 2025 quartaB

312 2043 464 2082 novo
512 2025 797 2097 inscripta
840 2025 1007 2081 titulo
1043 2043 1055 2080 :
1090 2025 1425 2099 Aurifodina
1472 2033 1715 2082 Patrum
1759 2027 1957 2082 theolo-

310 2116 463 2185 gica,
494 2118 609 2169 lum
641 2115 996 2183 speculaliva,
1029 2118 1148 2170 tum
1180 2117 1443 2185 practice,
1476 2118 1637 2171 certis
1679 2132 1781 2187 per
1817 2117 1959 2172 locos

308 2204 642 2272 theologicos
664 2205 1064 2275 porismalibus
1105 2206 1434 2273 consignata
1465 2230 1479 2272 ;
1508 2214 1651 2261 certa
1698 2222 1764 2261 ac
1804 2207 1961 2261 salu-

311 2294 462 2349 taria
490 2297 679 2348 contra
719 2294 1067 2349 adversarios
1096 2294 1307 2364 quosvis
1344 2295 1577 2350 tradens
1618 2294 1958 2363 documenta,

308 2400 346 2438 a
374 2383 571 2437 multis
613 2382 936 2449 iamdudum
965 2382 1274 2438 desiderata
1306 2401 1319 2451 ;
1366 2384 1487 2455 jam
1514 2400 1665 2439 nunc
1717 2402 1840 2440 vero
1893 2385 1961 2440 ab

312 2472 618 2541 insigniori
648 2470 886 2541 quodam
913 2479 965 2527 et
1002 2471 1066 2527 de
1107 2474 1354 2527 Ecclesia
1408 2472 1613 2528 Christi
1649 2490 1813 2544 quam
1856 2489 1964 2529 me-

314 2561 587 2616 ritissimo
617 2560 863 2630 theologo
888 2560 1098 2631 publici
1126 2562 1265 2628 iuris
1310 2563 1475 2632 facta.
1526 2568 1611 2617 An
1662 2563 1736 2618 ob
1767 2561 1963 2616 fucum

326 2649 690 2720 emptoribus
721 2648 1076 2716 faciendum,
1108 2666 1179 2704 an
1212 2650 1284 2704 ob
1316 2666 1552 2721 gravem
1602 2656 1860 2706 exortam
1905 2651 1963 2706 in

320 2736 635 2793 Germania
662 2737 1109 2793 controversiam
1145 2738 1703 2809 Rathmannianam,
1734 2740 1968 2812 excogi-

324 2831 444 2881 tata
486 2827 662 2881 fuerit
716 2827 839 2882 haec
894 2826 1195 2882 titulorum
1257 2827 1527 2897 varietas,
1588 2828 1965 2901 deletumque

321 2916 582 2971 auctoris
614 2933 850 2982 nomen,
882 2915 1038 2971 haud
1074 2917 1257 2989 liquet
1290 2934 1393 2973 nec
1424 2935 1773 2990 quamquam
1810 2934 1965 2974 nunc

318 3004 590 3077 ignorare
620 3006 797 3078 piget.
831 3027 859 3054 ››

1068 3095 1224 3151 1665.

394 3206 421 3233 ‹‹
458 3182 671 3239 VERSIO
708 3183 945 3239 GALLICA
975 3183 1176 3240 libror.
1209 3184 1279 3239 de
1319 3184 1522 3253 Pallio,
1555 3186 1627 3241 do
1678 3185 1966 3241 Patientia

322 3276 376 3327 et
420 3272 821 3328 exhortatione
882 3273 953 3329 ad
1014 3277 1319 3346 martyres,
1378 3274 1693 3346 interprete
1748 3275 1965 3330 Manne-

318 3376 495 3415 διενο.
526 3384 550 3414 ι

1058 3460 1221 3516 1673.

400 3582 421 3605 ι
459 3558 696 3614 Librum
729 3558 808 3613 Ad
836 3567 1110 3630 martyres
1144 3558 1360 3614 Gallice
1409 3559 1838 3631 interpretatus
1883 3562 1973 3616 est

324 3646 489 3703 Paul.
522 3646 907 3713 Colomesius,
941 3646 1194 3719 Rupell.,
1228 3648 1391 3702 in-8°.
1430 3670 1457 3697 »

1072 3756 1232 3809 1675.

395 3842 705 3908 Bruxellis,
764 3844 817 3898 4.
875 3843 1031 3898 Tert.
1089 3842 1237 3898 liber
1297 3844 1367 3899 de
1426 3843 1971 3916 Prescriptionibus

324 3936 527 3987 contra
582 3931 887 3987 haereticos
944 3948 994 3986 c.
1052 3931 1259 4001 schol.,
1337 3936 1395 3989 et
1451 3933 1609 3989 notis
1666 3932 1975 3989 Christiani

325 4022 483 4093 Lupi

1073 4112 1231 4167 1675.

396 4218 502 4272 En.
546 4218 1167 4273 PAMELIO-RIGALTIANA
1217 4218 1436 4273 Pmonn
1492 4217 1559 4274 ΙΙ.
1615 4249 1683 4258 -
1739 4220 1974 4277 Lutetia

328 4308 601 4362 Parisior.
635 4323 728 4378 ap.
759 4309 907 4362 Petr.
941 4307 991 4362 Ic
1023 4309 1181 4377 Petit,
1216 4307 1325 4362 sub
1385 4308 1554 4377 signo
1614 4308 1815 4364 Crucis
1877 4325 1974 4363 an-

325 4411 457 4449 reae.
490 4394 845 4450 Edmundum
876 4394 1121 4451 Couterol
1150 4395 1263 4450 sub
1296 4412 1342 4450 s.
1383 4394 1556 4450 bonis
1618 4395 1875 4451 Pastoris
1917 4400 1975 4451 et

330 4483 584 4539 Carslum
614 4486 806 4555 Auget.
852 4484 961 4540 sub
993 4501 1041 4540 s.
1092 4485 1298 4540 Leonis
1346 4485 1527 4553 aurei,
1580 4484 1638 4539 in
1687 4485 1780 4539 via
1807 4485 1972 4541 Jaco-

328 4574 472 4629 bzea.
507 4573 771 4646 Repetita
801 4591 855 4629 a.
889 4574 1048 4644 1664,
1091 4590 1125 4628 a
1172 4574 1426 4643 pluribus
1482 4574 1694 4630 mendis
1739 4590 1858 4645 quae
1913 4575 1975 4629 in

322 4662 715 4734 praecedentem
744 4665 1084 4735 irrepseranl
1111 4663 1702 4735 cxpurgata.Accessit
1730 4667 1971 4719 Carmen
2002 4700 2049 4765 Β

326 4752 398 4807 de
425 4751 615 4808 Joona
644 4756 701 4809 et
733 4751 955 4809 Ninive.

1066 4843 1222 4898 1675.

398 4971 427 4997 ‹‹
462 4952 541 5003 ΒΕ
574 4965 634 5004 LA
664 4948 880 5004 Mo'rrs.
914 4948 1166 5005 Histoire
1196 4950 1267 5005 de
1312 4947 1631 5005 Tertullien
1682 4954 1739 5005 et
1786 4948 1972 5004 d’Ori-

321 5040 489 5110 géne.
522 5038 705 5094 Paris.
742 5038 900 5094 1675.
934 5069 1001 5079 -
1036 5038 1242 5111 Lugd.,
1275 5038 1438 5109 4702,
1472 5038 1632 5093 in-8°.
1668 5060 1696 5089 »

1074 5146 1232 5202 1680.

394 5255 423 5283 ι(
457 5238 627 5289 PETRI
650 5239 786 5290 ALLI
807 5252 885 5290 xu
905 5236 973 5291 de
998 5232 1348 5290 Tertulliani
1371 5234 1489 5291 vita
1510 5239 1566 5291 et
1596 5235 1968 5309 scriptis,Pa-

322 5323 427 5380 ris.
463 5324 632 5380 in-8°.
671 5348 700 5375 )›

1064 5414 1222 5470 1680.

393 5547 422 5573 ((
454 5521 692 5579 NA'rALis
731 5525 1054 5579 ALEXANDRI
1085 5522 1319 5578 dissert.
1374 5526 1451 5578 De
1511 5523 1786 5579 Doctrina
1839 5523 1974 5579 Ter-

320 5612 552 5669 tulliani
585 5620 643 5670 et
672 5614 747 5668 de
778 5615 1142 5669 sacramento
1174 5611 1658 5682 confirmationis,
1687 5613 1745 5666 in
1777 5613 1967 5686 ejusd.

320 5702 465 5760 Hist.
500 5703 655 5761 Eccl.
689 5700 759 5757 V.
795 5706 849 5758 et
874 5701 942 5758 N.
975 5701 1156 5770 Test.,
1184 5705 1227 5758 t.
1260 5700 1358 5757 III.
1392 5717 1524 5761 smc.
1572 5701 1643 5758 II.
1677 5706 1786 5760 art.
1818 5700 1966 5772 VIII,

321 5810 375 5868 ρ.
406 5794 533 5852 295.
565 5793 775 5851 Venet.
810 5791 967 5847 1778.
999 5812 1029 5842 ››

2812 582 2970 638 1682.

2143 694 2171 721 ‹‹
2204 673 2446 728 Carmen
2480 672 2543 727 de
2570 674 2705 727 Jona
2735 680 2785 726 et
2830 672 3048 735 Ninive,
3083 685 3215 723 cum
3268 668 3562 723 animadv.
3608 667 3716 723 Ju-

2071 768 2176 828 ret,
2212 761 2450 827 Barthii,
2480 760 2775 828 Gronovii,
2818 762 2887 814 ad
2947 759 3165 814 calcem
3222 758 3479 812 Paullzni
3532 756 3716 812 Petri-

2072 850 2233 916 corii,
2269 851 2488 905 editum
2523 869 2554 906 a
2585 850 2712 905 Chr.
2746 851 3009 914 Daumio,
3046 849 3225 919 Lips,
3260 848 3433 903 in-8°.
3470 869 3499 896 ››

2818 940 2954 992 1682
2963 981 2975 992 .

2145 1028 2401 1083 «Vsssxo
2441 1029 2829 1083 GERMANICAI
2881 1028 2975 1081 lib.
3035 1026 3104 1080 ad
3157 1025 3469 1097 Scapulam,
3530 1025 3712 1079 inter-

2072 1122 2231 1188 prete
2263 1118 2465 1172 Abrah.
2508 1117 2970 1172 llmckclmanno.
3035 1116 3277 1181 Luneb.,
3340 1115 3497 1181 1684,
3536 1114 3712 1181 in—12,

2070 1206 2143 1260 ab
2172 1206 2376 1261 eodem
2406 1223 2581 1274 vera,
2615 1206 2715 1261 lib.
2749 1206 2820 1261 ad
2852 1209 3146 1276 martyres,
3182 1204 3360 1258 in-12.
3401 1226 3421 1252 ιι

2817 1295 2972 1349 1683.

2139 1385 2345 1439 Vsasxo
2374 1392 2619 1439 GALLICA
2652 1384 2745 1439 III.
2780 1415 2848 1424 --
2877 1384 3068 1439 Tract.
3096 1384 3166 1437 de
3228 1381 3573 1454 Prescripl.,
3629 1381 3713 1436 in-

2069 1477 2319 1544 terprete
2351 1479 2413 1528 Ι).
2448 1474 2713 1538 Heberto,
2743 1474 2839 1545 qui
2875 1479 2928 1527 et
2987 1476 3267 1527 tractatus
3324 1472 3394 1525 de
3449 1470 3711 1525 velandis

2070 1562 2503 1634 virginibus,de
2526 1564 2723 1618 habitu
2759 1568 3088 1634 ornatuque
3108 1561 3457 1616 feminarum
3493 1558 3711 1615 Gallice

2068 1654 2263 1707 vertit.
2297 1652 2477 1707 Paris.
2511 1674 2538 1703 »

2819 1742 2975 1795 1686.

2141 1831 2241 1887 59
2274 1830 2672 1899 Cantabrigiaz,
2739 1847 2808 1886 ea:
2838 1830 3040 1901 0/].10.
3101 1829 3287 1899 Hayer
3342 1827 3476 1898 imp.
3538 1827 3709 1881 Henr.

2070 1919 2364 1975 Dickimon
2393 1924 2450 1975 et
2480 1921 2630 1975 Rich.
2666 1918 2859 1974 Green.
2895 1919 2979 1987 12,
3030 1918 3093 1982 Ο.
3147 1918 3230 1972 F1.
3285 1918 3441 1972 Tert.
3502 1914 3713 1987 Apolo-

2066 2009 2292 2081 geticus
2322 2014 2377 2064 et
2408 2010 2478 2064 ad
2508 2009 2837 2080 Scapullam
2872 2008 3037 2075 liber,
3071 2005 3317 2062 accessit
3350 2006 3428 2060 M.
3475 2003 3713 2059 Minucii

2070 2097 2273 2153 Felicis
2303 2097 2596 2153 Octavius.
2628 2128 2698 2138 ——
2729 2096 3136 2169 Apologeticus
3172 2096 3241 2150 ad
3275 2094 3415 2151 edit.
3454 2093 3712 2161 Heraldi,

2068 2186 2242 2257 capit,
2275 2187 2637 2256 argumentis
2668 2204 2735 2242 ex
2764 2187 2853 2241 ed.
2894 2185 3158 2241 Lacerdae
3189 2182 3425 2249 additis,
3460 2181 3610 2237 liber
3641 2181 3712 2236 ad

2071 2274 2383 2346 Scapulam
2406 2276 2477 2330 ad
2510 2275 2773 2346 ejusdem
2811 2282 2882 2329 La
2910 2274 3102 2329 Cerdaa
3133 2274 3223 2328 ed.
3245 2271 3521 2343 exscripti
3552 2276 3713 2326 sunt.

2877 2382 2966 2436 95.

2809 2383 2966 2436 1695.

2144 2471 2242 2525 Eo.
2279 2472 2906 2526 PAMBLIO-RICALTIANA
2935 2474 3154 2525 Panum
3185 2468 3281 2523 III.
3328 2498 3393 2508 —
3444 2466 3711 2537 Repetita

2073 2565 2162 2615 est
2184 2560 2240 2614 h.
2274 2577 2327 2614 a.
2360 2560 2537 2615 editio
2568 2558 3151 2631 Rigaltio-Prioriana
3182 2555 3469 2627 (Ceitlier).

2766 2662 2769 2663 '
2810 2649 2965 2702 1699.

2146 2760 2174 2788 «
2200 2742 2260 2792 E.
2295 2738 2423 2793 SAL.
2455 2738 2724 2793 CYPaiAm
2767 2737 3024 2791 Diatriba
3075 2733 3407 2790 academica
3462 2749 3580 2804 qua
3613 2747 3714 2786 ex-

2075 2827 2348 2898 penditur
2377 2826 2520 2881 illud
2580 2825 2926 2882 Tertulliani
2961 2843 2974 2882 :
3010 2824 3397 2879 Haereticorum
3453 2822 3707 2877 Patriar-

2074 2917 2174 2971 cha
2202 2915 2548 2987 Philosophi,
2584 2916 2751 2983 in-2l°,
2785 2913 3030 2970 Helmst.
3066 2934 3091 2964 ι)

2689 3021 2910 3079 Saaculo
2940 3037 3098 3076 xvm.

2822 3111 2981 3166 1701.

2143 3205 2245 3259 En.
2275 3204 2495 3259 Vanam
2527 3206 2567 3258 Ι.
2597 3232 2669 3244 -
2698 3203 2926 3257 Vcnetiis
2958 3201 2996 3255 f.
3028 3202 3092 3264 Q.
3124 3203 3179 3253 S.
3220 3198 3296 3253 Fl.
3328 3197 3483 3251 Tert.
3517 3212 3610 3266 op.
3650 3212 3701 3249 c.

1996 3327 2039 3394 Ο
2075 3293 2369 3347 variorum
2404 3292 2555 3348 notis
2585 3292 2817 3347 selectis
2849 3292 2919 3344 ad
2978 3287 3294 3344 voluminis
3351 3284 3615 3394 calcem;
3648 3312 3719 3394 —:—

2078 3381 2372 3437 Fabricius
2406 3381 2538 3448 (Del.
2577 3398 2631 3452 p.
2662 3381 2789 3447 215)
2818 3396 2890 3434 ea:
2920 3376 3112 3448 Pta/ﬁi
3147 3376 3333 3446 Origg.
3387 3375 3507 3445 jur.
3548 3372 3719 3452 Eccl.

2082 3487 2139 3541 p.
2170 3470 2296 3540 244,
2330 3486 2445 3525 non
2477 3469 2796 3525 admodum
2824 3467 3196 3523 emendatam
3229 3479 3357 3520 esse
3390 3465 3611 3518 narrat.

2859 3557 2984 3611 701.

2827 3560 2984 3612 1701.

2156 3668 2184 3700 (ι
2213 3651 2340 3703 SAL.
2371 3650 2643 3703 Cyrnum
2692 3648 3077 3702 Commentat.
3136 3644 3208 3698 de
3257 3640 3533 3697 Doctrina
3589 3639 3722 3694 Ter-

2080 3736 2313 3791 tulliani
2347 3736 2689 3809 Evangelica
2716 3737 2867 3791 inter
2915 3734 3105 3806 ejusd.
3153 3732 3389 3787 dissert.
3450 3729 3592 3784 varii
3631 3745 3721 3783 ar-

2080 3826 2364 3897 gumenti.
2398 3827 2685 3898 Cobourg.
2721 3847 2748 3875 ››

2820 3915 2976 3968 1702.

2152 4004 2366 4060 Beatus
2398 4005 2558 4061 card.
2587 4004 2825 4076 Joseph.
2878 4007 3018 4058 Mar.
3069 3998 3420 4057 Thomasius
3464 3996 3721 4069 primum

2082 4111 2323 4151 suarum
2352 4094 2797 4150 Institutionum
2839 4092 3298 4163 theologicarum
3351 4086 3607 4159 vulgavit
3634 4090 3721 4139 to-

2083 4201 2267 4253 mum,
2300 4184 2357 4238 in
2391 4185 2561 4255 cujus
2590 4184 2775 4255 capite
2805 4182 2988 4239 edidit
3028 4181 3244 4236 librum
3275 4175 3622 4234 Tertulliani
3653 4174 3724 4229 de

2084 4273 2628 4345 Praescriptionibus
2660 4275 2940 4329 adversus
2972 4271 3294 4325 haereticos.
3351 4272 3518 4323 Rom.
3548 4264 3721 4320 in—li°.

2823 4363 2981 4416 1702.
3736 4365 3745 4373 '

2159 4474 2185 4502 α
2215 4453 2346 4508 Jon.
2380 4457 2549 4507 Camn
2598 4452 2918 4522 conjectur.
2981 4451 3039 4505 in
3073 4448 3339 4520 quadam
3396 4444 3524 4500 loca
3578 4442 3723 4497 Ter-

2083 4541 2212 4597 tull.
2247 4541 2454 4613 Oxon.,
2487 4541 2546 4596 in
2582 4540 2679 4597 fol.
2718 4564 2742 4589 ››

2828 4631 2984 4685 1702.

2150 4720 2575 4777 Amsterd.chez.
2632 4721 2779 4775 Tom.
2840 4718 3132 4785 Lambrail,
3191 4716 3245 4783 8,
3306 4712 3725 4787 Apologétique

2083 4810 2153 4865 de
2184 4809 2525 4876 Tertullien,
2586 4826 2657 4865 ou
2716 4810 2959 4864 Defensa
3011 4808 3114 4863 des
3169 4804 3471 4863 Cbrétiens
3528 4804 3726 4857 contra

2081 4898 2165 4955 les
2197 4898 2563 4954 accusations
2595 4899 2696 4954 des
2728 4897 2972 4965 Gentils,
3030 4896 3286 4951 traduite
3342 4910 3413 4948 en
3473 4888 3725 4957 francais

2083 5006 2187 5061 par
2215 4990 2377 5045 Louis
2410 4988 2562 5058 Giry,
2595 5005 2729 5043 avec
2760 4987 2812 5042 1e
2844 4992 2995 5042 texte
3028 4986 3172 5042 latin
3216 4988 3249 5040 ὸ,
3308 4984 3471 5049 cOté;
3506 4979 3723 5035 edition

2081 5078 2426 5150 augmentée
2456 5077 2629 5133 d’une
2667 5077 2910 5132 Dissert.
2955 5075 3204 5147 critique
3260 5072 3544 5128 touchant
3588 5068 3722 5122 Ter-

2080 5167 2283 5222 tullien
2317 5171 2374 5223 et
2404 5184 2497 5223 ses
2546 5183 2853 5238 ouvrages.
2889 5197 2958 5206 ——
3016 5163 3220 5219 Versio
3276 5163 3393 5217 haec
3455 5154 3725 5213 Ludovici

2080 5256 2327 5328 Giry(in
2359 5262 2564 5312 senatu
2598 5257 2755 5329 regio
2815 5255 2997 5311 Paris.
3058 5253 3346 5318 advocati,
3410 5249 3588 5317 1665),
3650 5244 3722 5299 ab

2082 5363 2235 5401 anno
2267 5345 2593 5413 ind81636,
2649 5346 2960 5417 aliquoties
3017 5344 3232 5416 prodiit
3287 5340 3508 5409 absque
3564 5338 3723 5389 textu

2082 5435 2281 5492 latino.

2822 5524 2982 5581 1703.

2159 5637 2179 5664 α
2206 5615 2489 5688 Anonymi
2515 5614 3039 5685 Disssertatio,qua
3061 5617 3126 5668 ut
3146 5624 3343 5665 verum
3368 5603 3722 5679 genuinum-

2083 5720 2195 5777 que
2224 5703 2569 5761 Tertulliani
2600 5720 2748 5775 opus
2802 5702 3133 5758 vindicatur
3188 5696 3488 5769 catologus
3537 5695 3723 5750 hiare-

2082 5809 2179 5850 seo
2208 5792 2358 5849 libro
2389 5792 2901 5866 Praescriptionum
2931 5791 3253 5864 subjectus.
3302 5819 3371 5829 —-
3414 5784 3725 5844 Mémoires
