4060 6408
373 399 451 457 63
1850 394 1944 453 PR
1956 388 2292 453 EFATIO.
3699 378 3786 438 64

377 532 448 586 de
480 531 763 601 Trévoux,
797 531 904 587 fév.
942 533 1097 602 1703,
1132 549 1189 604 p.
1225 533 1327 586 113
1363 531 1622 603 (auctore
1646 532 1708 582 P.
1769 528 2025 582 Tourne-
2052 527 2106 593 Α
2139 521 2410 595 fugitives
2437 519 2509 576 de
2531 517 2719 575 l’abbé
2743 515 3157 574 Archimbaud.
3189 516 3233 568 t.
3266 512 3360 575 IV,
3407 527 3465 584 p.
3523 510 3781 578 116-119,

378 619 537 676 mine
563 620 612 690 Ῠ)
643 642 672 669 ››

1112 710 1265 764 1704.

453 818 480 850 σ
510 797 599 852 Jo.
627 798 826 854 Joacn.
863 804 1168 855 Zsarcaav.
1202 798 1526 854 Exercit.de
1571 802 1757 868 Lapsu
1792 794 2020 851 Tertul-

374 885 514 942 liani
549 888 619 942 ad
656 887 1065 960 Montanietas,
1099 890 1326 960 Argenl.
1360 888 1528 943 in-4°.
1565 909 1591 935 »

1124 978 1280 1031 1705.

445 1085 474 1115 κ
530 1067 696 1120 ΑοΑΜ
742 1066 1170 1121 Rscnemasacn
1213 1066 1450 1121 Dissert.
1501 1083 1574 1120 an
1627 1064 2020 1120 Hmreticorum

373 1155 722 1211 Patriarc‘w
764 1155 1090 1227 Philosophi
1142 1172 1208 1210 ex
1239 1155 1338 1209 illo
1390 1152 1735 1209 Tertulliani
1791 1153 2015 1208 advers.

373 1242 822 1316 Hermogenem,
857 1260 986 1316 cap.
1026 1243 1175 1298 Vlll.
1213 1243 1395 1315 Lips.,
1427 1243 1596 1298 ill-[10.
1629 1264 1649 1291 ι

1122 1330 1278 1387 1708.

447 1420 777 1490 νεηειίίε,4,
813 1436 912 1475 sex
943 1420 1140 1487 tomis,
1174 1421 1541 1476 Tertullianus
1567 1420 1887 1492 praedicans
1919 1434 2020 1490 per

372 1508 716 1564 Michaelem
755 1509 984 1564 Vi-viens.
1014 1540 1076 1550 —
1110 1508 1393 1564 Fabricius
1439 1509 1798 1563 mentionem
1833 1508 2019 1561 facere

375 1598 447 1652 de
477 1613 543 1652 eo
575 1597 733 1652 dicit.
770 1628 838 1637 —
879 1597 1291 1670 Ephémérides
1351 1597 1531 1652 Paris.
1591 1594 1855 1667 (Journal
1913 1595 2017 1650 des

372 1689 501 1740 Sav.
534 1686 672 1740 1708
703 1686 885 1753 Febr.,
921 1703 1054 1759 pag.
1106 1688 1231 1742 408.
1293 1686 1402 1742 Sed
1464 1684 1685 1740 nullam
1744 1684 1824 1739 ibi
1883 1683 2017 1739 libri

376 1774 731 1830 mentionem
761 1774 1020 1832 invenire
1050 1775 1238 1847 potui.

1119 1865 1273 1921 I710.

2048 1893 2168 1965 ΒΟ

2132 610 2340 682 Paris).
2373 630 2402 660 η

2877 712 3033 768 1718.

2205 824 2456 895 Lugduni
2485 824 2610 878 Bal.
2646 820 2790 893 apud
2819 821 2971 875 Isaac
3009 818 3350 874 Severinum.
3404 845 3473 856 -
3501 815 3564 879 0.
3599 819 3655 868 S.
3688 812 3774 868 Fl.

2129 915 2282 971 Tert.
2313 912 2508 968 Carth.
2544 907 3161 983 presb.Apologeticue
3192 906 3262 961 ad
3295 904 3530 961 Codices
3563 906 3776 959 mss.et

2128 1003 2412 1058 editiones
2431 1007 2654 1057 veteres
2685 1015 2921 1056 summa
2950 1015 3090 1053 cura
3129 994 3482 1066 recognitus,
3515 993 3776 1064 castiga—

2131 1099 2244 1159 tus,
2277 1091 2647 1154 emendatus,
2680 1092 2744 1144 ut
2790 1092 2846 1143 et
2899 1090 3180 1158 perpetuo
3235 1081 3775 1152 Commentario,in

2128 1197 2384 1252 quonon
2420 1180 2591 1234 modo
2622 1177 2917 1234 variorum
2967 1179 3296 1240 auctorum,
3342 1173 3444 1227 sed
3489 1175 3548 1226 et
3594 1169 3768 1242 plura

2128 1269 2186 1324 S.
2220 1269 2532 1340 Scriptura:
2563 1267 2690 1322 loca
2715 1263 2979 1321 strictius
3006 1261 3095 1316 vel
3121 1260 3361 1316 uberius
3382 1259 3771 1331 explicantur,

2128 1357 2499 1412 elucidantur
2526 1359 2583 1411 et
2611 1355 3008 1421 illustrantur,
3040 1350 3236 1406 studio
3262 1354 3320 1405 et
3369 1346 3664 1403 industria
3693 1346 3780 1401 Si-

2124 1446 2334 1516 geberli
2356 1445 2712 1514 Havercampi
2745 1445 2812 1496 V.
2846 1441 2912 1496 D.
2945 1439 3225 1509 ministri,
3259 1437 3359 1510 qui
3419 1440 3628 1509 przeter
3678 1452 3772 1490 ar-

2128 1539 2406 1606 gumenta
2438 1533 2720 1604 capitum,
2765 1530 2990 1586 indices
3046 1529 3218 1584 etiam
3275 1525 3778 1598 locupletissimos

2128 1631 2245 1680 tres
2272 1622 2520 1694 adjecit;
2553 1637 2688 1677 cum
2723 1618 2926 1691 ﬁguris
2956 1622 3012 1673 et
3042 1631 3419 1673 nummorum
3450 1613 3606 1687 typis
3638 1618 3777 1684 (prae

2127 1713 2241 1767 ﬁxa
2271 1713 2449 1767 etiam
2479 1710 2670 1782 efﬁgie
2699 1707 3038 1764 Tertulliani
3071 1723 3205 1762 cum
3237 1704 3782 1777 epigrammate).—

2127 1800 2621 1857 Prastantissima
2677 1799 2858 1869 hujus
2917 1796 3051 1852 libri
3131 1793 3514 1850 Tertullianei
3569 1792 3777 1848 editio.

2177 1891 2351 1962 uippe
2369 1887 2574 1944 editori
2597 1887 2977 1959 antiquarum
3008 1901 3202 1940 rerum
3234 1881 3567 1956 cognitione
3599 1881 3787 1936 abun-

445 1973 474 2002 “
504 1950 721 2041 νελειο
746 1955 1001 2009 Amm“
1021 1955 1058 2008 l'
1089 1953 1457 2018 Τθτίυῃίδηίν
1495 1952 1672 2008 Sim“!
1703 1957 1761 2008 at
1788 1951 2013 2008 Justini
2049 1950 2095 1965 ν
2125 1950 2470 2034 dantiseimo
2493 1982 2550 2032 et
2579 1950 2983 2032 curiosissimo
3031 1972 3208 2029 simul
3257 1950 3546 2040 obtigerat
3603 1987 3786 2041 appa-

375 2055 440 2094 ac
470 2040 704 2095 Minucii
738 2041 940 2098 Felicis
974 2042 1295 2114 Apologeti,
1328 2047 1384 2097 et
1412 2042 1704 2097 Vineentii
1758 2041 2016 2096 Lirinen-

373 2128 456 2184 sis
486 2129 947 2197 Commonitorii,
979 2147 1112 2186 cum
1147 2130 1572 2203 prolegomenis
1603 2147 1670 2186 ac
1702 2131 1877 2202 notis,
1912 2147 2014 2186 au-

375 2219 532 2272 ctore
562 2219 745 2274 Kevio.
780 2219 988 2286 Lond.,
1024 2221 1068 2274 Il
1101 2219 1270 2274 in-8°.

1049 2308 1152 2363 ω)
1185 2308 1343 2363 4711.

446 2416 475 2445 ‹‹
506 2398 559 2449 J.
596 2394 1158 2452 HENNINeiBouusai
1192 2397 1645 2454 Dissertationes
1661 2397 1816 2468 juris
1839 2397 2016 2454 eccle-

376 2483 600 2539 siastici
631 2485 859 2556 antiqui
910 2486 981 2540 ad
1016 2485 1270 2541 Plinium
1319 2487 1651 2543 Secundum
1699 2495 1755 2543 et
1798 2486 2018 2542 Tertul-

374 2569 621 2627 lianum.
659 2573 836 2644 Lips.,
867 2574 1037 2630 in-8°.
1074 2599 1102 2625 »

1125 2663 1282 2718 1713.

451 2750 692 2822 Patavii,
725 2751 778 2806 4.
810 2749 1154 2806 Tertulliani
1184 2752 1330 2808 liber
1359 2754 1430 2809 de
1459 2753 1731 2809 Oratione
1768 2751 2020 2824 comple-

379 2841 476 2893 tus
509 2855 642 2893 cum
677 2841 830 2896 notis
859 2839 1030 2894 Guid.
1064 2841 1347 2896 Panciroli
1381 2845 1439 2897 et
1476 2841 1746 2897 Ludovici
1781 2840 2016 2896 Antonii

377 2928 698 2982 Muratorii.
734 2959 800 2968 —
832 2929 893 2983 In
947 2929 1247 2984 Muratorii
1291 2931 1621 2986 Anecdotie.
1678 2936 1718 2985 t.
1753 2932 1823 2995 II,
1872 2947 1927 3001 p.
1962 2931 2016 2996 1,

375 3015 466 3070 56.
502 3015 580 3070 Ex
638 3017 844 3071 Codice
895 3017 1168 3072 Biblioth.
1228 3019 1626 3074 Ambrosianze
1681 3018 2013 3074 Mediolani.

374 3103 551 3158 Notas
582 3105 866 3161 Guidonis
925 3105 1207 3161 Panciroli
1235 3106 1648 3177 jurisconsulti
1693 3107 1829 3163 olim
1864 3108 2014 3162 cele-

374 3192 612 3249 berrimi
645 3195 1059 3266 Regiensis,ex
1089 3199 1311 3250 Comm.
1334 3195 1693 3268 plenioribus
1726 3197 1785 3251 in
1818 3196 2016 3252 omnia

375 3281 531 3336 Tert.
565 3299 742 3355 opera
772 3283 828 3338 in
864 3283 1215 3340 bibliotheca
1250 3287 1304 3340 P.
1339 3285 1469 3341 Job.
1522 3286 1686 3358 Bapt.
1732 3285 2012 3352 Cattanei,
2048 3269 2091 3336 C

380 3371 778 3440 Franciscani,
809 3377 933 3428 tum
968 3373 1304 3439 latentibus,
1349 3381 1413 3429 ut
1470 3374 1713 3430 salivam
1773 3374 2017 3446 popula-

376 3457 543 3514 ribus
574 3460 699 3515 suis
733 3466 989 3516 moveret
1018 3463 1090 3518 ad
1121 3461 1360 3518 delicias
1393 3463 1536 3518 istas
1588 3462 1788 3518 tandiu
1832 3461 2022 3535 negle-

375 3550 500 3602 ctas
534 3547 592 3602 in
625 3546 815 3604 lucem
850 3551 1226 3621 proferendas
1257 3552 1456 3606 edidit.

1114 3658 1271 3712 1714.

449 3764 477 3792 ‹‹
513 3742 677 3798 Lava
717 3745 988 3801 ΒασιλεοΝ
1019 3747 1088 3802 de
1134 3747 1468 3802 lnfantariis
1516 3748 1670 3819 apud
1722 3747 2020 3803 Tertullia-

378 3848 518 3886 num
554 3833 624 3888 ad
657 3833 952 3904 Nationes,
979 3834 1078 3889 lib.
1118 3837 1155 3900 Ι,
1188 3852 1313 3907 cap.
1351 3837 1422 3903 ll,
1453 3836 1646 3908 Hafn.,
1677 3836 1847 3892 in~4°.
1884 3858 1912 3886 ››

1035 3924 1365 3980 1714-1715.

453 4029 480 4060 ι
510 4009 724 4067 VERSIO
755 4012 999 4068 GALLICA
1022 4014 1069 4068 ll
1102 4013 1486 4085 Apologetici,
1529 4032 1669 4070 cura
1697 4015 2016 4084 Vassoulti,

381 4114 515 4154 cum
545 4101 720 4156 notis.
754 4102 961 4172 Paris.,
995 4103 1166 4170 in-lio,
1199 4104 1351 4175 apud
1395 4105 1691 4172 Colombat,
1722 4105 1813 4161 bis
1865 4107 2024 4162 edita

383 4203 536 4243 anno
570 4189 706 4243 1714
729 4195 784 4244 et
801 4192 993 4261 seq.ln
1021 4196 1266 4262 utraque
1299 4193 1668 4264 praemittitur
1698 4194 1926 4266 egregia
1951 4195 2022 4250 de

386 4275 586 4332 christ.
624 4278 803 4345 Relig.
839 4279 1167 4352 Apologetis
1191 4297 1256 4336 ac
1286 4281 1344 4335 in
1377 4283 1612 4353 spec.de
1639 4282 2021 4353 Tertulliano;

379 4370 528 4420 notae
557 4367 712 4423 haud
767 4371 1225 4436 contemnendae,
1274 4371 1593 4442 praesertim
1645 4372 2021 4428 historicas.»

1122 4475 1282 4532 1715.

1157 4478 1189 4529 7
1269 4519 1282 4532 .

447 4562 795 4620 Tertulliani
828 4571 1100 4638 poemata
1122 4478 1282 4622 4intesr
1307 4583 1444 4640 cpp.
1489 4570 1620 4622 vett.
1683 4571 1907 4640 poetar,
1937 4568 2021 4626 la-

375 4650 549 4706 tinor.
581 4653 736 4708 edita
761 4671 885 4710 cur.
918 4656 1084 4713 Mich.
1121 4658 1396 4712 Maittere.
1436 4657 1612 4713 Lond.
1648 4656 1804 4712 in-f°.

1118 4746 1275 4800 1715.

1118 4747 1182 4800 17
1263 4787 1275 4800 .

451 4849 479 4878 ‹‹
516 4829 578 4886 D.
609 4830 804 4887 NICOL.
836 4832 911 4887 LE
939 4747 1464 4892 Nounnvlgissert.
1505 4835 1564 4890 in
1594 4836 1832 4891 Tertull.
1866 4839 2015 4908 Apo-

378 4916 608 4988 lcgetic.
641 4920 789 4976 duos
821 4922 890 4976 ad
925 4922 1202 4981 Nationes
1229 4924 1361 4980 libr.
1397 4928 1454 4980 et
1482 4942 1665 4980 unum
1699 4927 1768 4981 ad
1802 4931 2017 4999 Scapu-

374 5005 515 5075 lam,
553 5007 610 5062 in
643 5015 925 5080 apparatu
961 5014 1030 5066 ad
1062 5013 1337 5068 Biblioth.
1370 5014 1660 5084 Max.PP.,
1686 5015 2019 5088 II.,p.1574-

383 5096 540 5152 1590.
576 5097 778 5167 Paris.,
812 5099 1004 5156 in-fol.
1045 5123 1072 5152 ››

1126 5192 1281 5245 1715.

1126 5193 1281 5246 1715.

453 5297 479 5325 ‹;
518 5277 773 5332 Auausri
805 5278 1102 5334 Heumann
1131 5280 1473 5336 Emendatio
1533 5281 1666 5338 libri
1719 5284 2025 5340 Tertullia-

375 5365 468 5419 nei
500 5366 570 5421 de
603 5368 1241 5440 Prmscriptionibusﬁn
1274 5369 1418 5426 actis
1441 5370 2023 5446 Eruditor.Lipsiens.

373 5469 532 5511 anno
569 5456 724 5528 1713,
754 5475 811 5530 p.
845 5458 1100 5513 299-305.
1133 5479 1159 5508 »

1130 5549 1287 5603 1717.

447 5633 735 5708 Anonymi
769 5638 1056 5712 expositio
1089 5638 1162 5694 de
1197 5654 1211 5693 :
1249 5637 1508 5709 Caligula
1537 5639 1745 5697 militia
1803 5643 1862 5698 in
1895 5642 2031 5706 libr.

2126 2074 2289 2123 ratus
2322 2066 2486 2122 valde
2514 2065 2794 2138 locuples.
2829 2064 3082 2128 Etenim,
3115 2066 3324 2135 praeter
3351 2059 3638 2116 editiones
3660 2059 3782 2114 fere

2121 2173 2346 2224 omnes,
2380 2155 2648 2211 adhibuit
2678 2154 2900 2210 Codices
2929 2151 3231 2208 membran.
3285 2148 3554 2205 Biblioth.
3596 2147 3778 2217 Lugd.

2125 2248 2248 2301 Bat.
2270 2247 2424 2314 duos,
2458 2260 2710 2317 quorum
2742 2244 2974 2313 alter,p.
3007 2239 3409 2310 324,alter,6|
3448 2236 3769 2310 p.376,Cat.

2129 2335 2273 2390 Bibl.
2307 2335 2487 2406 Lugd.
2518 2334 2577 2387 B.
2614 2335 2990 2398 memoratur,
3021 2334 3150 2384 tum
3181 2329 3458 2384 variantes
3488 2327 3778 2382 Lectione:

2126 2423 2333 2480 Codz'm's
2363 2421 2652 2478 Fuldcnsis
2683 2438 2716 2475 a
2746 2418 2937 2475 Modio
2994 2418 3314 2489 exscriptas
3353 2420 3412 2472 et
3457 2433 3592 2472 cum
3649 2414 3775 2471 edi-

2125 2511 2284 2568 tione
2311 2511 2490 2580 Junii,
2533 2528 2585 2566 a.
2642 2510 2797 2576 1592,
2860 2507 3117 2580 primum
3175 2505 3461 2576 vulgatae,
3521 2519 3591 2559 ex
3649 2503 3765 2560 isto

2125 2607 2321 2656 autem
2352 2605 2612 2672 tempore
2643 2597 2789 2654 nulli
2821 2598 2935 2654 fere
2967 2596 3080 2652 nisi
3111 2595 3464 2651 Gothofredo
3497 2592 3771 2665 cognitas

2126 2695 2183 2745 et
2213 2707 2247 2746 a
2278 2687 2658 2761 Nic.Rigaltio
2688 2688 2926 2742 demum
2959 2686 3020 2740 in
3051 2701 3226 2740 usum
3259 2683 3628 2747 vocatus,sed
3691 2682 3776 2738 ita

2127 2784 2193 2835 ut
2222 2796 2348 2850 quae
2381 2779 2489 2851 ipsi
2530 2777 2857 2850 placuerint
2911 2775 3048 2830 inde
3105 2771 3522 2844 desumpserit,
3579 2788 3650 2826 ne
3673 2787 3772 2841 ius

2128 2868 2308 2924 ullam
2339 2868 2722 2940 reliquarum,
2757 2882 2881 2936 quae
2915 2863 3058 2919 satis
3090 2867 3287 2917 multa
3319 2861 3584 2932 erant,in
3617 2860 3776 2916 notis

2126 2958 2252 3014 suis
2284 2957 2635 3013 mentionem
2673 2953 2890 3023 fecerit,
2921 2967 3100 3023 quare
3131 2950 3275 3007 satis
3306 2951 3622 3006 fecundum
3655 2949 3773 3004 Ha-

2125 3047 2451 3118 vercampio
2483 3043 2847 3117 spicilegium
2879 3045 3241 3113 superesset;
3279 3044 3555 3111 praeterea
3585 3037 3774 3094 Colla-

2122 3138 2330 3192 tionem
2361 3135 2572 3191 Codicis
2602 3132 2958 3205 Agobardini,
2991 3129 3202 3185 diversi
3236 3129 3308 3184 ab
3366 3128 3466 3184 illo
3525 3143 3594 3183 ex
3649 3145 3766 3199 quo

2128 3225 2708 3297 magnascriptorum
2731 3221 3092 3293 reliquorum
3109 3217 3450 3274 Tertulliani
3471 3233 3607 3290 pars
3632 3216 3779 3272 olim

2132 3316 2242 3369 fuit
2265 3315 2534 3379 excitata,
2567 3313 2668 3369 sed
2725 3315 2872 3367 nota
2904 3311 3047 3366 satis
3104 3310 3269 3365 bona
3324 3313 3381 3363 et
3435 3306 3583 3362 nulli
3640 3311 3780 3363 ante

2127 3403 2323 3475 ipsum
2355 3403 2645 3457 editorum
2676 3401 2829 3456 Tert.
2865 3399 3137 3470 inspecti.
3180 3397 3426 3453 Collatio
3456 3413 3591 3452 vero
3625 3396 3781 3451 facta

2130 3510 2163 3548 a
2190 3493 2349 3548 Josia
2378 3497 2626 3547 Mercero
2655 3489 3016 3562 (Agobardi),
3061 3488 3217 3553 1625,
3253 3487 3323 3541 ad
3355 3485 3650 3557 exemplar
3679 3484 3775 3540 ed.

2128 3582 2477 3638 Pamelianaa
2507 3585 2695 3636 exstat
2724 3579 2783 3633 in
2816 3578 2962 3633 Bibl.
2990 3582 3128 3648 Lug.
3165 3581 3226 3631 Β.
3263 3593 3320 3646 p.
3351 3576 3417 3629 71
3454 3592 3468 3643 ;
3502 3574 3776 3630 eamdem

2130 3689 2164 3727 a
2191 3672 2369 3727 Paulo
2401 3669 2721 3726 Colomesio
2754 3669 2824 3723 ad
2859 3683 3022 3723 oram
3055 3666 3146 3721 ed.
3180 3663 3522 3737 Rigaltianaa
3553 3663 3778 3719 descri-

2130 3765 2287 3832 ptam
2323 3760 2662 3832 possidebat
2690 3753 3561 3825 Franc.Fabricius,Lugdunus
3591 3751 3780 3807 Theo-

2130 3849 2320 3922 logus,
2353 3848 2453 3920 qui
2483 3844 2886 3918 Havercampii
2919 3842 3125 3899 usibus
3158 3841 3318 3896 illam
3378 3839 3579 3896 cessit.
3629 3839 3782 3904 Quo-

2131 3939 2289 3994 niam
2323 3944 2518 3993 autem
2551 3936 2922 4008 aliquantum
2949 3933 3071 4005 jam
3106 3948 3291 4004 Operae
3344 3933 3777 4002 processerant,

2133 4032 2451 4100 antequam
2482 4043 2549 4082 ea
2579 4022 3152 4086 subministraretur,
3186 4019 3438 4092 priorem
3473 4017 3546 4072 IX
3603 4034 3777 4090 capp.

2131 4115 2461 4184 diversitas,
2493 4119 2559 4170 ut
2587 4118 2644 4170 et
2673 4113 2903 4184 integra
2932 4127 3041 4167 me.
3073 4109 3318 4164 membr.
3346 4106 3588 4163 secundi
3619 4107 3679 4161 L.
3716 4111 3777 4162 Β.

2132 4206 2388 4276 collatio,
2435 4223 2562 4279 quae
2623 4203 2903 4277 opusculo
2957 4202 3078 4272 jam
3141 4200 3213 4256 ad
3287 4203 3616 4255 extremum
3673 4215 3781 4270 pro

2132 4313 2332 4369 gresso
2363 4291 3074 4366 sbvenerat,addendorum
3107 4289 3231 4345 loco
3264 4287 3582 4360 praemissas
3611 4291 3776 4343 sunt.

2131 4385 2346 4441 Nactus
2378 4388 2502 4442 erat
2548 4384 2792 4456 insuper
2844 4382 2956 4437 los.
3017 4379 3285 4450 Scaligeri
3337 4378 3547 4448 aliquot
3598 4377 3782 4447 conje-

2133 4483 2314 4531 cturas
2334 4475 2478 4532 edit.
2507 4473 2666 4530 Junii
2698 4470 3004 4543 ascripias,
3058 4469 3320 4538 aliasque
3363 4466 3779 4523 emendatione:

2134 4581 2204 4620 ex
2231 4565 2455 4621 vastulis
2506 4562 2671 4621 Codd.
2732 4561 2995 4631 ejusdem
3053 4557 3326 4613 editionis
3383 4553 3777 4626 exemplaria

2052 4635 2099 4699 D
2132 4659 2291 4710 Petro
2321 4654 2595 4710 Scriverio
2626 4651 2900 4723 adjectae.
2947 4648 3049 4703 His
3098 4651 3292 4702 tamen
3345 4644 3528 4717 copiis
3558 4643 3774 4699 Haver-

2125 4743 2393 4816 campius
2425 4741 2820 4814 Rigaltianum
2863 4741 3087 4794 textum
3145 4734 3514 4791 confirmavit
3571 4733 3760 4806 magis

2126 4850 2302 4905 quam
2335 4847 2545 4889 novam
2577 4828 2976 4886 recensionem
3005 4824 3291 4898 procudit;
3324 4823 3383 4878 in
3414 4821 3774 4895 explicandis

2125 4939 2258 4979 vero
2289 4921 2482 4978 verbis
2514 4917 3025 4988 illustrandisque,
3065 4931 3193 4986 quae
3226 4913 3294 4969 ad
3330 4912 3659 4980 historiam,
3693 4911 3772 4967 ri-

2127 5017 2224 5068 tus
2254 5015 2309 5068 et
2352 5011 2663 5083 religiones
2711 5007 2986 5079 antiquas
3035 5006 3346 5075 pertinent,
3397 5001 3615 5075 insigni
3666 5001 3774 5057 do-

2129 5101 2337 5165 ctrina,
2373 5117 2557 5172 eaque
2587 5114 2719 5154 cum
2743 5095 2967 5168 judicio
2998 5095 3346 5164 temperata,
3369 5095 3458 5148 est
3483 5094 3776 5163 versatus,

2132 5192 2278 5247 illud
2311 5189 2604 5262 imprimis
2637 5185 2922 5245 detexisse
2956 5182 3356 5255 gaudet,quod
3382 5181 3464 5237 bis
3490 5181 3643 5238 idem
3669 5180 3778 5237 hoc

2134 5281 2416 5353 scriptum
2447 5279 2542 5334 hic
2572 5278 2693 5333 illic
2750 5275 2991 5348 paulum
3025 5272 3085 5327 in
3145 5270 3339 5326 verbis
3396 5275 3454 5327 et
3510 5271 3781 5328 oratione

2135 5371 2516 5427 Immutatum
2546 5369 2703 5424 Tert.
2735 5367 2794 5421 in
2827 5363 3130 5438 pubiicum
3162 5360 3442 5416 emiserit.
3488 5360 3785 5416 Promittit

2136 5464 2192 5516 et
2220 5459 2499 5532 reliquos,
2533 5474 2680 5530 quos
2739 5456 3021 5512 adversus
3078 5451 3289 5506 (lentes
3345 5449 3524 5506 variis
3582 5448 3778 5507 titulis

2139 5549 2469 5623 composuit
2495 5545 2916 5615 Tertullianue,
2950 5543 3152 5609 libros,
3186 5539 3404 5596 notulis
3444 5544 3500 5596 et
3530 5539 3781 5596 aliorum

2139 5639 2490 5708 illustratus,
2521 5638 2583 5692 in
2613 5637 2707 5692 his
2764 5634 2947 5690 libros
2993 5629 3064 5685 ad
3122 5627 3395 5685 Nationes
3454 5629 3785 5686 innumeris

373 5720 445 5777 de
477 5721 834 5800 Idololatria,
865 5727 1121 5800 cap.XlX
1147 5729 1448 5801 (nouveau
1466 5729 1681 5786 recueil
1712 5730 1816 5790 des
1841 5731 2033 5806 pisces
2139 5727 2282 5788 locis
2312 5727 2674 5795 emendatos,
2720 5739 2838 5782 una
2867 5736 3001 5780 cum
3048 5717 3483 5791 Prolegomenis
3533 5717 3784 5777 eruditis
