4060 6360
469 329 550 387 67
1943 322 2391 386 PRIEFATIO.
3792 326 3880 388 68

1212 460 1368 515 1757.

541 551 724 606 «Jon.
747 550 892 604 Auc.
929 548 1238 604 NOESSELTI
1266 547 1505 602 Dissert.
1541 548 1611 603 de
1641 563 1774 604 vera
1829 549 2000 603 astate
2047 561 2113 601 ac

469 641 739 697 doctrina
787 639 1136 708 scriptorum
1187 655 1310 708 quae
1370 642 1692 708 supersunt
1737 638 1801 702 Ο.
1844 633 2113 708 Septimii

469 730 621 786 Flor.
656 727 1023 791 Tertulliani,
1056 725 1231 781 Halm.
1268 726 1469 796 Ejusd.
1501 727 1594 792 ΙΙΙ,
1629 725 1769 782 diss.
1830 725 1901 780 ad
1961 723 2109 778 Hist.

469 817 621 875 Eccl.
657 817 914 889 pertim.,
947 816 1102 869 1847.
1135 840 1156 868 ι

1163 905 1403 958 1738-59

542 1003 726 1052 «Anu.
790 999 1094 1050 HEUMANNI
1145 993 1437 1066 appendix
1498 994 1566 1048 ad
1619 992 1810 1048 varias
1860 995 2106 1046 annota-

468 1085 654 1139 tiones
680 1084 736 1137 in
767 1069 1216 1151 Tertullianum,
1275 1099 1408 1136 cum
1462 1081 1685 1153 analysi
1745 1080 2107 1136 accuratiore

467 1172 601 1227 libri
622 1173 692 1227 de
725 1171 1352 1243 Praescriptionibusin
1383 1172 1800 1226 Act.eruditor.
1838 1169 2108 1241 Lipsiens

465 1261 791 1333 Supplem.,
825 1268 861 1316 t.
893 1260 989 1326 VI,
1024 1265 1165 1316 sect.
1197 1261 1249 1314 5.
1283 1283 1302 1309 η

1207 1350 1364 1404 1758.

538 1441 724 1496 «Cea.
772 1439 865 1494 W.
909 1439 1122 1494 FRANC.
1163 1437 1380 1493 WALCII
1409 1439 1478 1493 de
1502 1435 1739 1508 Pompis
1782 1436 2004 1492 Sanataa
2035 1434 2106 1490 ad

466 1528 714 1585 Tertull.
748 1529 820 1584 de
838 1527 1215 1600 Spectaculis,
1248 1527 1534 1598 Gotting,
1569 1527 1740 1582 ίιι-4ο.
1781 1547 1809 1575 ››

1252 1617 1408 1670 1759.

538 1729 559 1754 ι
595 1705 656 1762 C.
691 1707 791 1761 Gs.
826 1706 966 1762 SAM.
998 1710 1265 1760 Bsnsow
1297 1705 1463 1778 Prog.
1494 1702 1838 1759 Tertulliani
1892 1701 2106 1774 Apolo-

461 1794 687 1866 geticus
743 1797 814 1850 ab
873 1794 1167 1867 iniquiore
1223 1794 1675 1866 reprehensione
1749 1791 2102 1847 vindicatus.

462 1883 721 1956 Erlang.,
744 1884 915 1939 in-4°.
940 1906 968 1934 ››

1236 1974 1392 2028 1762.

534 2085 563 2113 ‹‹
585 2066 674 2118 .Ιο.
703 2063 840 2118 Das.
863 2061 982 2117 Vm
1017 2063 1224 2118 Hovss.
1257 2078 1410 2134 spec.
1461 2066 1662 2118 annot.
1722 2060 1791 2116 ad
1856 2057 2100 2114 Tertull.

462 2151 522 2207 in
553 2155 833 2207 Musaeum
863 2152 1049 2208 critic.
1074 2152 1143 2218 ΙΙ,
1172 2153 1261 2206 26.
1311 2175 1332 2204 ι

1228 2241 1387 2296 1764.

530 2353 558 2381 ‹‹
581 2334 638 2385 C.
673 2332 736 2385 Α.
771 2329 962 2384 Bsosa
992 2330 1094 2401 Ep.
1138 2346 1251 2401 quo
1282 2345 1460 2385 sensu
1490 2327 1886 2385 Tertullianus
1920 2329 2098 2383 Deum

458 2419 666 2476 dixerit
696 2435 932 2490 corpus,
966 2419 1187 2490 Lipsiae,
1225 2420 1395 2474 ἱιιο4θ.
1429 2439 1456 2468 ››

1201 2510 1356 2563 1766.

536 2616 562 2648 α
589 2601 680 2652 Er.
712 2596 1080 2651 Wsassnoas
1110 2597 1180 2652 de
1207 2599 1385 2667 ﬁveste
1428 2595 1688 2652 Palmata
1733 2596 1804 2650 ad
1864 2592 2100 2650 Tertul-

454 2683 596 2741 liani
625 2685 955 2758 Apologet.,
989 2701 1039 2741 c.
1073 2686 1162 2741 30.
1198 2685 1523 2752 Wiltemb.,
1560 2686 1728 2740 in-4°.
1765 2707 1793 2734 ιο

1204 2793 1360 2848 1769.

535 2887 678 2937 Cum
751 2881 986 2936 easdem
1053 2881 1261 2936 Vener.
1323 2880 1625 2936 Thomasii
1699 2879 2102 2934 Institutiones

459 2970 836 3043 Theologicas
893 2970 1271 3040 antiquorum
1333 2974 1565 3025 Patrum
1650 2972 1975 3024 recenseret
2031 2983 2098 3023 ao

458 3061 648 3116 denuo
680 3060 738 3113 in
769 3058 955 3114 lucem
990 3059 1185 3114 ederet
1216 3063 1349 3114 Ant.
1386 3059 1585 3114 Franc.
1615 3057 1882 3123 Vozzisit,
1915 3057 1974 3112 C.
2007 3057 2092 3123 IL,

459 3151 673 3206 iterum
708 3149 912 3204 eodem
952 3154 1194 3205 curante
1248 3149 1464 3221 prodiit
1516 3149 1662 3204 liber
1717 3149 1788 3204 de
1835 3147 2098 3202 Praescri-

2137 464 2194 531 Α
2220 460 2264 512 t.
2299 457 2394 526 III,
2427 457 2661 514 exhibet
2689 457 2790 515 lib.
2819 458 2888 515 de
2912 459 3158 516 vetandis
3181 459 3510 532 Virginibus,
3539 461 3614 517 de
3647 461 3882 518 Habitu

2221 545 2505 614 muliebri,
2537 547 2604 602 de
2632 548 2800 604 Cultu
2827 551 3181 628 feminarum.
3203 549 3276 605 ad
3302 551 3530 607 Uxorem
3589 555 3634 616 Ι,
3686 551 3756 618 ΙΙ,
3811 551 3882 607 de

2221 635 2616 691 Exhortatione
2644 638 3028 704 castitatis,de
3068 640 3430 707 Monogamia,
3488 638 3553 694 de
3600 641 3763 712 Fuga
3812 641 3880 694 in

2216 727 2617 796 persecutione,
2649 727 2723 781 ad
2751 727 3066 797 Scapulam,
3098 728 3165 782 de
3203 730 3614 784 Resurrectione
3662 731 3876 790 carnis.

2220 813 2286 868 de
2316 817 2498 870 Carne
2529 815 2777 876 Christi;
2799 821 2917 870 tom
2944 820 3040 882 IV,
3064 816 3134 871 de
3157 816 3414 871 Oratione
3456 817 3750 888 integrum
3803 835 3876 872 ex

2219 902 2346 956 cod.
2374 905 2643 969 Ambros,
2679 905 3109 976 supplementis
3133 923 3166 961 a
3187 907 3486 960 Maratorio
3542 908 3598 960 in
3657 906 3870 962 Anccd.

2221 992 2556 1062 propositis,
2589 993 2655 1048 de
2688 995 3018 1050 Testimonio
3050 997 3281 1061 animle,
3306 995 3369 1049 de
3404 997 3738 1050 Pamitentia
3798 995 3876 1050 ad

2219 1080 2505 1150 Martyres,
2538 1083 2611 1136 de
2639 1084 2940 1144 Patientia.
2973 1083 3038 1138 de
3065 1084 3423 1154 Spectaculis,
3456 1083 3522 1138 de
3578 1083 3875 1150 ldolalria,

2217 1168 2281 1223 de
2310 1170 2612 1239 Baptisms,
2643 1170 2706 1225 de
2728 1172 2946 1240 Anima,
2978 1172 3042 1227 de
3073 1174 3284 1227 Corona
3312 1173 3535 1238 militis,
3569 1175 3641 1228 de
3688 1172 3875 1228 Pudi-

2218 1259 2388 1319 citia;
2410 1263 2553 1313 tom.
2588 1259 2654 1315 V.
2690 1261 3117 1330 Apologeticum,
3148 1262 3218 1315 ad
3246 1264 3508 1318 Nationes
3565 1262 3608 1316 Ι.
3671 1261 3738 1328 ΙΙ,
3799 1262 3876 1318 de

2217 1348 2405 1403 Pallio
2435 1365 2567 1403 cum
2605 1350 2625 1403 Ι
2659 1349 2899 1404 Semleri
2931 1350 3175 1406 Dissert.
3209 1351 3266 1404 in
3304 1353 3443 1406 Tert.
3487 1350 3552 1405 de
3599 1353 3758 1406 varia
3817 1359 3878 1407 et

2218 1438 2569 1507 incertaejus
2601 1438 3120 1507 librorumindole;
3170 1443 3377 1495 Sextus
3434 1441 3686 1512 denique
3728 1457 3871 1496 cum

2217 1525 2552 1597 praefatione
2575 1527 2815 1582 Semleri
2845 1528 3054 1584 Indices
3085 1530 3327 1584 locorum
3358 1529 3414 1584 S.
3464 1529 3519 1584 S.
3582 1530 3639 1584 in
3700 1531 3868 1585 Tert.

2215 1631 2337 1686 opp.
2370 1619 2767 1682 accurentium,
2801 1634 2986 1672 rerum
3016 1627 3066 1673 et
3093 1621 3500 1674 sententiarum
3531 1619 3870 1674 memorabi-

2215 1705 2374 1773 lium,
2408 1706 2708 1762 latinitatis
2733 1707 3108 1774 Tertullianw,
3143 1708 3243 1779 qui
3269 1709 3532 1779 perpetui
3555 1723 3867 1762 commen-

2215 1793 2346 1848 tarii
2379 1795 2560 1850 vicem
2602 1795 2893 1852 sustinere
2927 1797 3131 1868 possit.
3183 1800 3224 1849 Δ
3258 1801 3416 1852 tomo
3446 1795 3582 1851 inde
3649 1800 3866 1868 quarto

2212 1899 2446 1938 omnem
2477 1883 2750 1940 editionis
2773 1901 2972 1940 curam
2996 1885 3195 1950 cessit,
3231 1885 3509 1957 prmfatus
3540 1883 3716 1940 etiam
3767 1891 3868 1941 est

2212 1971 2424 2027 Christ.
2485 1973 2794 2028 Godofred.
2846 1974 3172 2040 Schﬁtzius,
3223 1973 3416 2029 Ccleb.
3467 1991 3624 2028 nunc
3674 1961 3862 2030 Acad.

2211 2059 2434 2126 lenens,
2467 2060 2575 2117 litt.
2600 2063 2758 2117 hum.
2793 2067 2850 2118 et
2879 2062 3067 2134 eloqu.
3100 2064 3418 2134 professor,
3447 2063 3546 2135 qui
3575 2079 3709 2118 cum
3729 2064 3864 2134 jam

2211 2149 2613 2220 superioribus
2652 2151 3054 2206 voluminibus
3119 2167 3358 2223 operam
3410 2151 3468 2206 in
3531 2150 3869 2221 colligenda

2210 2235 2525 2294 lectionum
2558 2239 2835 2298 varietate
2867 2244 3138 2295 navasset
3161 2244 3218 2295 et
3249 2239 3342 2294 hic
3371 2240 3443 2295 ab
3467 2239 3867 2310 inceptonihil

2209 2325 2473 2393 descivit,
2552 2327 2665 2383 nisi
2729 2329 2880 2399 quod
2930 2327 3184 2400 potiores
3239 2332 3472 2383 tantum
3553 2326 3864 2400 eligendae

2208 2415 2516 2472 varietates
2537 2416 2801 2472 lectionis
2823 2422 3107 2482 censeret,
3140 2417 3472 2484 inutilibus,
3507 2433 3624 2488 quo
3665 2417 3856 2472 etiam

2207 2504 2408 2559 Franc.
2439 2505 2600 2560 Junii
2633 2505 3084 2561 hariolationum
3110 2514 3334 2578 parlem
3366 2507 3564 2575 refert,
3589 2505 3854 2570 omissis,

2209 2593 2315 2648 Ubi
2367 2594 2629 2650 Rhenani
2682 2595 2774 2650 ed.
2824 2596 3116 2663 deﬁceret,
3169 2594 3562 2651 Pamelianam
3611 2599 3856 2650 secutus

2206 2683 2506 2754 antiquam
2539 2685 2755 2756 ubique
2784 2683 3405 2752 lectionem,nisi,cum
3437 2685 3675 2740 omnino
3707 2684 3848 2739 ferri

2208 2789 2320 2827 non
2345 2790 2516 2844 posse
2544 2773 2857 2830 videretur.
2908 2775 3216 2846 expressit.
3276 2775 3337 2829 In
3387 2774 3552 2829 libris
3609 2773 3723 2830 vol.
3773 2773 3846 2829 V.

2205 2863 2644 2934 comprehensis
2697 2863 3133 2934 Apologeticum
3193 2881 3260 2919 ex
3317 2862 3718 2935 Havercampi,
3767 2864 3844 2918 de

2208 2951 2383 3006 Pallio
2407 2968 2471 3006 ex
2499 2952 2768 3008 Salmasii
2800 2953 3225 3008 emendatione.
3247 2952 3424 3008 libros
3458 2953 3526 3008 ad
3566 2952 3849 3008 Nationes

2204 3057 2268 3095 ex
2299 3041 2532 3113 Rigaltii
2567 3043 2909 3097 auctoritate
2942 3042 3260 3114 proposuit.
3284 3042 3518 3098 Utinam
3548 3059 3682 3098 vero
3701 3058 3840 3096 cum

2205 3130 2447 3202 reliquis
2479 3131 2560 3186 Cl.
2594 3130 2838 3188 Semleri
2887 3131 2946 3186 in
3007 3131 3248 3186 Tertull.
3299 3131 3847 3198 dissertationibus,

457 3239 760 3311 ptionibus
793 3238 1110 3305 nonnullis,
1135 3244 1342 3295 auctus
1376 3242 1530 3295 notis
1561 3256 1688 3311 quae
1747 3253 1951 3294 sanam
2001 3253 2089 3292 sa-

2213 3237 2361 3274 novaa
2416 3219 2529 3275 luci
2591 3221 2773 3276 facem
2821 3220 3284 3292 praeferentibus,
3331 3225 3389 3276 et
3465 3220 3602 3287 ista,
3655 3237 3837 3291 quam

461 3329 628 3401 piunt
658 3327 982 3383 doctrinam
1007 3329 1398 3400 eximiamque
1429 3327 1837 3384 eruditionem.
1871 3326 2087 3394 Romae,

452 3432 521 3472 ex
547 3420 773 3489 typogr.
805 3417 978 3472 Marci
1008 3416 1311 3486 Palearini,
1344 3418 1518 3472 ἱιι-4ο.

1076 3525 1179 3578 64
1212 3525 1472 3580 1769-76.

520 3613 624 3666 En.
657 3611 962 3667 HALENSIB.
997 3641 1062 3652 —
1086 3613 1240 3670 Halm
1268 3630 1357 3685 ap.
1400 3613 1606 3668 Solam.
1665 3629 1755 3684 ap.
1819 3613 1899 3667 Jo.
1955 3611 2083 3666 Chr.

448 3699 698 3770 Hendel.,
733 3698 944 3769 6voll.,
975 3699 1041 3764 Ο.
1098 3701 1156 3756 S.
1219 3701 1298 3756 Fl.
1357 3702 1511 3756 Tert.
1562 3705 1748 3772 Opera
1795 3699 2090 3756 recensuit

456 3789 541 3844 Jo.
576 3789 806 3844 SALOMO
836 3791 1081 3845 Samum.
1117 3821 1182 3830 -
1207 3791 1289 3846 Ab
1320 3790 1486 3846 initio
1546 3789 1788 3845 seorsim
1847 3791 2089 3860 quinque

455 3879 587 3934 libri
614 3879 872 3935 adversus
913 3880 1240 3935 Marcionem
1286 3881 1646 3951 prodierunt,
1697 3879 1915 3951 quibus
1963 3884 2088 3934 tan-

445 3983 622 4039 quam
654 3972 814 4024 tomo
846 3969 1032 4040 primo
1075 3968 1306 4040 reliqui,
1356 3973 1608 4040 quatuor
1661 3968 2080 4034 voluminibus,

443 4056 830 4126 suntadjecti,
865 4063 1062 4112 sextus
1095 4057 1318 4112 indices
1347 4074 1482 4113 cum
1515 4057 1799 4128 glossario
1847 4056 2082 4113 Tertul-

448 4143 594 4200 liani
626 4145 858 4217 praebet.
884 4146 1209 4202 Editionem
1258 4146 1540 4202 librorum
1601 4147 1882 4202 adversus
1929 4146 2074 4201 Marc

441 4233 671 4289 cionem
702 4233 858 4289 haud
893 4234 1128 4306 quidem
1153 4234 1266 4291 alia
1291 4237 1362 4291 de
1393 4253 1570 4292 causa
1600 4252 1915 4308 aggressus
1959 4241 2083 4291 erat

441 4321 760 4388 Semlerus,
803 4339 980 4394 quam
1008 4328 1072 4378 ut
1103 4324 1466 4380 Academicis
1506 4324 1720 4379 studiis
1769 4323 1917 4380 libro
1968 4342 2080 4396 praa

439 4411 569 4466 aliis
594 4411 936 4467 Tertulliani
970 4412 1187 4485 insigni
1229 4418 1286 4468 et
1343 4415 1531 4469 forma
1574 4414 2082 4486 descriptioneque

439 4500 588 4555 facto
621 4501 951 4572 parabiliori
974 4502 1298 4570 inserviret,
1320 4519 1424 4558 nec
1447 4519 1689 4574 operum
1720 4503 2079 4558 edendorum

439 4588 748 4643 consilium
783 4590 1068 4646 rationem
1093 4591 1270 4646 semel
1293 4591 1497 4646 initam
1531 4592 1798 4646 mutavit.
1831 4593 2076 4646 Textum
2110 4579 2158 4642 D

440 4677 668 4732 reduxit
699 4677 1166 4746 Rhenanianum,
1211 4680 1487 4736 editionis
1538 4681 1760 4752 primae,
1819 4681 1918 4736 sed
1971 4699 2078 4736 suo

436 4765 648 4837 partim
681 4767 1157 4839 ingenio,partim
1181 4768 1642 4840 sullragantibus
1663 4769 2078 4840 editt.reliquis

434 4855 837 4925 emendatum,
860 4857 1139 4912 varietate
1169 4856 1227 4910 in
1263 4857 1476 4921 dubiis,
1502 4859 1692 4912 rarius
1724 4859 2078 4927 conjecturis

437 4943 805 5014 subscriptis.
843 4945 922 4999 Ad
955 4962 1165 5000 manus
1197 4951 1364 5000 erant
1387 4952 1593 5017 praeter
1645 4946 1908 5002 Rhenani
1961 4948 2076 5019 pri-

435 5049 613 5098 mam,
649 5033 998 5089 Parisiensis
1019 5033 1706 5106 Gagnaei,an.1566,in-8.
1742 5036 2080 5092 Pameliana

436 5123 592 5176 1597.
625 5123 1030 5178 Franekerana
1082 5127 1283 5179 Franc.
1343 5125 1504 5180 Junii
1558 5125 1822 5194 ejusdem
1877 5125 1985 5182 loc.
2020 5133 2079 5182 et

429 5226 583 5267 com.
619 5211 855 5284 Rigaltii
889 5211 1078 5284 prima
1115 5229 1248 5268 cum
1282 5217 1501 5270 Veneta
1533 5215 1870 5284 novissima,
1933 5233 2074 5287 prae-

430 5302 721 5356 tereaLal.
754 5302 970 5356 Latinii
1003 5299 1146 5356 Bibl.
1201 5319 1366 5358 sacra
1426 5307 1484 5357 et
1534 5303 1678 5374 prof.
1740 5312 1793 5358 et
1838 5305 2079 5360 Woverii

430 5388 589 5443 Notis
624 5389 974 5460 Epidicticae,
1006 5407 1100 5444 an.
1137 5391 1294 5458 1603,
1344 5396 1486 5447 tom.
1541 5392 1609 5448 Il.
1666 5392 2079 5464 complectitur

428 5476 739 5548 plerasque
770 5478 1120 5550 scriptiones
1164 5480 1521 5549 polemicas:
1569 5481 1636 5535 de
1694 5483 2073 5553 Praescriptio-

427 5567 590 5620 nibus
617 5567 802 5632 heret,
835 5569 1103 5624 adversus
1161 5570 1579 5642 Hermogenem,
1646 5571 2074 5642 Valentinianos,

430 5659 730 5714 Praxeam.
763 5658 993 5727 Iudaeos,
1025 5666 1224 5714 contra
1256 5661 1544 5728 gnosticos,
1579 5658 1701 5715 adv.
1737 5659 2074 5731 psychichos,

2201 3309 2510 3364 Schiitzius
2541 3311 2890 3381 promiserat
2930 3309 3235 3365 historiam
3286 3325 3528 3381 operum
3565 3313 3623 3365 et
3671 3309 3841 3365 editt.

2199 3397 2562 3467 Tertulliani,
2595 3397 2973 3453 accessisset!
3009 3399 3217 3455 —Non
3247 3400 3474 3455 curiose
3521 3400 3665 3455 satis
3702 3414 3842 3454 cen-

2198 3503 2291 3542 sor
2349 3486 2536 3542 Goett.
2593 3487 2728 3542 huic
2785 3487 3027 3543 editioni
3090 3488 3384 3560 propriam
3453 3503 3577 3544 esse
3643 3488 3844 3558 inquit

2195 3575 2616 3646 descriptionem
2655 3577 2922 3632 librorum
2975 3592 3074 3648 per
3119 3579 3327 3648 capita,
3373 3576 3587 3648 quippe
3621 3593 3751 3649 qua;
3806 3593 3842 3633 a

2199 3665 2434 3720 Pamelii
2459 3665 2592 3721 inde
2615 3665 2980 3736 temporibus
3005 3682 3238 3737 semper
3266 3666 3544 3721 obtinuit.

2889 3783 3044 3836 1770.

2263 3881 2359 3938 85
2415 3903 2441 3928 ‹‹
2481 3881 2534 3936 J.
2585 3880 2724 3935 Cnn.
2767 3881 3144 3936 Wsassnoas
3201 3880 3367 3953 Prog.
3419 3881 3489 3936 de
3549 3878 3838 3948 Ecclesia,

2191 3969 2669 4025 Columbazdomo
2695 3969 2970 4042 simplici,
2997 3971 3066 4025 ad
3092 3970 3199 4025 loc.
3225 3969 3568 4025 Tertulliani
3604 3970 3836 4026 advers.

2192 4059 2658 4126 Valentinianos,
2686 4076 2812 4131 cap.
2837 4060 2888 4114 3.
2911 4059 3181 4126 Helmst.,
3218 4058 3386 4113 ἱιι-Ιιο.
3417 4081 3443 4108 ››

2941 4174 3096 4228 1772.

2267 4301 2294 4330 ‹‹
2327 4280 2394 4335 Η.
2421 4285 2488 4334 Α.
2522 4281 2749 4336 ΖιειΒιαιι
2781 4285 2824 4334 Ρ
2875 4296 2966 4352 og-
3008 4281 3079 4335 de
3127 4278 3474 4335 Tertulliani
3535 4280 3840 4337 sententia

2191 4369 2262 4424 de
2283 4369 2564 4425 Columba
2593 4370 2652 4424 in
2695 4369 2993 4424 Christum
3028 4369 3350 4436 devolante,
3384 4369 3564 4435 Geras,
3599 4369 3772 4424 in-to.
3805 4393 3836 4420 ››

2930 4486 3087 4541 1774.

2267 4614 2286 4641 ι
2324 4591 2566 4646 ΕΝαιςιΒ.
2609 4595 2932 4646 KLUPPFEL.
2959 4591 3122 4647 Mens
3147 4590 3488 4646 Tertulliani
3533 4592 3603 4647 de
3643 4591 3837 4647 indis-

2195 4680 2554 4736 solubilitate
2605 4679 2967 4735 matrimonii
3042 4681 3098 4735 in
3150 4681 3495 4736 inﬁdelitate
3549 4683 3836 4737 contracti

2187 4772 2438 4842 conjuge
2469 4768 2754 4824 alterutro
2772 4770 2841 4825 ad
2876 4770 3050 4825 ﬁdem
3101 4769 3318 4825 Christi
3377 4770 3663 4826 confesso.
3699 4772 3835 4827 Frib

2189 4859 2245 4914 in
2278 4861 2356 4914 40.
2389 4881 2418 4909 ››

2993 4949 3081 5004 76.

2259 5061 2286 5087 ‹‹
2316 5038 2456 5093 Csa.
2492 5037 2552 5093 F.
2589 5037 2872 5094 ROSSLERI
2897 4950 3225 5095 axilium.
3289 5039 3346 5093 d.
3408 5038 3840 5096 Kirchenvaiter

2187 5129 2246 5182 in
2303 5127 2784 5200 Ubersetqungen
2841 5145 2900 5184 u.
2950 5130 3284 5202 Auszﬁgen,
3323 5146 3377 5184 ιι.
3412 5129 3464 5184 4.
3527 5130 3591 5197 f.,
3637 5133 3681 5184 t.
3732 5129 3833 5184 ΙΙΙ.

2189 5216 2345 5288 Lips.
2378 5238 2406 5267 ››

2897 5307 3146 5362 1776-77.

2257 5419 2285 5446 «
2309 5397 2400 5451 Jo.
2427 5396 2660 5451 DANIEL.
2685 5400 3002 5452 Scaurum:
3034 5395 3202 5452 Obss.
3241 5397 3298 5452 in
3360 5397 3598 5453 veterih.
3645 5395 3840 5452 Eccle-

2186 5485 2286 5540 siae
2312 5486 2708 5556 Scriptorihus
2740 5503 2870 5542 saec.
2905 5504 2968 5542 III
3015 5492 3074 5542 et
3136 5505 3190 5541 xv
3248 5489 3319 5542 de
3365 5487 3836 5560 interpolationi-

2187 5576 2298 5630 bus
2329 5575 2684 5645 quibusdam
2709 5575 2927 5631 codicis
2951 5576 3017 5630 N.
3043 5577 3108 5630 T.
3131 5577 3489 5633 Tertulliano
3523 5593 3834 5650 perperam

2187 5663 2400 5719 al'ﬁctis
2431 5665 2786 5734 conjectura.
2825 5668 3084 5721 Hannov.
3119 5665 3289 5722 in-40.
3326 5688 3353 5714 »
