4060 6378
82 366 152 426 69
1539 357 1977 421 PREFATIO.
3385 364 3465 423 70

806 491 963 547 1780.

138 588 229 639 En.
264 581 803 637 Wmcsauaoexsrs.
836 612 903 620 —-
940 581 1279 649 Wirceburgi
1309 581 1369 635 in
1414 582 1509 653 οη.
1566 579 1696 635 libr.

85 674 378 731 Stahelz'ana
407 691 428 726 .’
456 672 519 735 Ο.
549 676 603 726 S.
638 672 697 727 F.
732 670 1073 727 Tertulliani
1120 688 1297 743 opera
1327 670 1543 737 omnia,
1575 674 1616 723 t.
1652 674 1697 737 Ι,

88 771 143 827 II,
172 764 342 819 etiam
373 762 483 817 sub
518 767 591 816 tit
647 777 660 817 :
693 763 877 832 Opera
909 761 1092 815 omnia
1149 760 1251 814 "S.
1302 763 1410 812 PP.
1465 759 1697 813 Latino-

86 870 216 919 rum,
239 852 344 906 vol.
378 850 421 917 Ι,
458 850 523 905 ΙΙ.
558 850 754 903 Editor
784 848 961 903 celeb.
996 852 1311 903 Ossa'rnua
1342 852 1578 901 secutus
1611 850 1701 901 est

86 942 374 996 editionem
408 938 736 1004 Halensem,
758 937 856 992 sed
888 936 971 991 ita
1002 941 1067 991 ut
1095 941 1459 1007 compararet
1489 935 1702 989 editio-

86 1048 204 1085 nem
245 1028 649 1084 Pamelianam.
685 1027 869 1082 Paris.
925 1026 1063 1080 1608
1096 1042 1359 1080 recusam
1392 1030 1449 1079 et
1480 1024 1702 1079 varian-

84 1126 160 1173 tes
191 1118 336 1173 illius
365 1116 638 1171 lectiones
680 1116 889 1187 partim
923 1116 981 1169 in
1013 1114 1167 1170 calce
1198 1116 1531 1185 subjiceret,
1566 1130 1701 1184 par-

83 1209 193 1273 tim,
225 1224 345 1261 raro
376 1212 568 1261 tamen
601 1211 658 1261 et
683 1204 1125 1276 circumspecto,
1146 1203 1305 1258 illam
1342 1203 1700 1258 emendaret.

83 1296 223 1361 Quod
255 1294 381 1351 fecit
411 1295 470 1349 in
529 1294 826 1349 volumine
884 1294 1164 1363 secundo,
1196 1297 1260 1347 ut
1311 1292 1435 1363 ipse
1490 1292 1704 1346 fatetur

83 1384 231 1455 paulo
259 1383 514 1449 liberius,
548 1383 983 1451 substituendo,
1026 1382 1109 1437 vel
1164 1397 1231 1436 ex
1288 1380 1552 1435 Parisina
1588 1380 1705 1435 edi-

84 1471 320 1539 tione,vel
352 1489 419 1528 ex
451 1473 832 1527 varietatibus
866 1471 1182 1526 lectionum
1218 1471 1288 1525 ab
1322 1469 1556 1524 Halensi
1580 1468 1700 1523 edi-

86 1568 184 1617 tore
212 1561 482 1629 collectis,
519 1561 657 1615 hinc
692 1560 827 1616 inde
879 1560 964 1616 vel
1000 1560 1233 1615 voculas
1265 1558 1432 1626 alias,
1464 1557 1573 1623 vel,
1609 1575 1698 1612 ra-

88 1651 185 1706 rius
239 1656 452 1718 tamen,
486 1650 751 1722 integras
809 1649 985 1704 etiam
1047 1649 1389 1703 sententias.
1425 1651 1707 1701 Przeterea

89 1741 316 1796 ordinem
348 1740 638 1794 librorum
672 1736 1148 1809 chronologicum
1182 1754 1249 1792 ex
1281 1735 1563 1791 Noeseelti
1609 1752 1707 1790 au-

91 1830 317 1883 ctoritate
347 1828 667 1899 adoptavit,
703 1827 811 1882 hac
873 1832 1066 1881 tamen
1126 1826 1371 1890 cautela,
1407 1830 1471 1879 ut
1527 1824 1705 1879 libros

89 1923 254 1973 contra
305 1917 684 1981 Marcionem,
745 1932 857 1970 non
919 1915 1014 1970 alii
1092 1915 1448 1985 interjectos,
1511 1914 1703 1986 prouti

90 2005 166 2059 viri
218 2005 371 2061 illius
422 2004 817 2075 Chronologia
864 2004 1149 2075 exigebat,
1202 2004 1303 2058 sed
1362 2004 1707 2073 conjunctos

89 2111 173 2148 una
198 2095 355 2160 serie,
379 2111 565 2164 seque
598 2092 938 2148 immediate
971 2092 1328 2162 excipientes
1360 2092 1705 2163 publicaret.

87 2183 281 2237 Addidit
310 2184 487 2238 etiam
522 2183 803 2237 Carmina
850 2181 1216 2236 Tertulliano
1243 2180 1378 2235 olim
1414 2182 1588 2236 tribui
1616 2199 1706 2236 so-

90 2270 180 2341 lita,
209 2277 402 2327 contra
434 2272 782 2327 Marcionem
828 2269 1073 2337 scilicet,
1106 2270 1170 2325 de
1216 2270 1429 2326 Iudicio
1470 2271 1710 2341 Domini,

90 2360 134 2412 de
157 2362 359 2431 Genesi,
390 2361 456 2416 de
502 2360 774 2427 Sodoma,
834 2360 899 2415 de
950 2361 1125 2430 Ligno
1158 2362 1305 2427 vitae,
1368 2377 1401 2414 a
1452 2359 1711 2416 Pamelio

93 2450 527 2519 pretermissum,
570 2454 627 2504 et
651 2450 724 2504 ad
753 2454 1083 2505 senatorem.

796 2556 952 2610 1780.

144 2668 164 2693 ‹‹
195 2650 247 2700 In
277 2644 512 2702 Collect.
553 2649 785 2701 Poetar.
816 2645 997 2715 Vett.,
1060 2644 1199 2699 edit.
1258 2643 1539 2709 Pisauris,
1573 2648 1615 2699 t.
1646 2644 1715 2720 ν,

98 2734 402 2802 prodierunt
440 2734 717 2790 carmina
765 2734 962 2790 omnia
993 2732 1351 2789 Tertulliano
1382 2734 1655 2806 ascripta.
1689 2755 1716 2783 ››

814 2850 975 2904 1780.

146 2960 166 2986 ‹‹
195 2938 324 2993 Cea.
381 2941 524 2995 Gon.
589 2942 807 2994 SCBUTZ
855 2937 1162 3009 explicatio
1209 2938 1335 2994 loco
1377 2938 1719 2994 Tertulliani

106 3028 172 3089 (de
200 3029 748 3101 Praescriptionibus
780 3028 922 3093 XVI,
946 3028 1139 3097 XVII),
1173 3028 1243 3083 de
1272 3029 1568 3083 eversione
1603 3033 1721 3082 sto-

106 3117 255 3171 machi
301 3123 401 3172 aut
458 3117 692 3173 cerebri
724 3134 790 3173 ex
830 3117 1240 3189 congressione
1269 3117 1717 3189 scripturarum.

100 3201 215 3269 Jen.,
246 3204 391 3260 in-f°.
422 3228 451 3254 ››

795 3294 958 3349 1780.

155 3402 176 3427 «ε
205 3384 407 3439 Vensro
439 3385 753 3440 ANGLICAI
803 3382 1150 3438 Tertulliani
1195 3381 1328 3437 libri
1377 3382 1449 3437 ad
1498 3384 1720 3456 Scapu-

103 3464 209 3535 lam,
236 3489 325 3543 ap.
358 3478 420 3527 D.
454 3472 837 3528 DALRYMPLE.
869 3472 1099 3527 Edimb.
1137 3492 1165 3519 η

855 3588 982 3643 781.

155 3676 291 3729 D.P.
326 3682 541 3732 Dorum.
600 3588 982 3732 Scamarngi:
1022 3680 1078 3731 S.
1140 3676 1202 3731 B.
1265 3676 1524 3750 analysis
1582 3652 1716 3751 opp.

104 3764 403 3822 Tertulliani
436 3766 496 3822 in
531 3782 644 3822 suo
688 3782 898 3838 magno
930 3781 1123 3838 Opere,
1158 3770 1199 3821 t.
1235 3767 1333 3822 III.
1370 3788 1398 3817 ››

826 3874 985 3927 1783.

153 3980 174 4005 ‹‹
198 3959 310 4015 Jos.
346 3966 489 4016 AN'r.
526 3961 794 4015 CANTOVA
842 3962 912 4015 de
963 3961 1245 4032 Septimio
1287 3966 1343 4016 et
1372 3968 1427 4015 8.
1462 3964 1716 4035 Epipha-

102 4046 169 4099 nio
195 4049 469 4105 diseertit.
514 4051 562 4103 Il
614 4049 791 4106 theol.
825 4051 1010 4106 critic.
1045 4051 1105 4105 in
1160 4052 1375 4122 quibus
1401 4054 1719 4124 anthropo-

101 4136 423 4208 morphismo
448 4147 728 4195 neutrum
756 4138 1082 4195 laborrasse
1103 4140 1718 4209 ostenditur.Mediol.,

103 4221 239 4280 ill-8°.
276 4249 301 4275 υ

818 4318 977 4372 1784.

153 4403 242 4459 ϐθ
274 4428 300 4454 ‹‹
332 4406 476 4462 Caa.
529 4405 676 4462 Gon.
714 4410 937 4462 Scaurz
983 4406 1147 4477 Prog.
1193 4407 1263 4462 de
1312 4406 1529 4477 Regula
1588 4409 1721 4465 ﬁdei

99 4494 223 4560 apud
253 4494 705 4552 Tertullianum.
738 4495 868 4551 Jen.
900 4517 929 4545 »

835 4611 994 4665 1784.

152 4698 207 4750 In
235 4699 404 4755 Αεςὶεἰ
429 4700 482 4755 8.
519 4700 917 4756 Osservazioni
949 4716 1121 4771 sopra
1163 4699 1420 4756 l’Analisi
1453 4701 1541 4757 del
1572 4702 1720 4759 libro

100 4784 234 4839 delle
265 4790 649 4857 prescrizioue
680 4790 740 4845 di
770 4789 1150 4845 Tertulliano.
1182 4821 1250 4829 —
1283 4792 1561 4847 Praecedit
1584 4809 1718 4847 eum

98 4875 339 4931 versione
372 4878 569 4934 italica
599 4884 791 4935 textus
824 4879 1064 4935 Latinus
1096 4878 1334 4934 Pamelii
1369 4895 1433 4934 ex
1464 4881 1553 4935 ed.
1588 4886 1718 4936 Fra-

100 4964 417 5034 neckerana,
452 4969 587 5022 1597
633 4969 935 5039 (mendose
958 4967 1240 5039 scriptum
1272 4969 1453 5039 1697),
1502 4974 1559 5024 et
1615 4971 1718 5026 Va-

99 5049 365 5109 riantibus
424 5056 525 5111 LL.
587 5056 818 5128 Rigaltii
875 5058 945 5112 ad
1007 5057 1308 5124 Venetam,
1346 5058 1502 5111 1744.
1555 5057 1722 5114 Liber

101 5136 207 5203 ille,
237 5141 305 5194 ad
337 5159 503 5212 quem
534 5146 621 5200 hie
670 5146 1105 5202 observationes
1153 5152 1443 5217 spectant,
1491 5148 1721 5218 prodie-

104 5232 181 5280 rat
208 5228 407 5297 Ticini,
443 5234 597 5301 1783,
622 5235 679 5288 8°
703 5251 716 5301 ;
750 5235 819 5289 de
850 5240 1101 5307 utroque
1128 5234 1470 5291 0Elrichsius
1499 5242 1722 5306 noster,

104 5319 156 5368 ut
178 5321 332 5386 puto,
366 5318 605 5378 lectores
638 5323 911 5378 monebit.

826 5423 981 5475 1785.

826 5423 889 5475 17
970 5464 981 5475 .

165 5524 188 5550 τι
222 5504 287 5558 ll.
321 5508 457 5562 Cna.
489 5422 963 5565 manusua:an
983 5508 1337 5565 Tertullians
1365 5510 1589 5568 Geistes
1624 5512 1718 5567 fee-

112 5585 394 5664 bigkeiten,
429 5597 729 5671 Religions
757 5599 1131 5654 Kemntnisse
1178 5616 1235 5654 u.
1269 5600 1600 5672 Theologic.
1655 5602 1716 5657 E.

115 5673 361 5740 Vershuc.
396 5686 565 5758 in-Bo,
601 5685 869 5744 Abhadll.
901 5688 1145 5744 Helmst.
1174 5687 1382 5745 in-So.»

1731 493 1785 558 Α

1816 1790 1977 1846 bliot.
2066 1790 2663 1847 historico-Iitteraria
2736 1793 2835 1848 PP.
2923 1794 3200 1864 Latinor.,

1738 1857 1783 1921 B
1817 1898 1872 1951 p.
1904 1880 2051 1933 2-53.
2089 1902 2115 1929 ››

2591 495 2716 549 790.

2591 495 2627 547 7
2704 536 2716 549 .

1883 602 1911 627 ‹‹
1944 582 2079 636 Cua.
2114 582 2291 637 BIRCH
2322 495 2582 638 dissert.1
2610 495 2896 654 :Sosdam
2947 602 3015 639 ex
3060 587 3124 651 Q.
3166 585 3323 656 Sept.
3370 585 3456 643 Fl.

1809 670 2149 725 Tertulliani
2194 670 2466 727 collectos
2495 680 2666 743 atque
2700 672 3017 729 illustratos
3048 674 3206 730 locos
3238 675 3459 731 theolo-

1809 758 1968 829 gicos
1999 759 2234 815 sistens.
2270 760 2452 815 Havn.
2487 762 2653 815 in-li".
2694 785 2719 810 ››

2579 878 2735 931 1791.

1886 985 1910 1011 α
1943 963 1993 1017 J.
2022 968 2120 1018 Gs.
2153 965 2291 1020 ARN.
2324 969 2607 1021 OELaIcas
2657 968 3063 1021 commentarii
3094 969 3164 1023 de
3203 970 3456 1041 Scripto-

1812 1051 1975 1106 ribus
2006 1052 2269 1109 Ecclesiae
2295 1054 2511 1109 Latina:
2548 1056 2807 1126 priorum
2840 1074 2893 1109 VI
2925 1057 3291 1125 saeculorum,
3317 1076 3459 1115 cura

1809 1142 1947 1195 Arn.
1980 1141 2166 1197 herm.
2203 1143 2260 1197 h.
2296 1142 2522 1209 Herem,
2556 1144 2719 1199 in-8°.
2760 1168 2785 1193 »

2586 1261 2741 1315 1792.

1884 1368 1911 1395 «
1946 1346 2157 1402 Vsasm
2188 1347 2500 1402 HISPANICA
2527 1349 2829 1419 ApOIOgetae
2859 1348 3171 1421 Religionis
3192 1351 3464 1407 Christia-

1813 1451 1899 1489 nos
1931 1436 2207 1507 antiquae,
2258 1436 2575 1507 interprete
2626 1438 2749 1491 Em.
2804 1436 3076 1493 Ximenes
3126 1440 3195 1494 de
3247 1440 3462 1510 Urieta,

1814 1524 2061 1579 Madrid.
2096 1524 2271 1579 ἰπὶ-4ο.
2306 1546 2334 1574 ››

2510 1614 2771 1667 1792-97.

1888 1724 1915 1751 ‹‹
1948 1701 2049 1756 CH.
2084 1701 2410 1756 'l'aooco'r'r.
2469 1705 2713 1758 Go'russ
2774 1705 3197 1760 SenostMANN
3257 1706 3313 1761 in
3367 1706 3465 1761 Bi—

3286 1800 3329 1850 t.
3420 1797 3464 1867 ι,

1884 1990 1911 2017 ‹‹
1946 1968 2160 2023 Vaasro
2190 1968 2534 2025 Gsauamca
2564 1969 2914 2042 Apologetiti
2955 1972 3066 2027 sub
3097 1972 3265 2029 titulo
3300 1992 3312 2030 :
3359 1979 3466 2030 Des

1818 2060 1881 2123 Q.
1913 2061 2066 2129 Sept.
2100 2058 2246 2113 Flor.
2281 2058 2675 2114 Tertullianus
2726 2060 3172 2135 vertheidigung
3202 2063 3267 2119 D.
3301 2063 3470 2118 Chri-

1818 2147 1914 2201 sti.
1949 2147 2131 2201 Sache
2163 2164 2346 2219 gegen
2380 2150 2435 2202 d.
2466 2148 2693 2203 heiden.
2726 2167 2779 2203 Α.
2814 2150 2873 2204 d.
2902 2167 2949 2205 ι..
2987 2152 3273 2220 FrancoI‘.,
3297 2153 3467 2226 in-8°,

1821 2240 1977 2290 auct.
2008 2252 2053 2289 J.
2090 2252 2139 2290 F.
2171 2235 2419 2291 Kleuker.
2460 2260 2485 2285 ››

2561 2328 2715 2381 1799.

2561 2328 2625 2380 17
2705 2370 2715 2381 .

1895 2436 1921 2463 ‹‹
1956 2419 2015 2467 D.
2050 2414 2337 2470 Go'rrasn.
2388 2327 2748 2471 LxmpsaggO.
2801 2416 2859 2472 S.
2904 2421 2965 2473 Β.
3020 2418 3226 2475 histor.
3268 2419 3466 2475 Theol.

1826 2503 1895 2557 de
1926 2501 2061 2572 vita,
2107 2503 2339 2574 scriptis
2388 2508 2562 2575 atque
2611 2504 2878 2560 doctrina
2916 2506 3007 2560 SS.
3044 2505 3172 2576 PP.,
3204 2511 3245 2562 t.
3274 2507 3367 2578 Vt,
3401 2509 3470 2563 de

1824 2591 1941 2645 vita
1993 2595 2050 2645 et
2097 2590 2330 2661 scriptis
2359 2589 2720 2645 Tertulliani.
2757 2613 2785 2641 »

2464 2706 2679 2763 Saecula
2711 2724 2825 2761 xxx.

2498 2796 2814 2851 1803-1820.

1901 2915 1927 2941 ‹‹
1987 2893 2127 2948 Jott.
2186 2896 2399 2949 MATTII.
2450 2894 2828 2949 SCHROECKHII
2885 2894 3125 2954 Christl.
3192 2896 3475 2954 Kirchen-

1828 2982 2025 3052 gescb.
2061 2982 2213 3054 Lips.
2248 2982 2459 3052 XXXV,
2491 2983 2561 3037 de
2592 2984 2644 3052 3,
2678 2983 2801 3038 317.
2840 3006 2859 3033 ι

2572 3098 2729 3153 1820.

1904 3210 1925 3235 ι
1959 3190 2023 3241 G.
2059 3186 2124 3241 H.
2162 3186 2630 3241 SCHARFENBERG.
2678 3192 2985 3242 comment.
3031 3190 3192 3243 acad.
3253 3189 3322 3244 de
3370 3190 3476 3245 Ju-

1829 3276 2003 3342 stino,
2036 3275 2392 3330 Tertulliano
2424 3280 2479 3329 et
2508 3274 2794 3347 Cypriano
2827 3277 2955 3331 adv.
2997 3276 3230 3333 Judaeos
3271 3277 3476 3350 dispu-

1829 3364 2106 3419 tantibus.
2135 3364 2316 3418 Lund.
2351 3363 2521 3419 Goth.
2556 3365 2629 3419 4ο.
2669 3386 2689 3413 ι

2574 3482 2731 3535 1821.

1900 3568 2140 3624 Tertull.
2172 3586 2307 3641 opp.
2342 3568 2572 3625 Mediol.
2617 3571 2683 3638 (J.
2744 3574 2809 3624 A.
2870 3570 3172 3638 Moehler.,
3205 3588 3273 3627 ex
3300 3588 3474 3644 opere

1831 3658 2145 3730 posthumo
2176 3658 2495 3731 Patrologie
2552 3660 2693 3714 oder
2750 3659 3475 3733 christlichelitteraerge-

1831 3747 2091 3803 schichte
2120 3747 2215 3818 II.)

2580 3839 2736 3891 1822.

1902 3956 1929 3983 ‹‹
1964 3933 2179 3988 Vsasro
2199 3937 2445 3992 GALLICA
2468 3934 2560 3989 IV.
2594 3966 2660 3975 —-
2692 3935 2991 4007 Apologet.
3016 3934 3484 4001 Tertulliani,in-

1829 4027 2080 4094 terprete
2111 4024 2176 4078 D.
2220 4024 2504 4094 Meunier,
2540 4025 2713 4094 prior.
2755 4025 2812 4079 S.
2864 4024 3093 4079 Martini
3137 4024 3196 4078 in
3246 4024 3486 4097 Campis

1832 4111 1888 4165 in
1923 4112 2204 4167 subtirbio
2233 4111 2641 4182 Cabillonensi,
2685 4114 2916 4184 optimae
2969 4117 3114 4168 nota
3146 4130 3210 4168 ac
3243 4114 3487 4186 majoris

1831 4200 1997 4254 fama:
2020 4201 2217 4272 digna,
2247 4200 2345 4255 diu
2381 4206 2512 4272 post
2544 4206 2697 4256 auct.
2732 4201 2956 4256 obitum
2990 4201 3167 4256 edita.
3210 4225 3229 4250 ι

2576 4316 2732 4371 1823.

1907 4426 1935 4455 ‹‹
1986 4404 2039 4460 J.
2096 4407 2159 4460 A.
2220 4406 2449 4461 COENEN
2514 4407 2900 4461 Commentat.
2970 4405 3041 4460 de
3099 4405 3481 4475 Tertulliano,

1834 4493 2299 4551 Christianorum
2351 4501 2407 4549 et
2466 4494 2645 4564 Belig.
2706 4494 2919 4549 Christ.
2992 4494 3217 4549 advers.
3278 4501 3480 4566 gentes

1754 4599 1798 4662 Β
1836 4582 2143 4655 Apologela
2175 4584 2270 4637 67
2305 4614 2371 4623 -
2402 4582 2460 4637 in
2514 4584 2727 4638 Annal.
2776 4584 2961 4639 Acad.
3028 4582 3478 4654 Rheno-traject.

1830 4674 1980 4727 Ann.
2018 4672 2339 4726 1823-1824.
2372 4690 2398 4718 VO

2574 4760 2734 4815 1825.

1903 4872 1931 4899 «
1963 4852 2026 4904 A.
2063 4850 2338 4906 NEANDER
2368 4849 2839 4921 Antignostikus,
2875 4850 3039 4906 Geist
3068 4850 3139 4904 de
3170 4849 3481 4905 Tertullia-

1831 4955 1943 4994 nus
1976 4939 2093 4993 und
2128 4938 2461 5009 Einleitung
2516 4939 2574 4993 in
2628 4941 2835 4994 dessen
2882 4939 3195 5005 Schriften,
3252 4940 3356 4993 mit
3388 4956 3479 4993 ar-

1831 5026 2287 5097 chaeologischen
2322 5028 2439 5081 und
2498 5026 3144 5099 dogmenhistorischen
3198 5030 3479 5083 Untersu-

1831 5118 2123 5189 chungen.
2156 5115 2331 5184 Berl.,
2366 5116 2529 5171 in-8°.
2572 5140 2591 5167 ι

2579 5234 2736 5290 1825.

1902 5354 1929 5382 «
1964 5331 2173 5386 Vsasro
2207 5331 2451 5387 GALLICA
2486 5333 2543 5389 V.
2597 5333 2899 5406 Apologet.
2952 5337 3005 5387 et
3048 5332 3478 5403 Praescription.

1831 5423 1959 5477 adv.
1994 5422 2131 5475 baar.
2165 5421 2478 5492 interprete
2527 5423 2595 5477 de
2636 5428 2882 5495 Gourcy,
2932 5423 3114 5477 Paris.
3168 5422 3333 5485 in-8°,
3394 5438 3483 5477 ac-

1831 5511 2049 5566 curatis
2097 5510 2485 5581 argumentis,
2571 5512 2795 5585 exiguis
2851 5528 2917 5567 ac
2988 5510 3362 5582 paucioribus
3421 5511 3481 5567 in

1828 5605 2075 5671 textum,
2122 5599 2617 5671 frequentioribus
2650 5603 2707 5657 in
2758 5600 3036 5657 lectiones
3085 5598 3276 5655 varias
3325 5601 3482 5659 notis

1832 5693 2135 5747 adornata.
2166 5712 2187 5738 ι
