4060 6338
542 375 616 435 71
2020 363 2464 429 PREFATIO.
3869 371 3943 431 72

1286 505 1445 559 1827.

609 593 999 652 «Tertulliani
1046 592 1402 665 Apologetici
1453 593 1594 648 edit.
1656 607 1787 646 nov.
1844 605 1976 645 cum
2032 603 2185 642 varr.

540 687 724 742 Lectt.
753 685 877 740 Jos.
917 683 1039 738 IGN.
1073 683 1302 737 Rmaa.
1339 681 1629 748 Eberfeld,
1662 681 1832 736 in-8°.
1859 701 1887 727 »

1290 772 1446 826 1827.

613 883 632 911 ε
667 866 732 916 Α.
765 867 948 917 RDPH.
970 862 1196 916 Gssssa
1228 859 1502 913 Biblioth.
1529 859 1627 913 lat.
1652 857 1924 913 Veterum
1958 858 2182 910 I’oetar.

533 950 912 1006 Christianor.
959 949 1134 1004 Jenaa.
1189 953 1395 1003 Praeter
1442 947 1701 1020 primum
1755 951 1977 1001 tomum
2040 941 2184 998 nihil

537 1040 786 1096 ulterius
817 1039 1054 1111 prodiit.
1080 1059 1109 1087 »

1314 1125 1469 1180 1827.

600 1222 817 1273 Vsasxo
874 1217 1117 1272 GALLICA
1164 1214 1258 1270 VI.
1315 1212 1671 1286 Apologetici
1729 1209 1966 1265 Tertull.
2027 1213 2182 1265 auct.

523 1309 580 1365 J.
612 1313 709 1362 Fa.
746 1313 974 1361 ALLARD
1015 1305 1254 1359 human.
1307 1303 1480 1358 litter.
1529 1302 1668 1358 olim
1720 1300 2046 1373 professore
2079 1315 2182 1353 nec

522 1397 707 1468 hujus
738 1393 1091 1451 conditionis
1138 1393 1503 1461 immemore,
1565 1391 1687 1446 sive
1719 1389 1778 1443 in
1816 1388 2030 1460 praevia
2059 1388 2178 1441 dis-

525 1491 662 1542 sert.
697 1487 768 1540 de
820 1483 1097 1539 laudibus
1143 1480 1506 1548 Tertulliani,
1541 1495 1717 1550 quem
1751 1477 1948 1533 Tullio
1981 1483 2038 1532 et
2067 1477 2178 1532 De-

524 1575 832 1631 mosthene
861 1573 1033 1645 longe
1076 1570 1409 1642 eloquentia
1441 1567 1903 1638 praestantiorem
1954 1566 2131 1621 habet
2165 1579 2178 1629 ;

522 1665 643 1721 sive
675 1664 732 1718 in
766 1662 920 1718 notis
951 1662 1020 1716 ad
1048 1661 1266 1716 calcem
1299 1659 1553 1730 rejectis,
1584 1674 1752 1728 quas,
1771 1655 2035 1728 Septimii
2067 1655 2181 1726 ple-

521 1768 771 1824 rumque
803 1750 1045 1815 oblitus,
1079 1750 1137 1804 in
1173 1748 1463 1820 quoslibet
1497 1747 1698 1803 obvios
1731 1750 2038 1800 novatores
2071 1761 2177 1816 pu-

521 1841 786 1915 gnaciter
822 1838 1109 1894 immittit.
1138 1860 1164 1886 »

1183 1927 1486 1982 1827-1829
1495 1970 1506 1982 .

592 2042 620 2070 «
654 2024 752 2074 En.
800 2019 1114 2074 HALLstIs
1161 2016 1228 2071 Ιῐ.
1264 2047 1330 2057 -
1374 2017 1528 2073 [Ialm
1557 2013 1981 2084 Mandeburgicz
2012 2012 2168 2084 apud

513 2110 638 2166 Joh.
700 2109 900 2164 Christ.
961 2105 1184 2170 Hendei,
1243 2105 1454 2160 iterum
1517 2103 1730 2176 prodiit
1777 2103 1836 2158 in
1885 2107 2025 2158 tom.
2069 2102 2164 2169 VI,

513 2200 606 2255 ed.
638 2196 880 2254 Semler.
916 2195 1046 2251 Vid.
1079 2211 1278 2266 supra.
1315 2216 1342 2243 υ

1270 2285 1428 2338 1829.

591 2397 613 2428 ι
665 2380 764 2430 Fa.
835 2375 1086 2430 Momm
1139 2373 1468 2428 Primordia
1535 2369 1800 2426 Ecclesia:
1857 2369 2162 2434 Africanis,

524 2465 780 2522 Havniaa.
813 2464 985 2531 in-AO,
1015 2479 1071 2535 p.
1105 2461 1232 2518 128.
1266 2484 1293 2511 ››

1266 2552 1425 2606 1829.

583 2665 612 2693 ‹‹
671 2648 734 2697 In
787 2640 1122 2696 collectione
1182 2639 1394 2695 selecta
1444 2639 1541 2693 SS.
1601 2637 1872 2694 Ecclesiae
1926 2637 2159 2692 Patrum

512 2731 935 2802 complectente
978 2728 1442 2800 exquisitissima
1492 2743 1692 2783 eorum
1739 2743 1872 2798 opp.
1915 2742 2054 2780 cura
2094 2731 2158 2778 Α.

510 2823 573 2874 Β.
603 2818 823 2873 Caillau
857 2821 912 2872 et
942 2820 1012 2871 M.
1046 2820 1115 2870 N.
1167 2816 1225 2870 S.
1267 2813 1521 2882 Guillon,
1555 2813 1820 2884 prodiere
1859 2811 1991 2866 libri
2024 2812 2161 2866 Ter-

509 2907 744 2963 tulliani
794 2905 911 2961 fere
968 2920 1194 2973 omnes,
1253 2903 1508 2974 exceptis
1539 2906 1769 2956 tantum
1821 2917 1919 2956 sex
1952 2900 2162 2972 partim

506 2996 701 3062 editis,
735 3010 946 3068 nempe
977 2995 1047 3049 de
1076 2994 1303 3060 Anima,
1346 2994 1417 3046 de
1455 2992 1616 3063 Fuga
1644 2991 1702 3045 in
1737 3007 1914 3062 pers.,
1946 2991 2016 3045 de
2054 2993 2160 3044 Pu-

511 3086 731 3151 dicitia,
790 3086 860 3140 de
901 3084 1155 3155 Jejunio,
1189 3083 1261 3138 de
1290 3081 1583 3136 Exhortat.
1615 3080 1830 3149 castit.,
1862 3081 1932 3136 ds
1964 3083 2158 3134 Mono-

514 3175 730 3250 gamia.
763 3179 907 3231 tom.
939 3174 1030 3238 VI,
1059 3173 1171 3229 VII.
1208 3194 1234 3222 η

1265 3262 1421 3316 1832.

587 3376 614 3403 ‹‹
645 3352 862 3408 Vsasxo
894 3351 1140 3406 GALLICA
1195 3349 1238 3405 Ι.
1296 3349 1448 3404 Libri
1483 3348 1547 3404 de
1583 3348 1910 3403 Testimonio
1935 3349 2157 3418 animae,

511 3442 610 3514 qui
643 3446 701 3496 et
729 3441 854 3510 ipse
896 3439 1117 3494 ceteris
1146 3439 1388 3494 Tertull.
1421 3438 1656 3508 scriptis
1697 3435 1988 3507 elegantia
2018 3453 2158 3505 prae-

511 3529 760 3587 stantior
789 3529 946 3584 haud
976 3527 1261 3599 imparem
1312 3533 1521 3581 nactus
1569 3530 1657 3581 est
1688 3525 1944 3597 primum
1977 3524 2157 3580 inter-

509 3623 754 3693 pretem,
808 3617 866 3672 in
922 3617 1124 3672 Annal.
1188 3615 1552 3686 Philosophia:
1610 3614 1967 3682 Christianae,
2020 3629 2154 3668 ann.

509 3709 668 3775 1832,
701 3722 902 3762 mense
951 3705 1148 3771 Junio,
1175 3705 1371 3760 fascic.
1402 3705 1494 3772 24,
1518 3703 1614 3758 ubi
1651 3703 1986 3774 interpretis
2016 3717 2156 3757 ano-

507 3796 669 3869 nymi
702 3811 938 3860 nomen,
969 3793 1170 3864 iniquo
1195 3795 1326 3864 jure
1374 3792 1690 3848 lectoribus
1721 3791 2153 3857 absconditum,

507 3883 714 3941 merito
771 3882 1048 3954 deinceps
1107 3884 1166 3936 in
1216 3881 1408 3936 indice
1455 3881 1768 3953 detegitur,
1819 3885 1884 3934 ι).
1949 3894 2158 3950 nempe

510 3973 729 4029 Maces.
757 3989 834 4028 nu
875 3977 986 4028 LAc
1016 3988 1086 4026 ns
1118 3971 1452 4026 Mon'rvsa'r.
1488 3992 1516 4020 »

1256 4079 1412 4134 1854.

579 4168 922 4224 Tertulliani
951 4167 1085 4223 libri
1119 4168 1188 4223 de
1221 4165 1765 4238 Praescriptionibus
1794 4165 2156 4232 adv.haaret.,

511 4259 581 4314 de
615 4257 934 4330 Baptismo,
966 4258 1037 4312 de
1088 4257 1454 4319 Pmnitentia.
1487 4257 1558 4310 de
1586 4257 1877 4325 Oratione,
1909 4255 2155 4310 seorsim

508 4348 648 4404 editi
681 4352 842 4418 sunt,
880 4347 1184 4418 praemissa
1234 4346 1572 4418 praefatione
1603 4345 1960 4418 germanica.
1993 4361 2158 4400 sum-

504 4437 704 4510 ptibus
732 4452 798 4492 ac
836 4435 992 4508 typis
1021 4435 1214 4508 Aloys.
1250 4434 1622 4503 Attenkover,
1659 4435 1814 4504 18314,
1845 4434 2012 4488 in-8°.

1255 4543 1417 4598 1838.

2211 500 2264 566 Α
2295 495 2541 567 Patient,
2574 498 2647 555 de
2685 499 3007 572 Baptismo,
3039 499 3111 555 de
3141 497 3375 568 Pcenit.,
3409 500 3482 555 ad
3509 498 3613 556 Ux.
3644 499 3749 554 lib.
3779 515 3841 569 ιι,
3875 502 3942 558 de

2296 584 2464 640 Cultu
2510 587 2643 642 fem.
2677 587 2781 643 lib.
2832 605 2894 654 II,
2955 588 3026 643 de
3075 587 3313 643 Exhort.
3370 593 3540 658 cast.,
3593 590 3663 644 de
3693 592 3944 662 Monog.,

2297 674 2366 729 de
2399 675 2670 743 Pudicit.,
2705 678 2776 732 de
2825 677 3099 748 Jejuniis,
3152 678 3222 732 de
3270 677 3558 750 Virginib.
3591 678 3842 749 veland.,
3874 680 3940 735 de

2295 763 2496 819 Pallio.
2527 797 2592 804 —
2628 766 2847 820 Prodiit
2877 766 2996 821 haec
3043 766 3220 821 editio
3266 765 3477 822 selecta
3511 767 3670 839 Lips.
3722 768 3876 838 1839,
3908 770 3940 823 2

2293 857 2429 908 tom.
2465 853 2640 926 in-12,
2675 871 2897 910 recens.
2934 859 2989 911 E.
3022 859 3080 910 F.
3113 855 3391 911 Lsopow.
3455 856 3604 911 Phil.
3634 876 3686 912 ι).
3738 875 3827 913 AA.
3863 874 3938 912 m.

2293 941 2353 996 in
2385 959 2605 1015 gymm.
2667 945 2998 1016 Annaberg.
3060 944 3331 1017 Praecept.
3392 945 3579 1001 ordin.
3632 946 3938 1002 Laudanda

2295 1047 2434 1086 sane
2465 1036 2522 1087 et
2563 1033 2844 1103 recensio,
2878 1034 2951 1088 ob
2977 1038 3171 1090 textus
3201 1034 3553 1104 castitatem,
3585 1039 3641 1090 et
3670 1036 3844 1090 editio
3867 1037 3936 1092 ob

2292 1121 2542 1176 chartar.
2604 1126 2661 1177 et
2719 1131 2908 1195 typor.
2944 1123 3217 1188 nitorem,
3258 1123 3419 1178 nullo
3463 1141 3593 1180 vero
3642 1140 3932 1181 commen-

2290 1211 2460 1276 tario,
2493 1209 2810 1266 lectionum
2845 1215 3072 1266 tantum
3105 1211 3381 1268 varietate
3421 1213 3723 1268 adornata.

3031 1320 3188 1374 1839.

2365 1412 2484 1463 «Ε.
2521 1409 2580 1463 F.
2614 1413 2870 1463 Lsoeonn
2920 1407 3106 1464 Ueber
3157 1409 3250 1465 die
3299 1408 3595 1465 Ursachen
3653 1410 3758 1465 der
3814 1426 3932 1466 ver-

2289 1497 2606 1552 dorbenem
2630 1495 2886 1552 latinitat
2911 1497 3002 1553 bei
3025 1498 3129 1554 dec
3152 1496 3600 1553 schriftstellern
3626 1499 3774 1554 nach
3807 1499 3930 1555 dem

2287 1585 2557 1642 Zeitalter
2587 1586 2642 1642 d.
2676 1590 2746 1642 K.
2777 1587 3102 1658 Augustus,
3155 1586 3620 1658 hauptsaachllch
3681 1589 3772 1644 hei
3827 1588 3931 1644 den

2286 1675 2779 1742 Kirchenvaztern,
2813 1676 2921 1729 mit
2949 1675 3305 1731 besonderer
3336 1674 3932 1749 beriicksichtingung

2286 1765 2390 1819 des
2419 1763 2758 1820 Tertullian.
2790 1766 2999 1820 inserta
3031 1765 3095 1820 V.
3127 1765 3186 1819 S.
3221 1769 3284 1819 V.
3324 1764 3548 1837 Iligenii
3579 1763 3930 1832 Zeitschrii‘t,

2201 1872 2249 1937 Β
2286 1854 2320 1907 f.
2358 1854 2415 1908 d.
2452 1853 2657 1910 histor.
2691 1852 2918 1920 Theol.,
2952 1853 3064 1908 vol.
3100 1853 3242 1922 VIII,
3274 1870 3331 1925 p.
3368 1855 3391 1908 1
3444 1870 3474 1909 e
3547 1869 3678 1926 sqq.
3713 1855 3868 1926 Lips.
3900 1875 3927 1904 »

3027 1961 3184 2015 1840.

2349 2051 2504 2104 Inter
2533 2049 2894 2121 Scriptorum
2920 2048 3449 2104 ecclesiasticorum
3481 2049 3768 2122 opuscula
3793 2067 3930 2122 prs-

2276 2139 2448 2210 cipua
2481 2139 2748 2210 quaedam
2783 2137 3010 2192 Martin.
3043 2138 3166 2193 Jos.
3201 2138 3412 2205 Routh,
3434 2143 3488 2194 Β.
3514 2144 3575 2193 Τ.
3605 2139 3667 2194 Ρ.
3699 2139 3928 2212 collegii

2276 2229 2334 2284 S.
2369 2227 2721 2299 Magdalenae
2769 2231 2950 2282 Oxon.
3003 2243 3234 2297 praeses,
3285 2229 3432 2283 duos
3479 2228 3824 2284 Tertulliani
3863 2228 3928 2283 li-

2273 2318 2432 2387 bros,
2465 2318 2534 2372 de
2565 2316 2842 2372 Oratione
2873 2332 3083 2388 nempe
3111 2333 3178 2372 ac
3207 2317 3278 2371 de
3326 2317 3777 2389 Praescriptione
3809 2317 3926 2374 hai-

2273 2407 2610 2473 reticorum,
2643 2405 2844 2472 edidit,
2883 2406 3151 2476 notisque
3198 2405 3447 2462 aliorum
3499 2411 3556 2462 et
3600 2407 3726 2462 suis
3757 2423 3925 2463 orna-

2269 2495 2374 2560 vit,
2402 2511 2506 2550 nec
2539 2511 2653 2549 non
2685 2503 2737 2549 et
2769 2511 2916 2550 novo
2948 2493 3269 2550 lectionum
3301 2495 3373 2550 ad
3426 2495 3644 2550 calcem
3679 2496 3924 2567 rejects-

2270 2601 2401 2639 rum
2433 2601 2500 2638 ex
2533 2583 2794 2638 Ambros.
2842 2583 2970 2638 cod.
3005 2589 3378 2656 acceptarum
3408 2583 3707 2657 spicilegio
3738 2585 3926 2640 adau-

2270 2674 2374 2728 xit.
2408 2672 2552 2728 Edit.
2589 2671 2790 2740 altera,
2821 2675 3003 2728 Oxon.

3016 2762 3172 2816 1842.

2342 2874 2367 2900 ‹‹
2403 2850 2789 2906 Novissimam
2829 2866 2896 2905 ac
2942 2850 3395 2922 amplissimam,
3449 2868 3576 2924 quis
3633 2851 3920 2909 hactenus

2271 2939 2569 3012 prodierit,
2629 2939 2970 2995 Tertulliani
3028 2956 3272 3012 operum
3330 2941 3448 2995 fere
3509 2941 3921 2998 universorum

2267 3027 2591 3084 versionem
2641 3027 2923 3084 Gallicam
2970 3027 3304 3097 nuperrime
3345 3028 3529 3083 edidit
3570 3029 3637 3085 D.
3686 3035 3763 3086 De
3811 3031 3922 3086 Ge-

2269 3119 2479 3184 noude,
2514 3118 2572 3172 in
2606 3134 2714 3173 sua
2743 3116 3204 3172 cbrestomathia
3226 3117 3648 3188 Patristics,cui
3672 3117 3921 3187 titulus;

2191 3231 2234 3298 ρ
2271 3208 2372 3263 ιω
2401 3211 2562 3262 Pero:
2591 3208 2655 3262 de
2687 3207 2906 3275 I'Eglise
2937 3206 3168 3262 lraduiu
3227 3223 3293 3262 cn
3345 3209 3633 3279 Franpais,
3696 3213 3736 3263 t.
3801 3209 3919 3276 XII,

2272 3296 2456 3363 Paris,
2488 3297 2652 3350 in-8°.
2688 3295 2875 3367 Hujus
2905 3302 3098 3351 autem
3133 3297 3439 3365 versionis,
3480 3314 3607 3369 quas
3665 3299 3818 3354 duos
3869 3301 3924 3354 et

2269 3386 2476 3458 viginti
2503 3385 2827 3458 pracipuos
2858 3385 3204 3441 Tertulliani
3237 3385 3412 3442 libros
3433 3386 3924 3458 continet,auctor

2268 3488 2358 3531 est
2389 3476 2456 3530 II.
2494 3477 2711 3530 DENAIN
2763 3475 2834 3530 de
2881 3475 3146 3547 Septimii
3205 3477 3391 3532 nostri
3441 3476 3724 3532 studiosis
3774 3476 3922 3531 bene

2268 3565 2535 3629 meritus,
2563 3569 2833 3620 notarum
2869 3569 3064 3619 tamen
3097 3565 3337 3620 omnino
3385 3581 3612 3636 expers,
3635 3569 3693 3621 et
3722 3565 3922 3621 omnis

2267 3653 2673 3711 commentarii
2706 3653 2856 3708 mole
2885 3654 3212 3726 expeditus,
3243 3653 3479 3726 elegans
3509 3655 3706 3726 potius
3737 3671 3918 3725 quam

2266 3744 2594 3800 ﬁdissimus
2625 3744 2937 3814 interpres,
2969 3743 3068 3814 qui
3099 3743 3366 3799 africane
3399 3742 3640 3816 loquelas
3689 3744 3920 3815 asperi-

2265 3839 2448 3890 tatem
2489 3833 2821 3905 splendenti
2869 3833 3096 3888 ornavit
3126 3848 3418 3901 sermone,
3449 3832 3798 3905 egregiaque
3832 3833 3920 3888 in-

2263 3923 2498 3978 terdum
2577 3928 2635 3977 et
2707 3921 2778 3976 ad
2843 3919 3036 3976 vivum
3103 3936 3378 3992 expressa
3442 3919 3922 3993 interpretatione

2264 4010 2561 4068 recreavit.
2598 4033 2627 4060 »

3020 4099 3177 4154 1843.

2337 4191 2591 4245 Tantum
2624 4188 2836 4244 referre
2867 4187 3036 4243 nobis
3089 4187 3246 4256 licet,
3278 4187 3482 4244 eodem
3513 4191 3775 4260 tempore
3807 4203 3922 4258 quo

2267 4278 2389 4335 haec
2421 4284 2619 4334 nostra
2649 4277 2823 4333 editis
2875 4277 3030 4348 typis
3063 4277 3398 4344 mandat-ur,
3432 4275 3609 4332 simul
3641 4281 3699 4332 et
3729 4275 3788 4330 in
3826 4276 3921 4331 lu-

2267 4385 2392 4423 cem
2428 4367 2680 4423 suboriri
2713 4365 2954 4422 alteram
2985 4365 3330 4422 Tertulliani
3350 4366 3690 4436 editionem,
3713 4365 3919 4421 cur.II.

2266 4462 2333 4512 Α.
2367 4456 2756 4512 Woodhaam.
2784 4455 3060 4510 Cantabr.

3016 4545 3172 4600 1833.

575 4635 639 4690 C.
691 4632 816 4688 Jos.
847 4633 1066 4688 Hesus
1105 4633 1411 4687 Tertullian
1437 4633 1517 4686 als
1547 4632 1825 4702 Apologet.
1887 4630 1946 4686 in
2007 4631 2156 4704 Drey
2188 4608 2233 4671 ί)
2336 4636 2436 4691 His
2469 4635 2650 4707 igitur
2679 4633 2947 4690 deductis
2977 4650 3080 4705 per
3114 4633 3298 4689 multa
3330 4640 3483 4691 retro
3516 4634 3728 4691 saecula
3755 4633 3919 4690 litte-

509 4725 565 4777 et
591 4721 688 4775 all.
723 4721 1025 4794 Tubinger
1053 4720 1327 4792 Theolog.
1363 4720 1624 4792 quarlsls
1653 4719 1886 4776 Schrift.
1919 4751 1983 4760 —
2016 4724 2078 4775 P.
2114 4722 2154 4787 Ι,

508 4827 565 4883 p.
598 4811 688 4866 30.

1258 4901 1409 4957 1839.

581 4987 940 5044 Bibliotheca
963 4989 1061 5044 PP.
1082 4989 1613 5044 ecclesiasticorum
1633 4987 1797 5042 latin.
1825 4988 2058 5054 selecta,
2083 4989 2153 5044 ad

509 5079 609 5134 68
641 5077 999 5150 cptimorum
1034 5078 1233 5134 libror.
1277 5079 1452 5133 ﬁdem
1499 5077 1675 5142 edita,
1725 5082 1966 5134 curante
1999 5079 2059 5133 E.
2092 5079 2151 5135 Ο.

502 5167 800 5222 Gersdorf.
836 5165 896 5222 in
948 5169 1206 5222 medium
1264 5167 1460 5239 posuit
1490 5184 1554 5221 ac
1589 5166 1805 5238 publici
1834 5168 1988 5236 juris
2020 5168 2155 5222 fecit

503 5258 686 5314 libros
716 5256 954 5312 Tertull.
991 5258 1104 5312 fere
1131 5275 1352 5323 omnes,
1389 5257 1446 5312 in
1477 5258 1624 5312 duas
1682 5257 1898 5312 classes
1941 5257 2153 5313 distin-

503 5353 649 5415 ctos,
683 5351 739 5401 et
773 5362 912 5400 suos
943 5352 1082 5402 tom.
1117 5347 1340 5402 scilicet
1369 5347 1427 5401 4ο
1458 5346 1606 5400 Libr.
1648 5345 2030 5416 Apolegetz'cos,
2080 5347 2152 5400 ad

505 5436 808 5506 Martyres,
842 5434 911 5488 de
966 5434 1310 5505 Spectacul.,
1344 5437 1414 5489 de
1473 5432 1694 5498 Idolol.,
1746 5432 2044 5504 Apologet.
2081 5433 2148 5488 ad

501 5527 634 5579 Nat.
671 5523 771 5577 lib.
802 5540 861 5588 η,
897 5525 966 5578 de
998 5524 1238 5580 Testim.
1298 5525 1490 5578 Anim.
1551 5522 1622 5576 de
1649 5524 1871 5575 Corona
1903 5520 2052 5592 mil.,
2083 5523 2154 5578 de

505 5614 668 5683 Fuga
704 5611 762 5665 in
797 5628 1040 5683 persec,
1074 5612 1401 5685 Scorpiace,
1435 5612 1502 5666 ad
1538 5611 1767 5681 Scapul.
1807 5611 1866 5662 2°
1898 5609 2050 5664 Libr.
2083 5613 2154 5666 ad

504 5704 646 5758 ritus
691 5705 742 5757 et
786 5718 961 5758 mores
1011 5701 1380 5760 Christianor.
1427 5700 1789 5773 pertinentes,
1839 5699 1909 5755 de
1969 5700 2148 5774 Orat.,

2268 4725 2437 4780 rariis
2468 4722 2810 4780 Tertulliani
2851 4721 3166 4778 annalibus
3218 4725 3392 4780 tinem
3443 4724 3921 4797 qualemcunque

2265 4814 2528 4884 imponet
2553 4813 2670 4868 haec
2694 4829 2840 4867 nova
2862 4811 3219 4868 PARISIENSIS
3248 4830 3641 4886 sni'rio,quam
3675 4816 3810 4884 post
3833 4815 3922 4866 tot

2265 4904 2511 4958 aliorum
2581 4907 2637 4957 et
2701 4906 2998 4956 tantorum
3067 4900 3296 4957 labores
3367 4903 3495 4958 ideo
3555 4901 3922 4957 conﬁdenter

2264 4991 2660 5064 aggredimur,
2685 4990 2837 5060 quod
2873 4989 3018 5044 nihil
3042 4990 3152 5044 nisi
3185 4989 3442 5046 alienum
3477 5008 3543 5046 ac
3575 4993 3920 5046 mutuatum

2264 5086 2632 5153 przestamus.
2670 5078 2740 5132 Ut
2770 5078 2925 5132 enim
2986 5095 3054 5133 ex
3111 5078 3184 5133 iis
3232 5096 3359 5150 quas
3419 5080 3706 5136 hactenus
3737 5094 3923 5150 opera

2261 5169 2603 5226 Tertulliani
2627 5167 2998 5224 elucidarunt
3020 5167 3166 5222 nihil
3189 5169 3467 5224 duximus
3489 5168 3922 5234 omittendum;

2261 5259 2342 5314 ita
2374 5257 2518 5312 nihil
2556 5257 2710 5326 novi,
2767 5256 2854 5311 vel
2912 5257 3162 5312 inauditi
3224 5260 3606 5314 asserendum
3667 5256 3926 5312 libenter

2262 5348 2626 5420 proﬁtemur.
2661 5347 2943 5418 Equidem
2992 5347 3048 5401 in
3102 5346 3210 5402 hoc
3252 5354 3478 5415 nostro,
3523 5347 3924 5419 quodcunque

2263 5437 2357 5507 sit,
2392 5454 2563 5508 Opere
2589 5435 2969 5490 describendo
3000 5434 3274 5492 lectorem
3308 5438 3406 5491 diu
3454 5436 3669 5492 morari
3723 5432 3920 5488 nolui-

2262 5543 2436 5593 mus;
2489 5541 2759 5596 quzenam
2815 5529 3010 5578 tamen
3069 5523 3206 5579 huic
3260 5525 3500 5581 editioni
3560 5521 3924 5580 accesserint

2261 5616 2684 5678 additamenta,
2713 5611 2974 5683 qualisve
3015 5618 3208 5669 textus
3267 5614 3526 5670 recensio
3586 5611 3776 5685 potior
3806 5610 3917 5665 ha-

2259 5704 2491 5771 beatur,
2524 5702 2818 5758 undenam
2868 5700 3213 5772 petierimus
3261 5709 3572 5776 perpetuos
3614 5715 3916 5758 commen-
