4060 6342
174 305 244 364 73
1661 307 2099 372 PREFATIO.
3506 321 3589 379 74

171 436 362 504 tarios,
392 437 569 508 paulo
599 439 801 497 fusius
833 438 1062 496 dicendi
1092 439 1328 496 animus
1357 443 1447 496 est
1474 457 1538 497 ac
1568 439 1822 497 necessi-
1853 444 1907 509 Α
1938 440 1995 495 in
2030 440 2217 497 lucem
2251 442 2464 499 iterum
2495 444 2881 517 proferemus,
2914 463 3029 519 quo
3062 447 3337 518 rarius,et
3365 456 3594 524 quaestu

171 532 255 582 tas
285 527 592 584 incumbit.

737 672 1133 729 ARTICULUS
1173 672 1267 728 IV.

566 781 638 836 De
664 796 806 835 nova
838 780 1076 835 editione
1109 780 1436 836 Parisiensz.

240 922 526 980 Coalescit
568 924 686 978 btec
717 924 899 979 editio
934 928 1133 994 postea
1190 939 1259 978 ex
1313 924 1506 977 tribus
1566 922 1831 993 partibus

176 1013 418 1067 seorsim
480 1011 831 1067 ordinandis
889 1029 955 1067 ac
1007 1012 1429 1077 describendis,
1464 1027 1673 1081 nempe
1708 1017 1830 1065 tum

169 1118 232 1156 ex
290 1100 728 1173 prolegomenis
787 1101 1183 1171 quibusdam,
1249 1110 1372 1155 tum
1431 1118 1498 1154 ex
1560 1100 1832 1167 plurimis

166 1190 599 1261 appendicibus
658 1190 757 1244 69
793 1189 942 1244 inter
973 1206 1121 1259 quas
1155 1189 1290 1243 hinc
1322 1194 1379 1243 et
1410 1188 1543 1242 inde
1573 1188 1834 1243 decurrit

164 1282 388 1350 integer
411 1279 762 1334 Tertulliani
799 1283 1011 1343 textus,
1061 1279 1335 1333 varietate
1390 1276 1708 1331 lectionum
1768 1291 1833 1331 ac

165 1368 347 1423 multo
379 1367 802 1423 commentario
838 1367 1193 1421 illustratus.

238 1458 296 1511 ln
333 1458 526 1529 primo
559 1456 764 1511 limine
794 1471 1135 1510 conservare
1168 1470 1233 1510 ac
1266 1453 1419 1526 typis
1451 1452 1836 1509 inamandare

167 1546 434 1618 religioni
466 1546 747 1600 duximus
775 1561 1151 1599 TERTULLIANI
1183 1561 1359 1598 VITAM
1394 1560 1502 1597 pan
1521 1559 1737 1597 VIGINTI
1770 1560 1837 1597 ετ

173 1652 443 1699 ουΑτυοιι
472 1651 659 1690 annos
690 1652 721 1689 a
754 1633 1008 1689 Pamelio
1058 1633 1494 1698 concinnatam,
1562 1633 1835 1687 brevibus

167 1733 404 1780 tantum
440 1724 535 1778 hic
566 1724 686 1779 illic
719 1723 1005 1793 respersis
1030 1720 1606 1785 annotationibus,ac
1631 1720 1834 1775 sedulo

1939 530 2240 587 difﬁcilius
2289 537 2379 588 est
2433 533 2867 605 amplissimum
2928 536 3073 592 illud
3134 537 3217 594 rei
3274 540 3593 611 patristicae

1939 618 2116 675 trium
2151 620 2411 692 priorum
2445 622 2786 679 saaculorum
2824 626 3169 683 armarium.

2012 727 2141 783 Haec
2172 732 2311 783 sunt
2340 746 2466 801 quae
2500 731 2735 786 utiliora
2766 732 3041 788 duximus
3091 735 3305 805 praevia
3358 736 3599 793 Tertul-

1939 814 2079 871 liani
2138 817 2321 871 nostri
2380 817 2587 873 limina
2619 836 2683 874 ac
2717 838 2861 890 pene
2890 822 3079 877 dicam
3114 823 3429 897 Propylaaa.
3457 826 3599 889 Qum

1940 922 2072 960 cum
2110 907 2543 976 pertransieris,
2580 909 2782 963 tutiori
2815 914 2959 980 pede
2992 913 3393 983 penetralibus
3452 915 3600 988 ipsis

1941 994 2241 1049 succedes.
2304 995 2428 1059 Quo
2482 998 2604 1067 jam
2639 1003 2689 1051 te
2724 1015 2951 1053 mecum
2987 1001 3319 1070 pervenisse
3347 1003 3597 1059 videaris

1944 1083 2136 1149 velim,
2173 1088 2255 1149 ut,
2290 1084 2520 1140 aediﬁcii
2556 1086 2829 1158 praecipui
2864 1088 3149 1160 tantisper
3179 1090 3412 1160 oblitus,
3457 1108 3602 1148 con-

1942 1172 2105 1227 tinuo
2131 1172 2559 1229 remotissimae
2581 1175 2905 1232 invisamus
2936 1178 3377 1248 eppendiculas.
3413 1182 3600 1246 Quin-

1943 1277 2053 1331 que
2084 1278 2219 1333 ergo
2253 1263 2502 1333 reperies
2535 1263 2592 1318 in
2622 1264 2777 1319 calce
2804 1267 3115 1335 repositas,
3165 1269 3458 1324 coronidis
3504 1269 3601 1325 in-

1944 1357 2089 1416 star,
2121 1350 2332 1405 diversi
2358 1355 2687 1421 argumenti
2720 1355 3093 1424 appendices.
3129 1357 3384 1420 Quarum
3413 1362 3602 1430 prima

1944 1439 2122 1494 habet
2146 1456 2399 1495 CARMINA
2432 1443 2552 1497 sive
2582 1444 2858 1514 genuina,
2904 1446 3023 1500 sive
3070 1448 3420 1518 suppositis,
3478 1466 3604 1521 qua:

1944 1528 2287 1583 Tertulliani
2321 1532 2558 1586 nomine
2588 1533 3319 1608 circumferuntur,exiguo
3345 1539 3608 1608 quidem,

1947 1623 2146 1687 utpote
2189 1620 2381 1691 exigui
2442 1622 2744 1690 momenti,
2806 1628 3226 1682 commentario
3281 1626 3598 1685 illustrata.

1947 1710 2202 1765 Secunda
2258 1716 2452 1765 autem
2488 1713 2879 1783 fragmentum
2913 1716 3209 1785 quoddam
3240 1717 3476 1774 exhibet
3501 1720 3605 1775 diu

168 1830 413 1868 recensu
444 1812 853 1868 consularium
888 1810 1146 1865 fastuum
1179 1810 1349 1874 serie,
1394 1809 1452 1863 in
1508 1810 1835 1880 praecedam-
1872 1816 1917 1879 Β
1954 1815 2051 1869 per
2079 1798 2267 1854 multa
2297 1800 2511 1856 saecula
2544 1801 2603 1856 in
2636 1803 2935 1859 codicibus
2968 1806 3250 1862 vaticanis
3280 1808 3603 1880 ,obrutum,

168 1904 330 1959 tibus
362 1903 722 1957 editionibus
755 1901 902 1954 mire
934 1900 1286 1963 disturbata,
1321 1900 1630 1967 truncatis,
1667 1899 1831 1953 inau-

170 1992 382 2048 ditisve
412 1989 757 2045 nominibus
785 1987 1162 2052 borrida,nec
1193 1988 1368 2042 etiam
1403 2002 1557 2041 nunc
1586 1992 1832 2057 purgata

166 2080 294 2135 labe
327 2079 587 2149 quadam
621 2081 925 2149 perpetua,
969 2077 1148 2131 unius
1206 2092 1415 2146 nempe
1472 2075 1612 2129 anni
1670 2081 1830 2129 ante-

161 2171 471 2237 rioritate,
524 2184 654 2238 quae
707 2183 738 2222 e
798 2170 1029 2220 vetusta
1084 2164 1488 2220 consularium
1548 2165 1830 2220 Fastuum

169 2256 517 2314 chronotaxi
574 2256 633 2310 in
678 2254 1076 2310 Pamelianam
1111 2254 1509 2309 recensionem
1545 2253 1831 2309 inoffenso

168 2348 313 2418 pede
345 2344 724 2409 transmissa,
762 2343 897 2397 hinc
927 2343 1150 2413 absque
1209 2357 1422 2411 magno
1480 2357 1675 2396 rerum
1736 2347 1830 2396 tu-

171 2433 365 2489 multu
398 2431 531 2503 ejici
564 2430 946 2502 nequivisset.

247 2525 311 2577 In
346 2520 441 2576 bis
473 2520 655 2592 igitur
684 2517 1037 2574 Pamelianis
1069 2516 1380 2573 annalibus
1403 2522 1643 2573 manent
1662 2516 1831 2588 plura

173 2610 540 2683 imperfecta,
573 2607 790 2674 hiulca,
825 2607 1217 2676 conjectanea,
1276 2623 1551 2674 errones;
1611 2607 1830 2678 quibus

177 2698 571 2755 resarciendis
610 2695 1007 2752 necessarium
1059 2694 1394 2749 subsidium
1427 2700 1667 2766 praestat
1693 2712 1827 2751 eru-

172 2786 475 2843 ditissima
513 2785 568 2840 J.
628 2791 776 2855 Aug.
838 2780 1100 2838 Noesselt
1152 2798 1514 2838 DISSERTATIO
1563 2801 1633 2838 na
1684 2800 1828 2839 vana

171 2893 360 2931 ιετΛΤΒ
417 2890 488 2929 AC
532 2889 814 2928 DOCTRINA
846 2887 1213 2926 SCRIPTORUM
1243 2888 1375 2934 QUAE
1404 2888 1741 2928 SUPERSUNT
1769 2890 1823 2935 Ο.

170 2980 424 3020 εειηιωι
452 2977 854 3026 TERTULLIANI,
888 2976 955 3014 ex
984 2960 1219 3013 historia
1251 2958 1487 3028 theolog.
1518 2961 1710 3015 critica
1759 2962 1826 3017 de

168 3057 299 3118 vita,
358 3054 580 3122 scriptis
638 3066 701 3105 ac
755 3048 1007 3104 doctrina
1065 3046 1158 3103 SS.
1206 3049 1441 3103 Patrum
1475 3054 1534 3103 D.
1571 3049 1826 3120 Lumper

164 3146 471 3213 excerpta;
505 3156 754 3211 quorum
783 3154 931 3209 opus
961 3153 1272 3192 commune
1305 3144 1369 3192 ut
1397 3137 1646 3193 libenter
1693 3139 1818 3193 edi-
1850 3180 1892 3247 ϐ

390 3231 399 3247 I
456 3234 491 3247 ,s
520 3246 547 3247 η
577 3229 701 3247 'L,-_
764 3231 1093 3247 ,__.__._L-__._
1163 3226 1276 3247 ΩΑ..-
1341 3228 1444 3247 --Λ2
1531 3228 1599 3247 ιι-
1640 3243 1814 3247 _.-___

168 3248 323 3297 mus,
386 3229 706 3285 lectoribus
764 3231 1100 3299 pergratum
1162 3226 1282 3282 fore
1340 3228 1470 3292 rati,
1530 3228 1610 3281 ita
1638 3243 1817 3298 penes

164 3327 489 3391 utrumque
518 3323 673 3373 stare
704 3314 1019 3371 nonnullas
1049 3331 1251 3371 eorum
1314 3316 1639 3371 subdubias
1697 3317 1822 3387 opi-

167 3410 377 3465 niones
410 3412 833 3464 contestamur.

239 3500 373 3564 Quae
414 3496 662 3553 subinde
715 3498 1035 3550 occurrunt
1089 3509 1465 3548 TERTULLIANI
1524 3511 1824 3549 pamnoxa

166 3606 295 3643 cum
337 3586 581 3642 antidoto
609 3584 871 3648 Pamelii,
904 3599 1441 3643 PBOVERBIALESQUE
1473 3600 1762 3638 nonnum
1791 3601 1825 3638 a

166 3681 339 3733 Beato
370 3678 627 3732 Βλεπαηο
656 3678 705 3729 et
735 3674 953 3728 Andrea
982 3674 1129 3743 Hoyo
1162 3673 1431 3741 Brugensi
1480 3672 1821 3744 explanatis,

164 3785 266 3822 eas
297 3772 363 3821 ut
396 3766 451 3819 in
483 3762 721 3829 caeteris,
757 3762 839 3817 sic
870 3767 926 3817 et
954 3761 1013 3816 in
1046 3767 1248 3816 nostra
1303 3760 1560 3817 editione
1618 3762 1824 3831 habes,

165 3873 273 3911 nec
333 3854 561 3909 inﬁcias
612 3852 830 3906 ibimus
863 3867 976 3906 non
1006 3850 1203 3922 potius
1236 3850 1661 3922 praescriptioni
1695 3851 1824 3906 cui-

164 3947 303 4001 dam
334 3960 401 3998 ac
430 3943 689 4014 priorum
722 3939 1045 3995 editionum
1078 3938 1363 4011 exemplo,
1395 3956 1571 4011 quam
1599 3940 1823 4012 patenti

166 4033 476 4090 commodo
512 4031 703 4086 locum
738 4028 966 4084 fecisse.

235 4123 385 4178 Data
413 4120 622 4175 deinde
651 4118 1048 4189 Apologetica,
1083 4119 1293 4172 iterum
1326 4123 1380 4172 et
1414 4134 1538 4189 quae
1580 4118 1644 4174 de
1695 4135 1821 4189 pro-

160 4215 294 4285 pria
323 4210 444 4281 ejus
474 4212 634 4263 aelate
663 4224 727 4262 ac
757 4206 1071 4277 specialius
1102 4206 1167 4260 de
1217 4207 1525 4261 Severianae
1578 4224 1826 4278 persecu-

161 4304 332 4356 tionis
393 4301 554 4355 im’tio
607 4295 946 4367 disquisivit
987 4295 1038 4351 J.
1079 4303 1244 4351 Laur.
1278 4296 1581 4366 Mosheim,
1609 4298 1681 4352 ab
1711 4297 1824 4352 edi-

166 4394 331 4446 tione
355 4389 575 4443 Veneta
606 4385 865 4442 secunda
895 4384 1278 4440 detraximus.

232 4483 307 4535 At
337 4477 487 4533 nihil
521 4475 773 4548 plenius,
805 4473 1090 4546 integrius
1140 4479 1198 4530 et
1257 4473 1511 4544 amplius
1574 4492 1825 4546 usquam

1948 1888 2185 1941 tandem
2220 1905 2438 1943 annum
2474 1890 2627 1945 circa
2660 1892 2798 1947 1630
2830 1910 2862 1946 a
2889 1894 3020 1949 Joh.
3077 1894 3261 1951 Maria
3307 1897 3600 1953 Suaresio.

1941 1975 2212 2032 bibliotb.
2248 1980 2420 2035 vatio.
2452 1982 2715 2048 custode,
2749 1983 2995 2052 editum,
3030 1984 3362 2056 iterumque
3392 2003 3426 2041 a
3456 1988 3605 2042 duo-

1940 2065 2051 2120 bus
2084 2065 2313 2121 saaculis
2345 2067 2557 2123 oblivio
2588 2070 2863 2125 obrutum
2888 2076 2988 2125 aut
3027 2073 3389 2144 despectum.
3426 2076 3602 2131 Tertia

1942 2159 2137 2209 autem
2172 2156 2457 2211 nonnulla
2487 2159 2873 2229 deprehendit
2903 2175 3030 2231 quae
3061 2163 3254 2217 Graeco
3280 2179 3378 2219 ore
3408 2166 3598 2236 Septi-

1943 2242 2097 2297 mius
2129 2244 2293 2311 dixit,
2326 2244 2648 2315 transtulit,
2678 2252 2781 2302 aut
2810 2248 3369 2317 exaravit,atticismi
3402 2252 3600 2309 forsan

1940 2332 2182 2402 peritior
2212 2349 2387 2403 quem
2422 2333 2612 2389 latina:
2646 2336 3018 2393 urbanitatis.
3074 2339 3287 2407 Quarta
3334 2343 3595 2415 domum,

1941 2436 2068 2491 quae
2103 2422 2339 2493 penitus
2369 2424 2589 2479 amissa
2617 2425 3030 2482 desiderantur
3081 2445 3257 2499 opera
3312 2437 3595 2501 recenset,

1940 2515 2044 2565 aut
2089 2526 2291 2566 eorum
2346 2511 2538 2583 spicas
2595 2513 2874 2584 decerpit,
2934 2521 3035 2571 aut
3094 2518 3296 2589 spuria
3347 2527 3592 2577 resecat.

1938 2599 2195 2655 Tandem
2230 2601 2434 2668 Quinta
2466 2603 2803 2673 suppeditat
2831 2605 3076 2661 eximias
3130 2609 3189 2661 υ.
3251 2608 3595 2667 Coasmum

1939 2689 2166 2743 THOME
2195 2706 2614 2746 ADNOTATIONES
2644 2691 2703 2745 in
2730 2692 2960 2748 duobus
2984 2694 3252 2767 Septimii
3275 2698 3347 2753 de
3369 2699 3594 2769 Baptis-

1938 2793 2033 2832 mo
2064 2782 2119 2831 et
2151 2778 2493 2833 Pcsnitentia
2524 2778 2713 2849 libris,
2747 2781 2973 2852 opimas
3008 2800 3148 2840 sane
3179 2802 3245 2841 ac
3292 2787 3593 2845 uberrima

1938 2866 2270 2922 substantia
2299 2868 2793 2940 confertas,paulo
2822 2872 3053 2927 tardius
3084 2874 3255 2930 nobis
3286 2878 3591 2933 transmis-

1935 2972 2032 3009 sas
2091 2972 2268 3026 quam
2328 2961 2391 3010 ut
2428 2974 2535 3012 suo
2569 2958 2692 3013 loco
2724 2961 3063 3028 succedant,
3094 2968 3356 3035 tempore
3386 2971 3585 3021 tamen

1934 3047 2027 3097 sat
2054 3050 2383 3115 Opportuno
2415 3050 2479 3099 ut
2526 3046 2826 3116 egregium
2885 3048 3045 3120 operi
3100 3066 3249 3121 pene
3308 3054 3580 3111 absoluto

1937 3132 2113 3186 ﬁnem
2170 3134 2477 3203 imponant
2530 3150 2595 3189 ac
2658 3136 2756 3190 70
2808 3136 3023 3193 effusas
3075 3140 3242 3195 nobis
3273 3140 3580 3199 incumbat

1932 3237 2101 3292 agere
2132 3228 2326 3293 grates
2351 3222 2900 3281 benevolentissimo
2934 3226 2993 3282 V.
3024 3228 3075 3283 J.
3106 3228 3169 3283 B'
3201 3229 3578 3303 Malou,|pro-

1932 3311 2137 3365 fossori
2166 3310 2364 3365 Theo].
2398 3311 2752 3383 Dogmatica:
2795 3314 2854 3368 in
2915 3315 3170 3374 univers.
3230 3319 3582 3377 Lovaniens.

1932 3402 1989 3453 et
2018 3398 2281 3469 ejusdem
2312 3401 2487 3455 Acad.
2524 3400 2820 3467 Biblioth.,
2855 3404 3025 3474 cujus
3056 3422 3162 3477 ope
3193 3424 3259 3463 ac
3310 3409 3586 3466 comitate

1933 3487 2053 3542 haec
2110 3488 2259 3560 grati
2311 3488 2645 3560 accepimus
2705 3494 3085 3564 munuscula,
3144 3496 3361 3566 quibus
3411 3504 3468 3554 et
3498 3504 3586 3569 tu,

1933 3577 2180 3632 candide
2208 3576 2403 3644 lector,
2438 3583 2603 3650 grato
2631 3578 2909 3635 similiter
2939 3585 3137 3638 animo
3184 3588 3364 3655 utere,
3425 3605 3586 3645 ama-

1932 3671 2012 3733 to,
2041 3672 2100 3720 et
2130 3665 2345 3721 fruere.

1924 3768 1927 3769 '
2002 3757 2169 3808 Nunc
2200 3755 2436 3809 tandem
2471 3755 2854 3813 redeuntibus
2883 3759 2955 3814 ad
2979 3776 3221 3832 operum
3244 3763 3586 3822 Tertulliani

1933 3859 2165 3914 corpus,
2200 3843 2312 3898 tria
2340 3844 2548 3899 iterum
2580 3848 2936 3903 secernenda
2962 3856 3280 3907 occurrunt
3329 3869 3342 3907 :
3396 3857 3586 3910 textus

1932 3948 2163 4003 nempe,
2200 3932 2370 3987 variae
2400 3932 2704 4005 lectiones,
2738 3941 2795 3990 et
2825 3939 3254 4009 commentarii,
3281 3944 3457 3997 Porro
3490 3942 3583 3998 in-

1931 4020 2331 4092 tegerrimam,
2365 4021 2880 4095 castissimamque
2928 4030 3122 4081 textus
3181 4030 3583 4087 recensionem

1934 4109 2240 4181 propalare
2297 4110 2463 4165 enixe
2520 4112 2849 4183 cupientes,
2901 4118 3298 4185 praeeuntibus
3328 4119 3444 4175 VV.
3480 4124 3580 4177 CC.

1935 4202 2241 4268 Lumpero.
2289 4197 2750 4255 Schoenemann.
2812 4202 3099 4274 Walchio,
3157 4208 3259 4277 qui
3316 4211 3581 4266 omnium

1935 4286 2218 4357 Optimam
2287 4286 2558 4342 dixerunt
2622 4288 2843 4345 Editio.
2916 4293 3587 4364 Pamelio-Rigaltianam

1935 4377 2169 4446 Priorii,
2203 4393 2341 4430 ann.
2376 4377 2532 4447 1664,
2566 4377 2723 4433 hunc
2755 4380 3065 4438 habuimes
3096 4385 3367 4441 editionis
3425 4405 3583 4443 nova:

1936 4464 2154 4519 fontem
2215 4480 2362 4535 pene
2392 4482 2622 4521 omnem
2657 4472 2714 4522 et
2748 4468 3022 4538 unicum;
3053 4488 3157 4526 nec
3188 4478 3382 4529 tamen
3415 4492 3585 4531 accu-

164 4574 235 4626 de
266 4566 626 4625 Tertulliano
660 4564 1019 4619 elaboratum
1053 4566 1163 4629 est,
1197 4580 1371 4634 quam
1404 4564 1556 4633 quod
1604 4564 1821 4633 publici
1853 4551 1900 4616 D
1934 4558 2118 4608 ratam
2152 4559 2490 4608 casterarum
2525 4554 2849 4612 editionum
2883 4558 3254 4616 collationem
3287 4563 3590 4637 negligen-

157 4662 314 4731 juris
337 4656 473 4711 fecit
496 4655 554 4709 in
577 4670 684 4708 suo
710 4657 885 4707 tantae
909 4651 1083 4706 molis
1106 4668 1170 4706 ac
1221 4652 1498 4707 doctrinae
1546 4653 1823 4723 Apparatu

172 4766 226 4804 o.
259 4762 451 4802 NICOL.
489 4762 561 4799 La
594 4758 828 4797 nouam
860 4742 1153 4796 monachus
1187 4742 1384 4796 Bened.
1418 4757 1447 4796 θ
1473 4756 1728 4813 congreg.
1761 4747 1821 4797 S.

171 4838 341 4891 Maur.
375 4860 389 4899 ;
424 4837 525 4905 qui
554 4838 674 4887 tres
707 4831 943 4901 quidem
992 4830 1172 4884 libros
1225 4834 1453 4884 tantum
1514 4831 1825 4902 indagatu-

170 4944 291 4996 rus,
324 4924 463 4979 inde
494 4920 707 4975 laxatis
737 4918 966 4987 velis,in
1000 4917 1350 4973 altissimam
1387 4919 1567 4973 totius
1598 4920 1825 4975 Tertul-

170 5014 308 5069 liani
340 5011 677 5067 doctrinam
710 5007 1023 5074 invehitur,
1059 5006 1189 5062 loca
1240 5006 1522 5078 scopulis,
1582 5008 1827 5063 oli‘endi-

174 5104 397 5159 culisve
450 5098 608 5155 invia
636 5097 993 5153 conﬁdenter
1016 5095 1267 5168 inquirit
1299 5100 1521 5151 ac'tuto
1554 5096 1826 5167 illustrat,

173 5209 344 5247 suum
376 5193 543 5245 tanto
575 5185 795 5241 doctori
828 5184 1242 5239 ﬁdelissimum
1277 5185 1534 5239 restituit
1564 5201 1828 5257 sensum,

173 5298 337 5338 suam
375 5280 435 5333 in
472 5276 674 5331 multis
706 5274 1054 5329 criminibus
1087 5272 1230 5328 falso
1261 5273 1568 5345 imputatis
1591 5291 1829 5330 causam

170 5370 448 5438 vindicat,
482 5382 619 5420 vera
647 5363 940 5435 indigitat,
972 5379 1197 5417 errores
1219 5363 1498 5433 increpat,
1562 5364 1835 5434 conspuit

169 5462 395 5538 spuria,
429 5453 794 5512 verosimilia
824 5451 1081 5522 conjicit,
1115 5468 1219 5506 nec
1251 5450 1356 5507 ulli
1415 5453 1710 5508 audaciori
1772 5454 1835 5507 ﬁ-

170 5556 433 5629 gmento,
498 5544 585 5601 vel
646 5542 873 5597 favente
930 5539 1135 5613 optimi
1194 5540 1435 5596 editoris
1468 5541 1832 5611 auctoritate,

171 5646 396 5702 tetricus
423 5651 618 5695 censor
647 5636 705 5687 et
734 5646 894 5699 asper
925 5629 1205 5703 indulget.
1242 5631 1414 5687 Porro
1462 5648 1529 5687 eo
1587 5631 1838 5688 alacrius

499 5766 778 5826 PATBOL.
829 5756 874 5815 Ι.

1932 4646 2039 4706 tes,
2074 4647 2297 4713 septem
2333 4643 2685 4714 praecipuas,
2717 4662 2925 4717 nempe
2978 4648 3266 4719 Rhenani,
3328 4653 3587 4725 Pamelii,

1934 4731 2187 4802 Rigaltii,
2245 4732 2658 4801 Parisiensem,
2692 4734 2998 4803 Venetam,
3034 4738 3343 4797 Halensem
3377 4748 3435 4799 et
3463 4746 3592 4799 Sta-

1934 4820 2233 4876 helianam
2261 4821 2559 4877 continuis
2585 4823 2883 4891 manibus,
2918 4832 3117 4883 nostra
3148 4830 3289 4885 dum
3349 4833 3592 4901 orietur,

1934 4908 2506 4973 habuimus.Quibus
2537 4911 2802 4981 accessit,
2835 4930 2939 4984 pro
2972 4918 3250 4976 omnibus
3282 4920 3338 4975 in
3374 4938 3440 4977 ea
3470 4923 3594 4977 edi-

1935 4999 2013 5054 tis
2073 4998 2279 5065 libris,
2339 4999 2653 5070 splendida
2711 5018 2777 5056 ac
2838 5007 3245 5065 recentissima
3310 5012 3594 5083 recensio,

1938 5088 2133 5144 studio
2167 5089 2227 5143 E.
2263 5089 2321 5143 P.
2356 5089 2626 5161 Leopoldi
2660 5090 2859 5163 Lipsiae
2890 5094 3047 5162 data,
3102 5104 3169 5154 ut
3229 5100 3590 5158 bibliotheca

1941 5181 2203 5245 Patrum,
2239 5182 2479 5231 curante
2512 5182 2571 5232 E.
2606 5178 2674 5233 G.
2708 5180 3001 5248 Gersdorf,
3032 5184 3405 5245 insereretur.

2012 5280 2283 5347 Quinimo
2316 5300 2412 5337 eas
2449 5284 2565 5338 fere
2595 5300 2797 5341 omnes
2830 5288 3175 5347 Tertulliani
3228 5295 3597 5351 recensiones

1942 5386 2073 5423 cum
2135 5369 2336 5425 Priorii
2399 5375 2558 5427 textu
2619 5380 3123 5446 repraesentandas
3182 5383 3519 5439 curavimus
3580 5400 3594 5439 :

1945 5461 2257 5515 continuos
2280 5460 2435 5515 enim
2463 5462 2890 5521 subnexuimue
2914 5470 3261 5526 variantium
3285 5471 3600 5529 lectionum

1945 5546 2256 5617 indiculos,
2291 5565 2357 5603 ex
2388 5550 2627 5621 optimis
2658 5552 2978 5626 codicibus,
3011 5557 3255 5615 editisve
3283 5560 3602 5617 volumini-

1945 5637 2057 5693 bus
2090 5654 2266 5709 quam
2299 5637 2753 5712 diligentissime
2787 5641 3079 5702 collectos.
3108 5646 3254 5705 Hinc
3311 5650 3361 5708 ei
3423 5668 3604 5709 manu

3240 5780 3277 5836 3
