4060 6358
422 351 501 411 ’15
1904 341 2080 400 PRE

2191 340 2344 401 TIO.
3751 337 3829 394 76

420 479 832 537 tantummodo
871 477 1038 534 obvia
1094 475 1369 548 quaelibet
1424 473 1561 530 folia
1617 471 1869 541 evolvas,
1927 471 2066 528 hinc
2095 475 2148 542 Α
2179 472 2355 528 editio
2387 469 2574 527 divisa
2590 473 2692 526 aut
2713 470 2908 543 potius
2939 469 3186 540 disjecta
3217 467 3532 525 fuerit.Alii
3563 471 3830 542 tempora

421 569 562 625 inde
617 567 786 624 velim
845 566 1122 622 excitatos
1153 563 1348 619 videas
1380 563 1610 618 codices
1644 560 2069 634 Agobardinos,

424 657 1008 730 Lugduno-Batavos,
1041 652 1386 720 Fuldenses,
1415 653 1746 707 Vaticanos.
1791 650 2071 706 Pamelia-

425 765 568 816 nos,
635 745 1086 812 Ambrosianos,
1155 741 1644 808 Wouwerianos,
1715 739 2072 804 Latinianos,

424 836 781 898 Gelesianos,
806 850 869 888 ac
894 832 1213 887 identidem
1235 831 1454 902 passim
1479 829 1763 884 editiones
1786 827 2070 898 Rhenani,

423 925 686 990 Pamelii,
725 921 981 992 Rigaltii,
1019 921 1407 987 Franeckerae,
1443 918 1824 985 Parisiorum,
1882 917 2072 972 Vene-

420 1018 565 1084 tam,
625 1011 973 1077 Halensem,
1032 1009 1622 1080 Wirceburgensem,
1688 1007 2071 1078 Lipsiensem,

424 1099 717 1173 Leopoldi,
749 1103 852 1155 etc.
885 1099 1071 1153 Erunt
1097 1098 1339 1153 fortasse
1366 1097 1488 1168 qui,
1531 1096 1706 1168 longa
1767 1101 1964 1150 nostra
2014 1095 2072 1150 in

421 1191 514 1246 his
570 1187 943 1261 perlegendis
989 1187 1226 1242 fastidia
1251 1185 1570 1258 dedignati,
1603 1185 1977 1240 mirabuntur
2008 1201 2074 1239 ac

419 1281 566 1336 forte
597 1277 879 1334 dolebant
912 1279 1137 1331 nosmet
1164 1275 1224 1330 in
1267 1274 1613 1330 delicatulas
1672 1291 1738 1329 ac
1797 1271 2073 1328 molestas

417 1369 595 1424 tricas
657 1367 870 1421 misere
918 1364 1234 1437 impegisse
1265 1381 1330 1419 ac
1364 1364 1606 1420 lectores
1639 1378 1936 1435 perperam
1973 1362 2072 1416 ad-

421 1457 679 1513 duxisse.
713 1455 898 1509 Erunt
927 1456 1121 1508 autem
1152 1457 1209 1509 et
1239 1452 1334 1508 alii
1396 1451 1595 1524 plures
1653 1456 1710 1506 et
1764 1449 2070 1521 aequiores,

421 1545 682 1619 quicum
712 1542 1042 1600 audiendus
1073 1543 1149 1596 sit
1205 1546 1334 1613 post
1385 1545 1467 1596 tot
1521 1539 1733 1595 saecula
1785 1538 2075 1596 redivivus

419 1633 839 1702 Tertullianus,
901 1647 1118 1686 vesana
1174 1629 1550 1685 librariorum
1585 1645 1648 1683 ac
1680 1632 2070 1684 correctorum

417 1722 740 1782 recentium
775 1720 1013 1776 licentia
1046 1719 1208 1774 miris
1241 1719 1430 1774 modis
1479 1718 1865 1788 distorbatus,
1925 1717 2074 1772 nihil

418 1830 548 1872 esse
605 1812 778 1868 inane
839 1827 904 1865 ac
960 1808 1254 1864 insulsum
1310 1825 1378 1863 ex
1427 1808 1500 1862 iis
1529 1807 1616 1863 vel
1649 1806 1912 1863 minimis
1944 1823 2072 1878 quas
2107 1844 2154 1908 B

417 1903 567 1961 tanti
624 1900 729 1955 viri
781 1914 982 1955 vocem
1042 1914 1248 1968 puram
1304 1901 1504 1969 putam
1561 1896 1770 1952 elicere
1827 1900 2075 1978 queant,

422 1990 730 2050 nobiscum
791 1987 999 2042 merito
1052 1986 1516 2041 arbitrabuntur.
1553 1985 1720 2056 Atqui
1753 2001 1872 2040 rem
1903 1983 2077 2056 paulo

421 2079 704 2138 attentius
735 2075 1135 2132 consideranti
1171 2089 1323 2146 saepe
1366 2074 1580 2146 sepius
1637 2073 1775 2127 illud
1833 2073 2073 2143 accidet,

425 2171 488 2227 ni
549 2166 736 2237 fallor,
797 2165 952 2237 quod
997 2163 1049 2218 ei
1082 2178 1150 2217 ex
1180 2162 1382 2217 vocula
1409 2163 1686 2234 quadam,
1721 2162 1778 2216 in
1812 2161 2074 2217 lectioni-

429 2261 542 2316 bus
571 2254 929 2312 variantibus
959 2251 1160 2308 timide
1193 2252 1425 2321 rejects,
1458 2250 1555 2305 lux
1587 2250 1837 2322 amplior
1879 2251 2075 2306 forsan

430 2363 608 2424 quam
640 2362 709 2400 ex
738 2341 1149 2400 abundantiori
1180 2345 1320 2396 nota
1349 2340 1705 2396 suboriatur.

496 2452 720 2520 Quibus
751 2447 1138 2506 nihilominus
1169 2446 1546 2503 adminiculis
1570 2462 1804 2502 necesse
1826 2449 1950 2501 erat
1977 2446 2079 2502 ad-

424 2545 642 2601 dantur
672 2537 1017 2596 doctissima
1061 2553 1128 2592 ac
1180 2535 1522 2592 felicissima
1576 2535 1963 2607 interpretum
2023 2540 2081 2590 et

430 2631 957 2690 commentatorum
1028 2627 1099 2681 ad
1163 2625 1596 2681 Tertullianum
1667 2623 2080 2696 explicandum

425 2719 774 2779 tentamina.
808 2717 922 2773 Nec
954 2715 1110 2772 solas
1140 2730 1247 2770 nec
1277 2729 1484 2770 omnes
1519 2713 1860 2769 Parisiensis
1911 2717 2081 2768 notas

427 2807 876 2881 usurpavimus;
909 2803 1146 2860 omissis
1179 2802 1479 2858 nonnullis
1532 2801 1747 2875 quibus
1805 2801 1896 2858 vel
1958 2802 2082 2874 ple-

430 2913 680 2970 rumque
737 2892 1084 2950 brevissima
1133 2891 1384 2947 lectione
1413 2891 1573 2947 varia
1603 2892 1940 2965 suppletum
1982 2911 2048 2951 es
2076 2951 2092 2978 ,

428 2989 521 3048 vel
552 2986 768 3060 quibus
799 2983 1173 3040 obnitebatur
1203 2986 1357 3038 recta
1393 2982 1534 3037 ﬁdes
1572 2982 1878 3051 catholica,
1939 2984 2086 3042 alias

436 3097 504 3135 ex
537 3076 745 3132 iisdem
796 3073 1060 3128 fontibus
1091 3088 1156 3126 ac
1186 3069 1463 3137 Priorius,
1499 3087 1708 3143 nempe
1738 3073 2027 3144 praecipue
2056 3091 2087 3131 e

433 3161 676 3223 Pamelii
707 3159 1004 3217 uberrima
1035 3157 1202 3231 copia
1230 3157 1559 3214 hausimus.
1592 3161 1774 3224 Quam
1809 3161 2080 3234 frequen-

434 3256 554 3311 tius
581 3251 768 3320 licuit,
800 3247 1080 3322 speciales
1110 3247 1502 3321 quorumdam
1558 3247 1842 3304 librorum
1901 3268 2083 3306 anno-

434 3342 706 3409 tationes,
739 3337 1029 3411 pleniores
1056 3335 1401 3408 plerumque
1432 3353 1498 3392 ac
1528 3338 1785 3408 penitius
1826 3339 2083 3395 auctoris

439 3445 680 3488 sensum
714 3425 1210 3498 introspicientes,
1238 3442 1356 3496 pra;
1399 3425 1670 3482 omnibus
1726 3427 2084 3499 colligendas

439 3519 734 3576 duximus.
773 3515 915 3570 Hinc
944 3520 1152 3586 praeter
1177 3513 1712 3571 animadversiones
1749 3516 2083 3572 Corbiniani

438 3609 679 3666 Thomas
712 3605 768 3660 in
802 3603 936 3659 libr.
971 3602 1253 3675 Baptismi
1283 3608 1340 3660 et
1374 3604 1726 3660 Poenitentias
1758 3606 1928 3662 modo
1957 3606 2084 3661 lau-

441 3699 632 3762 datas,
667 3708 938 3765 magnam
972 3695 1197 3763 partem
1230 3691 1491 3763 perpetui
1543 3691 1602 3745 in
1649 3691 2083 3764 Apologeticam

434 3783 816 3855 Havercampi
849 3780 1277 3850 commentarii,
1313 3785 1536 3836 remota
1564 3781 1767 3838 sedulo
1798 3782 2090 3855 indigesta

437 3876 693 3950 quadam
725 3870 1106 3928 classicorum
1139 3874 1441 3926 auctorum
1467 3870 1821 3941 professoria
1837 3876 1894 3926 et
1917 3872 2090 3928 haere-

435 3968 552 4020 tica
581 3961 929 4026 ructatione,
976 3956 1333 4029 accepimus.
1393 3957 1538 4012 Iiinc
1596 3957 1656 4012 in
1714 3961 1896 4014 arduo
1947 3959 2089 4015 Palii

435 4054 586 4111 libro
637 4048 965 4106 acutissimi
1024 4046 1291 4102 Salmasii
1351 4047 1738 4118 proverbiales
1781 4050 2088 4105 elucubra-

438 4144 627 4200 tiones
659 4137 1142 4195 transcribendas
1172 4137 1526 4193 curavimus.
1561 4138 1705 4193 Hinc
1735 4139 1907 4211 primi
1960 4144 2092 4212 post

437 4230 848 4294 Muratorium,
909 4224 1174 4298 egregias
1233 4227 1359 4297 ejus
1420 4244 1484 4282 ac
1517 4228 1802 4284 Panciroli
1833 4234 2001 4285 notas
2031 4229 2090 4284 in

433 4319 726 4380 Orationis
757 4317 975 4372 librum
1008 4315 1254 4370 dimidia
1286 4320 1447 4387 parte
1477 4318 1789 4374 adauctum
1829 4335 1897 4374 ex
1941 4321 2092 4391 ejus-

433 4415 566 4469 dem
625 4405 945 4465 rarissimis
1002 4405 1316 4460 Aneedotis
1373 4405 1886 4480 deprompsimus.
1946 4409 2092 4465 Hinc

434 4505 672 4559 demum
705 4497 958 4554 excitata
990 4511 1018 4549 a
1053 4494 1309 4550 Semlero
1341 4494 1400 4550 in
1432 4495 1812 4564 D.Irenteum,
1835 4498 2092 4570 aliosque

2183 578 2286 633 pro
2317 560 2486 616 libitu
2521 577 2627 616 suo
2679 561 2984 615 metientes
3037 575 3104 613 ac
3157 557 3502 625 statuenles,
3565 558 3826 615 ordinem

2181 649 2656 723 chronologicum
2717 648 2948 720 assequi
3006 647 3381 704 studuerunt.
3437 647 3554 702 Hoc
3618 649 3672 702 in
3710 647 3828 703 ani-

2185 740 2296 794 mis
2329 739 2436 795 sibi
2471 739 2813 811 praecepisse
2846 738 3116 793 videntur
3164 736 3241 792 La
3295 736 3479 792 Cerda
3536 742 3594 793 et
3648 737 3827 794 Ober-

2181 829 2339 884 thur.
2397 828 2530 897 Alii,
2591 834 2655 882 ut
2686 827 3003 882 Rhenanus
3035 831 3090 881 et
3122 825 3430 898 Rigaltius,
3463 831 3828 885 vetustorum

2182 918 2449 974 codicum
2481 917 2704 972 indices
2733 915 3169 988 qualescunque
3229 915 3287 970 in
3347 932 3548 970 eorum
3607 916 3826 972 instru-

2181 1008 2333 1062 enda
2389 1007 2642 1062 editione
2671 1007 2849 1062 duces
2880 1006 3156 1060 habuere.
3191 1005 3324 1072 Alii,
3357 1021 3463 1060 nec
3493 1010 3826 1077 temporum

2183 1113 2288 1152 nec
2318 1095 2580 1152 codicum
2614 1096 2812 1150 habita
2842 1095 3085 1165 ratione,
3117 1093 3203 1150 vel
3229 1099 3474 1166 utraque
3523 1095 3825 1166 permixta,

2183 1185 2422 1242 Pamelii
2451 1185 2732 1256 exemplo,
2765 1202 2959 1240 rerum
2993 1185 3246 1256 quadam
3280 1183 3634 1255 Theologica
3691 1201 3829 1256 syn-

2183 1276 2334 1331 thesi
2414 1275 2800 1330 deductarum
2886 1274 3149 1330 ordinem
3229 1291 3651 1346 assumpsere.
3726 1275 3832 1330 Alii

2185 1367 2446 1433 demum,
2495 1369 2552 1421 et
2601 1381 2713 1436 prae
2744 1364 2965 1419 ceteris
2999 1365 3264 1418 omnium
3297 1364 3657 1420 novissimus
3686 1368 3740 1420 J.
3773 1369 3827 1420 8.

2183 1453 2496 1522 Semlerus,
2530 1452 2670 1507 nihil
2705 1451 2817 1508 sibi
2847 1451 3224 1524 pr0posuisse
3255 1452 3528 1508 videntur
3562 1453 3673 1508 nisi
3707 1471 3832 1509 om-

2185 1543 2280 1596 nia
2310 1541 2573 1612 Septimii
2616 1541 2733 1597 sive
2764 1540 3035 1597 catholici
3066 1541 3186 1596 sive
3217 1541 3583 1597 Montanista:
3614 1542 3832 1615 scripta

2183 1631 2262 1685 ita
2291 1648 2359 1685 ex
2390 1630 2678 1685 industria
2710 1629 2954 1686 miscere
3012 1646 3078 1684 ac
3127 1630 3506 1695 confundere,
3568 1635 3633 1686 ut
3695 1648 3828 1702 pro-

2185 1720 2409 1775 miscue
2467 1719 2538 1774 ab
2598 1736 2713 1774 uno
2763 1719 2832 1773 ad
2869 1718 3141 1773 ultimum
3176 1736 3292 1774 una
3321 1719 3644 1792 eademque
3676 1725 3832 1775 Mon-

2183 1809 2456 1863 tanistica
2531 1807 2822 1880 farragine
2899 1807 3100 1863 foedari
3174 1814 3569 1864 censeantur.
3653 1809 3833 1864 Nobis

2188 1898 2367 1970 igitur
2422 1896 2531 1952 etsi
2590 1896 2790 1967 religio
2821 1913 3053 1952 summa
3083 1896 3281 1952 futura
3309 1897 3386 1952 sit
3415 1903 3677 1954 veterum
3709 1899 3834 1954 edi-

2188 1987 2414 2042 tionum
2447 1987 2711 2041 ordinem
2744 1986 2800 2040 in
2835 2002 2944 2040 usu
2977 1991 3302 2057 acceptum,
3335 1986 3495 2042 omni
3527 2003 3634 2058 ope
3690 2005 3835 2043 con-

2186 2093 2435 2142 servare,
2497 2091 2652 2129 nunc
2710 2075 2769 2128 in
2826 2074 2936 2130 hoc
2985 2074 3303 2130 multarum
3353 2075 3464 2130 sibi
3497 2077 3836 2148 obstrepen-

2185 2166 2332 2220 tium
2366 2163 2707 2219 Tertulliani
2741 2164 3064 2219 editionum
3099 2163 3378 2229 tumultu,
3431 2181 3670 2222 necesse
3725 2167 3836 2221 fuit

2185 2271 2390 2311 novam
2453 2253 2682 2319 seriem,
2758 2253 2970 2324 partim
3047 2253 3537 2326 chronologicam,
3617 2255 3833 2326 partim

2184 2342 2644 2415 systematicam,
2664 2341 3190 2414 componere.Hino
3219 2343 3276 2397 in
3312 2344 3460 2399 duas
3490 2343 3836 2401 dividendos

2185 2447 2314 2488 esse
2347 2435 2542 2503 partes
2574 2431 2837 2503 Septimii
2869 2434 3156 2488 tractatus
3189 2432 3422 2488 abunde
3452 2433 3661 2488 suadet
3701 2434 3838 2490 Vita

2188 2521 2317 2592 ejus
2375 2519 2612 2591 duplex,
2673 2518 2858 2574 altera
2915 2519 3026 2574 ﬁde
3085 2520 3328 2591 integra,
3390 2519 3572 2576 altera
3621 2520 3834 2578 haeresi

2189 2608 2601 2665 contaminata.
2648 2607 2793 2663 Hinc
2851 2608 3000 2664 duos
3057 2608 3418 2681 distinguere
3474 2616 3563 2666 est
3618 2614 3834 2678 tomos,

2191 2714 2441 2770 quorum
2495 2697 2653 2768 prior
2708 2697 2963 2752 continet
3009 2697 3230 2770 scripta
3258 2697 3330 2754 ab
3363 2703 3611 2755 Auctore
3640 2699 3838 2756 adhuc

2191 2787 2500 2856 catholico,
2561 2787 2848 2858 posterior
2903 2787 3122 2859 scripta
3173 2792 3306 2860 post
3364 2793 3703 2860 susceptum
3761 2790 3838 2844 ab

2191 2877 2393 2932 eodem
2451 2876 2902 2930 Montanismurn
2958 2882 3211 2933 exarata.
3271 2881 3527 2944 Rursus,
3586 2893 3720 2932 cum
3778 2878 3840 2932 in

2195 2971 2440 3037 utraque
2491 2965 2619 3019 vitae
2675 2965 2804 3034 ejus
2861 2965 2984 3020 vice
3041 2966 3195 3021 idem
3254 2968 3426 3021 modo
3449 2966 3842 3038 {adversarios

2195 3071 2335 3113 suos
2393 3056 2784 3126 perstringat,
2847 3055 3018 3109 modo
3078 3072 3216 3110 suos
3272 3056 3342 3111 ad
3405 3057 3587 3111 bonos
3645 3072 3842 3112 mores

2196 3144 2426 3208 excitet,
2486 3159 2622 3215 pars
2680 3149 2924 3215 utraque
2954 3159 3194 3216 operum
3227 3145 3298 3200 ad
3331 3144 3542 3216 duplex
3571 3145 3847 3215 generale

2195 3239 2372 3306 caput
2401 3232 2730 3288 reducenda
2760 3233 2930 3287 venit.
2966 3233 3111 3288 Hine
3143 3234 3199 3288 in
3234 3234 3422 3306 prima
3451 3238 3613 3305 parte
3657 3233 3847 3289 series

2193 3324 2354 3396 prior
2385 3339 2678 3377 LIBRORUM
2695 3339 3221 3388 APOLOGETICORUM,
3234 3339 3435 3394 nempe
3451 3339 3843 3389 APOLOGE’I‘ICI,

2195 3429 2491 3469 LIBRORUM
2520 3428 2592 3465 AD
2626 3428 2916 3480 NATIONES,
2967 3429 3038 3466 DE
3090 3429 3432 3467 TESTIMONIO
3485 3429 3707 3477 ΛΝῘΜΕ,
3769 3429 3841 3467 Αἰ)

2193 3518 2511 3568 ΜΑιιτγειεε,
2546 3518 2616 3555 me:
2666 3517 3056 3568 srscncuus,
3083 3518 3154 3556 Ds
3192 3518 3586 3571 IDOLOLATRIA,
3621 3501 3843 3572 quibus

2194 3590 2534 3664 appendicis
2592 3590 2798 3657 instar,
2857 3589 3120 3646 libellum
3180 3591 3435 3646 auctoris
3467 3589 3841 3645 Montanistze

2193 3698 2264 3737 AD
2299 3680 2694 3745 scaevumob
2730 3696 2919 3736 rerum
2955 3679 3840 3750 connexionem,subjunximus,

2195 3770 2412 3842 quippe
2441 3769 2500 3823 in
2535 3769 2605 3823 iis
2644 3769 2919 3824 omnibus
2977 3768 3142 3824 libris
3197 3767 3592 3824 Tertullianus
3650 3784 3842 3824 causa

2197 3858 2526 3914 christianaa
2587 3862 2899 3929 patronum
2931 3873 2992 3914 se
3023 3859 3347 3930 profitetur,
3381 3875 3446 3913 ac
3476 3862 3676 3930 gentes
3708 3874 3857 3929 gen-

2198 3947 2441 4018 tiliaque
2467 3946 2809 4002 insectatur.
2847 3947 3138 4002 Posterior
3167 3964 3300 4003 vero
3333 3948 3597 4017 ejusdem
3659 3947 3850 4018 partis

2198 4036 2381 4092 serios
2413 4035 2594 4092 libros
2623 4035 2855 4090 exhibet
2885 4035 3231 4091 Tertulliani
3263 4035 3535 4091 catholici
3566 4052 3852 4092 DOGMATI-

2199 4142 2320 4192 eos,
2354 4125 2409 4179 in
2443 4125 2657 4196 quibus
2689 4130 2850 4180 totus
2879 4131 2966 4180 est
2997 4125 3056 4180 in
3087 4125 3444 4196 exponendis
3488 4125 3720 4193 ritibus,
3786 4142 3853 4182 ac

2200 4213 2532 4285 disciplinis
2561 4213 3048 4281 Christianorum,
3083 4231 3291 4285 nempe
3322 4231 3392 4269 ns
3422 4231 3704 4269 omnem:
3735 4232 3853 4272 ua.

2201 4322 2264 4370 1.,
2297 4305 2366 4359 de
2398 4321 2676 4359 BAP’I‘ISMO
2709 4321 2815 4358 me.
2852 4321 2892 4369 ι,
2926 4321 3110 4358 unum
3144 4321 3214 4358 ns
3260 4321 3640 4371 Posm'rsx'rm,
3693 4321 3847 4360 DUOS

2199 4411 2272 4449 Αι)
2301 4411 2555 4464 UXOREM,
2590 4411 2659 4449 DE
2687 4410 2870 4449 CULTU
2903 4410 3246 4449 FEMINARUM
3278 4411 3448 4458 DUOS,
3498 4393 3652 4449 hunc
3713 4411 3852 4449 vero

2202 4483 2488 4551 ordinem,
2550 4483 2820 4554 quisquis
2875 4499 3008 4538 cum
3067 4487 3399 4554 temporum
3463 4484 3557 4539 72
3611 4481 3858 4539 calculis

431 4595 638 4650 Patres
668 4590 772 4645 lite
806 4587 989 4659 impia
1050 4585 1121 4640 de
1173 4602 1373 4641 eorum
1436 4587 1789 4659 scriptorum
1848 4590 2080 4661 origine.

2204 4572 2356 4627 infra
2387 4572 2445 4627 in
2481 4572 2712 4627 dissert.
2750 4572 2815 4626 D.
2879 4571 3148 4644 Lumperi
3208 4573 3514 4644 perpensis
3570 4572 3854 4637 conferet,

431 4679 692 4755 palmare
747 4678 876 4748 ejus
921 4679 1338 4748 argumentum
1398 4675 1691 4747 susdeque
1749 4679 2088 4734 vertendum

434 4773 555 4827 fore
587 4766 856 4824 arbitrati
889 4782 1121 4832 sumus,
1156 4763 1493 4832 dummodo,
1544 4766 1782 4820 attentis
1843 4766 1979 4823 hinc
2033 4773 2089 4824 et

433 4860 569 4916 inde
588 4855 932 4913 Tertulliani
956 4859 1010 4909 et
1034 4852 1232 4908 lrenaei
1258 4851 1400 4907 locis
1423 4853 1717 4910 similibus
1739 4855 1857 4911 sole
1871 4856 2086 4914 clarius

433 4946 867 5006 ostenderimus
901 4960 1012 4998 non
1049 4941 1239 4996 solum
1273 4957 1449 5012 Opera
1482 4944 1676 4997 Irenaei
1727 4961 1932 5017 graaca,
1983 4947 2081 5002 sed

433 5045 490 5095 et
548 5050 750 5093 eorum
807 5037 1057 5088 veterem
1115 5029 1354 5085 latinam
1407 5030 1948 5104 interpretationem
1986 5037 2076 5091 71

431 5125 791 5186 Tertulliano
824 5119 1164 5195 praeluxisse
1196 5135 1262 5174 ac
1296 5119 1538 5191 proinde
1572 5124 1937 5194 temporibus
1957 5125 2083 5181 suis

431 5231 750 5292 praamsse.

501 5325 630 5381 Haec
663 5323 842 5394 igitur
871 5319 1044 5375 erunt
1083 5316 1314 5372 diversa
1374 5315 1554 5388 hujus
1613 5319 1890 5376 editionis
1943 5319 2080 5375 hinc

429 5415 591 5471 illinc
622 5416 858 5484 accepta
887 5407 1174 5464 membra.
1225 5408 1490 5471 Quanam
1549 5425 1680 5464 vero
1741 5409 1966 5465 ratione
2020 5410 2077 5464 in

429 5521 642 5576 corpus
700 5505 926 5566 coeant,
989 5514 1055 5552 ac
1116 5496 1267 5550 inter
1311 5512 1372 5551 se
1398 5504 1845 5562 connectantur,
1881 5499 2078 5567 paucis

428 5596 693 5648 remanet
723 5588 1106 5662 praefandum.
1142 5584 1358 5639 Mirum
1391 5590 1478 5640 est
1509 5587 1832 5658 quotuplici
1884 5603 2075 5642 rerum

429 5681 630 5736 ordine
664 5685 718 5735 et
756 5679 1040 5734 librorum
1101 5673 1250 5727 serie
1309 5689 1676 5747 unaquaeque
1733 5674 2077 5734 Tertulliani

2191 4663 2315 4733 jam
2377 4661 2555 4717 etiam
2619 4660 2857 4716 minime
2915 4662 2988 4717 ab
3046 4661 3249 4718 ordine
3307 4661 3710 4731 chronologico
3743 4680 3854 4718 nos

2198 4752 2513 4808 recessisse
2543 4750 2956 4822 deprehendet.

2270 4875 2692 4941 Tertullianus,
2729 4882 3002 4946 suscepto
3035 4876 3452 4944 montanismo,
3488 4877 3599 4933 sibi
3652 4877 3855 4949 aliquo

2196 4965 2372 5021 modo
2433 4965 2730 5031 constitit;
2795 4981 2946 5019 nunc
3005 4965 3162 5020 enim
3221 4965 3280 5020 in
3325 4967 3528 5032 aciem,
3560 4971 3625 5022 ut
3654 4973 3854 5032 antea,

2195 5071 2331 5108 cum
2367 5054 2649 5108 omnibus
2682 5053 3032 5110 adversariis
3091 5055 3487 5126 congreditur,
3549 5072 3705 5110 nunc
3762 5057 3856 5111 fo-

2194 5144 2350 5199 rensi
2410 5145 2607 5199 studio
2642 5145 2806 5214 quasi
2841 5143 3112 5199 detentus
3142 5145 3213 5200 de
3246 5145 3458 5200 ritibus
3489 5162 3556 5201 ac
3584 5145 3853 5200 moribus

2192 5235 2531 5288 concionem
2582 5232 2776 5288 habet.
2839 5233 2980 5287 [line
3038 5233 3307 5289 secundae
3364 5251 3607 5305 operum
3662 5234 3850 5305 partis

2192 5321 2374 5376 series
2410 5339 2423 5376 :
2459 5322 2615 5394 prior
2666 5319 2882 5376 coaluit
2937 5337 3004 5376 ex
3062 5322 3373 5377 innumera
3425 5323 3850 5379 Ponsmcoaum

2192 5409 2504 5466 LIBRORUM
2537 5411 2713 5478 mole,
2748 5410 3027 5465 nimirum
3077 5428 3148 5466 os
3199 5429 3423 5468 CORONA
3477 5430 3710 5479 meme,
3777 5430 3855 5467 ns

2188 5514 2337 5553 ruas
2365 5516 2423 5554 IN
2457 5500 3188 5565 PERSECUTIONE,adV6PBUS
3219 5502 3850 5573 psychicos.wvsasus

2189 5602 2498 5644 GNOSTICOS
2531 5605 2858 5650 SCORPIACE,
2891 5605 3187 5645 ADVERSUS
3220 5608 3509 5658 PRAXEAM,
3553 5609 3853 5648 ADVERSUS

2189 5696 2529 5751 HERMOGEM,
2562 5696 2850 5736 anvsasus
2879 5695 3242 5753 MARCIONEM,
3283 5699 3581 5740 snvsasus
3635 5699 3855 5740 VALEN-
