4060 6356
189 406 258 463 ’Π
1507 403 2037 467 TERTULLIANI
2082 406 2293 468 VlTA.
3512 411 3595 471 78

188 552 454 602 nmmos,
514 553 792 593 mvensus
864 555 1093 608 mnmos,
1179 556 1247 595 un
1319 556 1481 596 ANIMA
1562 554 1836 595 Αῡνκιιευε
1864 538 1920 604 Α
2021 539 2155 603 Qum
2187 555 2321 595 cum
2376 544 2692 613 utcumque
2739 540 2977 597 tandem
3034 538 3300 612 exposita
3346 540 3590 608 fuerint,

190 644 584 692 PHILOSOPHOS,
630 645 702 682 DE
758 644 937 684 CARNB
998 645 1207 684 CHIIBTI
1254 646 1527 686 ADVERSUS
1585 645 1841 693 ρυιτυοιι

194 734 465 785 Ηιειιιςεεε,
508 735 579 772 DB
629 734 1080 773 RESURRECTIONI
1138 737 1321 774 CARNIS
1368 735 1646 776 ADVERSUI
1703 736 1837 772 MAR-

193 824 482 874 CIONISTAS,
516 823 784 872 suosque
816 812 1275 863 cnosncothem
1308 809 1507 863 sedato
1543 807 1841 862 interdum

191 896 287 951 illo
322 896 723 967 impugnandi
757 896 975 951 fervido
1033 903 1200 963 aestu,
1261 898 1491 953 animos
1549 911 1843 952 recreasse

193 985 445 1041 voluisse
494 985 728 1039 videtur
786 1001 916 1039 cum
976 986 1318 1056 posterioris
1392 986 1583 1041 seriei.
1641 986 1843 1040 Lmnos

194 1092 436 1131 IOMLES
516 1074 851 1144 descripsit,
909 1092 975 1129 ne
1051 1092 1311 1132 vsuums
1364 1092 1698 1138 vnncmmus,
1778 1092 1844 1129 us

194 1181 606 1220 ΕΙΗΟΒΤΔΤΙΟΝΕ
638 1180 966 1229 CASTI’I‘ATIS,
997 1182 1063 1218 DE
1096 1182 1428 1233 MONOGAMIA,
1468 1183 1534 1220 DE
1590 1182 1842 1233 JEJUNIIS,

196 1272 259 1309 ne
290 1270 588 1322 rnmcxru,
622 1268 689 1308 οε
716 1270 922 1308 PALLIO.
958 1253 1155 1308 Exstat
1185 1254 1376 1309 adhuc
1428 1255 1655 1325 insigne
1704 1256 1843 1307 Ter-

197 1343 428 1399 tulliani
461 1360 633 1414 opus,
685 1341 805 1396 imo
866 1342 1183 1397 maximum
1244 1360 1309 1398 ac
1370 1343 1845 1407 celeberrimum,

198 1451 357 1488 LIBER
389 1449 602 1504 nempe
660 1448 1158 1487 νηιεεοιιιντιοΝυΜ
1206 1450 1480 1487 Αῡνειιευδ
1539 1448 1849 1487 Ηλειιετιοοε

194 1540 402 1587 omnes,
440 1523 511 1577 de
537 1522 707 1592 cujus
738 1526 904 1575 astate
926 1522 1153 1588 acriter,
1179 1527 1243 1575 ut
1282 1522 1430 1577 infra
1489 1522 1686 1575 videre
1736 1526 1844 1587 est,

192 1612 346 1666 inter
375 1610 638 1665 eruditos
670 1610 1072 1680 disceptatur;
1107 1626 1359 1681 quorum
1392 1609 1526 1665 lites
1549 1626 1679 1663 cum
1732 1626 1849 1665 non

196 1707 463 1755 nostrum
495 1699 571 1753 sit
602 1714 971 1767 componere,
1008 1698 1263 1753 mediam
1332 1699 1482 1753 inter
1541 1705 1851 1770 utramque

195 1787 682 1845 contendentium
734 1786 919 1842 aciem
969 1787 1280 1842 stationem
1366 1787 1672 1859 elegimus,
1726 1804 1850 1842 me-

196 1880 483 1949 diumque
512 1877 652 1931 huic
696 1875 847 1931 libro
907 1875 1098 1931 locum
1156 1878 1557 1948 ascripsimus,
1618 1893 1848 1948 nempe,

196 1970 352 2023 inter
374 1965 678 2022 orthodoxi
710 1964 1051 2020 Tertulliani
1084 1970 1139 2019 et
1169 1965 1435 2035 ejusdem
1481 1967 1849 2022 montanistae

200 2074 402 2128 opera,
456 2055 514 2109 in
562 2056 751 2110 fronte
815 2053 1152 2126 posterioris
1203 2054 1377 2121 torni,
1440 2060 1506 2110 ut
1538 2054 1849 2111 duodecim

204 2143 513 2218 polemicis
544 2142 712 2199 libris
740 2143 1081 2215 przsfulgeat
1111 2159 1176 2198 ae
1223 2142 1385 2199 velut
1428 2143 1854 2216 antesignanus

208 2238 450 2308 praeat.

1952 627 2185 697 penitus
2208 629 2493 700 explicata
2525 636 2649 685 tota
2678 636 2872 685 mente
2906 634 3107 686 nostra
3155 636 3279 685 tum
3327 630 3399 685 de
3457 631 3602 686 Ter-

1953 716 2185 771 tulliani
2228 720 2578 774 auctoritate
2636 736 2769 774 vera
2818 737 2882 775 ac
2936 725 3093 775 recto
3160 736 3291 787 usu,
3351 724 3477 775 tum
3525 720 3599 777 de

1954 804 2209 860 instituti
2271 808 2455 863 nostri
2513 809 2757 881 origine,
2830 809 3117 864 subsidiis
3194 826 3261 865 ac
3341 809 3599 879 ratione,

1952 894 2129 949 ﬁnem
2190 896 2429 951 demum
2509 898 2790 968 praefandi
2848 898 3145 967 facientes,
3216 897 3481 954 diximus.
3531 930 3601 939 ~—

1952 983 2135 1039 Deum
2170 1002 2302 1041 vero
2330 986 2543 1041 iterum
2576 988 2928 1058 iterumque,
2979 993 3045 1041 ut
3091 986 3455 1057 inchoantes,
3518 988 3600 1043 ita

1954 1078 2010 1126 et
2042 1073 2411 1131 absolventes
2444 1093 2610 1147 opus,
2643 1077 2810 1131 enixe
2842 1093 3140 1148 rogamus,
3181 1077 3594 1147 deprecamur-

1955 1178 2087 1232 que,
2121 1161 2457 1235 almamque
2489 1164 2666 1219 simul
2701 1166 3009 1236 Deiparam
3032 1164 3351 1236 Virginem,
3376 1166 3597 1236 angelo-

1955 1268 2084 1305 rum
2115 1252 2510 1325 hominumque
2553 1263 2784 1309 matrem
2813 1271 2876 1309 ac
2904 1253 3160 1320 delicias,
3211 1259 3600 1325 cunctamque

1957 1340 2385 1412 triumphantis
2419 1342 2686 1399 Ecclesia:
2729 1343 3132 1415 splendentem
3192 1360 3486 1408 coronam,
3536 1360 3601 1399 eo

1958 1429 2085 1501 ipso
2117 1431 2318 1502 dequo
2353 1450 2594 1487 manum
2626 1434 2695 1487 de
2754 1431 2956 1487 tabula
2998 1432 3264 1498 tulimus,
3325 1432 3599 1489 caelorum

1958 1523 2367 1592 terrarumque
2424 1521 2646 1576 ambitu
2726 1523 2929 1577 festive
2988 1521 3455 1577 concelebratam
3546 1522 3604 1576 in

1960 1608 2349 1679 patrocinium
2381 1627 2446 1664 ac
2479 1610 2729 1665 tutelam
2763 1613 3141 1680 advocamus,
3210 1611 3607 1667 obtestamur-

1960 1715 2072 1769 que
2106 1703 2167 1752 ut
2206 1698 2327 1753 haec
2376 1700 2697 1755 novissima
2756 1699 2972 1754 diutini
3021 1699 3212 1772 operis
3263 1700 3606 1771 primordia,

1962 1787 2076 1842 Deo
2109 1788 2329 1859 optimo
2356 1789 2610 1844 maximo
2662 1795 2897 1861 accepta
2928 1790 3068 1857 sint,
3116 1788 3381 1844 Ecclesiae
3432 1788 3610 1844 matri

1964 1875 2119 1930 haud
2154 1876 2405 1948 ingrata,
2446 1876 2899 1949 quampluribns
2949 1877 3137 1946 utilia,
3198 1876 3488 1948 nobisque
3548 1877 3609 1932 in

1963 1969 2246 2021 aeternum
2271 1965 2598 2037 profutura.

2033 2142 2405 2199 Scribebatur
2454 2143 2663 2214 Paris.,
2690 2143 2809 2200 Kal.
2843 2145 3007 2215 Nov.,
3036 2148 3110 2200 M.
3136 2144 3202 2200 D.
3235 2146 3378 2201 CC(‘.
3415 2143 3610 2200 XLIII.

205 2403 3616 2450 η

1065 2584 1163 2637 ⁴¹
1251 2596 1662 2718 VITA
1765 2595 1909 2743 Q.
2014 2595 2753 2721 SEPTIMII

379 2845 1693 3049 FLORENTIS
1842 2848 3430 3057 TERTULLIANI

1046 3136 2003 3226 GABTHAGINENSIS
2060 3139 2780 3229 PHESBYTEBI,

1252 3320 1681 3378 AUGTORE
1733 3320 2083 3377 JAGOBO
2141 3321 2574 3391 PAMELIO,

774 3491 906 3543 ουλε
951 3490 1087 3535 EJUS
1127 3489 1358 3534 ETATIS
1402 3488 1629 3535 VIGINTI
1672 3488 1954 3542 QUATUOR
1996 3489 2291 3535 ANNORUH
2335 3490 2661 3539 HISTORIAM
2706 3494 3068 3555 CONTINENT,

287 3801 314 3865 §
349 3796 388 3849 l.
442 3795 744 3864 Exponilur
812 3792 1021 3863 prmia
1099 3790 1465 3845 controversia
1522 3788 1749 3859 duplex.
1791 3818 1858 3829 —
1891 3788 1934 3855 C
1977 3792 2109 3844 sent
2137 3790 2548 3865 Martyrologia
2584 3810 2652 3850 ex
2680 3796 2839 3852 Actis
2870 3756 3165 3868 passionis
3220 3805 3275 3855 S.
3337 3802 3619 3877 Stephani

212 3889 265 3943 l.
299 3887 676 3941 Tsa'rULLuNI
708 3883 884 3936 vitam
905 3881 1020 3936 Deo
1053 3878 1291 3951 auspice
1317 3878 1722 3949 descripturis,
1757 3878 1858 3949 qui

216 3975 398 4046 (quod
432 3976 757 4027 memoratu
802 3970 1042 4040 dignum
1091 3970 1201 4035 est)
1243 3967 1352 4022 Sub
1408 3968 1541 4021 Afro
1600 3970 1860 4021 Romano

223 4063 498 4121 Pontitice
546 4062 601 4116 S.
656 4060 906 4127 Victore,
964 4058 1316 4129 Imperatore
1370 4056 1511 4111 item
1554 4056 1690 4110 Afro
1751 4055 1862 4110 sibi

220 4153 573 4225 cognomine
603 4149 881 4220 Septimio
912 4152 1133 4214 Severo,
1158 4146 1292 4201 Afer
1334 4150 1389 4200 et
1447 4145 1571 4215 ipse
1629 4144 1864 4211 floruit;

224 4242 355 4296 duae
405 4244 723 4295 occurrunt
769 4236 1196 4296 controversia»,
1225 4250 1422 4303 eaeque
1480 4232 1864 4288 difﬁcillimas.

224 4331 413 4393 Prior,
459 4329 529 4383 de
574 4325 831 4383 Tertullo
879 4324 1137 4379 cousule.
1197 4323 1589 4377 TERTUaLIANO
1647 4327 1867 4389 nostro,

224 4418 559 4491 Tertyliauo
588 4417 616 4472 J
652 4419 711 4471 Ο.
744 4420 801 4469 et
829 4419 884 4468 S.
928 4411 1228 4468 Tertulino
1282 4411 1547 4479 Martyre,
1581 4426 1610 4465 e
1656 4409 1872 4481 quibus

227 4515 485 4581 quatuor
525 4503 979 4559 hallucinatione
1038 4501 1291 4571 quadam
1348 4515 1531 4553 unum
1591 4498 1874 4553 conﬁcere

230 4597 475 4670 quidam
513 4592 699 4649 conati
726 4596 887 4646 sunt.
935 4589 1150 4651 Altera,
1203 4590 1271 4642 de
1319 4592 1578 4655 tempore
1609 4590 1665 4640 et
1710 4589 1875 4641 aetate

233 4684 657 4753 Auctoris,quo
688 4679 824 4735 fidei
853 4676 1249 4735 Sacramentis
1263 4692 1447 4731 novus
1479 4672 1693 4730 Christi
1726 4675 1876 4746 Tyro

228 4775 506 4831 initiatus
539 4776 644 4826 est.

1971 3878 2137 3950 Papae
2171 3879 2358 3951 pridie
2387 3882 2580 3938 Nonas
2615 3887 2886 3953 Augusti,
2916 3888 3364 3947 TEBTULLIANUM
3387 3892 3613 3965 legerit.

1970 3966 2187 4023 Deinde
2227 3987 2340 4024 non
2374 3972 2571 4028 minus
2595 3973 2937 4031 hallucinati
2960 3984 3100 4033 sunt
3150 3979 3454 4053 hactenus,
3514 3982 3615 4055 qui

1973 4055 2298 4111 Tertullum
2332 4062 2649 4115 Romanum
2683 4062 2992 4119 Consulem
3025 4081 3157 4120 cum
3203 4067 3617 4127 Jureconsulto

1975 4144 2303 4216 Tertyliano
2348 4147 2733 4218 confundunt,
2767 4153 3070 4209 occasione
3112 4155 3620 4215 Senatusconsulti

1977 4233 2416 4303 Tertulliani,ad
2454 4241 2607 4309 quod
2626 4242 2928 4312 complura
2951 4244 3253 4318 Rescripta
3274 4253 3413 4303 sunt
3442 4250 3618 4317 edita,

1979 4340 2108 4393 quas
2143 4325 2465 4381 recitantur
2501 4330 2559 4382 D.
2594 4329 2654 4384 L.
2681 4330 2769 4384 38.
2806 4332 2871 4387 T.
2908 4332 2995 4400 17,
3026 4339 3106 4389 et
3142 4336 3279 4390 Cod.
3340 4341 3399 4391 L.
3452 4338 3506 4392 6.
3555 4339 3620 4394 Τ.

1979 4413 2049 4465 55
2078 4412 2175 4483 (Ι).
2203 4413 2399 4484 Neque
2431 4418 2583 4471 enim
2610 4419 2846 4489 reperiri
2908 4423 3119 4492 poterit
3148 4423 3361 4495 aliquis
3410 4426 3624 4481 Consul

1980 4500 2399 4571 Tertullianus,
2433 4522 2533 4559 seu
2592 4506 2979 4577 Tertylianus,
3007 4511 3107 4565 sed
3136 4512 3199 4575 Ο.
3234 4512 3464 4570 Flavius
3492 4518 3628 4569 Ter-

1984 4589 2167 4645 tullus
2191 4607 2323 4645 cum
2362 4592 2579 4649 Licinio
2604 4598 2914 4652 Sacerdote
2937 4615 3089 4653 anno
3122 4599 3186 4655 U.
3238 4601 3297 4656 C.
3332 4602 3629 4667 DCCCCX,

1986 4678 2055 4733 ad
2085 4680 2254 4749 cujus
2277 4679 2615 4738 relationem
2641 4685 2763 4754 jam
2780 4691 2971 4756 antea,
2988 4688 3312 4759 imperante
3336 4691 3631 4750 Hadriano

1989 4773 2276 4839 Augusto,
2328 4770 2553 4828 dictum
2612 4774 3205 4834 Senatusconsultum
3266 4781 3633 4852 publicatum

306 4868 360 4919 2.
394 4864 470 4919 Ac
524 4862 719 4929 primo.
781 4859 852 4914 de
905 4857 1142 4912 Tertullo
1199 4854 1441 4920 consule,
1502 4853 1881 4909 TsanLLuNo
1990 4861 2099 4910 est.
2135 4855 2343 4927 Utpote
2376 4874 2508 4913 cum
2534 4864 2597 4913 Ι).
2631 4861 2784 4917 dicto
2815 4863 3006 4919 Titulo
3061 4864 3162 4921 lib.
3193 4884 3313 4939 xxx,
3379 4873 3440 4923 υ.
3503 4870 3637 4925 Pius

236 4963 459 5017 nostra,
507 4951 815 5021 Tertyliano
841 4948 929 5003 JC.
960 4955 1010 5001 et
1064 4946 1119 5000 ὃ.
1166 4944 1464 4999 Tertullino
1505 4942 1759 5014 illarlyre.
1813 4973 1885 4984 --
1992 4944 2334 5012 decreverit,
2368 4947 2428 5000 in
2480 4949 2732 5018 quadam
2768 4951 2899 5006 facti
2950 4955 3141 5025 specie
3188 4973 3419 5014 cessare
3462 4958 3638 5013 Sena-

245 5046 325 5099 Ad
360 5042 614 5115 priorem
636 5038 787 5110 quod
824 5037 1049 5103 attinet,
1084 5034 1142 5088 in
1169 5032 1373 5105 primis
1415 5031 1619 5086 fefellit
1655 5032 1885 5087 Rhena-

1995 5034 2431 5090 tusconsultum
2457 5038 2910 5109 Tertullianum,
2943 5045 3095 5113 quod
3122 5047 3362 5116 proinde
3400 5063 3467 5101 eo
3505 5062 3644 5103 con-

244 5150 385 5190 num
422 5133 697 5199 corrupta
726 5126 896 5181 lectio
930 5124 1081 5195 apud
1136 5121 1474 5223 Hegionem,
1532 5136 1657 5191 quas
1712 5122 1885 5220 casti-
1921 5160 1968 5223 D
2000 5127 2116 5177 stat
2148 5138 2276 5223 esse
2309 5124 2652 5195 antiquius:
2698 5129 3069 5201 Tertylianus
3127 5151 3259 5190 vero
3317 5136 3409 5192 JU.
3471 5133 3645 5190 sicuti

240 5222 431 5296 ganda
474 5222 651 5273 etiam
710 5216 864 5285 apud
934 5213 1332 5267 Hermannum
1389 5208 1767 5263 Contractum
1832 5210 1889 5264 in

240 5308 576 5373 Chronicis,
611 5311 674 5359 ut
702 5320 806 5376 pro
837 5300 1159 5357 Tertullino
1185 5298 1454 5369 Martyre,
1486 5313 1660 5352 unem
1695 5312 1891 5352 recen-

305 5510 392 5581 (Ι)
426 5504 560 5560 Vid.
583 5502 667 5581 ad
705 5496 1136 5581 calcem'i‘llius
1173 5492 1616 5581 dissertationis
1657 5494 1898 5581 Pa'melii

236 5564 565 5653 Responsa
583 5572 904 5653 Τενεδίιίαοί
933 5570 1024 5653 Jt].
1059 5572 1461 5653 qum'exs‘taut
1479 5566 1537 5620 in
1558 5564 1690 5620 libr.
1709 5568 1895 5653 ll)ng—

235 5639 381 5712 stor‘.
419 5650 501 5706 Cf.
534 5648 666 5704 Job.
700 5639 1117 5699 Hlumembach
1171 5640 1236 5696 de
1292 5639 1771 5712 Senatuseonsnllo
1832 5640 1892 5707 Q.

235 5711 516 5799 Septimio
573 5721 721 5777 Flor.
781 5714 1101 5788 presbytero
1155 5716 1206 5767 el
1259 5711 1632 5766 Jureeonsullo
1688 5711 1893 5765 Tertul-

2004 5228 2137 5265 mox
2166 5210 2365 5276 latius,
2392 5215 2503 5269 sub
2539 5215 2863 5274 Alexandro
2886 5224 3246 5292 Imperatore
3278 5223 3481 5279 multis
3518 5225 3649 5293 post

2004 5301 2175 5357 annis
2205 5303 2436 5372 claruit,
2462 5321 2593 5361 cum
2624 5306 2755 5363 aliis
2787 5309 2905 5382 plet
2946 5328 3092 5385 sque
3129 5312 3429 5387 Papiniani
3479 5311 3649 5369 disci-

2011 5497 2184 5573 lianzs
2215 5501 2311 5555 lib.
2350 5502 2530 5573 Lips..
2559 5506 2717 5573 1755,
2752 5506 2921 5561 ἱη-4θ.
2945 5539 3014 5550 -
3042 5511 3196 5566 Just.
3257 5510 3318 5565 G.
3377 5509 3651 5566 Wiezen-

2007 5570 2569 5654 ξιιιιξεδιςηάὶδριιζἒ
2626 5570 3015 5654 ,Ιαῃῂερρηραιζο
3071 5587 3122 5637 et
3181 5583 3242 5650 ρ.
3298 5582 3444 5654 Sept.
3502 5584 3633 5639 Flor

2008 5644 2898 5729 rerigizgiaifz's:_ngldps._g743,4.
2958 5644 3311 5729 Maiany‘ub.
3363 5644 3444 5728 iv,
3476 5656 3652 5729 cpist-

2006 5731 2067 5783 ιι,
2102 5715 2326 5771 Valent.
2360 5718 2519 5788 4742,
2552 5719 2698 5773 ἱοο4⁰
2823 5715 2831 5718 ⁷
3198 5726 3317 5783 Eun
