  <div class='ocr_page' id='page_1' title='image "/cluster/home/n/w/nwhite01/storage/ocr_20150623/1/umn.31951002477295j/047.png"; bbox 0 0 4060 6398; ppageno 0'>
   <div class='ocr_carea' id='block_1_1' title="bbox 380 336 3794 408">
    <p class='ocr_par' dir='ltr' id='par_1_1' title="bbox 380 336 3794 408">
     <span class='ocr_line' id='line_1_1' title="bbox 380 336 3794 408; baseline -0.003 -4"><span class='ocrx_word' id='word_1_1' title='bbox 380 348 460 408; x_wconf 86' lang='lat'><strong>79</strong></span> <span class='ocrx_word' id='word_1_2' title='bbox 1695 336 2225 398; x_wconf 81' lang='lat' dir='ltr'>TERTULLIANI</span> <span class='ocrx_word' id='word_1_3' title='bbox 2269 337 2452 397; x_wconf 81' lang='lat' dir='ltr'>VlTA</span> <span class='ocrx_word' id='word_1_4' title='bbox 2469 381 2482 396; x_wconf 92' lang='lat'>.</span> <span class='ocrx_word' id='word_1_5' title='bbox 3711 348 3794 408; x_wconf 82' lang='lat'>30</span> 
     </span>
    </p>
   </div>
   <div class='ocr_carea' id='block_1_2' title="bbox 379 467 3789 550">
    <p class='ocr_par' dir='ltr' id='par_1_2' title="bbox 379 467 3789 550">
     <span class='ocr_line' id='line_1_2' title="bbox 379 467 3789 550; baseline 0.002 -20"><span class='ocrx_word' id='word_1_6' title='bbox 379 475 561 550; x_wconf 89' lang='lat' dir='ltr'>pulis,</span> <span class='ocrx_word' id='word_1_7' title='bbox 594 471 694 546; x_wconf 99' lang='lat' dir='ltr'>qui</span> <span class='ocrx_word' id='word_1_8' title='bbox 723 472 846 528; x_wconf 84' lang='lat' dir='ltr'>Juri</span> <span class='ocrx_word' id='word_1_9' title='bbox 877 470 1130 526; x_wconf 84' lang='lat' dir='ltr'>dicundo</span> <span class='ocrx_word' id='word_1_10' title='bbox 1153 485 1387 542; x_wconf 79' lang='lat' dir='ltr'>operam</span> <span class='ocrx_word' id='word_1_11' title='bbox 1413 469 1638 538; x_wconf 84' lang='lat' dir='ltr'>dedere,</span> <span class='ocrx_word' id='word_1_12' title='bbox 1676 469 1844 540; x_wconf 83' lang='lat' dir='ltr'>cujus</span> <span class='ocrx_word' id='word_1_13' title='bbox 1876 467 2023 523; x_wconf 91' lang='lat' dir='ltr'>Con-</span> <span class='ocrx_word' id='word_1_14' title='bbox 2056 469 2110 536; x_wconf 83' lang='grc' dir='ltr'><strong>Α</strong></span> <span class='ocrx_word' id='word_1_15' title='bbox 2141 467 2458 534; x_wconf 81' lang='lat' dir='ltr'>Tertullus,</span> <span class='ocrx_word' id='word_1_16' title='bbox 2508 483 2642 524; x_wconf 92' lang='lat' dir='ltr'>cum</span> <span class='ocrx_word' id='word_1_17' title='bbox 2689 472 2748 523; x_wconf 89' lang='grc' dir='ltr'>Τ.</span> <span class='ocrx_word' id='word_1_18' title='bbox 2808 468 3001 525; x_wconf 88' lang='lat' dir='ltr'>Flavio</span> <span class='ocrx_word' id='word_1_19' title='bbox 3059 468 3352 528; x_wconf 83' lang='lat' dir='ltr'>Clemente</span> <span class='ocrx_word' id='word_1_20' title='bbox 3410 475 3789 536; x_wconf 80' lang='lat' dir='ltr'>consulatum</span> 
     </span>
    </p>
   </div>
   <div class='ocr_carea' id='block_1_3' title="bbox 385 557 2025 629">
    <p class='ocr_par' dir='ltr' id='par_1_3' title="bbox 385 557 2025 629">
     <span class='ocr_line' id='line_1_3' title="bbox 385 557 2025 629; baseline -0.007 -8"><span class='ocrx_word' id='word_1_21' title='bbox 385 565 720 622; x_wconf 85' lang='lat' dir='ltr'>stitutiones</span> <span class='ocrx_word' id='word_1_22' title='bbox 751 578 820 616; x_wconf 90' lang='lat' dir='ltr'>ex</span> <span class='ocrx_word' id='word_1_23' title='bbox 852 560 1033 615; x_wconf 87' lang='lat' dir='ltr'>Libris</span> <span class='ocrx_word' id='word_1_24' title='bbox 1079 557 1474 622; x_wconf 65' lang='lat' dir='ltr'>Quaestionum</span> <span class='ocrx_word' id='word_1_25' title='bbox 1510 562 1565 613; x_wconf 90' lang='lat' dir='ltr'>et</span> <span class='ocrx_word' id='word_1_26' title='bbox 1613 557 1783 613; x_wconf 89' lang='lat' dir='ltr'>Libro</span> <span class='ocrx_word' id='word_1_27' title='bbox 1819 557 2025 629; x_wconf 84' lang='lat' dir='ltr'>singu-</span> 
     </span>
    </p>
   </div>
   <div class='ocr_carea' id='block_1_4' title="bbox 383 646 2026 718">
    <p class='ocr_par' dir='ltr' id='par_1_4' title="bbox 383 646 2026 718">
     <span class='ocr_line' id='line_1_4' title="bbox 383 646 2026 718; baseline -0.005 -9"><span class='ocrx_word' id='word_1_28' title='bbox 383 653 491 709; x_wconf 85' lang='lat' dir='ltr'>lari</span> <span class='ocrx_word' id='word_1_29' title='bbox 523 653 592 707; x_wconf 92' lang='lat' dir='ltr'>de</span> <span class='ocrx_word' id='word_1_30' title='bbox 622 648 913 706; x_wconf 86' lang='lat' dir='ltr'>Castrensi</span> <span class='ocrx_word' id='word_1_31' title='bbox 966 646 1212 718; x_wconf 88' lang='lat' dir='ltr'>peculio,</span> <span class='ocrx_word' id='word_1_32' title='bbox 1265 663 1335 701; x_wconf 90' lang='lat' dir='ltr'>ne</span> <span class='ocrx_word' id='word_1_33' title='bbox 1375 647 1513 718; x_wconf 88' lang='lat' dir='ltr'>quid</span> <span class='ocrx_word' id='word_1_34' title='bbox 1568 647 1662 702; x_wconf 88' lang='lat' dir='ltr'>hic</span> <span class='ocrx_word' id='word_1_35' title='bbox 1695 647 1864 716; x_wconf 84' lang='lat' dir='ltr'>desit,</span> <span class='ocrx_word' id='word_1_36' title='bbox 1896 650 2026 718; x_wconf 89' lang='lat' dir='ltr'>post</span> 
     </span>
    </p>
   </div>
   <div class='ocr_carea' id='block_1_5' title="bbox 383 735 2023 806">
    <p class='ocr_par' dir='ltr' id='par_1_5' title="bbox 383 735 2023 806">
     <span class='ocr_line' id='line_1_5' title="bbox 383 735 2023 806; baseline -0.006 -8"><span class='ocrx_word' id='word_1_37' title='bbox 383 744 574 798; x_wconf 82' lang='lat' dir='ltr'>Vitam</span> <span class='ocrx_word' id='word_1_38' title='bbox 608 743 757 795; x_wconf 88' lang='lat' dir='ltr'>hanc</span> <span class='ocrx_word' id='word_1_39' title='bbox 788 738 1056 792; x_wconf 80' lang='lat' dir='ltr'>Auctoris</span> <span class='ocrx_word' id='word_1_40' title='bbox 1087 736 1271 792; x_wconf 83' lang='lat' dir='ltr'>nostri</span> <span class='ocrx_word' id='word_1_41' title='bbox 1308 737 1690 806; x_wconf 88' lang='lat' dir='ltr'>subjecimus.</span> <span class='ocrx_word' id='word_1_42' title='bbox 1724 736 1856 800; x_wconf 70' lang='lat' dir='ltr'>Quae</span> <span class='ocrx_word' id='word_1_43' title='bbox 1889 735 2023 791; x_wconf 67' lang='lat' dir='ltr'>solae</span> 
     </span>
    </p>
   </div>
   <div class='ocr_carea' id='block_1_6' title="bbox 381 823 2023 902">
    <p class='ocr_par' dir='ltr' id='par_1_6' title="bbox 381 823 2023 902">
     <span class='ocr_line' id='line_1_6' title="bbox 381 823 2023 902; baseline -0.006 -13"><span class='ocrx_word' id='word_1_44' title='bbox 381 850 515 890; x_wconf 89' lang='lat' dir='ltr'>cum</span> <span class='ocrx_word' id='word_1_45' title='bbox 549 828 864 902; x_wconf 82' lang='lat' dir='ltr'>supersint,</span> <span class='ocrx_word' id='word_1_46' title='bbox 896 843 1000 881; x_wconf 92' lang='lat' dir='ltr'>nec</span> <span class='ocrx_word' id='word_1_47' title='bbox 1034 826 1346 897; x_wconf 81' lang='lat' dir='ltr'>quisquam</span> <span class='ocrx_word' id='word_1_48' title='bbox 1379 824 1530 880; x_wconf 92' lang='lat' dir='ltr'>alius</span> <span class='ocrx_word' id='word_1_49' title='bbox 1561 825 1844 879; x_wconf 89' lang='lat' dir='ltr'>librorum</span> <span class='ocrx_word' id='word_1_50' title='bbox 1881 823 2023 879; x_wconf 91' lang='lat' dir='ltr'>alio-</span> 
     </span>
    </p>
   </div>
   <div class='ocr_carea' id='block_1_7' title="bbox 379 913 2022 987">
    <p class='ocr_par' dir='ltr' id='par_1_7' title="bbox 379 913 2022 987">
     <span class='ocr_line' id='line_1_7' title="bbox 379 913 2022 987; baseline -0.006 -9"><span class='ocrx_word' id='word_1_51' title='bbox 379 938 511 978; x_wconf 90' lang='lat' dir='ltr'>rum</span> <span class='ocrx_word' id='word_1_52' title='bbox 541 921 612 975; x_wconf 91' lang='lat' dir='ltr'>ab</span> <span class='ocrx_word' id='word_1_53' title='bbox 644 918 752 972; x_wconf 90' lang='lat' dir='ltr'>hoc</span> <span class='ocrx_word' id='word_1_54' title='bbox 784 917 882 972; x_wconf 74' lang='lat'>42</span> <span class='ocrx_word' id='word_1_55' title='bbox 933 914 1260 987; x_wconf 81' lang='lat' dir='ltr'>Tcrtyliano</span> <span class='ocrx_word' id='word_1_56' title='bbox 1322 914 1613 969; x_wconf 84' lang='lat' dir='ltr'>editorum</span> <span class='ocrx_word' id='word_1_57' title='bbox 1666 913 2022 982; x_wconf 74' lang='lat' dir='ltr'>meminerit,</span> 
     </span>
    </p>
   </div>
   <div class='ocr_carea' id='block_1_8' title="bbox 376 1002 2022 1074">
    <p class='ocr_par' dir='ltr' id='par_1_8' title="bbox 376 1002 2022 1074">
     <span class='ocr_line' id='line_1_8' title="bbox 376 1002 2022 1074; baseline -0.006 -7"><span class='ocrx_word' id='word_1_58' title='bbox 376 1011 561 1067; x_wconf 88' lang='lat' dir='ltr'>falsus</span> <span class='ocrx_word' id='word_1_59' title='bbox 591 1007 820 1064; x_wconf 89' lang='lat' dir='ltr'>videtur</span> <span class='ocrx_word' id='word_1_60' title='bbox 866 1005 1167 1059; x_wconf 90' lang='lat' dir='ltr'>Conradus</span> <span class='ocrx_word' id='word_1_61' title='bbox 1219 1004 1532 1072; x_wconf 84' lang='lat' dir='ltr'>Gesncrus,</span> <span class='ocrx_word' id='word_1_62' title='bbox 1567 1003 1704 1058; x_wconf 86' lang='lat' dir='ltr'>dum</span> <span class='ocrx_word' id='word_1_63' title='bbox 1738 1002 1822 1057; x_wconf 88' lang='lat' dir='ltr'>illi</span> <span class='ocrx_word' id='word_1_64' title='bbox 1875 1020 2022 1074; x_wconf 62' lang='lat' dir='ltr'>prai-</span> 
     </span>
    </p>
   </div>
   <div class='ocr_carea' id='block_1_9' title="bbox 375 1091 2023 1162">
    <p class='ocr_par' dir='ltr' id='par_1_9' title="bbox 375 1091 2023 1162">
     <span class='ocr_line' id='line_1_9' title="bbox 375 1091 2023 1162; baseline -0.005 -7"><span class='ocrx_word' id='word_1_65' title='bbox 375 1106 532 1155; x_wconf 89' lang='lat' dir='ltr'>terea</span> <span class='ocrx_word' id='word_1_66' title='bbox 581 1093 820 1150; x_wconf 83' lang='lat' dir='ltr'>ascribit</span> <span class='ocrx_word' id='word_1_67' title='bbox 894 1093 1085 1158; x_wconf 61' lang='lat' dir='ltr'>legum</span> <span class='ocrx_word' id='word_1_68' title='bbox 1163 1091 1465 1162; x_wconf 81' lang='lat' dir='ltr'>Rescripta</span> <span class='ocrx_word' id='word_1_69' title='bbox 1546 1108 1611 1146; x_wconf 86' lang='lat' dir='ltr'>ex</span> <span class='ocrx_word' id='word_1_70' title='bbox 1686 1091 1896 1159; x_wconf 89' lang='lat' dir='ltr'>Libris,</span> <span class='ocrx_word' id='word_1_71' title='bbox 1952 1092 2023 1147; x_wconf 88' lang='lat' dir='ltr'>de</span> 
     </span>
    </p>
   </div>
   <div class='ocr_carea' id='block_1_10' title="bbox 377 1181 2019 1254">
    <p class='ocr_par' dir='ltr' id='par_1_10' title="bbox 377 1181 2019 1254">
     <span class='ocr_line' id='line_1_10' title="bbox 377 1181 2019 1254; baseline -0.006 -8"><span class='ocrx_word' id='word_1_72' title='bbox 377 1185 938 1253; x_wconf 89' lang='lat' dir='ltr'>Senatusconsultis,</span> <span class='ocrx_word' id='word_1_73' title='bbox 973 1201 1038 1239; x_wconf 91' lang='lat' dir='ltr'>ac</span> <span class='ocrx_word' id='word_1_74' title='bbox 1071 1185 1139 1238; x_wconf 90' lang='lat' dir='ltr'>ad</span> <span class='ocrx_word' id='word_1_75' title='bbox 1171 1187 1267 1238; x_wconf 90' lang='lat' dir='ltr'>SC.</span> <span class='ocrx_word' id='word_1_76' title='bbox 1301 1183 1684 1239; x_wconf 89' lang='lat' dir='ltr'>Libonianum</span> <span class='ocrx_word' id='word_1_77' title='bbox 1727 1187 1784 1237; x_wconf 91' lang='lat' dir='ltr'>et</span> <span class='ocrx_word' id='word_1_78' title='bbox 1811 1181 2019 1254; x_wconf 89' lang='lat' dir='ltr'>Orphi-</span> 
     </span>
    </p>
   </div>
   <div class='ocr_carea' id='block_1_11' title="bbox 377 1272 2017 1346">
    <p class='ocr_par' dir='ltr' id='par_1_11' title="bbox 377 1272 2017 1346">
     <span class='ocr_line' id='line_1_11' title="bbox 377 1272 2017 1346; baseline -0.006 -10"><span class='ocrx_word' id='word_1_79' title='bbox 377 1281 627 1336; x_wconf 89' lang='lat' dir='ltr'>tianum.</span> <span class='ocrx_word' id='word_1_80' title='bbox 673 1278 860 1346; x_wconf 89' lang='lat' dir='ltr'>Atque</span> <span class='ocrx_word' id='word_1_81' title='bbox 893 1275 948 1328; x_wconf 92' lang='lat' dir='ltr'>in</span> <span class='ocrx_word' id='word_1_82' title='bbox 981 1274 1076 1328; x_wconf 89' lang='lat' dir='ltr'>his</span> <span class='ocrx_word' id='word_1_83' title='bbox 1119 1273 1265 1329; x_wconf 81' lang='lat' dir='ltr'>satis</span> <span class='ocrx_word' id='word_1_84' title='bbox 1297 1273 1674 1328; x_wconf 89' lang='lat' dir='ltr'>consentiunt</span> <span class='ocrx_word' id='word_1_85' title='bbox 1701 1272 2017 1327; x_wconf 90' lang='lat' dir='ltr'>Doctiores.</span> 
     </span>
    </p>
   </div>
   <div class='ocr_carea' id='block_1_12' title="bbox 377 1361 2021 1434">
    <p class='ocr_par' dir='ltr' id='par_1_12' title="bbox 377 1361 2021 1434">
     <span class='ocr_line' id='line_1_12' title="bbox 377 1361 2021 1434; baseline -0.005 -10"><span class='ocrx_word' id='word_1_86' title='bbox 377 1373 596 1424; x_wconf 84' lang='lat' dir='ltr'>Verum</span> <span class='ocrx_word' id='word_1_87' title='bbox 630 1383 704 1421; x_wconf 91' lang='lat' dir='ltr'>an</span> <span class='ocrx_word' id='word_1_88' title='bbox 734 1364 889 1420; x_wconf 90' lang='lat' dir='ltr'>idem</span> <span class='ocrx_word' id='word_1_89' title='bbox 915 1363 992 1418; x_wconf 86' lang='lat' dir='ltr'>sit</span> <span class='ocrx_word' id='word_1_90' title='bbox 1019 1362 1116 1418; x_wconf 91' lang='lat' dir='ltr'>ille</span> <span class='ocrx_word' id='word_1_91' title='bbox 1136 1361 1505 1434; x_wconf 84' lang='lat' dir='ltr'>Tertylianus</span> <span class='ocrx_word' id='word_1_92' title='bbox 1537 1379 1670 1417; x_wconf 91' lang='lat' dir='ltr'>cum</span> <span class='ocrx_word' id='word_1_93' title='bbox 1693 1368 1891 1418; x_wconf 90' lang='lat' dir='ltr'>nostro</span> <span class='ocrx_word' id='word_1_94' title='bbox 1917 1362 2021 1417; x_wconf 89' lang='lat' dir='ltr'>hoc</span> 
     </span>
    </p>
   </div>
   <div class='ocr_carea' id='block_1_13' title="bbox 377 1451 2018 1524">
    <p class='ocr_par' dir='ltr' id='par_1_13' title="bbox 377 1451 2018 1524">
     <span class='ocr_line' id='line_1_13' title="bbox 377 1451 2018 1524; baseline -0.005 -11"><span class='ocrx_word' id='word_1_95' title='bbox 377 1464 796 1524; x_wconf 77' lang='lat' dir='ltr'>TERTULLIANO,</span> <span class='ocrx_word' id='word_1_96' title='bbox 829 1453 1020 1507; x_wconf 86' lang='lat' dir='ltr'>adhuc</span> <span class='ocrx_word' id='word_1_97' title='bbox 1051 1453 1160 1506; x_wconf 85' lang='lat' dir='ltr'>sub</span> <span class='ocrx_word' id='word_1_98' title='bbox 1203 1452 1400 1522; x_wconf 80' lang='lat' dir='ltr'>judice</span> <span class='ocrx_word' id='word_1_99' title='bbox 1432 1451 1503 1506; x_wconf 91' lang='lat' dir='ltr'>lis</span> <span class='ocrx_word' id='word_1_100' title='bbox 1554 1457 1660 1518; x_wconf 90' lang='lat' dir='ltr'>est,</span> <span class='ocrx_word' id='word_1_101' title='bbox 1696 1451 2018 1522; x_wconf 78' lang='lat' dir='ltr'>praesertim</span> 
     </span>
    </p>
   </div>
   <div class='ocr_carea' id='block_1_14' title="bbox 375 1540 2018 1612">
    <p class='ocr_par' dir='ltr' id='par_1_14' title="bbox 375 1540 2018 1612">
     <span class='ocr_line' id='line_1_14' title="bbox 375 1540 2018 1612; baseline -0.007 -8"><span class='ocrx_word' id='word_1_102' title='bbox 375 1550 436 1604; x_wconf 89' lang='lat' dir='ltr'>id</span> <span class='ocrx_word' id='word_1_103' title='bbox 465 1543 864 1602; x_wconf 86' lang='lat' dir='ltr'>asserentibus</span> <span class='ocrx_word' id='word_1_104' title='bbox 895 1541 1248 1612; x_wconf 90' lang='lat' dir='ltr'>quihusdam</span> <span class='ocrx_word' id='word_1_105' title='bbox 1285 1541 1480 1611; x_wconf 85' lang='lat' dir='ltr'>magni</span> <span class='ocrx_word' id='word_1_106' title='bbox 1515 1540 1772 1595; x_wconf 87' lang='lat' dir='ltr'>nominis</span> <span class='ocrx_word' id='word_1_107' title='bbox 1804 1545 1858 1595; x_wconf 90' lang='lat' dir='ltr'>et</span> <span class='ocrx_word' id='word_1_108' title='bbox 1888 1557 2018 1595; x_wconf 89' lang='lat' dir='ltr'>eru-</span> 
     </span>
    </p>
   </div>
   <div class='ocr_carea' id='block_1_15' title="bbox 377 1629 2020 1700">
    <p class='ocr_par' dir='ltr' id='par_1_15' title="bbox 377 1629 2020 1700">
     <span class='ocr_line' id='line_1_15' title="bbox 377 1629 2020 1700; baseline -0.006 -6"><span class='ocrx_word' id='word_1_109' title='bbox 377 1635 617 1694; x_wconf 85' lang='lat' dir='ltr'>ditionis</span> <span class='ocrx_word' id='word_1_110' title='bbox 645 1634 737 1689; x_wconf 89' lang='lat' dir='ltr'>JC.</span> <span class='ocrx_word' id='word_1_111' title='bbox 773 1632 888 1687; x_wconf 90' lang='lat' dir='ltr'>Nos</span> <span class='ocrx_word' id='word_1_112' title='bbox 919 1636 1090 1695; x_wconf 89' lang='lat' dir='ltr'>certe,</span> <span class='ocrx_word' id='word_1_113' title='bbox 1127 1629 1283 1685; x_wconf 89' lang='lat' dir='ltr'>salvo</span> <span class='ocrx_word' id='word_1_114' title='bbox 1317 1629 1530 1684; x_wconf 89' lang='lat' dir='ltr'>saniori</span> <span class='ocrx_word' id='word_1_115' title='bbox 1556 1630 1804 1700; x_wconf 89' lang='lat' dir='ltr'>judicio,</span> <span class='ocrx_word' id='word_1_116' title='bbox 1837 1629 2020 1685; x_wconf 85' lang='lat' dir='ltr'>diver-</span> 
     </span>
    </p>
   </div>
   <div class='ocr_carea' id='block_1_16' title="bbox 375 1719 2020 1793">
    <p class='ocr_par' dir='ltr' id='par_1_16' title="bbox 375 1719 2020 1793">
     <span class='ocr_line' id='line_1_16' title="bbox 375 1719 2020 1793; baseline -0.005 -8"><span class='ocrx_word' id='word_1_117' title='bbox 375 1746 508 1787; x_wconf 91' lang='lat' dir='ltr'>sum</span> <span class='ocrx_word' id='word_1_118' title='bbox 541 1741 871 1792; x_wconf 89' lang='lat' dir='ltr'>censemus,</span> <span class='ocrx_word' id='word_1_119' title='bbox 920 1727 1046 1777; x_wconf 88' lang='lat' dir='ltr'>tum</span> <span class='ocrx_word' id='word_1_120' title='bbox 1089 1721 1242 1793; x_wconf 93' lang='lat' dir='ltr'>quod</span> <span class='ocrx_word' id='word_1_121' title='bbox 1292 1719 1388 1776; x_wconf 90' lang='lat' dir='ltr'>ille</span> <span class='ocrx_word' id='word_1_122' title='bbox 1428 1721 1598 1791; x_wconf 84' lang='lat' dir='ltr'>juxta</span> <span class='ocrx_word' id='word_1_123' title='bbox 1636 1721 1919 1777; x_wconf 89' lang='lat' dir='ltr'>veriorem</span> <span class='ocrx_word' id='word_1_124' title='bbox 1953 1736 2020 1777; x_wconf 92' lang='lat' dir='ltr'>ex</span> 
     </span>
    </p>
   </div>
   <div class='ocr_carea' id='block_1_17' title="bbox 376 1809 2099 1903">
    <p class='ocr_par' dir='ltr' id='par_1_17' title="bbox 376 1809 2099 1903">
     <span class='ocr_line' id='line_1_17' title="bbox 376 1809 2099 1903; baseline -0.005 -29"><span class='ocrx_word' id='word_1_125' title='bbox 376 1815 684 1874; x_wconf 85' lang='lat' dir='ltr'>Pandectis</span> <span class='ocrx_word' id='word_1_126' title='bbox 716 1811 1064 1869; x_wconf 83' lang='lat' dir='ltr'>Florentinis</span> <span class='ocrx_word' id='word_1_127' title='bbox 1111 1809 1444 1880; x_wconf 88' lang='lat' dir='ltr'>lectionem,</span> <span class='ocrx_word' id='word_1_128' title='bbox 1488 1815 1635 1865; x_wconf 88' lang='lat' dir='ltr'>teste</span> <span class='ocrx_word' id='word_1_129' title='bbox 1689 1810 2018 1882; x_wconf 86' lang='lat' dir='ltr'>Augustino</span> <span class='ocrx_word' id='word_1_130' title='bbox 2051 1838 2099 1903; x_wconf 82' lang='lat' dir='ltr'><strong>B</strong></span> 
     </span>
    </p>
   </div>
   <div class='ocr_carea' id='block_1_18' title="bbox 374 1899 2023 1973">
    <p class='ocr_par' dir='ltr' id='par_1_18' title="bbox 374 1899 2023 1973">
     <span class='ocr_line' id='line_1_18' title="bbox 374 1899 2023 1973; baseline -0.005 -10"><span class='ocrx_word' id='word_1_131' title='bbox 374 1906 705 1973; x_wconf 83' lang='lat' dir='ltr'>Justinano,</span> <span class='ocrx_word' id='word_1_132' title='bbox 739 1903 958 1973; x_wconf 91' lang='lat' dir='ltr'>ubique</span> <span class='ocrx_word' id='word_1_133' title='bbox 985 1899 1351 1971; x_wconf 87' lang='lat' dir='ltr'>Tertylianus</span> <span class='ocrx_word' id='word_1_134' title='bbox 1376 1903 1634 1966; x_wconf 84' lang='lat' dir='ltr'>vocetur,</span> <span class='ocrx_word' id='word_1_135' title='bbox 1659 1904 1858 1954; x_wconf 86' lang='lat' dir='ltr'>noster</span> <span class='ocrx_word' id='word_1_136' title='bbox 1887 1915 2023 1954; x_wconf 91' lang='lat' dir='ltr'>vero</span> 
     </span>
    </p>
   </div>
   <div class='ocr_carea' id='block_1_19' title="bbox 374 1986 2022 2059">
    <p class='ocr_par' dir='ltr' id='par_1_19' title="bbox 374 1986 2022 2059">
     <span class='ocr_line' id='line_1_19' title="bbox 374 1986 2022 2059; baseline -0.005 -8"><span class='ocrx_word' id='word_1_137' title='bbox 374 1997 835 2058; x_wconf 82' lang='lat' dir='ltr'>TERTULLIANUS,</span> <span class='ocrx_word' id='word_1_138' title='bbox 854 1994 978 2044; x_wconf 86' lang='lat' dir='ltr'>tum</span> <span class='ocrx_word' id='word_1_139' title='bbox 1005 1989 1158 2059; x_wconf 93' lang='lat' dir='ltr'>quod</span> <span class='ocrx_word' id='word_1_140' title='bbox 1175 1986 1349 2042; x_wconf 89' lang='lat' dir='ltr'>etiam</span> <span class='ocrx_word' id='word_1_141' title='bbox 1381 1987 1673 2042; x_wconf 89' lang='lat' dir='ltr'>Francisc.</span> <span class='ocrx_word' id='word_1_142' title='bbox 1699 1987 2022 2043; x_wconf 90' lang='lat' dir='ltr'>Balduinus</span> 
     </span>
    </p>
   </div>
   <div class='ocr_carea' id='block_1_20' title="bbox 377 2076 2021 2149">
    <p class='ocr_par' dir='ltr' id='par_1_20' title="bbox 377 2076 2021 2149">
     <span class='ocr_line' id='line_1_20' title="bbox 377 2076 2021 2149; baseline -0.006 -9"><span class='ocrx_word' id='word_1_143' title='bbox 377 2083 532 2140; x_wconf 90' lang='lat' dir='ltr'>datis</span> <span class='ocrx_word' id='word_1_144' title='bbox 562 2083 632 2138; x_wconf 90' lang='lat' dir='ltr'>ad</span> <span class='ocrx_word' id='word_1_145' title='bbox 668 2097 758 2136; x_wconf 91' lang='lat' dir='ltr'>me</span> <span class='ocrx_word' id='word_1_146' title='bbox 786 2078 995 2133; x_wconf 88' lang='lat' dir='ltr'>litteris</span> <span class='ocrx_word' id='word_1_147' title='bbox 1027 2077 1268 2149; x_wconf 83' lang='lat' dir='ltr'>stylum,</span> <span class='ocrx_word' id='word_1_148' title='bbox 1300 2080 1356 2130; x_wconf 93' lang='lat' dir='ltr'>et</span> <span class='ocrx_word' id='word_1_149' title='bbox 1387 2077 1711 2131; x_wconf 89' lang='lat' dir='ltr'>orationem</span> <span class='ocrx_word' id='word_1_150' title='bbox 1761 2076 2021 2131; x_wconf 81' lang='lat' dir='ltr'>dissimi-</span> 
     </span>
    </p>
   </div>
   <div class='ocr_carea' id='block_1_21' title="bbox 374 2165 2020 2237">
    <p class='ocr_par' dir='ltr' id='par_1_21' title="bbox 374 2165 2020 2237">
     <span class='ocr_line' id='line_1_21' title="bbox 374 2165 2020 2237; baseline -0.005 -9"><span class='ocrx_word' id='word_1_151' title='bbox 374 2173 490 2228; x_wconf 91' lang='lat' dir='ltr'>lem</span> <span class='ocrx_word' id='word_1_152' title='bbox 525 2171 829 2227; x_wconf 91' lang='lat' dir='ltr'>confessus</span> <span class='ocrx_word' id='word_1_153' title='bbox 861 2167 962 2235; x_wconf 85' lang='lat' dir='ltr'>sit,</span> <span class='ocrx_word' id='word_1_154' title='bbox 993 2171 1118 2220; x_wconf 89' lang='lat' dir='ltr'>tum</span> <span class='ocrx_word' id='word_1_155' title='bbox 1151 2165 1588 2235; x_wconf 86' lang='lat' dir='ltr'>denique,quod</span> <span class='ocrx_word' id='word_1_156' title='bbox 1619 2171 1884 2237; x_wconf 90' lang='lat' dir='ltr'>tempora</span> <span class='ocrx_word' id='word_1_157' title='bbox 1907 2181 2020 2219; x_wconf 93' lang='lat' dir='ltr'>non</span> 
     </span>
    </p>
   </div>
   <div class='ocr_carea' id='block_1_22' title="bbox 377 2254 2022 2318">
    <p class='ocr_par' dir='ltr' id='par_1_22' title="bbox 377 2254 2022 2318">
     <span class='ocr_line' id='line_1_22' title="bbox 377 2254 2022 2318; baseline -0.005 0"><span class='ocrx_word' id='word_1_158' title='bbox 377 2262 521 2318; x_wconf 81' lang='lat' dir='ltr'>satis</span> <span class='ocrx_word' id='word_1_159' title='bbox 552 2258 918 2316; x_wconf 85' lang='lat' dir='ltr'>conveniant.</span> <span class='ocrx_word' id='word_1_160' title='bbox 953 2257 1011 2312; x_wconf 90' lang='lat' dir='ltr'>Si</span> <span class='ocrx_word' id='word_1_161' title='bbox 1033 2255 1188 2310; x_wconf 90' lang='lat' dir='ltr'>enim</span> <span class='ocrx_word' id='word_1_162' title='bbox 1223 2271 1355 2309; x_wconf 92' lang='lat' dir='ltr'>cum</span> <span class='ocrx_word' id='word_1_163' title='bbox 1412 2255 1770 2310; x_wconf 80' lang='lat' dir='ltr'>Bernardino</span> <span class='ocrx_word' id='word_1_164' title='bbox 1806 2254 2022 2310; x_wconf 80' lang='lat' dir='ltr'>Rutilio</span> 
     </span>
    </p>
   </div>
   <div class='ocr_carea' id='block_1_23' title="bbox 373 2341 2026 2424">
    <p class='ocr_par' dir='ltr' id='par_1_23' title="bbox 373 2341 2026 2424">
     <span class='ocr_line' id='line_1_23' title="bbox 373 2341 2026 2424; baseline -0.005 -18"><span class='ocrx_word' id='word_1_165' title='bbox 373 2349 767 2424; x_wconf 85' lang='lat' dir='ltr'>Tertylianum</span> <span class='ocrx_word' id='word_1_166' title='bbox 800 2363 939 2402; x_wconf 89' lang='lat' dir='ltr'>suos</span> <span class='ocrx_word' id='word_1_167' title='bbox 969 2343 1224 2399; x_wconf 84' lang='lat' dir='ltr'>edidisse</span> <span class='ocrx_word' id='word_1_168' title='bbox 1247 2341 1452 2398; x_wconf 89' lang='lat' dir='ltr'>Libros</span> <span class='ocrx_word' id='word_1_169' title='bbox 1475 2343 1738 2398; x_wconf 87' lang='lat' dir='ltr'>dicamus</span> <span class='ocrx_word' id='word_1_170' title='bbox 1770 2343 1880 2398; x_wconf 88' lang='lat' dir='ltr'>sub</span> <span class='ocrx_word' id='word_1_171' title='bbox 1915 2343 2026 2398; x_wconf 86' lang='lat' dir='ltr'>Im-</span> 
     </span>
    </p>
   </div>
   <div class='ocr_carea' id='block_1_24' title="bbox 373 2431 2022 2514">
    <p class='ocr_par' dir='ltr' id='par_1_24' title="bbox 373 2431 2022 2514">
     <span class='ocr_line' id='line_1_24' title="bbox 373 2431 2022 2514; baseline -0.006 -18"><span class='ocrx_word' id='word_1_172' title='bbox 373 2441 532 2514; x_wconf 90' lang='lat' dir='ltr'>perio</span> <span class='ocrx_word' id='word_1_173' title='bbox 565 2437 836 2494; x_wconf 86' lang='lat' dir='ltr'>Hadriani</span> <span class='ocrx_word' id='word_1_174' title='bbox 870 2440 928 2490; x_wconf 88' lang='lat' dir='ltr'>et</span> <span class='ocrx_word' id='word_1_175' title='bbox 978 2432 1274 2499; x_wconf 82' lang='lat' dir='ltr'>Antonini,</span> <span class='ocrx_word' id='word_1_176' title='bbox 1327 2449 1458 2487; x_wconf 89' lang='lat' dir='ltr'>cum</span> <span class='ocrx_word' id='word_1_177' title='bbox 1511 2431 1842 2487; x_wconf 85' lang='lat' dir='ltr'>Hadrianus</span> <span class='ocrx_word' id='word_1_178' title='bbox 1873 2432 2022 2504; x_wconf 88' lang='lat' dir='ltr'>Imp.</span> 
     </span>
    </p>
   </div>
   <div class='ocr_carea' id='block_1_25' title="bbox 372 2521 2021 2592">
    <p class='ocr_par' dir='ltr' id='par_1_25' title="bbox 372 2521 2021 2592">
     <span class='ocr_line' id='line_1_25' title="bbox 372 2521 2021 2592; baseline -0.006 -6"><span class='ocrx_word' id='word_1_179' title='bbox 372 2530 582 2586; x_wconf 91' lang='lat' dir='ltr'>obierit</span> <span class='ocrx_word' id='word_1_180' title='bbox 612 2545 704 2584; x_wconf 91' lang='lat' dir='ltr'>an.</span> <span class='ocrx_word' id='word_1_181' title='bbox 739 2526 807 2581; x_wconf 91' lang='lat' dir='ltr'>U.</span> <span class='ocrx_word' id='word_1_182' title='bbox 841 2525 902 2580; x_wconf 93' lang='lat' dir='ltr'>C.</span> <span class='ocrx_word' id='word_1_183' title='bbox 958 2521 1401 2592; x_wconf 79' lang='lat' dir='ltr'>DCCCLXXXX,</span> <span class='ocrx_word' id='word_1_184' title='bbox 1458 2526 1516 2577; x_wconf 89' lang='lat' dir='ltr'>et</span> <span class='ocrx_word' id='word_1_185' title='bbox 1567 2521 1816 2576; x_wconf 89' lang='lat' dir='ltr'>Severus</span> <span class='ocrx_word' id='word_1_186' title='bbox 1873 2521 2021 2591; x_wconf 86' lang='lat' dir='ltr'>Imp.</span> 
     </span>
    </p>
   </div>
   <div class='ocr_carea' id='block_1_26' title="bbox 373 2609 2026 2688">
    <p class='ocr_par' dir='ltr' id='par_1_26' title="bbox 373 2609 2026 2688">
     <span class='ocr_line' id='line_1_26' title="bbox 373 2609 2026 2688; baseline -0.007 -14"><span class='ocrx_word' id='word_1_187' title='bbox 373 2620 484 2675; x_wconf 90' lang='lat' dir='ltr'>sub</span> <span class='ocrx_word' id='word_1_188' title='bbox 516 2635 626 2688; x_wconf 86' lang='lat' dir='ltr'>quo</span> <span class='ocrx_word' id='word_1_189' title='bbox 661 2620 859 2670; x_wconf 89' lang='lat' dir='ltr'>noster</span> <span class='ocrx_word' id='word_1_190' title='bbox 886 2614 1350 2677; x_wconf 82' lang='lat' dir='ltr'>TERTULLIANUS,</span> <span class='ocrx_word' id='word_1_191' title='bbox 1378 2609 1632 2682; x_wconf 90' lang='lat' dir='ltr'>primum</span> <span class='ocrx_word' id='word_1_192' title='bbox 1661 2609 1896 2680; x_wconf 67' lang='lat' dir='ltr'>coeperit</span> <span class='ocrx_word' id='word_1_193' title='bbox 1919 2610 2026 2664; x_wconf 92' lang='lat' dir='ltr'>im-</span> 
     </span>
    </p>
   </div>
   <div class='ocr_carea' id='block_1_27' title="bbox 374 2698 2026 2781">
    <p class='ocr_par' dir='ltr' id='par_1_27' title="bbox 374 2698 2026 2781">
     <span class='ocr_line' id='line_1_27' title="bbox 374 2698 2026 2781; baseline -0.006 -18"><span class='ocrx_word' id='word_1_194' title='bbox 374 2722 578 2781; x_wconf 89' lang='lat' dir='ltr'>perare</span> <span class='ocrx_word' id='word_1_195' title='bbox 609 2721 759 2760; x_wconf 89' lang='lat' dir='ltr'>anno</span> <span class='ocrx_word' id='word_1_196' title='bbox 790 2702 857 2758; x_wconf 90' lang='lat' dir='ltr'>U.</span> <span class='ocrx_word' id='word_1_197' title='bbox 887 2705 944 2755; x_wconf 90' lang='lat' dir='ltr'>C.</span> <span class='ocrx_word' id='word_1_198' title='bbox 1013 2699 1390 2768; x_wconf 79' lang='lat' dir='ltr'>DCCCCXLV,</span> <span class='ocrx_word' id='word_1_199' title='bbox 1424 2704 1482 2754; x_wconf 87' lang='lat' dir='ltr'>et</span> <span class='ocrx_word' id='word_1_200' title='bbox 1537 2698 1620 2753; x_wconf 91' lang='lat' dir='ltr'>sic</span> <span class='ocrx_word' id='word_1_201' title='bbox 1680 2700 2026 2754; x_wconf 86' lang='lat' dir='ltr'>intercesse-</span> 
     </span>
    </p>
   </div>
   <div class='ocr_carea' id='block_1_28' title="bbox 374 2787 2022 2862">
    <p class='ocr_par' dir='ltr' id='par_1_28' title="bbox 374 2787 2022 2862">
     <span class='ocr_line' id='line_1_28' title="bbox 374 2787 2022 2862; baseline -0.006 -10"><span class='ocrx_word' id='word_1_202' title='bbox 374 2797 492 2852; x_wconf 88' lang='lat' dir='ltr'>rint</span> <span class='ocrx_word' id='word_1_203' title='bbox 520 2794 658 2849; x_wconf 91' lang='lat' dir='ltr'>anni</span> <span class='ocrx_word' id='word_1_204' title='bbox 691 2791 802 2860; x_wconf 90' lang='lat' dir='ltr'>LV,</span> <span class='ocrx_word' id='word_1_205' title='bbox 853 2788 1143 2862; x_wconf 89' lang='lat' dir='ltr'>oportebit</span> <span class='ocrx_word' id='word_1_206' title='bbox 1189 2788 1343 2842; x_wconf 85' lang='lat' dir='ltr'>hunc</span> <span class='ocrx_word' id='word_1_207' title='bbox 1403 2787 1585 2843; x_wconf 88' lang='lat' dir='ltr'>fuisse</span> <span class='ocrx_word' id='word_1_208' title='bbox 1633 2791 1798 2842; x_wconf 59' lang='lat' dir='ltr'>aetate</span> <span class='ocrx_word' id='word_1_209' title='bbox 1850 2789 2022 2859; x_wconf 89' lang='lat' dir='ltr'>quin-</span> 
     </span>
    </p>
   </div>
   <div class='ocr_carea' id='block_1_29' title="bbox 375 2877 2022 2959">
    <p class='ocr_par' dir='ltr' id='par_1_29' title="bbox 375 2877 2022 2959">
     <span class='ocr_line' id='line_1_29' title="bbox 375 2877 2022 2959; baseline -0.005 -17"><span class='ocrx_word' id='word_1_210' title='bbox 375 2882 731 2959; x_wconf 89' lang='lat' dir='ltr'>quagenario</span> <span class='ocrx_word' id='word_1_211' title='bbox 791 2881 1108 2951; x_wconf 87' lang='lat' dir='ltr'>majorem,</span> <span class='ocrx_word' id='word_1_212' title='bbox 1168 2893 1301 2932; x_wconf 90' lang='lat' dir='ltr'>cum</span> <span class='ocrx_word' id='word_1_213' title='bbox 1361 2894 1429 2932; x_wconf 90' lang='lat' dir='ltr'>ex</span> <span class='ocrx_word' id='word_1_214' title='bbox 1485 2877 1580 2934; x_wconf 91' lang='lat' dir='ltr'>JC.</span> <span class='ocrx_word' id='word_1_215' title='bbox 1654 2877 2022 2934; x_wconf 88' lang='lat' dir='ltr'>Christianus</span> 
     </span>
    </p>
   </div>
   <div class='ocr_carea' id='block_1_30' title="bbox 372 2965 2020 3039">
    <p class='ocr_par' dir='ltr' id='par_1_30' title="bbox 372 2965 2020 3039">
     <span class='ocr_line' id='line_1_30' title="bbox 372 2965 2020 3039; baseline -0.005 -8"><span class='ocrx_word' id='word_1_216' title='bbox 372 2976 561 3031; x_wconf 83' lang='lat' dir='ltr'>factus</span> <span class='ocrx_word' id='word_1_217' title='bbox 593 2969 960 3038; x_wconf 86' lang='lat' dir='ltr'>est,maxime</span> <span class='ocrx_word' id='word_1_218' title='bbox 992 2969 1036 3024; x_wconf 90' lang='lat' dir='ltr'>si</span> <span class='ocrx_word' id='word_1_219' title='bbox 1067 2967 1369 3039; x_wconf 82' lang='lat' dir='ltr'>Responsa</span> <span class='ocrx_word' id='word_1_220' title='bbox 1399 2965 1497 3021; x_wconf 92' lang='lat' dir='ltr'>illa</span> <span class='ocrx_word' id='word_1_221' title='bbox 1522 2965 1602 3020; x_wconf 88' lang='lat' dir='ltr'>illi</span> <span class='ocrx_word' id='word_1_222' title='bbox 1629 2966 2020 3024; x_wconf 86' lang='lat' dir='ltr'>attribuamus</span> 
     </span>
    </p>
   </div>
   <div class='ocr_carea' id='block_1_31' title="bbox 373 3055 2020 3138">
    <p class='ocr_par' dir='ltr' id='par_1_31' title="bbox 373 3055 2020 3138">
     <span class='ocr_line' id='line_1_31' title="bbox 373 3055 2020 3138; baseline -0.004 -18"><span class='ocrx_word' id='word_1_223' title='bbox 373 3082 498 3138; x_wconf 67' lang='lat' dir='ltr'>qure</span> <span class='ocrx_word' id='word_1_224' title='bbox 528 3060 762 3118; x_wconf 90' lang='lat' dir='ltr'>nonnisi</span> <span class='ocrx_word' id='word_1_225' title='bbox 795 3060 853 3114; x_wconf 89' lang='lat' dir='ltr'>in</span> <span class='ocrx_word' id='word_1_226' title='bbox 903 3055 1246 3113; x_wconf 86' lang='lat' dir='ltr'>auctoritate</span> <span class='ocrx_word' id='word_1_227' title='bbox 1291 3071 1502 3127; x_wconf 85' lang='lat' dir='ltr'>magna</span> <span class='ocrx_word' id='word_1_228' title='bbox 1550 3056 1850 3111; x_wconf 89' lang='lat' dir='ltr'>constituti</span> <span class='ocrx_word' id='word_1_229' title='bbox 1883 3057 2020 3113; x_wconf 88' lang='lat' dir='ltr'>dare</span> 
     </span>
    </p>
   </div>
   <div class='ocr_carea' id='block_1_32' title="bbox 369 3145 2016 3221">
    <p class='ocr_par' dir='ltr' id='par_1_32' title="bbox 369 3145 2016 3221">
     <span class='ocr_line' id='line_1_32' title="bbox 369 3145 2016 3221; baseline -0.005 -10"><span class='ocrx_word' id='word_1_230' title='bbox 369 3153 561 3212; x_wconf 87' lang='lat' dir='ltr'>solent</span> <span class='ocrx_word' id='word_1_231' title='bbox 575 3153 668 3208; x_wconf 89' lang='lat' dir='ltr'>JC.</span> <span class='ocrx_word' id='word_1_232' title='bbox 681 3194 694 3221; x_wconf 91' lang='lat'>,</span> <span class='ocrx_word' id='word_1_233' title='bbox 715 3151 883 3221; x_wconf 87' lang='lat' dir='ltr'>cujus</span> <span class='ocrx_word' id='word_1_234' title='bbox 900 3152 1095 3202; x_wconf 87' lang='lat' dir='ltr'>tamen</span> <span class='ocrx_word' id='word_1_235' title='bbox 1122 3145 1477 3201; x_wconf 87' lang='lat' dir='ltr'>contrarium</span> <span class='ocrx_word' id='word_1_236' title='bbox 1503 3162 1568 3201; x_wconf 85' lang='lat' dir='ltr'>ex</span> <span class='ocrx_word' id='word_1_237' title='bbox 1585 3151 1641 3200; x_wconf 89' lang='lat' dir='ltr'>S.</span> <span class='ocrx_word' id='word_1_238' title='bbox 1668 3146 2016 3220; x_wconf 80' lang='lat' dir='ltr'>Hieronymo</span> 
     </span>
    </p>
   </div>
   <div class='ocr_carea' id='block_1_33' title="bbox 2139 559 3792 640">
    <p class='ocr_par' dir='ltr' id='par_1_33' title="bbox 2139 559 3792 640">
     <span class='ocr_line' id='line_1_33' title="bbox 2139 559 3792 640; baseline 0.007 -25"><span class='ocrx_word' id='word_1_239' title='bbox 2139 559 2320 632; x_wconf 86' lang='lat' dir='ltr'>gessit</span> <span class='ocrx_word' id='word_1_240' title='bbox 2353 578 2504 616; x_wconf 85' lang='lat' dir='ltr'>anno</span> <span class='ocrx_word' id='word_1_241' title='bbox 2535 561 2724 616; x_wconf 89' lang='lat' dir='ltr'>Severi</span> <span class='ocrx_word' id='word_1_242' title='bbox 2757 579 2842 616; x_wconf 80' lang='grc' dir='ltr'>ιιι.</span> <span class='ocrx_word' id='word_1_243' title='bbox 2875 561 3069 618; x_wconf 89' lang='lat' dir='ltr'>Altera</span> <span class='ocrx_word' id='word_1_244' title='bbox 3101 579 3232 618; x_wconf 90' lang='lat' dir='ltr'>vero</span> <span class='ocrx_word' id='word_1_245' title='bbox 3255 565 3427 634; x_wconf 88' lang='lat' dir='ltr'>ratio,</span> <span class='ocrx_word' id='word_1_246' title='bbox 3462 583 3578 639; x_wconf 91' lang='lat' dir='ltr'>qua</span> <span class='ocrx_word' id='word_1_247' title='bbox 3607 571 3792 640; x_wconf 81' lang='lat' dir='ltr'>potis-</span> 
     </span>
    </p>
   </div>
   <div class='ocr_carea' id='block_1_34' title="bbox 2138 649 3790 724">
    <p class='ocr_par' dir='ltr' id='par_1_34' title="bbox 2138 649 3790 724">
     <span class='ocr_line' id='line_1_34' title="bbox 2138 649 3790 724; baseline 0.008 -20"><span class='ocrx_word' id='word_1_248' title='bbox 2138 649 2352 704; x_wconf 91' lang='lat' dir='ltr'>simum</span> <span class='ocrx_word' id='word_1_249' title='bbox 2391 651 2662 705; x_wconf 90' lang='lat' dir='ltr'>nituntur</span> <span class='ocrx_word' id='word_1_250' title='bbox 2687 650 2793 719; x_wconf 85' lang='lat' dir='ltr'>illi,</span> <span class='ocrx_word' id='word_1_251' title='bbox 2819 652 2972 724; x_wconf 87' lang='lat' dir='ltr'>quod</span> <span class='ocrx_word' id='word_1_252' title='bbox 3002 652 3159 708; x_wconf 88' lang='lat' dir='ltr'>Juris</span> <span class='ocrx_word' id='word_1_253' title='bbox 3186 654 3490 711; x_wconf 88' lang='lat' dir='ltr'>verborum</span> <span class='ocrx_word' id='word_1_254' title='bbox 3527 659 3790 716; x_wconf 84' lang='lat' dir='ltr'>retinen-</span> 
     </span>
    </p>
   </div>
   <div class='ocr_carea' id='block_1_35' title="bbox 2135 739 3791 815">
    <p class='ocr_par' dir='ltr' id='par_1_35' title="bbox 2135 739 3791 815">
     <span class='ocr_line' id='line_1_35' title="bbox 2135 739 3791 815; baseline 0.008 -23"><span class='ocrx_word' id='word_1_255' title='bbox 2135 739 2406 794; x_wconf 89' lang='lat' dir='ltr'>tissimus</span> <span class='ocrx_word' id='word_1_256' title='bbox 2437 745 2608 810; x_wconf 83' lang='lat' dir='ltr'>atque</span> <span class='ocrx_word' id='word_1_257' title='bbox 2641 741 2782 795; x_wconf 92' lang='lat' dir='ltr'>adeo</span> <span class='ocrx_word' id='word_1_258' title='bbox 2811 740 2905 794; x_wconf 88' lang='lat' dir='ltr'>JC.</span> <span class='ocrx_word' id='word_1_259' title='bbox 2931 741 3232 797; x_wconf 86' lang='lat' dir='ltr'>Romanus</span> <span class='ocrx_word' id='word_1_260' title='bbox 3265 743 3460 815; x_wconf 89' lang='lat' dir='ltr'>fuerit,</span> <span class='ocrx_word' id='word_1_261' title='bbox 3493 747 3582 803; x_wconf 90' lang='lat' dir='ltr'>vel</span> <span class='ocrx_word' id='word_1_262' title='bbox 3615 750 3791 806; x_wconf 87' lang='lat' dir='ltr'>Euse-</span> 
     </span>
    </p>
   </div>
   <div class='ocr_carea' id='block_1_36' title="bbox 2135 827 3782 904">
    <p class='ocr_par' dir='ltr' id='par_1_36' title="bbox 2135 827 3782 904">
     <span class='ocr_line' id='line_1_36' title="bbox 2135 827 3782 904; baseline 0.008 -22"><span class='ocrx_word' id='word_1_263' title='bbox 2135 827 2230 882; x_wconf 88' lang='lat' dir='ltr'>bio</span> <span class='ocrx_word' id='word_1_264' title='bbox 2261 832 2426 897; x_wconf 88' lang='lat' dir='ltr'>teste,</span> <span class='ocrx_word' id='word_1_265' title='bbox 2479 836 2678 884; x_wconf 86' lang='lat' dir='ltr'>noster</span> <span class='ocrx_word' id='word_1_266' title='bbox 2729 831 3192 900; x_wconf 65' lang='lat' dir='ltr'>Tsarucuwus,</span> <span class='ocrx_word' id='word_1_267' title='bbox 3248 850 3362 888; x_wconf 91' lang='lat' dir='ltr'>non</span> <span class='ocrx_word' id='word_1_268' title='bbox 3422 837 3607 904; x_wconf 76' lang='lat' dir='ltr'>magis</span> <span class='ocrx_word' id='word_1_269' title='bbox 3635 855 3782 896; x_wconf 89' lang='lat' dir='ltr'>con-</span> 
     </span>
    </p>
   </div>
   <div class='ocr_carea' id='block_1_37' title="bbox 2133 915 3788 1000">
    <p class='ocr_par' dir='ltr' id='par_1_37' title="bbox 2133 915 3788 1000">
     <span class='ocr_line' id='line_1_37' title="bbox 2133 915 3788 1000; baseline 0.011 -32"><span class='ocrx_word' id='word_1_270' title='bbox 2133 915 2314 970; x_wconf 89' lang='lat' dir='ltr'>vincit</span> <span class='ocrx_word' id='word_1_271' title='bbox 2346 934 2523 986; x_wconf 90' lang='lat' dir='ltr'>quam</span> <span class='ocrx_word' id='word_1_272' title='bbox 2559 918 2606 972; x_wconf 89' lang='lat' dir='ltr'>si</span> <span class='ocrx_word' id='word_1_273' title='bbox 2640 919 2929 986; x_wconf 85' lang='lat' dir='ltr'>dicamus,</span> <span class='ocrx_word' id='word_1_274' title='bbox 2954 919 3251 977; x_wconf 66' lang='lat' dir='ltr'>Caecilium</span> <span class='ocrx_word' id='word_1_275' title='bbox 3285 923 3583 981; x_wconf 87' lang='lat' dir='ltr'>Oratorem</span> <span class='ocrx_word' id='word_1_276' title='bbox 3609 945 3788 1000; x_wconf 82' lang='lat' dir='ltr'>quem</span> 
     </span>
    </p>
   </div>
   <div class='ocr_carea' id='block_1_38' title="bbox 2134 1004 3789 1080">
    <p class='ocr_par' dir='ltr' id='par_1_38' title="bbox 2134 1004 3789 1080">
     <span class='ocr_line' id='line_1_38' title="bbox 2134 1004 3789 1080; baseline 0.01 -23"><span class='ocrx_word' id='word_1_277' title='bbox 2134 1004 2454 1060; x_wconf 89' lang='lat' dir='ltr'>introducit</span> <span class='ocrx_word' id='word_1_278' title='bbox 2511 1023 2714 1062; x_wconf 88' lang='lat' dir='ltr'>secum</span> <span class='ocrx_word' id='word_1_279' title='bbox 2774 1007 3203 1080; x_wconf 88' lang='lat' dir='ltr'>colloquentem</span> <span class='ocrx_word' id='word_1_280' title='bbox 3274 1011 3331 1066; x_wconf 90' lang='lat' dir='ltr'>in</span> <span class='ocrx_word' id='word_1_281' title='bbox 3387 1030 3493 1068; x_wconf 91' lang='lat' dir='ltr'>suo</span> <span class='ocrx_word' id='word_1_282' title='bbox 3552 1015 3789 1074; x_wconf 81' lang='lat' dir='ltr'>Octavio</span> 
     </span>
    </p>
   </div>
   <div class='ocr_carea' id='block_1_39' title="bbox 2137 1093 3790 1178">
    <p class='ocr_par' dir='ltr' id='par_1_39' title="bbox 2137 1093 3790 1178">
     <span class='ocr_line' id='line_1_39' title="bbox 2137 1093 3790 1178; baseline 0.009 -31"><span class='ocrx_word' id='word_1_283' title='bbox 2137 1093 2420 1149; x_wconf 88' lang='lat' dir='ltr'>Minutius</span> <span class='ocrx_word' id='word_1_284' title='bbox 2453 1096 2908 1162; x_wconf 86' lang='lat' dir='ltr'>Felix,eumdem</span> <span class='ocrx_word' id='word_1_285' title='bbox 2939 1115 3068 1154; x_wconf 89' lang='lat' dir='ltr'>esse</span> <span class='ocrx_word' id='word_1_286' title='bbox 3089 1116 3222 1155; x_wconf 88' lang='lat' dir='ltr'>cum</span> <span class='ocrx_word' id='word_1_287' title='bbox 3250 1100 3473 1158; x_wconf 66' lang='lat' dir='ltr'>Cascilio</span> <span class='ocrx_word' id='word_1_288' title='bbox 3503 1104 3790 1178; x_wconf 83' lang='lat' dir='ltr'>Cypriane</span> 
     </span>
    </p>
   </div>
   <div class='ocr_carea' id='block_1_40' title="bbox 2135 1186 3792 1264">
    <p class='ocr_par' dir='ltr' id='par_1_40' title="bbox 2135 1186 3792 1264">
     <span class='ocr_line' id='line_1_40' title="bbox 2135 1186 3792 1264; baseline 0.01 -27"><span class='ocrx_word' id='word_1_289' title='bbox 2135 1188 2354 1251; x_wconf 89' lang='lat' dir='ltr'>nostro,</span> <span class='ocrx_word' id='word_1_290' title='bbox 2389 1186 2538 1256; x_wconf 91' lang='lat' dir='ltr'>quod</span> <span class='ocrx_word' id='word_1_291' title='bbox 2599 1191 2844 1258; x_wconf 89' lang='lat' dir='ltr'>uterque</span> <span class='ocrx_word' id='word_1_292' title='bbox 2903 1188 3224 1244; x_wconf 88' lang='lat' dir='ltr'>Oratoriam</span> <span class='ocrx_word' id='word_1_293' title='bbox 3279 1196 3605 1250; x_wconf 85' lang='lat' dir='ltr'>exercuerit</span> <span class='ocrx_word' id='word_1_294' title='bbox 3637 1214 3651 1264; x_wconf 89' lang='lat'><strong>;</strong></span> <span class='ocrx_word' id='word_1_295' title='bbox 3685 1203 3792 1254; x_wconf 86' lang='lat' dir='ltr'>aut</span> 
     </span>
    </p>
   </div>
   <div class='ocr_carea' id='block_1_41' title="bbox 2131 1272 3788 1354">
    <p class='ocr_par' dir='ltr' id='par_1_41' title="bbox 2131 1272 3788 1354">
     <span class='ocr_line' id='line_1_41' title="bbox 2131 1272 3788 1354; baseline 0.009 -28"><span class='ocrx_word' id='word_1_296' title='bbox 2131 1272 2310 1342; x_wconf 89' lang='lat' dir='ltr'>(quod</span> <span class='ocrx_word' id='word_1_297' title='bbox 2343 1273 2414 1327; x_wconf 91' lang='lat' dir='ltr'>ad</span> <span class='ocrx_word' id='word_1_298' title='bbox 2475 1273 2814 1330; x_wconf 90' lang='lat' dir='ltr'>institutum</span> <span class='ocrx_word' id='word_1_299' title='bbox 2877 1275 3012 1330; x_wconf 84' lang='lat' dir='ltr'>facit</span> <span class='ocrx_word' id='word_1_300' title='bbox 3066 1277 3282 1351; x_wconf 87' lang='lat' dir='ltr'>magis)</span> <span class='ocrx_word' id='word_1_301' title='bbox 3338 1281 3385 1336; x_wconf 93' lang='lat' dir='ltr'>si</span> <span class='ocrx_word' id='word_1_302' title='bbox 3432 1282 3788 1354; x_wconf 88' lang='lat' dir='ltr'>Septimium</span> 
     </span>
    </p>
   </div>
   <div class='ocr_carea' id='block_1_42' title="bbox 2132 1361 3783 1434">
    <p class='ocr_par' dir='ltr' id='par_1_42' title="bbox 2132 1361 3783 1434">
     <span class='ocr_line' id='line_1_42' title="bbox 2132 1361 3783 1434; baseline 0.009 -19"><span class='ocrx_word' id='word_1_303' title='bbox 2132 1361 2407 1416; x_wconf 89' lang='lat' dir='ltr'>Severum</span> <span class='ocrx_word' id='word_1_304' title='bbox 2466 1366 2614 1434; x_wconf 92' lang='lat' dir='ltr'>Imp.</span> <span class='ocrx_word' id='word_1_305' title='bbox 2676 1364 2947 1418; x_wconf 87' lang='lat' dir='ltr'>eumdem</span> <span class='ocrx_word' id='word_1_306' title='bbox 3003 1382 3131 1421; x_wconf 89' lang='lat' dir='ltr'>esse</span> <span class='ocrx_word' id='word_1_307' title='bbox 3187 1367 3591 1427; x_wconf 87' lang='lat' dir='ltr'>existimemus</span> <span class='ocrx_word' id='word_1_308' title='bbox 3646 1390 3783 1430; x_wconf 91' lang='lat' dir='ltr'>cum</span> 
     </span>
    </p>
   </div>
   <div class='ocr_carea' id='block_1_43' title="bbox 2132 1451 3783 1528">
    <p class='ocr_par' dir='ltr' id='par_1_43' title="bbox 2132 1451 3783 1528">
     <span class='ocr_line' id='line_1_43' title="bbox 2132 1451 3783 1528; baseline 0.008 -24"><span class='ocrx_word' id='word_1_309' title='bbox 2132 1451 2414 1522; x_wconf 84' lang='lat' dir='ltr'>Septimio</span> <span class='ocrx_word' id='word_1_310' title='bbox 2443 1451 2623 1506; x_wconf 84' lang='lat' dir='ltr'>altero</span> <span class='ocrx_word' id='word_1_311' title='bbox 2653 1453 3044 1525; x_wconf 86' lang='lat' dir='ltr'>Severo,quod</span> <span class='ocrx_word' id='word_1_312' title='bbox 3075 1459 3318 1528; x_wconf 89' lang='lat' dir='ltr'>uterque</span> <span class='ocrx_word' id='word_1_313' title='bbox 3347 1459 3484 1514; x_wconf 88' lang='lat' dir='ltr'>Afer</span> <span class='ocrx_word' id='word_1_314' title='bbox 3505 1466 3561 1515; x_wconf 90' lang='lat' dir='ltr'>et</span> <span class='ocrx_word' id='word_1_315' title='bbox 3584 1461 3783 1518; x_wconf 90' lang='lat' dir='ltr'>Histo-</span> 
     </span>
    </p>
   </div>
   <div class='ocr_carea' id='block_1_44' title="bbox 2132 1539 3782 1623">
    <p class='ocr_par' dir='ltr' id='par_1_44' title="bbox 2132 1539 3782 1623">
     <span class='ocr_line' id='line_1_44' title="bbox 2132 1539 3782 1623; baseline 0.008 -31"><span class='ocrx_word' id='word_1_316' title='bbox 2132 1540 2288 1594; x_wconf 84' lang='lat' dir='ltr'>ricus</span> <span class='ocrx_word' id='word_1_317' title='bbox 2316 1539 2505 1607; x_wconf 87' lang='lat' dir='ltr'>fuerit,</span> <span class='ocrx_word' id='word_1_318' title='bbox 2539 1558 2787 1612; x_wconf 91' lang='lat' dir='ltr'>quorum</span> <span class='ocrx_word' id='word_1_319' title='bbox 2815 1541 2910 1597; x_wconf 90' lang='lat' dir='ltr'>ille</span> <span class='ocrx_word' id='word_1_320' title='bbox 2942 1560 3133 1611; x_wconf 90' lang='lat' dir='ltr'>suam,</span> <span class='ocrx_word' id='word_1_321' title='bbox 3160 1544 3254 1600; x_wconf 89' lang='lat' dir='ltr'>hic</span> <span class='ocrx_word' id='word_1_322' title='bbox 3285 1545 3594 1604; x_wconf 81' lang='lat' dir='ltr'>Alexandri</span> <span class='ocrx_word' id='word_1_323' title='bbox 3628 1555 3782 1623; x_wconf 90' lang='lat' dir='ltr'>Imp.</span> 
     </span>
    </p>
   </div>
   <div class='ocr_carea' id='block_1_45' title="bbox 2129 1625 3780 1706">
    <p class='ocr_par' dir='ltr' id='par_1_45' title="bbox 2129 1625 3780 1706">
     <span class='ocr_line' id='line_1_45' title="bbox 2129 1625 3780 1706; baseline 0.008 -25"><span class='ocrx_word' id='word_1_324' title='bbox 2129 1625 2301 1681; x_wconf 89' lang='lat' dir='ltr'>vitam</span> <span class='ocrx_word' id='word_1_325' title='bbox 2337 1628 2823 1699; x_wconf 85' lang='lat' dir='ltr'>conscripsit.Aut</span> <span class='ocrx_word' id='word_1_326' title='bbox 2852 1629 3125 1702; x_wconf 90' lang='lat' dir='ltr'>denique,</span> <span class='ocrx_word' id='word_1_327' title='bbox 3155 1633 3203 1686; x_wconf 90' lang='lat' dir='ltr'>si</span> <span class='ocrx_word' id='word_1_328' title='bbox 3235 1634 3582 1706; x_wconf 82' lang='lat' dir='ltr'>Septimium</span> <span class='ocrx_word' id='word_1_329' title='bbox 3608 1637 3780 1695; x_wconf 90' lang='lat' dir='ltr'>illum</span> 
     </span>
    </p>
   </div>
   <div class='ocr_carea' id='block_1_46' title="bbox 2131 1716 3777 1798">
    <p class='ocr_par' dir='ltr' id='par_1_46' title="bbox 2131 1716 3777 1798">
     <span class='ocr_line' id='line_1_46' title="bbox 2131 1716 3777 1798; baseline 0.01 -30"><span class='ocrx_word' id='word_1_330' title='bbox 2131 1716 2299 1785; x_wconf 85' lang='lat' dir='ltr'>cujus</span> <span class='ocrx_word' id='word_1_331' title='bbox 2329 1732 2535 1770; x_wconf 89' lang='lat' dir='ltr'>versus</span> <span class='ocrx_word' id='word_1_332' title='bbox 2557 1722 2790 1772; x_wconf 83' lang='lat' dir='ltr'>exstant</span> <span class='ocrx_word' id='word_1_333' title='bbox 2811 1719 2964 1788; x_wconf 87' lang='lat' dir='ltr'>apud</span> <span class='ocrx_word' id='word_1_334' title='bbox 2994 1719 3280 1777; x_wconf 89' lang='lat' dir='ltr'>Crinitum</span> <span class='ocrx_word' id='word_1_335' title='bbox 3306 1723 3362 1777; x_wconf 90' lang='lat' dir='ltr'>in</span> <span class='ocrx_word' id='word_1_336' title='bbox 3394 1725 3523 1780; x_wconf 80' lang='lat' dir='ltr'>Iani</span> <span class='ocrx_word' id='word_1_337' title='bbox 3547 1725 3777 1798; x_wconf 88' lang='lat' dir='ltr'>laudes,</span> 
     </span>
    </p>
   </div>
   <div class='ocr_carea' id='block_1_47' title="bbox 2131 1803 3782 1890">
    <p class='ocr_par' dir='ltr' id='par_1_47' title="bbox 2131 1803 3782 1890">
     <span class='ocr_line' id='line_1_47' title="bbox 2131 1803 3782 1890; baseline 0.01 -34"><span class='ocrx_word' id='word_1_338' title='bbox 2131 1808 2231 1857; x_wconf 92' lang='lat' dir='ltr'>aut</span> <span class='ocrx_word' id='word_1_339' title='bbox 2288 1803 2566 1869; x_wconf 90' lang='lat' dir='ltr'>Quintum</span> <span class='ocrx_word' id='word_1_340' title='bbox 2627 1806 2977 1877; x_wconf 87' lang='lat' dir='ltr'>Septimium</span> <span class='ocrx_word' id='word_1_341' title='bbox 3034 1812 3382 1880; x_wconf 86' lang='lat' dir='ltr'>Romanum,</span> <span class='ocrx_word' id='word_1_342' title='bbox 3417 1814 3517 1886; x_wconf 91' lang='lat' dir='ltr'>qui</span> <span class='ocrx_word' id='word_1_343' title='bbox 3579 1815 3782 1890; x_wconf 77' lang='lat' dir='ltr'>Dyctis</span> 
     </span>
    </p>
   </div>
   <div class='ocr_carea' id='block_1_48' title="bbox 2132 1893 3781 1974">
    <p class='ocr_par' dir='ltr' id='par_1_48' title="bbox 2132 1893 3781 1974">
     <span class='ocr_line' id='line_1_48' title="bbox 2132 1893 3781 1974; baseline 0.009 -28"><span class='ocrx_word' id='word_1_344' title='bbox 2132 1893 2424 1948; x_wconf 87' lang='lat' dir='ltr'>Cretensis</span> <span class='ocrx_word' id='word_1_345' title='bbox 2455 1894 2524 1950; x_wconf 92' lang='lat' dir='ltr'>de</span> <span class='ocrx_word' id='word_1_346' title='bbox 2548 1894 2703 1949; x_wconf 91' lang='lat' dir='ltr'>Bello</span> <span class='ocrx_word' id='word_1_347' title='bbox 2735 1895 2985 1965; x_wconf 85' lang='lat' dir='ltr'>Trojano</span> <span class='ocrx_word' id='word_1_348' title='bbox 3010 1896 3205 1954; x_wconf 87' lang='lat' dir='ltr'>Libros</span> <span class='ocrx_word' id='word_1_349' title='bbox 3238 1917 3336 1956; x_wconf 86' lang='lat' dir='ltr'>sex</span> <span class='ocrx_word' id='word_1_350' title='bbox 3356 1902 3586 1960; x_wconf 85' lang='lat' dir='ltr'>Latinos</span> <span class='ocrx_word' id='word_1_351' title='bbox 3619 1906 3781 1974; x_wconf 87' lang='lat' dir='ltr'>fecit,</span> 
     </span>
    </p>
   </div>
   <div class='ocr_carea' id='block_1_49' title="bbox 2133 1982 3784 2058">
    <p class='ocr_par' dir='ltr' id='par_1_49' title="bbox 2133 1982 3784 2058">
     <span class='ocr_line' id='line_1_49' title="bbox 2133 1982 3784 2058; baseline 0.01 -23"><span class='ocrx_word' id='word_1_352' title='bbox 2133 1982 2564 2038; x_wconf 90' lang='lat' dir='ltr'>confundamus</span> <span class='ocrx_word' id='word_1_353' title='bbox 2612 1999 2743 2038; x_wconf 91' lang='lat' dir='ltr'>cum</span> <span class='ocrx_word' id='word_1_354' title='bbox 2802 1990 3000 2040; x_wconf 89' lang='lat' dir='ltr'>nostro</span> <span class='ocrx_word' id='word_1_355' title='bbox 3056 1989 3306 2043; x_wconf 71' lang='lat' dir='ltr'>Snp&#39;rmo</span> <span class='ocrx_word' id='word_1_356' title='bbox 3351 1991 3784 2058; x_wconf 78' lang='lat' dir='ltr'>TERTULLIANO.</span> 
     </span>
    </p>
   </div>
   <div class='ocr_carea' id='block_1_50' title="bbox 2134 2071 3780 2154">
    <p class='ocr_par' dir='ltr' id='par_1_50' title="bbox 2134 2071 3780 2154">
     <span class='ocr_line' id='line_1_50' title="bbox 2134 2071 3780 2154; baseline 0.01 -31"><span class='ocrx_word' id='word_1_357' title='bbox 2134 2071 2289 2141; x_wconf 91' lang='lat' dir='ltr'>quod</span> <span class='ocrx_word' id='word_1_358' title='bbox 2323 2071 2494 2126; x_wconf 92' lang='lat' dir='ltr'>ambo</span> <span class='ocrx_word' id='word_1_359' title='bbox 2525 2077 2582 2126; x_wconf 88' lang='lat' dir='ltr'>et</span> <span class='ocrx_word' id='word_1_360' title='bbox 2631 2072 2750 2126; x_wconf 89' lang='lat' dir='ltr'>Afri</span> <span class='ocrx_word' id='word_1_361' title='bbox 2797 2078 2853 2127; x_wconf 88' lang='lat' dir='ltr'>et</span> <span class='ocrx_word' id='word_1_362' title='bbox 2903 2073 3087 2130; x_wconf 69' lang='lat' dir='ltr'>Poetae</span> <span class='ocrx_word' id='word_1_363' title='bbox 3139 2077 3368 2134; x_wconf 79' lang='lat' dir='ltr'>fuerint.</span> <span class='ocrx_word' id='word_1_364' title='bbox 3407 2082 3490 2134; x_wconf 87' lang='lat' dir='ltr'>Ad</span> <span class='ocrx_word' id='word_1_365' title='bbox 3527 2099 3780 2154; x_wconf 88' lang='lat' dir='ltr'>quorum</span> 
     </span>
    </p>
   </div>
   <div class='ocr_carea' id='block_1_51' title="bbox 2132 2159 3785 2239">
    <p class='ocr_par' dir='ltr' id='par_1_51' title="bbox 2132 2159 3785 2239">
     <span class='ocr_line' id='line_1_51' title="bbox 2132 2159 3785 2239; baseline 0.01 -26"><span class='ocrx_word' id='word_1_366' title='bbox 2132 2159 2399 2214; x_wconf 83' lang='lat' dir='ltr'>fortassis</span> <span class='ocrx_word' id='word_1_367' title='bbox 2429 2159 2888 2228; x_wconf 88' lang='lat' dir='ltr'>distinctionem,</span> <span class='ocrx_word' id='word_1_368' title='bbox 2923 2165 3139 2219; x_wconf 87' lang='lat' dir='ltr'>Auctor</span> <span class='ocrx_word' id='word_1_369' title='bbox 3183 2172 3398 2239; x_wconf 89' lang='lat' dir='ltr'>noster,</span> <span class='ocrx_word' id='word_1_370' title='bbox 3428 2171 3492 2234; x_wconf 85' lang='grc' dir='ltr'>Ο.</span> <span class='ocrx_word' id='word_1_371' title='bbox 3525 2171 3785 2231; x_wconf 77' lang='lat' dir='ltr'>Snp&#39;rmu</span> 
     </span>
    </p>
   </div>
   <div class='ocr_carea' id='block_1_52' title="bbox 2133 2249 3784 2331">
    <p class='ocr_par' dir='ltr' id='par_1_52' title="bbox 2133 2249 3784 2331">
     <span class='ocr_line' id='line_1_52' title="bbox 2133 2249 3784 2331; baseline 0.009 -29"><span class='ocrx_word' id='word_1_372' title='bbox 2133 2249 2450 2303; x_wconf 76' lang='lat' dir='ltr'>FLonsN&#39;ris</span> <span class='ocrx_word' id='word_1_373' title='bbox 2479 2249 2869 2305; x_wconf 78' lang='lat' dir='ltr'>TERTULLIANI</span> <span class='ocrx_word' id='word_1_374' title='bbox 2901 2252 3420 2312; x_wconf 78' lang='lat' dir='ltr'>CARTHAGINIENSIS</span> <span class='ocrx_word' id='word_1_375' title='bbox 3443 2260 3784 2331; x_wconf 88' lang='lat' dir='ltr'>appellatio-</span> 
     </span>
    </p>
   </div>
   <div class='ocr_carea' id='block_1_53' title="bbox 2134 2336 3784 2410">
    <p class='ocr_par' dir='ltr' id='par_1_53' title="bbox 2134 2336 3784 2410">
     <span class='ocr_line' id='line_1_53' title="bbox 2134 2336 3784 2410; baseline 0.009 -18"><span class='ocrx_word' id='word_1_376' title='bbox 2134 2353 2238 2392; x_wconf 90' lang='lat' dir='ltr'>nes</span> <span class='ocrx_word' id='word_1_377' title='bbox 2271 2336 2458 2391; x_wconf 87' lang='lat' dir='ltr'>Libris</span> <span class='ocrx_word' id='word_1_378' title='bbox 2490 2337 2735 2407; x_wconf 58' lang='lat' dir='ltr'>prefixit</span> <span class='ocrx_word' id='word_1_379' title='bbox 2771 2340 2896 2394; x_wconf 91' lang='lat' dir='ltr'>suis</span> <span class='ocrx_word' id='word_1_380' title='bbox 2928 2342 3027 2410; x_wconf 81' lang='lat'>(&#39;2),</span> <span class='ocrx_word' id='word_1_381' title='bbox 3059 2359 3173 2398; x_wconf 89' lang='lat' dir='ltr'>non</span> <span class='ocrx_word' id='word_1_382' title='bbox 3206 2351 3516 2404; x_wconf 88' lang='lat' dir='ltr'>contentus</span> <span class='ocrx_word' id='word_1_383' title='bbox 3547 2349 3784 2408; x_wconf 75' lang='lat' dir='ltr'>duabus</span> 
     </span>
    </p>
   </div>
   <div class='ocr_carea' id='block_1_54' title="bbox 2134 2425 3780 2511">
    <p class='ocr_par' dir='ltr' id='par_1_54' title="bbox 2134 2425 3780 2511">
     <span class='ocr_line' id='line_1_54' title="bbox 2134 2425 3780 2511; baseline 0.009 -31"><span class='ocrx_word' id='word_1_384' title='bbox 2134 2425 2252 2480; x_wconf 89' lang='lat' dir='ltr'>illis</span> <span class='ocrx_word' id='word_1_385' title='bbox 2283 2430 2538 2480; x_wconf 76' lang='lat' dir='ltr'>Ssp&#39;rmn</span> <span class='ocrx_word' id='word_1_386' title='bbox 2571 2427 2984 2496; x_wconf 77' lang='lat' dir='ltr'>TERTULLIANI,</span> <span class='ocrx_word' id='word_1_387' title='bbox 3035 2434 3532 2502; x_wconf 89' lang='lat' dir='ltr'>quemadmodum</span> <span class='ocrx_word' id='word_1_388' title='bbox 3568 2437 3780 2511; x_wconf 89' lang='lat' dir='ltr'>reliqui</span> 
     </span>
    </p>
   </div>
   <div class='ocr_carea' id='block_1_55' title="bbox 2134 2515 3780 2594">
    <p class='ocr_par' dir='ltr' id='par_1_55' title="bbox 2134 2515 3780 2594">
     <span class='ocr_line' id='line_1_55' title="bbox 2134 2515 3780 2594; baseline 0.009 -24"><span class='ocrx_word' id='word_1_389' title='bbox 2134 2521 2265 2586; x_wconf 90' lang='lat' dir='ltr'>post</span> <span class='ocrx_word' id='word_1_390' title='bbox 2294 2531 2428 2571; x_wconf 92' lang='lat' dir='ltr'>eum</span> <span class='ocrx_word' id='word_1_391' title='bbox 2464 2515 2777 2588; x_wconf 88' lang='lat' dir='ltr'>scriptores</span> <span class='ocrx_word' id='word_1_392' title='bbox 2810 2519 2952 2588; x_wconf 90' lang='lat' dir='ltr'>Afri,</span> <span class='ocrx_word' id='word_1_393' title='bbox 2986 2520 3272 2578; x_wconf 90' lang='lat' dir='ltr'>Minutius</span> <span class='ocrx_word' id='word_1_394' title='bbox 3305 2524 3478 2594; x_wconf 86' lang='lat' dir='ltr'>Felix,</span> <span class='ocrx_word' id='word_1_395' title='bbox 3512 2527 3780 2586; x_wconf 61' lang='lat' dir='ltr'>Caecilius</span> 
     </span>
    </p>
   </div>
   <div class='ocr_carea' id='block_1_56' title="bbox 2133 2605 3780 2680">
    <p class='ocr_par' dir='ltr' id='par_1_56' title="bbox 2133 2605 3780 2680">
     <span class='ocr_line' id='line_1_56' title="bbox 2133 2605 3780 2680; baseline 0.01 -21"><span class='ocrx_word' id='word_1_396' title='bbox 2133 2605 2475 2676; x_wconf 87' lang='lat' dir='ltr'>Cyprianus,</span> <span class='ocrx_word' id='word_1_397' title='bbox 2510 2607 2839 2662; x_wconf 83' lang='lat' dir='ltr'>Lactantius</span> <span class='ocrx_word' id='word_1_398' title='bbox 2888 2608 3238 2680; x_wconf 86' lang='lat' dir='ltr'>Firmianus,</span> <span class='ocrx_word' id='word_1_399' title='bbox 3273 2613 3493 2672; x_wconf 88' lang='lat' dir='ltr'>Marius</span> <span class='ocrx_word' id='word_1_400' title='bbox 3530 2616 3780 2674; x_wconf 91' lang='lat' dir='ltr'>Victori-</span> 
     </span>
    </p>
   </div>
   <div class='ocr_carea' id='block_1_57' title="bbox 2133 2694 3071 2768">
    <p class='ocr_par' dir='ltr' id='par_1_57' title="bbox 2133 2694 3071 2768">
     <span class='ocr_line' id='line_1_57' title="bbox 2133 2694 3071 2768; baseline 0.006 -20"><span class='ocrx_word' id='word_1_401' title='bbox 2133 2710 2264 2757; x_wconf 87' lang='lat' dir='ltr'>nus,</span> <span class='ocrx_word' id='word_1_402' title='bbox 2301 2699 2358 2749; x_wconf 92' lang='lat' dir='ltr'>et</span> <span class='ocrx_word' id='word_1_403' title='bbox 2389 2694 2659 2751; x_wconf 84' lang='lat' dir='ltr'>Aurelius</span> <span class='ocrx_word' id='word_1_404' title='bbox 2692 2697 3071 2768; x_wconf 84' lang='lat' dir='ltr'>Augustinus.</span> 
     </span>
    </p>
   </div>
   <div class='ocr_carea' id='block_1_58' title="bbox 2201 2783 3778 2858">
    <p class='ocr_par' dir='ltr' id='par_1_58' title="bbox 2201 2783 3778 2858">
     <span class='ocr_line' id='line_1_58' title="bbox 2201 2783 3778 2858; baseline 0.01 -21"><span class='ocrx_word' id='word_1_405' title='bbox 2201 2785 2228 2852; x_wconf 88' lang='lat'><strong>§</strong></span> <span class='ocrx_word' id='word_1_406' title='bbox 2259 2783 2327 2838; x_wconf 88' lang='lat' dir='ltr'>ll.</span> <span class='ocrx_word' id='word_1_407' title='bbox 2364 2785 2434 2838; x_wconf 86' lang='lat' dir='ltr'>Dc</span> <span class='ocrx_word' id='word_1_408' title='bbox 2465 2787 2707 2854; x_wconf 82' lang='lat' dir='ltr'>tempore</span> <span class='ocrx_word' id='word_1_409' title='bbox 2749 2802 2851 2856; x_wconf 85' lang='lat' dir='ltr'>quo</span> <span class='ocrx_word' id='word_1_410' title='bbox 2893 2787 2962 2842; x_wconf 85' lang='lat' dir='ltr'>ad</span> <span class='ocrx_word' id='word_1_411' title='bbox 2990 2787 3154 2858; x_wconf 83' lang='lat' dir='ltr'>ﬁdem</span> <span class='ocrx_word' id='word_1_412' title='bbox 3203 2806 3493 2848; x_wconf 71' lang='lat' dir='ltr'>conversus</span> <span class='ocrx_word' id='word_1_413' title='bbox 3521 2802 3601 2851; x_wconf 74' lang='lat' dir='ltr'>est</span> <span class='ocrx_word' id='word_1_414' title='bbox 3627 2795 3778 2851; x_wconf 74' lang='lat' dir='ltr'>Tan-</span> 
     </span>
    </p>
   </div>
   <div class='ocr_carea' id='block_1_59' title="bbox 2127 2876 3782 2951">
    <p class='ocr_par' dir='ltr' id='par_1_59' title="bbox 2127 2876 3782 2951">
     <span class='ocr_line' id='line_1_59' title="bbox 2127 2876 3782 2951; baseline 0.008 -24"><span class='ocrx_word' id='word_1_415' title='bbox 2127 2890 2447 2929; x_wconf 81' lang='lat' dir='ltr'>TULLIANUS</span> <span class='ocrx_word' id='word_1_416' title='bbox 2494 2877 2697 2929; x_wconf 82' lang='lat' dir='ltr'>noster.</span> <span class='ocrx_word' id='word_1_417' title='bbox 2730 2906 2798 2916; x_wconf 90' lang='lat'><strong><em>—</em></strong></span> <span class='ocrx_word' id='word_1_418' title='bbox 2853 2876 2906 2931; x_wconf 89' lang='lat'>3.</span> <span class='ocrx_word' id='word_1_419' title='bbox 2964 2876 3140 2933; x_wconf 90' lang='lat' dir='ltr'>Porro</span> <span class='ocrx_word' id='word_1_420' title='bbox 3196 2880 3368 2951; x_wconf 91' lang='lat' dir='ltr'>(quod</span> <span class='ocrx_word' id='word_1_421' title='bbox 3430 2883 3497 2938; x_wconf 88' lang='lat' dir='ltr'>ad</span> <span class='ocrx_word' id='word_1_422' title='bbox 3534 2882 3782 2941; x_wconf 90' lang='lat' dir='ltr'>alteram</span> 
     </span>
    </p>
   </div>
   <div class='ocr_carea' id='block_1_60' title="bbox 2129 2962 3778 3040">
    <p class='ocr_par' dir='ltr' id='par_1_60' title="bbox 2129 2962 3778 3040">
     <span class='ocr_line' id='line_1_60' title="bbox 2129 2962 3778 3040; baseline 0.008 -24"><span class='ocrx_word' id='word_1_423' title='bbox 2129 2962 2381 3034; x_wconf 85' lang='lat' dir='ltr'>pertinet</span> <span class='ocrx_word' id='word_1_424' title='bbox 2411 2963 2890 3032; x_wconf 82' lang='lat' dir='ltr'>controversiam)</span> <span class='ocrx_word' id='word_1_425' title='bbox 2922 2965 2992 3020; x_wconf 90' lang='lat' dir='ltr'>de</span> <span class='ocrx_word' id='word_1_426' title='bbox 3037 2969 3300 3038; x_wconf 90' lang='lat' dir='ltr'>tempore</span> <span class='ocrx_word' id='word_1_427' title='bbox 3337 2985 3453 3040; x_wconf 91' lang='lat' dir='ltr'>quo</span> <span class='ocrx_word' id='word_1_428' title='bbox 3497 2973 3568 3026; x_wconf 91' lang='lat' dir='ltr'>ad</span> <span class='ocrx_word' id='word_1_429' title='bbox 3601 2973 3778 3028; x_wconf 82' lang='lat' dir='ltr'>fidem</span> 
     </span>
    </p>
   </div>
   <div class='ocr_carea' id='block_1_61' title="bbox 2129 3052 3778 3128">
    <p class='ocr_par' dir='ltr' id='par_1_61' title="bbox 2129 3052 3778 3128">
     <span class='ocr_line' id='line_1_61' title="bbox 2129 3052 3778 3128; baseline 0.007 -22"><span class='ocrx_word' id='word_1_430' title='bbox 2129 3067 2447 3106; x_wconf 89' lang='lat' dir='ltr'>conversus</span> <span class='ocrx_word' id='word_1_431' title='bbox 2476 3055 2565 3106; x_wconf 90' lang='lat' dir='ltr'>est</span> <span class='ocrx_word' id='word_1_432' title='bbox 2592 3052 3033 3108; x_wconf 79' lang='lat' dir='ltr'>TERTULLIANUS</span> <span class='ocrx_word' id='word_1_433' title='bbox 3059 3059 3474 3128; x_wconf 90' lang='lat' dir='ltr'>noster,major</span> <span class='ocrx_word' id='word_1_434' title='bbox 3500 3059 3687 3116; x_wconf 90' lang='lat' dir='ltr'>multo</span> <span class='ocrx_word' id='word_1_435' title='bbox 3710 3079 3778 3119; x_wconf 85' lang='lat' dir='ltr'>se</span> 
     </span>
    </p>
   </div>
   <div class='ocr_carea' id='block_1_62' title="bbox 2128 3139 3781 3221">
    <p class='ocr_par' dir='ltr' id='par_1_62' title="bbox 2128 3139 3781 3221">
     <span class='ocr_line' id='line_1_62' title="bbox 2128 3139 3781 3221; baseline 0.007 -27"><span class='ocrx_word' id='word_1_436' title='bbox 2128 3139 2447 3195; x_wconf 84' lang='lat' dir='ltr'>difficultas</span> <span class='ocrx_word' id='word_1_437' title='bbox 2496 3139 2681 3195; x_wconf 77' lang='lat' dir='ltr'>offert.</span> <span class='ocrx_word' id='word_1_438' title='bbox 2735 3141 3030 3204; x_wconf 86' lang='lat' dir='ltr'>Quosdam</span> <span class='ocrx_word' id='word_1_439' title='bbox 3081 3146 3181 3214; x_wconf 90' lang='lat' dir='ltr'>qui</span> <span class='ocrx_word' id='word_1_440' title='bbox 3232 3145 3515 3203; x_wconf 86' lang='lat' dir='ltr'>claruisse</span> <span class='ocrx_word' id='word_1_441' title='bbox 3563 3155 3781 3221; x_wconf 88' lang='lat' dir='ltr'>putant</span> 
     </span>
    </p>
   </div>
   <div class='ocr_carea' id='block_1_63' title="bbox 369 3210 3782 3312">
    <p class='ocr_par' dir='ltr' id='par_1_63' title="bbox 369 3210 3782 3312">
     <span class='ocr_line' id='line_1_63' title="bbox 369 3210 3782 3312; baseline 0.004 -31"><span class='ocrx_word' id='word_1_442' title='bbox 369 3210 618 3309; x_wconf 38' lang='lat' dir='ltr'>emetat;</span> <span class='ocrx_word' id='word_1_443' title='bbox 677 3210 804 3312; x_wconf 48' lang='grc' dir='ltr'>ξυίυ</span> <span class='ocrx_word' id='word_1_444' title='bbox 827 3237 1022 3293; x_wconf 71' lang='lat' dir='ltr'>media</span> <span class='ocrx_word' id='word_1_445' title='bbox 1070 3235 1238 3290; x_wconf 76' lang='lat' dir='ltr'>illum</span> <span class='ocrx_word' id='word_1_446' title='bbox 1273 3239 1460 3304; x_wconf 59' lang='lat' dir='ltr'>aetate,</span> <span class='ocrx_word' id='word_1_447' title='bbox 1512 3252 1643 3290; x_wconf 78' lang='lat' dir='ltr'>cum</span> <span class='ocrx_word' id='word_1_448' title='bbox 1705 3210 2012 3291; x_wconf 49' lang='lat' dir='ltr'>antea&#39;diu</span> <span class='ocrx_word' id='word_1_449' title='bbox 2046 3210 2090 3278; x_wconf 83' lang='lat' dir='ltr'>C</span> <span class='ocrx_word' id='word_1_450' title='bbox 2130 3230 2284 3284; x_wconf 85' lang='lat' dir='ltr'>circa</span> <span class='ocrx_word' id='word_1_451' title='bbox 2312 3245 2532 3283; x_wconf 88' lang='lat' dir='ltr'>annum</span> <span class='ocrx_word' id='word_1_452' title='bbox 2565 3229 2782 3284; x_wconf 89' lang='lat' dir='ltr'>Christi</span> <span class='ocrx_word' id='word_1_453' title='bbox 2816 3231 2932 3284; x_wconf 87' lang='lat' dir='ltr'>nati</span> <span class='ocrx_word' id='word_1_454' title='bbox 2966 3210 3479 3297; x_wconf 50' lang='lat' dir='ltr'>cnx,—fefellitil|ud</span> <span class='ocrx_word' id='word_1_455' title='bbox 3504 3210 3782 3297; x_wconf 78' lang='lat' dir='ltr'>Auctoris</span> 
     </span>
    </p>
   </div>
   <div class='ocr_carea' id='block_1_64' title="bbox 369 3325 2011 3404">
    <p class='ocr_par' dir='ltr' id='par_1_64' title="bbox 369 3325 2011 3404">
     <span class='ocr_line' id='line_1_64' title="bbox 369 3325 2011 3404; baseline -0.004 -16"><span class='ocrx_word' id='word_1_456' title='bbox 369 3333 678 3404; x_wconf 79' lang='lat' dir='ltr'>Presbyter</span> <span class='ocrx_word' id='word_1_457' title='bbox 706 3328 938 3392; x_wconf 89' lang='lat' dir='ltr'>fuisset,</span> <span class='ocrx_word' id='word_1_458' title='bbox 998 3326 1069 3381; x_wconf 91' lang='lat' dir='ltr'>ad</span> <span class='ocrx_word' id='word_1_459' title='bbox 1123 3325 1393 3379; x_wconf 68' lang='lat' dir='ltr'>haeresim</span> <span class='ocrx_word' id='word_1_460' title='bbox 1452 3325 1656 3379; x_wconf 86' lang='lat' dir='ltr'>scribit</span> <span class='ocrx_word' id='word_1_461' title='bbox 1707 3325 2011 3398; x_wconf 81' lang='lat' dir='ltr'>defecisse.</span> 
     </span>
    </p>
   </div>
   <div class='ocr_carea' id='block_1_65' title="bbox 370 3413 2014 3489">
    <p class='ocr_par' dir='ltr' id='par_1_65' title="bbox 370 3413 2014 3489">
     <span class='ocr_line' id='line_1_65' title="bbox 370 3413 2014 3489; baseline -0.004 -13"><span class='ocrx_word' id='word_1_462' title='bbox 370 3422 471 3478; x_wconf 91' lang='lat' dir='ltr'>Sin</span> <span class='ocrx_word' id='word_1_463' title='bbox 503 3436 657 3487; x_wconf 88' lang='lat' dir='ltr'>vero,</span> <span class='ocrx_word' id='word_1_464' title='bbox 683 3419 854 3489; x_wconf 86' lang='lat' dir='ltr'>juxta</span> <span class='ocrx_word' id='word_1_465' title='bbox 883 3415 1027 3471; x_wconf 91' lang='lat' dir='ltr'>alios</span> <span class='ocrx_word' id='word_1_466' title='bbox 1057 3417 1332 3486; x_wconf 89' lang='lat' dir='ltr'>(quorum</span> <span class='ocrx_word' id='word_1_467' title='bbox 1366 3430 1545 3485; x_wconf 88' lang='lat' dir='ltr'>supra</span> <span class='ocrx_word' id='word_1_468' title='bbox 1589 3413 1772 3468; x_wconf 87' lang='lat' dir='ltr'>secuti</span> <span class='ocrx_word' id='word_1_469' title='bbox 1806 3431 2014 3470; x_wconf 87' lang='lat' dir='ltr'>sumus</span> 
     </span>
    </p>
   </div>
   <div class='ocr_carea' id='block_1_66' title="bbox 370 3503 2011 3579">
    <p class='ocr_par' dir='ltr' id='par_1_66' title="bbox 370 3503 2011 3579">
     <span class='ocr_line' id='line_1_66' title="bbox 370 3503 2011 3579; baseline -0.005 -12"><span class='ocrx_word' id='word_1_470' title='bbox 370 3507 744 3579; x_wconf 87' lang='lat' dir='ltr'>sententiam)</span> <span class='ocrx_word' id='word_1_471' title='bbox 771 3507 880 3561; x_wconf 91' lang='lat' dir='ltr'>sub</span> <span class='ocrx_word' id='word_1_472' title='bbox 924 3503 1247 3559; x_wconf 87' lang='lat' dir='ltr'>Alexandro</span> <span class='ocrx_word' id='word_1_473' title='bbox 1299 3503 1445 3574; x_wconf 90' lang='lat' dir='ltr'>Imp.</span> <span class='ocrx_word' id='word_1_474' title='bbox 1478 3518 1610 3557; x_wconf 90' lang='lat' dir='ltr'>cum</span> <span class='ocrx_word' id='word_1_475' title='bbox 1663 3503 1885 3558; x_wconf 62' lang='lat' dir='ltr'>caeteris</span> <span class='ocrx_word' id='word_1_476' title='bbox 1913 3503 2011 3560; x_wconf 86' lang='lat' dir='ltr'>JC.</span> 
     </span>
    </p>
   </div>
   <div class='ocr_carea' id='block_1_67' title="bbox 373 3591 2014 3673">
    <p class='ocr_par' dir='ltr' id='par_1_67' title="bbox 373 3591 2014 3673">
     <span class='ocr_line' id='line_1_67' title="bbox 373 3591 2014 3673; baseline -0.004 -18"><span class='ocrx_word' id='word_1_477' title='bbox 373 3615 618 3673; x_wconf 88' lang='lat' dir='ltr'>quorum</span> <span class='ocrx_word' id='word_1_478' title='bbox 656 3597 958 3667; x_wconf 83' lang='lat' dir='ltr'>Responsa</span> <span class='ocrx_word' id='word_1_479' title='bbox 996 3593 1052 3646; x_wconf 90' lang='lat' dir='ltr'>in</span> <span class='ocrx_word' id='word_1_480' title='bbox 1107 3592 1427 3648; x_wconf 88' lang='lat' dir='ltr'>Pandectas</span> <span class='ocrx_word' id='word_1_481' title='bbox 1477 3591 1659 3647; x_wconf 87' lang='lat' dir='ltr'>relata</span> <span class='ocrx_word' id='word_1_482' title='bbox 1706 3596 1865 3662; x_wconf 88' lang='lat' dir='ltr'>sunt,</span> <span class='ocrx_word' id='word_1_483' title='bbox 1891 3594 2014 3663; x_wconf 87' lang='lat' dir='ltr'>jam</span> 
     </span>
    </p>
   </div>
   <div class='ocr_carea' id='block_1_68' title="bbox 368 3681 2014 3755">
    <p class='ocr_par' dir='ltr' id='par_1_68' title="bbox 368 3681 2014 3755">
     <span class='ocr_line' id='line_1_68' title="bbox 368 3681 2014 3755; baseline -0.006 -9"><span class='ocrx_word' id='word_1_484' title='bbox 368 3691 498 3746; x_wconf 88' lang='lat' dir='ltr'>luce</span> <span class='ocrx_word' id='word_1_485' title='bbox 530 3686 744 3744; x_wconf 88' lang='lat' dir='ltr'>clarius</span> <span class='ocrx_word' id='word_1_486' title='bbox 787 3688 894 3755; x_wconf 88' lang='lat' dir='ltr'>est,</span> <span class='ocrx_word' id='word_1_487' title='bbox 951 3682 1220 3738; x_wconf 90' lang='lat' dir='ltr'>eumdem</span> <span class='ocrx_word' id='word_1_488' title='bbox 1268 3698 1381 3735; x_wconf 93' lang='lat' dir='ltr'>non</span> <span class='ocrx_word' id='word_1_489' title='bbox 1428 3697 1576 3736; x_wconf 89' lang='lat' dir='ltr'>esse.</span> <span class='ocrx_word' id='word_1_490' title='bbox 1637 3681 1781 3735; x_wconf 89' lang='lat' dir='ltr'>Nam</span> <span class='ocrx_word' id='word_1_491' title='bbox 1816 3687 2014 3737; x_wconf 89' lang='lat' dir='ltr'>noster</span> 
     </span>
    </p>
   </div>
   <div class='ocr_carea' id='block_1_69' title="bbox 369 3769 2010 3842">
    <p class='ocr_par' dir='ltr' id='par_1_69' title="bbox 369 3769 2010 3842">
     <span class='ocr_line' id='line_1_69' title="bbox 369 3769 2010 3842; baseline -0.004 -6"><span class='ocrx_word' id='word_1_492' title='bbox 369 3783 808 3837; x_wconf 76' lang='lat' dir='ltr'>TEBTULLIANUS</span> <span class='ocrx_word' id='word_1_493' title='bbox 841 3776 976 3829; x_wconf 90' lang='lat' dir='ltr'>ante</span> <span class='ocrx_word' id='word_1_494' title='bbox 1005 3770 1397 3826; x_wconf 85' lang='lat' dir='ltr'>Alexandrum</span> <span class='ocrx_word' id='word_1_495' title='bbox 1448 3769 1617 3825; x_wconf 90' lang='lat' dir='ltr'>annis</span> <span class='ocrx_word' id='word_1_496' title='bbox 1650 3770 1782 3842; x_wconf 90' lang='lat' dir='ltr'>plus</span> <span class='ocrx_word' id='word_1_497' title='bbox 1814 3771 2010 3829; x_wconf 88' lang='lat' dir='ltr'>minus</span> 
     </span>
    </p>
   </div>
   <div class='ocr_carea' id='block_1_70' title="bbox 363 3860 2010 3933">
    <p class='ocr_par' dir='ltr' id='par_1_70' title="bbox 363 3860 2010 3933">
     <span class='ocr_line' id='line_1_70' title="bbox 363 3860 2010 3933; baseline -0.006 -7"><span class='ocrx_word' id='word_1_498' title='bbox 363 3889 475 3927; x_wconf 87' lang='lat' dir='ltr'>xxx</span> <span class='ocrx_word' id='word_1_499' title='bbox 504 3866 713 3924; x_wconf 91' lang='lat' dir='ltr'>Christi</span> <span class='ocrx_word' id='word_1_500' title='bbox 746 3865 920 3920; x_wconf 82' lang='lat' dir='ltr'>fidem</span> <span class='ocrx_word' id='word_1_501' title='bbox 965 3860 1290 3933; x_wconf 89' lang='lat' dir='ltr'>amplexus,</span> <span class='ocrx_word' id='word_1_502' title='bbox 1343 3877 1408 3915; x_wconf 92' lang='lat' dir='ltr'>eo</span> <span class='ocrx_word' id='word_1_503' title='bbox 1438 3864 1698 3930; x_wconf 90' lang='lat' dir='ltr'>tempore</span> <span class='ocrx_word' id='word_1_504' title='bbox 1737 3861 1784 3915; x_wconf 91' lang='lat' dir='ltr'>si</span> <span class='ocrx_word' id='word_1_505' title='bbox 1819 3861 2010 3918; x_wconf 91' lang='lat' dir='ltr'>adhuc</span> 
     </span>
    </p>
   </div>
   <div class='ocr_carea' id='block_1_71' title="bbox 363 3949 2010 4032">
    <p class='ocr_par' dir='ltr' id='par_1_71' title="bbox 363 3949 2010 4032">
     <span class='ocr_line' id='line_1_71' title="bbox 363 3949 2010 4032; baseline -0.005 -16"><span class='ocrx_word' id='word_1_506' title='bbox 363 3961 664 4032; x_wconf 89' lang='lat' dir='ltr'>superstes</span> <span class='ocrx_word' id='word_1_507' title='bbox 695 3955 888 4019; x_wconf 88' lang='lat' dir='ltr'>fuerit,</span> <span class='ocrx_word' id='word_1_508' title='bbox 921 3953 980 4006; x_wconf 92' lang='lat' dir='ltr'>in</span> <span class='ocrx_word' id='word_1_509' title='bbox 1015 3950 1215 4005; x_wconf 55' lang='lat' dir='ltr'>haeresi</span> <span class='ocrx_word' id='word_1_510' title='bbox 1241 3949 1844 4022; x_wconf 88' lang='lat' dir='ltr'>volutabatur.Neque</span> <span class='ocrx_word' id='word_1_511' title='bbox 1873 3968 2010 4008; x_wconf 88' lang='lat' dir='ltr'>vero</span> 
     </span>
    </p>
   </div>
   <div class='ocr_carea' id='block_1_72' title="bbox 361 4038 2006 4120">
    <p class='ocr_par' dir='ltr' id='par_1_72' title="bbox 361 4038 2006 4120">
     <span class='ocr_line' id='line_1_72' title="bbox 361 4038 2006 4120; baseline -0.006 -16"><span class='ocrx_word' id='word_1_512' title='bbox 361 4049 708 4120; x_wconf 87' lang='lat' dir='ltr'>argumenta</span> <span class='ocrx_word' id='word_1_513' title='bbox 732 4047 934 4099; x_wconf 89' lang='lat' dir='ltr'>contra</span> <span class='ocrx_word' id='word_1_514' title='bbox 950 4038 1328 4097; x_wconf 89' lang='lat' dir='ltr'>sentientium</span> <span class='ocrx_word' id='word_1_515' title='bbox 1361 4038 1508 4092; x_wconf 88' lang='lat' dir='ltr'>tanti</span> <span class='ocrx_word' id='word_1_516' title='bbox 1541 4043 1680 4094; x_wconf 89' lang='lat' dir='ltr'>sunt</span> <span class='ocrx_word' id='word_1_517' title='bbox 1713 4041 2006 4112; x_wconf 91' lang='lat' dir='ltr'>ponderis,</span> 
     </span>
    </p>
   </div>
   <div class='ocr_carea' id='block_1_73' title="bbox 358 4127 2003 4207">
    <p class='ocr_par' dir='ltr' id='par_1_73' title="bbox 358 4127 2003 4207">
     <span class='ocr_line' id='line_1_73' title="bbox 358 4127 2003 4207; baseline -0.005 -14"><span class='ocrx_word' id='word_1_518' title='bbox 358 4142 424 4193; x_wconf 88' lang='lat' dir='ltr'>ut</span> <span class='ocrx_word' id='word_1_519' title='bbox 456 4137 512 4192; x_wconf 92' lang='lat' dir='ltr'>in</span> <span class='ocrx_word' id='word_1_520' title='bbox 547 4138 741 4207; x_wconf 89' lang='lat' dir='ltr'>partes</span> <span class='ocrx_word' id='word_1_521' title='bbox 785 4149 924 4187; x_wconf 86' lang='lat' dir='ltr'>suas</span> <span class='ocrx_word' id='word_1_522' title='bbox 968 4147 1060 4184; x_wconf 89' lang='lat' dir='ltr'>me</span> <span class='ocrx_word' id='word_1_523' title='bbox 1112 4127 1408 4201; x_wconf 87' lang='lat' dir='ltr'>potuerint</span> <span class='ocrx_word' id='word_1_524' title='bbox 1457 4128 1807 4198; x_wconf 89' lang='lat' dir='ltr'>pertrahere.</span> <span class='ocrx_word' id='word_1_525' title='bbox 1841 4132 2003 4196; x_wconf 88' lang='lat' dir='ltr'>Quod</span> 
     </span>
    </p>
   </div>
   <div class='ocr_carea' id='block_1_74' title="bbox 356 4217 2004 4296">
    <p class='ocr_par' dir='ltr' id='par_1_74' title="bbox 356 4217 2004 4296">
     <span class='ocr_line' id='line_1_74' title="bbox 356 4217 2004 4296; baseline -0.005 -14"><span class='ocrx_word' id='word_1_526' title='bbox 356 4226 512 4283; x_wconf 92' lang='lat' dir='ltr'>enim</span> <span class='ocrx_word' id='word_1_527' title='bbox 547 4224 830 4296; x_wconf 90' lang='lat' dir='ltr'>Ulpianus</span> <span class='ocrx_word' id='word_1_528' title='bbox 850 4218 973 4292; x_wconf 90' lang='lat' dir='ltr'>(qui</span> <span class='ocrx_word' id='word_1_529' title='bbox 996 4218 1161 4273; x_wconf 90' lang='lat' dir='ltr'>locus</span> <span class='ocrx_word' id='word_1_530' title='bbox 1188 4217 1451 4272; x_wconf 79' lang='lat' dir='ltr'>fortassis</span> <span class='ocrx_word' id='word_1_531' title='bbox 1477 4218 1844 4274; x_wconf 90' lang='lat' dir='ltr'>occasionem</span> <span class='ocrx_word' id='word_1_532' title='bbox 1871 4219 2004 4275; x_wconf 90' lang='lat' dir='ltr'>huic</span> 
     </span>
    </p>
   </div>
   <div class='ocr_carea' id='block_1_75' title="bbox 357 4305 2004 4381">
    <p class='ocr_par' dir='ltr' id='par_1_75' title="bbox 357 4305 2004 4381">
     <span class='ocr_line' id='line_1_75' title="bbox 357 4305 2004 4381; baseline -0.005 -9"><span class='ocrx_word' id='word_1_533' title='bbox 357 4315 516 4372; x_wconf 85' lang='lat' dir='ltr'>dedit</span> <span class='ocrx_word' id='word_1_534' title='bbox 543 4310 965 4381; x_wconf 75' lang='lat' dir='ltr'>controversiae)</span> <span class='ocrx_word' id='word_1_535' title='bbox 1002 4312 1062 4362; x_wconf 93' lang='lat' dir='ltr'>D.</span> <span class='ocrx_word' id='word_1_536' title='bbox 1126 4307 1187 4361; x_wconf 93' lang='lat' dir='ltr'>L.</span> <span class='ocrx_word' id='word_1_537' title='bbox 1220 4307 1308 4360; x_wconf 92' lang='lat'>38.</span> <span class='ocrx_word' id='word_1_538' title='bbox 1342 4305 1388 4360; x_wconf 88' lang='lat' dir='ltr'>T</span> <span class='ocrx_word' id='word_1_539' title='bbox 1469 4307 1554 4372; x_wconf 88' lang='grc'>17,</span> <span class='ocrx_word' id='word_1_540' title='bbox 1616 4307 1686 4362; x_wconf 87' lang='lat' dir='ltr'>ad</span> <span class='ocrx_word' id='word_1_541' title='bbox 1721 4307 1819 4363; x_wconf 92' lang='lat' dir='ltr'>SC.</span> <span class='ocrx_word' id='word_1_542' title='bbox 1868 4309 2004 4364; x_wconf 89' lang='lat' dir='ltr'>Ter-</span> 
     </span>
    </p>
   </div>
   <div class='ocr_carea' id='block_1_76' title="bbox 352 4394 2004 4466">
    <p class='ocr_par' dir='ltr' id='par_1_76' title="bbox 352 4394 2004 4466">
     <span class='ocr_line' id='line_1_76' title="bbox 352 4394 2004 4466; baseline -0.005 -5"><span class='ocrx_word' id='word_1_543' title='bbox 352 4404 670 4461; x_wconf 90' lang='lat' dir='ltr'>tullianum</span> <span class='ocrx_word' id='word_1_544' title='bbox 699 4400 802 4455; x_wconf 90' lang='lat' dir='ltr'>lib.</span> <span class='ocrx_word' id='word_1_545' title='bbox 837 4416 876 4454; x_wconf 84' lang='grc' dir='ltr'>ι.</span> <span class='ocrx_word' id='word_1_546' title='bbox 914 4394 1204 4466; x_wconf 84' lang='lat' dir='ltr'>Rescripti</span> <span class='ocrx_word' id='word_1_547' title='bbox 1237 4394 1511 4450; x_wconf 82' lang='lat' dir='ltr'>meminit</span> <span class='ocrx_word' id='word_1_548' title='bbox 1542 4397 1918 4466; x_wconf 81' lang='lat' dir='ltr'>Imperatoris</span> <span class='ocrx_word' id='word_1_549' title='bbox 1948 4401 2004 4452; x_wconf 89' lang='lat' dir='ltr'>et</span> 
     </span>
    </p>
   </div>
   <div class='ocr_carea' id='block_1_77' title="bbox 352 4483 2002 4556">
    <p class='ocr_par' dir='ltr' id='par_1_77' title="bbox 352 4483 2002 4556">
     <span class='ocr_line' id='line_1_77' title="bbox 352 4483 2002 4556; baseline -0.008 -4"><span class='ocrx_word' id='word_1_550' title='bbox 352 4495 419 4552; x_wconf 94' lang='lat' dir='ltr'>D.</span> <span class='ocrx_word' id='word_1_551' title='bbox 455 4493 640 4550; x_wconf 87' lang='lat' dir='ltr'>Patris</span> <span class='ocrx_word' id='word_1_552' title='bbox 673 4489 751 4556; x_wconf 81' lang='lat' dir='ltr'>(id</span> <span class='ocrx_word' id='word_1_553' title='bbox 783 4492 870 4544; x_wconf 90' lang='lat' dir='ltr'>est</span> <span class='ocrx_word' id='word_1_554' title='bbox 922 4483 1194 4542; x_wconf 83' lang='lat' dir='ltr'>Antonini</span> <span class='ocrx_word' id='word_1_555' title='bbox 1243 4488 1299 4539; x_wconf 88' lang='lat' dir='ltr'>et</span> <span class='ocrx_word' id='word_1_556' title='bbox 1327 4483 1540 4555; x_wconf 86' lang='lat' dir='ltr'>Severi)</span> <span class='ocrx_word' id='word_1_557' title='bbox 1590 4485 1659 4538; x_wconf 91' lang='lat' dir='ltr'>ad</span> <span class='ocrx_word' id='word_1_558' title='bbox 1695 4485 2002 4540; x_wconf 85' lang='lat' dir='ltr'>Tertullia-</span> 
     </span>
    </p>
   </div>
   <div class='ocr_carea' id='block_1_78' title="bbox 2125 3317 3782 3400">
    <p class='ocr_par' dir='ltr' id='par_1_78' title="bbox 2125 3317 3782 3400">
     <span class='ocr_line' id='line_1_78' title="bbox 2125 3317 3782 3400; baseline 0.007 -28"><span class='ocrx_word' id='word_1_559' title='bbox 2125 3318 2249 3373; x_wconf 92' lang='lat' dir='ltr'>Lib.</span> <span class='ocrx_word' id='word_1_560' title='bbox 2282 3319 2352 3372; x_wconf 90' lang='lat' dir='ltr'>de</span> <span class='ocrx_word' id='word_1_561' title='bbox 2385 3317 2777 3388; x_wconf 86' lang='lat' dir='ltr'>Monogamia,</span> <span class='ocrx_word' id='word_1_562' title='bbox 2810 3322 2973 3374; x_wconf 75' lang='lat' dir='ltr'>annis</span> <span class='ocrx_word' id='word_1_563' title='bbox 3003 3322 3226 3377; x_wconf 76' lang='lat' dir='ltr'>circiter</span> <span class='ocrx_word' id='word_1_564' title='bbox 3257 3341 3379 3394; x_wconf 68' lang='lat' dir='ltr'>cnx,</span> <span class='ocrx_word' id='word_1_565' title='bbox 3410 3327 3621 3382; x_wconf 73' lang='lat' dir='ltr'>exinde</span> <span class='ocrx_word' id='word_1_566' title='bbox 3643 3345 3782 3400; x_wconf 89' lang='lat' dir='ltr'>pro-</span> 
     </span>
    </p>
   </div>
   <div class='ocr_carea' id='block_1_79' title="bbox 2123 3406 3783 3489">
    <p class='ocr_par' dir='ltr' id='par_1_79' title="bbox 2123 3406 3783 3489">
     <span class='ocr_line' id='line_1_79' title="bbox 2123 3406 3783 3489; baseline 0.007 -27"><span class='ocrx_word' id='word_1_567' title='bbox 2123 3407 2300 3462; x_wconf 78' lang='lat' dir='ltr'>ductis</span> <span class='ocrx_word' id='word_1_568' title='bbox 2331 3406 2418 3477; x_wconf 86' lang='lat' dir='ltr'>(de</span> <span class='ocrx_word' id='word_1_569' title='bbox 2449 3410 2662 3477; x_wconf 85' lang='lat' dir='ltr'>Monog.</span> <span class='ocrx_word' id='word_1_570' title='bbox 2696 3407 2825 3478; x_wconf 86' lang='lat' dir='ltr'>Ill);</span> <span class='ocrx_word' id='word_1_571' title='bbox 2861 3425 3060 3464; x_wconf 89' lang='lat' dir='ltr'>verum</span> <span class='ocrx_word' id='word_1_572' title='bbox 3091 3410 3175 3464; x_wconf 91' lang='lat' dir='ltr'>illi</span> <span class='ocrx_word' id='word_1_573' title='bbox 3211 3415 3505 3483; x_wconf 81' lang='lat' dir='ltr'>quomodo</span> <span class='ocrx_word' id='word_1_574' title='bbox 3536 3432 3783 3489; x_wconf 79' lang='lat' dir='ltr'>compu-</span> 
     </span>
    </p>
   </div>
   <div class='ocr_carea' id='block_1_80' title="bbox 2123 3495 3784 3578">
    <p class='ocr_par' dir='ltr' id='par_1_80' title="bbox 2123 3495 3784 3578">
     <span class='ocr_line' id='line_1_80' title="bbox 2123 3495 3784 3578; baseline 0.007 -27"><span class='ocrx_word' id='word_1_575' title='bbox 2123 3496 2286 3552; x_wconf 88' lang='lat' dir='ltr'>tandi</span> <span class='ocrx_word' id='word_1_576' title='bbox 2319 3495 2438 3550; x_wconf 86' lang='lat' dir='ltr'>sint</span> <span class='ocrx_word' id='word_1_577' title='bbox 2467 3512 2501 3549; x_wconf 89' lang='lat' dir='ltr'>a</span> <span class='ocrx_word' id='word_1_578' title='bbox 2533 3513 2704 3566; x_wconf 89' lang='lat' dir='ltr'>passo</span> <span class='ocrx_word' id='word_1_579' title='bbox 2735 3495 2987 3564; x_wconf 90' lang='lat' dir='ltr'>Christo,</span> <span class='ocrx_word' id='word_1_580' title='bbox 3022 3515 3092 3552; x_wconf 92' lang='lat' dir='ltr'>an</span> <span class='ocrx_word' id='word_1_581' title='bbox 3128 3501 3322 3570; x_wconf 90' lang='lat' dir='ltr'>potius</span> <span class='ocrx_word' id='word_1_582' title='bbox 3354 3503 3429 3557; x_wconf 92' lang='lat' dir='ltr'>ab</span> <span class='ocrx_word' id='word_1_583' title='bbox 3461 3509 3630 3560; x_wconf 66' lang='lat' dir='ltr'>(etate</span> <span class='ocrx_word' id='word_1_584' title='bbox 3659 3523 3784 3578; x_wconf 87' lang='lat' dir='ltr'>qua</span> 
     </span>
    </p>
   </div>
   <div class='ocr_carea' id='block_1_81' title="bbox 2125 3583 3782 3658">
    <p class='ocr_par' dir='ltr' id='par_1_81' title="bbox 2125 3583 3782 3658">
     <span class='ocr_line' id='line_1_81' title="bbox 2125 3583 3782 3658; baseline 0.007 -17"><span class='ocrx_word' id='word_1_585' title='bbox 2125 3589 2426 3658; x_wconf 85' lang='lat' dir='ltr'>apostolus</span> <span class='ocrx_word' id='word_1_586' title='bbox 2455 3583 2673 3640; x_wconf 88' lang='lat' dir='ltr'>Paulus</span> <span class='ocrx_word' id='word_1_587' title='bbox 2706 3585 3023 3656; x_wconf 89' lang='lat' dir='ltr'>Epistolam</span> <span class='ocrx_word' id='word_1_588' title='bbox 3057 3588 3294 3655; x_wconf 90' lang='lat' dir='ltr'>scripsit</span> <span class='ocrx_word' id='word_1_589' title='bbox 3340 3592 3409 3645; x_wconf 90' lang='lat' dir='ltr'>ad</span> <span class='ocrx_word' id='word_1_590' title='bbox 3445 3593 3782 3652; x_wconf 88' lang='lat' dir='ltr'>Corinthios</span> 
     </span>
    </p>
   </div>
   <div class='ocr_carea' id='block_1_82' title="bbox 2124 3673 3779 3746">
    <p class='ocr_par' dir='ltr' id='par_1_82' title="bbox 2124 3673 3779 3746">
     <span class='ocr_line' id='line_1_82' title="bbox 2124 3673 3779 3746; baseline 0.006 -16"><span class='ocrx_word' id='word_1_591' title='bbox 2124 3675 2397 3746; x_wconf 87' lang='lat' dir='ltr'>primam,</span> <span class='ocrx_word' id='word_1_592' title='bbox 2423 3674 2571 3728; x_wconf 89' lang='lat' dir='ltr'>infra</span> <span class='ocrx_word' id='word_1_593' title='bbox 2598 3673 2774 3730; x_wconf 90' lang='lat' dir='ltr'>latius</span> <span class='ocrx_word' id='word_1_594' title='bbox 2795 3676 2865 3730; x_wconf 90' lang='lat' dir='ltr'>ad</span> <span class='ocrx_word' id='word_1_595' title='bbox 2891 3693 3110 3731; x_wconf 87' lang='lat' dir='ltr'>annum</span> <span class='ocrx_word' id='word_1_596' title='bbox 3149 3678 3373 3733; x_wconf 88' lang='lat' dir='ltr'>Domini</span> <span class='ocrx_word' id='word_1_597' title='bbox 3400 3683 3779 3741; x_wconf 73' lang='lat' dir='ltr'>ccxxv.Multo</span> 
     </span>
    </p>
   </div>
   <div class='ocr_carea' id='block_1_83' title="bbox 2122 3763 3778 3843">
    <p class='ocr_par' dir='ltr' id='par_1_83' title="bbox 2122 3763 3778 3843">
     <span class='ocr_line' id='line_1_83' title="bbox 2122 3763 3778 3843; baseline 0.006 -24"><span class='ocrx_word' id='word_1_598' title='bbox 2122 3765 2320 3836; x_wconf 89' lang='lat' dir='ltr'>itaque</span> <span class='ocrx_word' id='word_1_599' title='bbox 2352 3764 2567 3818; x_wconf 87' lang='lat' dir='ltr'>rectius</span> <span class='ocrx_word' id='word_1_600' title='bbox 2623 3763 2933 3835; x_wconf 88' lang='lat' dir='ltr'>Eusebius,</span> <span class='ocrx_word' id='word_1_601' title='bbox 2990 3766 3129 3820; x_wconf 85' lang='lat' dir='ltr'>Ven.</span> <span class='ocrx_word' id='word_1_602' title='bbox 3174 3768 3347 3833; x_wconf 83' lang='lat' dir='ltr'>Beda,</span> <span class='ocrx_word' id='word_1_603' title='bbox 3408 3770 3778 3843; x_wconf 84' lang='lat' dir='ltr'>Freculphus</span> 
     </span>
    </p>
   </div>
   <div class='ocr_carea' id='block_1_84' title="bbox 2123 3852 3778 3921">
    <p class='ocr_par' dir='ltr' id='par_1_84' title="bbox 2123 3852 3778 3921">
     <span class='ocr_line' id='line_1_84' title="bbox 2123 3852 3778 3921; baseline 0.004 -12"><span class='ocrx_word' id='word_1_604' title='bbox 2123 3852 2506 3920; x_wconf 86' lang='lat' dir='ltr'>Lexoviensis,</span> <span class='ocrx_word' id='word_1_605' title='bbox 2538 3853 2822 3907; x_wconf 88' lang='lat' dir='ltr'>Martinus</span> <span class='ocrx_word' id='word_1_606' title='bbox 2862 3852 3132 3921; x_wconf 90' lang='lat' dir='ltr'>Polonus,</span> <span class='ocrx_word' id='word_1_607' title='bbox 3188 3855 3487 3914; x_wconf 86' lang='lat' dir='ltr'>Conradus</span> <span class='ocrx_word' id='word_1_608' title='bbox 3521 3876 3552 3913; x_wconf 90' lang='lat' dir='ltr'>a</span> <span class='ocrx_word' id='word_1_609' title='bbox 3587 3860 3778 3916; x_wconf 90' lang='lat' dir='ltr'>Litch-</span> 
     </span>
    </p>
   </div>
   <div class='ocr_carea' id='block_1_85' title="bbox 2118 3941 3774 4014">
    <p class='ocr_par' dir='ltr' id='par_1_85' title="bbox 2118 3941 3774 4014">
     <span class='ocr_line' id='line_1_85' title="bbox 2118 3941 3774 4014; baseline 0.003 -15"><span class='ocrx_word' id='word_1_610' title='bbox 2118 3950 2316 3999; x_wconf 90' lang='lat' dir='ltr'>tenaw</span> <span class='ocrx_word' id='word_1_611' title='bbox 2371 3942 2528 3997; x_wconf 79' lang='lat' dir='ltr'>Abh.</span> <span class='ocrx_word' id='word_1_612' title='bbox 2590 3941 3044 4014; x_wconf 89' lang='lat' dir='ltr'>Urspergensis,</span> <span class='ocrx_word' id='word_1_613' title='bbox 3110 3943 3452 4000; x_wconf 87' lang='lat' dir='ltr'>Vincentius</span> <span class='ocrx_word' id='word_1_614' title='bbox 3513 3947 3774 4005; x_wconf 87' lang='lat' dir='ltr'>Bellova-</span> 
     </span>
    </p>
   </div>
   <div class='ocr_carea' id='block_1_86' title="bbox 2118 4031 3774 4108">
    <p class='ocr_par' dir='ltr' id='par_1_86' title="bbox 2118 4031 3774 4108">
     <span class='ocr_line' id='line_1_86' title="bbox 2118 4031 3774 4108; baseline 0.004 -20"><span class='ocrx_word' id='word_1_615' title='bbox 2118 4031 2709 4098; x_wconf 78' lang='lat' dir='ltr'>ccnsis,llermannus</span> <span class='ocrx_word' id='word_1_616' title='bbox 2739 4033 3166 4097; x_wconf 87' lang='lat' dir='ltr'>Contractus,et</span> <span class='ocrx_word' id='word_1_617' title='bbox 3191 4033 3578 4108; x_wconf 85' lang='lat' dir='ltr'>Trithemius,</span> <span class='ocrx_word' id='word_1_618' title='bbox 3608 4037 3774 4094; x_wconf 86' lang='lat' dir='ltr'>circa</span> 
     </span>
    </p>
   </div>
   <div class='ocr_carea' id='block_1_87' title="bbox 2117 4119 3770 4191">
    <p class='ocr_par' dir='ltr' id='par_1_87' title="bbox 2117 4119 3770 4191">
     <span class='ocr_line' id='line_1_87' title="bbox 2117 4119 3770 4191; baseline 0.004 -14"><span class='ocrx_word' id='word_1_619' title='bbox 2117 4138 2333 4177; x_wconf 88' lang='lat' dir='ltr'>annum</span> <span class='ocrx_word' id='word_1_620' title='bbox 2373 4121 2503 4191; x_wconf 90' lang='lat' dir='ltr'>plus</span> <span class='ocrx_word' id='word_1_621' title='bbox 2552 4119 2748 4174; x_wconf 92' lang='lat' dir='ltr'>minus</span> <span class='ocrx_word' id='word_1_622' title='bbox 2795 4119 3008 4175; x_wconf 87' lang='lat' dir='ltr'>Christi</span> <span class='ocrx_word' id='word_1_623' title='bbox 3043 4137 3108 4176; x_wconf 87' lang='lat' dir='ltr'>cc</span> <span class='ocrx_word' id='word_1_624' title='bbox 3159 4121 3614 4180; x_wconf 76' lang='lat' dir='ltr'>TERTULLIANUM</span> <span class='ocrx_word' id='word_1_625' title='bbox 3647 4127 3770 4184; x_wconf 85' lang='lat' dir='ltr'>cla-</span> 
     </span>
    </p>
   </div>
   <div class='ocr_carea' id='block_1_88' title="bbox 2116 4207 3771 4281">
    <p class='ocr_par' dir='ltr' id='par_1_88' title="bbox 2116 4207 3771 4281">
     <span class='ocr_line' id='line_1_88' title="bbox 2116 4207 3771 4281; baseline 0.004 -15"><span class='ocrx_word' id='word_1_626' title='bbox 2116 4212 2306 4267; x_wconf 85' lang='lat' dir='ltr'>ruisse</span> <span class='ocrx_word' id='word_1_627' title='bbox 2337 4209 2622 4265; x_wconf 90' lang='lat' dir='ltr'>scribunt.</span> <span class='ocrx_word' id='word_1_628' title='bbox 2654 4207 2830 4280; x_wconf 87' lang='lat' dir='ltr'>Atqui</span> <span class='ocrx_word' id='word_1_629' title='bbox 2861 4207 2931 4264; x_wconf 93' lang='lat' dir='ltr'>de</span> <span class='ocrx_word' id='word_1_630' title='bbox 2954 4225 3127 4279; x_wconf 82' lang='lat' dir='ltr'>anno,</span> <span class='ocrx_word' id='word_1_631' title='bbox 3151 4226 3265 4281; x_wconf 93' lang='lat' dir='ltr'>quo</span> <span class='ocrx_word' id='word_1_632' title='bbox 3289 4211 3518 4268; x_wconf 89' lang='lat' dir='ltr'>Christo</span> <span class='ocrx_word' id='word_1_633' title='bbox 3553 4230 3771 4273; x_wconf 85' lang='lat' dir='ltr'>nomen</span> 
     </span>
    </p>
   </div>
   <div class='ocr_carea' id='block_1_89' title="bbox 2115 4297 3768 4377">
    <p class='ocr_par' dir='ltr' id='par_1_89' title="bbox 2115 4297 3768 4377">
     <span class='ocr_line' id='line_1_89' title="bbox 2115 4297 3768 4377; baseline 0.004 -23"><span class='ocrx_word' id='word_1_634' title='bbox 2115 4300 2359 4366; x_wconf 90' lang='lat' dir='ltr'>dederit,</span> <span class='ocrx_word' id='word_1_635' title='bbox 2386 4298 2559 4353; x_wconf 90' lang='lat' dir='ltr'>silent</span> <span class='ocrx_word' id='word_1_636' title='bbox 2588 4313 2793 4353; x_wconf 89' lang='lat' dir='ltr'>omnes</span> <span class='ocrx_word' id='word_1_637' title='bbox 2825 4302 3034 4368; x_wconf 69' lang='lat' dir='ltr'>printer</span> <span class='ocrx_word' id='word_1_638' title='bbox 3055 4297 3250 4370; x_wconf 89' lang='lat' dir='ltr'>ipsum</span> <span class='ocrx_word' id='word_1_639' title='bbox 3281 4300 3768 4377; x_wconf 77' lang='lat' dir='ltr'>TERTULLIANUM,</span> 
     </span>
    </p>
   </div>
   <div class='ocr_carea' id='block_1_90' title="bbox 2113 4387 3768 4466">
    <p class='ocr_par' dir='ltr' id='par_1_90' title="bbox 2113 4387 3768 4466">
     <span class='ocr_line' id='line_1_90' title="bbox 2113 4387 3768 4466; baseline 0.003 -21"><span class='ocrx_word' id='word_1_640' title='bbox 2113 4390 2213 4445; x_wconf 89' lang='lat' dir='ltr'>sed</span> <span class='ocrx_word' id='word_1_641' title='bbox 2247 4387 2436 4444; x_wconf 90' lang='lat' dir='ltr'>verbis</span> <span class='ocrx_word' id='word_1_642' title='bbox 2467 4388 2638 4459; x_wconf 87' lang='lat' dir='ltr'>longe</span> <span class='ocrx_word' id='word_1_643' title='bbox 2667 4387 3123 4442; x_wconf 89' lang='lat' dir='ltr'>obscurissimis.</span> <span class='ocrx_word' id='word_1_644' title='bbox 3159 4387 3307 4444; x_wconf 90' lang='lat' dir='ltr'>Illud</span> <span class='ocrx_word' id='word_1_645' title='bbox 3359 4391 3594 4461; x_wconf 91' lang='lat' dir='ltr'>quidem</span> <span class='ocrx_word' id='word_1_646' title='bbox 3629 4411 3768 4466; x_wconf 90' lang='lat' dir='ltr'>per-</span> 
     </span>
    </p>
   </div>
   <div class='ocr_carea' id='block_1_91' title="bbox 2112 4475 3766 4552">
    <p class='ocr_par' dir='ltr' id='par_1_91' title="bbox 2112 4475 3766 4552">
     <span class='ocr_line' id='line_1_91' title="bbox 2112 4475 3766 4552; baseline 0.004 -18"><span class='ocrx_word' id='word_1_647' title='bbox 2112 4479 2385 4551; x_wconf 87' lang='lat' dir='ltr'>spicuum</span> <span class='ocrx_word' id='word_1_648' title='bbox 2415 4481 2525 4540; x_wconf 89' lang='lat' dir='ltr'>est,</span> <span class='ocrx_word' id='word_1_649' title='bbox 2559 4476 2758 4532; x_wconf 90' lang='lat' dir='ltr'>statim</span> <span class='ocrx_word' id='word_1_650' title='bbox 2793 4493 2825 4531; x_wconf 89' lang='lat' dir='ltr'>a</span> <span class='ocrx_word' id='word_1_651' title='bbox 2857 4475 3146 4547; x_wconf 87' lang='lat' dir='ltr'>baptismo</span> <span class='ocrx_word' id='word_1_652' title='bbox 3180 4480 3574 4552; x_wconf 89' lang='lat' dir='ltr'>conscriptum</span> <span class='ocrx_word' id='word_1_653' title='bbox 3601 4485 3673 4540; x_wconf 91' lang='lat' dir='ltr'>ab</span> <span class='ocrx_word' id='word_1_654' title='bbox 3695 4501 3766 4541; x_wconf 91' lang='lat' dir='ltr'>eo</span> 
     </span>
    </p>
   </div>
   <div class='ocr_carea' id='block_1_92' title="bbox 349 4563 3765 4657">
    <p class='ocr_par' dir='ltr' id='par_1_92' title="bbox 349 4563 3765 4657">
     <span class='ocr_line' id='line_1_92' title="bbox 349 4563 3765 4657; baseline -0.004 -17"><span class='ocrx_word' id='word_1_655' title='bbox 349 4600 491 4640; x_wconf 91' lang='lat' dir='ltr'>num</span> <span class='ocrx_word' id='word_1_656' title='bbox 524 4581 834 4655; x_wconf 89' lang='lat' dir='ltr'>quemdam</span> <span class='ocrx_word' id='word_1_657' title='bbox 865 4595 877 4633; x_wconf 88' lang='lat'>:</span> <span class='ocrx_word' id='word_1_658' title='bbox 906 4573 1202 4640; x_wconf 88' lang='lat' dir='ltr'>imprimis</span> <span class='ocrx_word' id='word_1_659' title='bbox 1233 4577 1335 4628; x_wconf 89' lang='lat' dir='ltr'>aut</span> <span class='ocrx_word' id='word_1_660' title='bbox 1364 4572 1599 4641; x_wconf 89' lang='lat' dir='ltr'>Junius,</span> <span class='ocrx_word' id='word_1_661' title='bbox 1630 4577 1730 4628; x_wconf 87' lang='lat' dir='ltr'>aut</span> <span class='ocrx_word' id='word_1_662' title='bbox 1760 4574 1998 4630; x_wconf 88' lang='lat' dir='ltr'>Ovinius</span> <span class='ocrx_word' id='word_1_663' title='bbox 2029 4593 2077 4657; x_wconf 83' lang='lat' dir='ltr'>D</span> <span class='ocrx_word' id='word_1_664' title='bbox 2112 4567 2351 4622; x_wconf 89' lang='lat' dir='ltr'>Librum</span> <span class='ocrx_word' id='word_1_665' title='bbox 2385 4565 2455 4620; x_wconf 88' lang='lat' dir='ltr'>de</span> <span class='ocrx_word' id='word_1_666' title='bbox 2476 4563 2684 4657; x_wconf 60' lang='lat' dir='ltr'>_Pa_llio,</span> <span class='ocrx_word' id='word_1_667' title='bbox 2719 4565 3588 4657; x_wconf 33' lang='lat' dir='ltr'>eamempe-occasione,uquod,</span> <span class='ocrx_word' id='word_1_668' title='bbox 3623 4587 3765 4628; x_wconf 88' lang='lat' dir='ltr'>cum</span> 
     </span>
    </p>
   </div>
   <div class='ocr_carea' id='block_1_93' title="bbox 337 4661 1996 4745">
    <p class='ocr_par' dir='ltr' id='par_1_93' title="bbox 337 4661 1996 4745">
     <span class='ocr_line' id='line_1_93' title="bbox 337 4661 1996 4745; baseline -0.005 -17"><span class='ocrx_word' id='word_1_669' title='bbox 337 4674 510 4745; x_wconf 87' lang='lat' dir='ltr'>juxta</span> <span class='ocrx_word' id='word_1_670' title='bbox 566 4687 677 4725; x_wconf 90' lang='lat' dir='ltr'>ms.</span> <span class='ocrx_word' id='word_1_671' title='bbox 738 4668 863 4723; x_wconf 90' lang='lat' dir='ltr'>cod.</span> <span class='ocrx_word' id='word_1_672' title='bbox 919 4662 1323 4721; x_wconf 89' lang='lat' dir='ltr'>Tertullianus</span> <span class='ocrx_word' id='word_1_673' title='bbox 1366 4661 1463 4716; x_wconf 91' lang='lat' dir='ltr'>ille</span> <span class='ocrx_word' id='word_1_674' title='bbox 1521 4662 1996 4734; x_wconf 71' lang='lat' dir='ltr'>praenominatur,</span> 
     </span>
    </p>
   </div>
   <div class='ocr_carea' id='block_1_94' title="bbox 344 4752 1994 4823">
    <p class='ocr_par' dir='ltr' id='par_1_94' title="bbox 344 4752 1994 4823">
     <span class='ocr_line' id='line_1_94' title="bbox 344 4752 1994 4823; baseline -0.007 -5"><span class='ocrx_word' id='word_1_675' title='bbox 344 4779 478 4818; x_wconf 90' lang='lat' dir='ltr'>cum</span> <span class='ocrx_word' id='word_1_676' title='bbox 508 4764 708 4816; x_wconf 91' lang='lat' dir='ltr'>noster</span> <span class='ocrx_word' id='word_1_677' title='bbox 737 4759 1128 4823; x_wconf 84' lang='lat' dir='ltr'>Q.SEPTlMlUS</span> <span class='ocrx_word' id='word_1_678' title='bbox 1159 4752 1604 4806; x_wconf 78' lang='lat' dir='ltr'>TERTULLIANUS</span> <span class='ocrx_word' id='word_1_679' title='bbox 1637 4752 1994 4823; x_wconf 90' lang='lat' dir='ltr'>appelletur;</span> 
     </span>
    </p>
   </div>
   <div class='ocr_carea' id='block_1_95' title="bbox 341 4840 1992 4916">
    <p class='ocr_par' dir='ltr' id='par_1_95' title="bbox 341 4840 1992 4916">
     <span class='ocr_line' id='line_1_95' title="bbox 341 4840 1992 4916; baseline -0.006 -10"><span class='ocrx_word' id='word_1_680' title='bbox 341 4850 552 4906; x_wconf 90' lang='lat' dir='ltr'>deinde</span> <span class='ocrx_word' id='word_1_681' title='bbox 610 4848 916 4902; x_wconf 76' lang='lat' dir='ltr'>Pandectzc</span> <span class='ocrx_word' id='word_1_682' title='bbox 978 4840 1318 4897; x_wconf 61' lang='lat' dir='ltr'>Florentinis</span> <span class='ocrx_word' id='word_1_683' title='bbox 1389 4840 1710 4896; x_wconf 87' lang='lat' dir='ltr'>Tertullum</span> <span class='ocrx_word' id='word_1_684' title='bbox 1770 4841 1992 4916; x_wconf 73' lang='lat' dir='ltr'>legunt,</span> 
     </span>
    </p>
   </div>
   <div class='ocr_carea' id='block_1_96' title="bbox 2109 4651 3757 4727">
    <p class='ocr_par' dir='ltr' id='par_1_96' title="bbox 2109 4651 3757 4727">
     <span class='ocr_line' id='line_1_96' title="bbox 2109 4651 3757 4727; baseline 0.002 -17"><span class='ocrx_word' id='word_1_685' title='bbox 2109 4672 2210 4727; x_wconf 89' lang='lat' dir='ltr'>pro</span> <span class='ocrx_word' id='word_1_686' title='bbox 2241 4669 2401 4710; x_wconf 91' lang='lat' dir='ltr'>more</span> <span class='ocrx_word' id='word_1_687' title='bbox 2432 4652 2764 4708; x_wconf 89' lang='lat' dir='ltr'>Christiano</span> <span class='ocrx_word' id='word_1_688' title='bbox 2793 4652 2951 4723; x_wconf 86' lang='lat' dir='ltr'>Toga</span> <span class='ocrx_word' id='word_1_689' title='bbox 2999 4651 3249 4709; x_wconf 86' lang='lat' dir='ltr'>dimissa</span> <span class='ocrx_word' id='word_1_690' title='bbox 3297 4654 3546 4712; x_wconf 87' lang='lat' dir='ltr'>Pallium</span> <span class='ocrx_word' id='word_1_691' title='bbox 3578 4657 3757 4715; x_wconf 82' lang='lat' dir='ltr'>indu-</span> 
     </span>
    </p>
   </div>
   <div class='ocr_carea' id='block_1_97' title="bbox 2106 4741 3760 4820">
    <p class='ocr_par' dir='ltr' id='par_1_97' title="bbox 2106 4741 3760 4820">
     <span class='ocr_line' id='line_1_97' title="bbox 2106 4741 3760 4820; baseline 0.002 -20"><span class='ocrx_word' id='word_1_692' title='bbox 2106 4749 2204 4800; x_wconf 91' lang='lat' dir='ltr'>tus</span> <span class='ocrx_word' id='word_1_693' title='bbox 2235 4748 2408 4808; x_wconf 90' lang='lat' dir='ltr'>esset,</span> <span class='ocrx_word' id='word_1_694' title='bbox 2437 4742 2663 4797; x_wconf 88' lang='lat' dir='ltr'>amicus</span> <span class='ocrx_word' id='word_1_695' title='bbox 2694 4741 2985 4813; x_wconf 88' lang='lat' dir='ltr'>quispiam</span> <span class='ocrx_word' id='word_1_696' title='bbox 3036 4743 3252 4813; x_wconf 90' lang='lat' dir='ltr'>objecit</span> <span class='ocrx_word' id='word_1_697' title='bbox 3293 4748 3394 4799; x_wconf 74' lang='lat'>44</span> <span class='ocrx_word' id='word_1_698' title='bbox 3446 4748 3527 4801; x_wconf 81' lang='lat' dir='ltr'>Ita</span> <span class='ocrx_word' id='word_1_699' title='bbox 3557 4765 3590 4802; x_wconf 89' lang='lat' dir='ltr'>a</span> <span class='ocrx_word' id='word_1_700' title='bbox 3622 4749 3760 4820; x_wconf 85' lang='lat' dir='ltr'>Toga</span> 
     </span>
    </p>
   </div>
   <div class='ocr_carea' id='block_1_98' title="bbox 2103 4830 3757 4909">
    <p class='ocr_par' dir='ltr' id='par_1_98' title="bbox 2103 4830 3757 4909">
     <span class='ocr_line' id='line_1_98' title="bbox 2103 4830 3757 4909; baseline 0.002 -20"><span class='ocrx_word' id='word_1_701' title='bbox 2103 4833 2172 4889; x_wconf 86' lang='lat' dir='ltr'>ad</span> <span class='ocrx_word' id='word_1_702' title='bbox 2207 4833 2494 4888; x_wconf 78' lang='lat' dir='ltr'>Pallium?</span> <span class='ocrx_word' id='word_1_703' title='bbox 2545 4830 2644 4885; x_wconf 89' lang='lat' dir='ltr'>Cui</span> <span class='ocrx_word' id='word_1_704' title='bbox 2705 4830 2860 4885; x_wconf 87' lang='lat' dir='ltr'>inter</span> <span class='ocrx_word' id='word_1_705' title='bbox 2911 4835 3119 4886; x_wconf 69' lang='lat' dir='ltr'>caetera</span> <span class='ocrx_word' id='word_1_706' title='bbox 3177 4834 3526 4904; x_wconf 90' lang='lat' dir='ltr'>respondet:</span> <span class='ocrx_word' id='word_1_707' title='bbox 3559 4841 3628 4891; x_wconf 78' lang='lat' dir='ltr'>At</span> <span class='ocrx_word' id='word_1_708' title='bbox 3654 4854 3757 4909; x_wconf 75' lang='lat' dir='ltr'>ego</span> 
     </span>
    </p>
   </div>
   <div class='ocr_carea' id='block_1_99' title="bbox 337 4918 3756 5004">
    <p class='ocr_par' dir='ltr' id='par_1_99' title="bbox 337 4918 3756 5004">
     <span class='ocr_line' id='line_1_99' title="bbox 337 4918 3756 5004; baseline -0.006 -7"><span class='ocrx_word' id='word_1_709' title='bbox 337 4937 611 4997; x_wconf 86' lang='lat' dir='ltr'>fortassis</span> <span class='ocrx_word' id='word_1_710' title='bbox 641 4936 935 5001; x_wconf 88' lang='lat' dir='ltr'>eumdem,</span> <span class='ocrx_word' id='word_1_711' title='bbox 967 4931 1065 5004; x_wconf 91' lang='lat' dir='ltr'>qui</span> <span class='ocrx_word' id='word_1_712' title='bbox 1100 4931 1276 4985; x_wconf 90' lang='lat' dir='ltr'>etiam</span> <span class='ocrx_word' id='word_1_713' title='bbox 1308 4928 1498 4984; x_wconf 91' lang='lat' dir='ltr'>dictus</span> <span class='ocrx_word' id='word_1_714' title='bbox 1531 4931 1630 4985; x_wconf 77' lang='lat'>43</span> <span class='ocrx_word' id='word_1_715' title='bbox 1662 4931 1727 4995; x_wconf 83' lang='grc' dir='ltr'>Ο.</span> <span class='ocrx_word' id='word_1_716' title='bbox 1761 4931 1990 4986; x_wconf 87' lang='lat' dir='ltr'>Flavius</span> <span class='ocrx_word' id='word_1_717' title='bbox 2092 4924 2220 4994; x_wconf 81' lang='lat' dir='ltr'>jam</span> <span class='ocrx_word' id='word_1_718' title='bbox 2250 4922 2341 4977; x_wconf 72' lang='grc' dir='ltr'>ίὶιί</span> <span class='ocrx_word' id='word_1_719' title='bbox 2369 4924 2540 4976; x_wconf 68' lang='lat' dir='ltr'>etiam</span> <span class='ocrx_word' id='word_1_720' title='bbox 2569 4918 2772 4975; x_wconf 56' lang='lat' dir='ltr'>divini</span> <span class='ocrx_word' id='word_1_721' title='bbox 2819 4927 2982 4977; x_wconf 67' lang='lat' dir='ltr'>secta?</span> <span class='ocrx_word' id='word_1_722' title='bbox 3009 4935 3074 4975; x_wconf 83' lang='lat' dir='ltr'>ac</span> <span class='ocrx_word' id='word_1_723' title='bbox 3117 4919 3430 4993; x_wconf 63' lang='lat' dir='ltr'>discipline</span> <span class='ocrx_word' id='word_1_724' title='bbox 3480 4940 3756 4982; x_wconf 73' lang='lat' dir='ltr'>commer-</span> 
     </span>
    </p>
   </div>
   <div class='ocr_carea' id='block_1_100' title="bbox 411 5106 1986 5190">
    <p class='ocr_par' dir='ltr' id='par_1_100' title="bbox 411 5106 1986 5190">
     <span class='ocr_line' id='line_1_100' title="bbox 411 5106 1986 5190; baseline -0.015 -17"><span class='ocrx_word' id='word_1_725' title='bbox 411 5118 486 5190; x_wconf 82' lang='lat'>(2)</span> <span class='ocrx_word' id='word_1_726' title='bbox 515 5116 606 5172; x_wconf 90' lang='lat' dir='ltr'>Sic</span> <span class='ocrx_word' id='word_1_727' title='bbox 638 5117 844 5187; x_wconf 72' lang='lat' dir='ltr'>praeter</span> <span class='ocrx_word' id='word_1_728' title='bbox 884 5111 1066 5190; x_wconf 89' lang='lat' dir='ltr'>libros</span> <span class='ocrx_word' id='word_1_729' title='bbox 1117 5111 1324 5188; x_wconf 77' lang='lat' dir='ltr'>mstos.</span> <span class='ocrx_word' id='word_1_730' title='bbox 1367 5106 1986 5190; x_wconf 37' lang='lat' dir='ltr'>jamﬁngelusfoli-</span> 
     </span>
    </p>
   </div>
   <div class='ocr_carea' id='block_1_101' title="bbox 334 5178 1984 5251">
    <p class='ocr_par' dir='ltr' id='par_1_101' title="bbox 334 5178 1984 5251">
     <span class='ocr_line' id='line_1_101' title="bbox 334 5178 1984 5251; baseline -0.009 -4"><span class='ocrx_word' id='word_1_731' title='bbox 334 5178 534 5248; x_wconf 36' lang='lat' dir='ltr'>tia‘nus</span> <span class='ocrx_word' id='word_1_732' title='bbox 562 5178 857 5244; x_wconf 81' lang='lat' dir='ltr'>auctorem</span> <span class='ocrx_word' id='word_1_733' title='bbox 890 5189 1154 5239; x_wconf 87' lang='lat' dir='ltr'>nostrum</span> <span class='ocrx_word' id='word_1_734' title='bbox 1190 5179 1444 5251; x_wconf 88' lang='lat' dir='ltr'>signavit</span> <span class='ocrx_word' id='word_1_735' title='bbox 1476 5179 1575 5234; x_wconf 91' lang='lat' dir='ltr'>lib.</span> <span class='ocrx_word' id='word_1_736' title='bbox 1612 5178 1687 5245; x_wconf 74' lang='lat' dir='ltr'>iv,</span> <span class='ocrx_word' id='word_1_737' title='bbox 1722 5178 1892 5250; x_wconf 91' lang='lat' dir='ltr'>epist.</span> <span class='ocrx_word' id='word_1_738' title='bbox 1931 5197 1984 5248; x_wconf 83' lang='grc' dir='ltr'>ν,</span> 
     </span>
    </p>
   </div>
   <div class='ocr_carea' id='block_1_102' title="bbox 334 5253 1979 5324">
    <p class='ocr_par' dir='ltr' id='par_1_102' title="bbox 334 5253 1979 5324">
     <span class='ocr_line' id='line_1_102' title="bbox 334 5253 1979 5324; baseline -0.01 -4"><span class='ocrx_word' id='word_1_739' title='bbox 334 5265 406 5319; x_wconf 87' lang='lat' dir='ltr'>de</span> <span class='ocrx_word' id='word_1_740' title='bbox 435 5260 802 5318; x_wconf 88' lang='lat' dir='ltr'>Nominibus.</span> <span class='ocrx_word' id='word_1_741' title='bbox 832 5258 923 5310; x_wconf 75' lang='lat' dir='ltr'>Sic</span> <span class='ocrx_word' id='word_1_742' title='bbox 971 5256 1218 5324; x_wconf 87' lang='lat' dir='ltr'>ipsemet</span> <span class='ocrx_word' id='word_1_743' title='bbox 1262 5256 1462 5305; x_wconf 86' lang='lat' dir='ltr'>auctor</span> <span class='ocrx_word' id='word_1_744' title='bbox 1493 5257 1712 5314; x_wconf 86' lang='lat' dir='ltr'>noster,</span> <span class='ocrx_word' id='word_1_745' title='bbox 1761 5253 1828 5306; x_wconf 76' lang='lat' dir='ltr'>de</span> <span class='ocrx_word' id='word_1_746' title='bbox 1864 5254 1979 5307; x_wconf 85' lang='lat' dir='ltr'>Vir-</span> 
     </span>
    </p>
   </div>
   <div class='ocr_carea' id='block_1_103' title="bbox 2097 5096 3752 5160">
    <p class='ocr_par' dir='ltr' id='par_1_103' title="bbox 2097 5096 3752 5160">
     <span class='ocr_line' id='line_1_103' title="bbox 2097 5096 3752 5160; baseline 0.001 -3"><span class='ocrx_word' id='word_1_747' title='bbox 2097 5101 2487 5158; x_wconf 74' lang='lat' dir='ltr'>memincritis.</span> <span class='ocrx_word' id='word_1_748' title='bbox 2520 5097 2736 5154; x_wconf 83' lang='lat' dir='ltr'>Similis</span> <span class='ocrx_word' id='word_1_749' title='bbox 2765 5101 2854 5153; x_wconf 88' lang='lat' dir='ltr'>est</span> <span class='ocrx_word' id='word_1_750' title='bbox 2911 5096 3177 5154; x_wconf 88' lang='lat' dir='ltr'>clausula</span> <span class='ocrx_word' id='word_1_751' title='bbox 3225 5099 3327 5155; x_wconf 90' lang='lat' dir='ltr'>libi</span> <span class='ocrx_word' id='word_1_752' title='bbox 3379 5099 3446 5157; x_wconf 82' lang='lat' dir='ltr'>de</span> <span class='ocrx_word' id='word_1_753' title='bbox 3475 5103 3752 5160; x_wconf 75' lang='lat' dir='ltr'>Exhorta-</span> 
     </span>
    </p>
   </div>
   <div class='ocr_carea' id='block_1_104' title="bbox 2095 5170 3752 5233">
    <p class='ocr_par' dir='ltr' id='par_1_104' title="bbox 2095 5170 3752 5233">
     <span class='ocr_line' id='line_1_104' title="bbox 2095 5170 3752 5233; baseline 0.003 -5"><span class='ocrx_word' id='word_1_754' title='bbox 2095 5177 2243 5229; x_wconf 77' lang='lat' dir='ltr'>tionc</span> <span class='ocrx_word' id='word_1_755' title='bbox 2285 5173 2590 5228; x_wconf 71' lang='lat' dir='ltr'>castitatis:</span> <span class='ocrx_word' id='word_1_756' title='bbox 2648 5170 2905 5226; x_wconf 77' lang='lat' dir='ltr'>Memento</span> <span class='ocrx_word' id='word_1_757' title='bbox 2955 5173 3014 5224; x_wconf 86' lang='lat' dir='ltr'>in</span> <span class='ocrx_word' id='word_1_758' title='bbox 3063 5171 3408 5228; x_wconf 65' lang='lat' dir='ltr'>orationibus</span> <span class='ocrx_word' id='word_1_759' title='bbox 3456 5175 3565 5230; x_wconf 77' lang='lat' dir='ltr'>tui:</span> <span class='ocrx_word' id='word_1_760' title='bbox 3598 5174 3752 5233; x_wconf 85' lang='lat' dir='ltr'><strong><em>TER-</em></strong></span> 
     </span>
    </p>
   </div>
   <div class='ocr_carea' id='block_1_105' title="bbox 2095 5243 3748 5305">
    <p class='ocr_par' dir='ltr' id='par_1_105' title="bbox 2095 5243 3748 5305">
     <span class='ocr_line' id='line_1_105' title="bbox 2095 5243 3748 5305; baseline 0.003 -5"><span class='ocrx_word' id='word_1_761' title='bbox 2095 5246 2402 5303; x_wconf 83' lang='lat' dir='ltr'>TULLIANI</span> <span class='ocrx_word' id='word_1_762' title='bbox 2459 5244 2826 5299; x_wconf 71' lang='lat' dir='ltr'>exhortantis.</span> <span class='ocrx_word' id='word_1_763' title='bbox 2895 5243 2977 5297; x_wconf 89' lang='lat' dir='ltr'>Ita</span> <span class='ocrx_word' id='word_1_764' title='bbox 3046 5243 3186 5296; x_wconf 89' lang='lat' dir='ltr'>edit.</span> <span class='ocrx_word' id='word_1_765' title='bbox 3247 5245 3434 5300; x_wconf 84' lang='lat' dir='ltr'>Paris.</span> <span class='ocrx_word' id='word_1_766' title='bbox 3498 5246 3748 5305; x_wconf 84' lang='lat' dir='ltr'>Franck.</span> 
     </span>
    </p>
   </div>
   <div class='ocr_carea' id='block_1_106' title="bbox 331 5312 3747 5406">
    <p class='ocr_par' dir='ltr' id='par_1_106' title="bbox 331 5312 3747 5406">
     <span class='ocr_line' id='line_1_106' title="bbox 331 5312 3747 5406; baseline -0.004 -16"><span class='ocrx_word' id='word_1_767' title='bbox 331 5312 870 5406; x_wconf 17' lang='lat' dir='ltr'>oniibii‘s—Vuictandis,</span> <span class='ocrx_word' id='word_1_768' title='bbox 931 5312 1280 5406; x_wconf 41' lang='lat' dir='ltr'>c.lultimo:‘</span> <span class='ocrx_word' id='word_1_769' title='bbox 1321 5325 1448 5406; x_wconf 44' lang='lat' dir='ltr'>Herc.</span> <span class='ocrx_word' id='word_1_770' title='bbox 1497 5339 1622 5377; x_wconf 89' lang='lat' dir='ltr'>cum</span> <span class='ocrx_word' id='word_1_771' title='bbox 1679 5312 1817 5377; x_wconf 82' lang='lat' dir='ltr'>bona</span> <span class='ocrx_word' id='word_1_772' title='bbox 1847 5340 1983 5406; x_wconf 57' lang='lat' dir='ltr'>pace</span> <span class='ocrx_word' id='word_1_773' title='bbox 2089 5318 2328 5406; x_wconf 57' lang='lat' dir='ltr'>yeueta.</span> <span class='ocrx_word' id='word_1_774' title='bbox 2363 5312 3265 5406; x_wconf 3' lang='lat' dir='ltr'>Rigaltiusaputemmltimﬁhgc</span> <span class='ocrx_word' id='word_1_775' title='bbox 3299 5316 3747 5406; x_wconf 23' lang='lat' dir='ltr'>verb‘a‘omisit:</span> 
     </span>
    </p>
   </div>
   <div class='ocr_carea' id='block_1_107' title="bbox 329 5395 1975 5478">
    <p class='ocr_par' dir='ltr' id='par_1_107' title="bbox 329 5395 1975 5478">
     <span class='ocr_line' id='line_1_107' title="bbox 329 5395 1975 5478; baseline -0.008 -18"><span class='ocrx_word' id='word_1_776' title='bbox 329 5395 633 5478; x_wconf 60' lang='lat' dir='ltr'>tegentibus</span> <span class='ocrx_word' id='word_1_777' title='bbox 694 5403 1009 5478; x_wconf 56' lang='lat' dir='ltr'>utilitajeni</span> <span class='ocrx_word' id='word_1_778' title='bbox 1066 5395 1448 5478; x_wconf 68' lang='lat' dir='ltr'>consuetudini</span> <span class='ocrx_word' id='word_1_779' title='bbox 1514 5395 1975 5478; x_wconf 49' lang='lat' dir='ltr'>;)ra,fpon&#39;cntz&#39;1)us,</span> 
     </span>
    </p>
   </div>
   <div class='ocr_carea' id='block_1_108' title="bbox 328 5467 1975 5550">
    <p class='ocr_par' dir='ltr' id='par_1_108' title="bbox 328 5467 1975 5550">
     <span class='ocr_line' id='line_1_108' title="bbox 328 5467 1975 5550; baseline -0.008 -17"><span class='ocrx_word' id='word_1_780' title='bbox 328 5467 444 5550; x_wconf 58' lang='lat' dir='ltr'>pax</span> <span class='ocrx_word' id='word_1_781' title='bbox 490 5482 539 5532; x_wconf 66' lang='lat' dir='ltr'>et</span> <span class='ocrx_word' id='word_1_782' title='bbox 571 5477 753 5545; x_wconf 80' lang='lat' dir='ltr'>gratia</span> <span class='ocrx_word' id='word_1_783' title='bbox 781 5490 813 5525; x_wconf 82' lang='grc' dir='ltr'><em>α</em></span> <span class='ocrx_word' id='word_1_784' title='bbox 836 5471 1311 5550; x_wconf 43' lang='grc' dir='ltr'>⁵ζὶίῃηίηφυηήοετνο</span> <span class='ocrx_word' id='word_1_785' title='bbox 1360 5468 1486 5548; x_wconf 56' lang='lat' dir='ltr'>[esu</span> <span class='ocrx_word' id='word_1_786' title='bbox 1515 5467 1817 5550; x_wconf 71' lang='lat' dir='ltr'>_redundet,</span> <span class='ocrx_word' id='word_1_787' title='bbox 1850 5482 1975 5550; x_wconf 62' lang='lat' dir='ltr'>cum</span> 
     </span>
    </p>
   </div>
   <div class='ocr_carea' id='block_1_109' title="bbox 2089 5383 3744 5453">
    <p class='ocr_par' dir='ltr' id='par_1_109' title="bbox 2089 5383 3744 5453">
     <span class='ocr_line' id='line_1_109' title="bbox 2089 5383 3744 5453; baseline 0.003 -11"><span class='ocrx_word' id='word_1_788' title='bbox 2089 5388 2226 5443; x_wconf 85' lang='lat' dir='ltr'>hinc</span> <span class='ocrx_word' id='word_1_789' title='bbox 2254 5389 2324 5444; x_wconf 88' lang='lat' dir='ltr'>ab</span> <span class='ocrx_word' id='word_1_790' title='bbox 2383 5383 2498 5443; x_wconf 80' lang='lat' dir='ltr'>alia</span> <span class='ocrx_word' id='word_1_791' title='bbox 2557 5404 2733 5441; x_wconf 88' lang='lat' dir='ltr'>manu</span> <span class='ocrx_word' id='word_1_792' title='bbox 2797 5385 2977 5440; x_wconf 87' lang='lat' dir='ltr'>fuisse</span> <span class='ocrx_word' id='word_1_793' title='bbox 3035 5385 3284 5453; x_wconf 86' lang='lat' dir='ltr'>adjecta,</span> <span class='ocrx_word' id='word_1_794' title='bbox 3348 5387 3508 5443; x_wconf 91' lang='lat' dir='ltr'>nullo</span> <span class='ocrx_word' id='word_1_795' title='bbox 3542 5393 3744 5447; x_wconf 87' lang='lat' dir='ltr'>tamen</span> 
     </span>
    </p>
   </div>
   <div class='ocr_carea' id='block_1_110' title="bbox 2086 5455 3738 5524">
    <p class='ocr_par' dir='ltr' id='par_1_110' title="bbox 2086 5455 3738 5524">
     <span class='ocr_line' id='line_1_110' title="bbox 2086 5455 3738 5524; baseline 0.001 -8"><span class='ocrx_word' id='word_1_796' title='bbox 2086 5461 2312 5516; x_wconf 84' lang='lat' dir='ltr'>favente</span> <span class='ocrx_word' id='word_1_797' title='bbox 2347 5466 2520 5523; x_wconf 90' lang='lat' dir='ltr'>msto,</span> <span class='ocrx_word' id='word_1_798' title='bbox 2553 5465 2679 5514; x_wconf 90' lang='lat' dir='ltr'>tum</span> <span class='ocrx_word' id='word_1_799' title='bbox 2715 5457 2930 5512; x_wconf 89' lang='lat' dir='ltr'>Salom.</span> <span class='ocrx_word' id='word_1_800' title='bbox 2965 5455 3208 5524; x_wconf 80' lang='lat' dir='ltr'>Semler,</span> <span class='ocrx_word' id='word_1_801' title='bbox 3242 5462 3368 5514; x_wconf 90' lang='lat' dir='ltr'>tum</span> <span class='ocrx_word' id='word_1_802' title='bbox 3404 5459 3461 5515; x_wconf 89' lang='lat' dir='ltr'>E.</span> <span class='ocrx_word' id='word_1_803' title='bbox 3500 5463 3555 5513; x_wconf 84' lang='lat' dir='ltr'>F.</span> <span class='ocrx_word' id='word_1_804' title='bbox 3594 5465 3738 5518; x_wconf 86' lang='lat' dir='ltr'>Leo-</span> 
     </span>
    </p>
   </div>
   <div class='ocr_carea' id='block_1_111' title="bbox 325 5527 3742 5608">
    <p class='ocr_par' dir='ltr' id='par_1_111' title="bbox 325 5527 3742 5608">
     <span class='ocr_line' id='line_1_111' title="bbox 325 5527 3742 5608; baseline 0.012 -4"><span class='ocrx_word' id='word_1_805' title='bbox 325 5527 1226 5605; x_wconf 54' lang='lat' dir='ltr'>sﬁrrmi’o&#39;d‘Eit&#39;l‘ULLMNO,</span> <span class='ocrx_word' id='word_1_806' title='bbox 1285 5539 1440 5608; x_wconf 81' lang='lat' dir='ltr'>cujus</span> <span class='ocrx_word' id='word_1_807' title='bbox 1507 5539 1604 5592; x_wconf 82' lang='lat' dir='ltr'>hoc</span> <span class='ocrx_word' id='word_1_808' title='bbox 1656 5527 1976 5608; x_wconf 62' lang='lat' dir='ltr'>opusculum</span> <span class='ocrx_word' id='word_1_809' title='bbox 2083 5533 2214 5608; x_wconf 66' lang='lat' dir='ltr'>291d</span> <span class='ocrx_word' id='word_1_810' title='bbox 2246 5533 2437 5608; x_wconf 66' lang='grc' dir='ltr'>νὶδυφ</span> <span class='ocrx_word' id='word_1_811' title='bbox 2484 5539 2572 5608; x_wconf 44' lang='grc' dir='ltr'>εδ)</span> <span class='ocrx_word' id='word_1_812' title='bbox 2627 5546 2877 5608; x_wconf 40' lang='grc' dir='ltr'>Ρκνφτδὲἕ</span> <span class='ocrx_word' id='word_1_813' title='bbox 2925 5527 3261 5586; x_wconf 60' lang='lat' dir='ltr'>indubium&#39;</span> <span class='ocrx_word' id='word_1_814' title='bbox 3315 5531 3399 5586; x_wconf 51' lang='lat' dir='ltr'>CL</span> <span class='ocrx_word' id='word_1_815' title='bbox 3466 5537 3742 5608; x_wconf 43' lang='lat' dir='ltr'>Lumpe”</span> 
     </span>
    </p>
   </div>
   <div class='ocr_carea' id='block_1_112' title="bbox 326 5610 1971 5678">
    <p class='ocr_par' dir='ltr' id='par_1_112' title="bbox 326 5610 1971 5678">
     <span class='ocr_line' id='line_1_112' title="bbox 326 5610 1971 5678; baseline -0.008 -1"><span class='ocrx_word' id='word_1_816' title='bbox 326 5627 423 5678; x_wconf 80' lang='lat' dir='ltr'>est.</span> <span class='ocrx_word' id='word_1_817' title='bbox 459 5619 680 5676; x_wconf 87' lang='lat' dir='ltr'>Similis</span> <span class='ocrx_word' id='word_1_818' title='bbox 711 5623 799 5673; x_wconf 92' lang='lat' dir='ltr'>est</span> <span class='ocrx_word' id='word_1_819' title='bbox 826 5614 1091 5670; x_wconf 88' lang='lat' dir='ltr'>clausula</span> <span class='ocrx_word' id='word_1_820' title='bbox 1122 5610 1251 5666; x_wconf 87' lang='lat' dir='ltr'>libri</span> <span class='ocrx_word' id='word_1_821' title='bbox 1287 5610 1352 5664; x_wconf 77' lang='lat' dir='ltr'>dc</span> <span class='ocrx_word' id='word_1_822' title='bbox 1385 5612 1662 5678; x_wconf 78' lang='lat' dir='ltr'>Baptismo</span> <span class='ocrx_word' id='word_1_823' title='bbox 1688 5627 1706 5663; x_wconf 92' lang='lat'><strong><em>:</em></strong></span> <span class='ocrx_word' id='word_1_824' title='bbox 1744 5611 1971 5664; x_wconf 78' lang='lat' dir='ltr'>Tantum</span> 
     </span>
    </p>
   </div>
   <div class='ocr_carea' id='block_1_113' title="bbox 327 5681 1970 5763">
    <p class='ocr_par' dir='ltr' id='par_1_113' title="bbox 327 5681 1970 5763">
     <span class='ocr_line' id='line_1_113' title="bbox 327 5681 1970 5763; baseline -0.009 -11"><span class='ocrx_word' id='word_1_825' title='bbox 327 5709 425 5752; x_wconf 89' lang='lat' dir='ltr'>oro</span> <span class='ocrx_word' id='word_1_826' title='bbox 458 5701 513 5748; x_wconf 85' lang='lat' dir='ltr'>ut</span> <span class='ocrx_word' id='word_1_827' title='bbox 540 5709 663 5747; x_wconf 83' lang='lat' dir='ltr'>cum</span> <span class='ocrx_word' id='word_1_828' title='bbox 709 5691 892 5763; x_wconf 67' lang='lat' dir='ltr'>politis</span> <span class='ocrx_word' id='word_1_829' title='bbox 940 5687 1107 5744; x_wconf 80' lang='lat' dir='ltr'>etiam</span> <span class='ocrx_word' id='word_1_830' title='bbox 1152 5681 1640 5738; x_wconf 78' lang='lat' dir='ltr'>TERTULLIANI</span> <span class='ocrx_word' id='word_1_831' title='bbox 1664 5683 1970 5753; x_wconf 79' lang='lat' dir='ltr'>peccatoris</span> 
     </span>
    </p>
   </div>
   <div class='ocr_carea' id='block_1_114' title="bbox 2082 5602 3735 5732">
    <p class='ocr_par' dir='ltr' id='par_1_114' title="bbox 2082 5602 3735 5732">
     <span class='ocr_line' id='line_1_114' title="bbox 2082 5602 3735 5682; baseline 0.002 -22"><span class='ocrx_word' id='word_1_832' title='bbox 2082 5603 2229 5660; x_wconf 86' lang='lat' dir='ltr'>Hist.</span> <span class='ocrx_word' id='word_1_833' title='bbox 2268 5604 2442 5661; x_wconf 88' lang='lat' dir='ltr'>theol.</span> <span class='ocrx_word' id='word_1_834' title='bbox 2475 5604 2604 5660; x_wconf 90' lang='lat' dir='ltr'>crit.</span> <span class='ocrx_word' id='word_1_835' title='bbox 2655 5607 2747 5657; x_wconf 88' lang='lat' dir='ltr'>SS.</span> <span class='ocrx_word' id='word_1_836' title='bbox 2804 5602 2904 5657; x_wconf 89' lang='lat' dir='ltr'>PP.</span> <span class='ocrx_word' id='word_1_837' title='bbox 2956 5617 3092 5673; x_wconf 85' lang='lat' dir='ltr'>pars</span> <span class='ocrx_word' id='word_1_838' title='bbox 3138 5617 3219 5672; x_wconf 76' lang='lat' dir='ltr'>v1,</span> <span class='ocrx_word' id='word_1_839' title='bbox 3279 5617 3407 5677; x_wconf 86' lang='lat' dir='ltr'>cap.</span> <span class='ocrx_word' id='word_1_840' title='bbox 3457 5604 3506 5670; x_wconf 87' lang='grc'>1,</span> <span class='ocrx_word' id='word_1_841' title='bbox 3541 5602 3653 5663; x_wconf 79' lang='lat' dir='ltr'>art.</span> <span class='ocrx_word' id='word_1_842' title='bbox 3689 5608 3735 5682; x_wconf 74' lang='grc' dir='ltr'>Ι,</span> 
     </span>
     <span class='ocr_line' id='line_1_115' title="bbox 2082 5674 3546 5732; baseline -0.001 0"><span class='ocrx_word' id='word_1_843' title='bbox 2082 5681 2204 5732; x_wconf 89' lang='lat' dir='ltr'>not.</span> <span class='ocrx_word' id='word_1_844' title='bbox 2239 5677 2295 5732; x_wconf 92' lang='lat' dir='ltr'>b.</span> <span class='ocrx_word' id='word_1_845' title='bbox 3407 5674 3546 5732; x_wconf 83' lang='lat' dir='ltr'>Enn.</span> 
     </span>
    </p>
   </div>
   <div class='ocr_carea' id='block_1_115' title="bbox 2081 5693 2295 5734">
    <p class='ocr_par' dir='ltr' id='par_1_115' title="bbox 2081 5693 2295 5734">
     <span class='ocr_line' id='line_1_116' title="bbox 2081 5693 2295 5734; baseline -0.014 0"><span class='ocrx_word' id='word_1_846' title='bbox 2081 5693 2204 5734; x_wconf 74' lang='grc' dir='ltr'><strong>ηοι.</strong></span> <span class='ocrx_word' id='word_1_847' title='bbox 2239 5693 2295 5732; x_wconf 89' lang='lat' dir='ltr'>D.</span> 
     </span>
    </p>
   </div>
   <div class='ocr_carea' id='block_1_116' title="bbox 3407 5674 3546 5732">
    <p class='ocr_par' dir='ltr' id='par_1_116' title="bbox 3407 5674 3546 5732">
     <span class='ocr_line' id='line_1_117' title="bbox 3407 5674 3546 5732; baseline 0.014 -2"><span class='ocrx_word' id='word_1_848' title='bbox 3407 5674 3546 5732; x_wconf 81' lang='lat' dir='ltr'>Enn.</span> 
     </span>
    </p>
   </div>
  </div>
