4060 6340
256 358 322 418 εί
1578 370 2109 432 TERTULLIANI
2158 374 2363 434 Vl'l‘A.
3592 378 3668 437 82

256 492 402 547 cium
430 495 671 566 confero.
697 495 896 568 Gaude,
927 501 1191 570 Pallium,
1224 504 1273 558 et
1304 504 1537 572 exsulla,
1569 503 1768 558 melior
1786 503 1907 574 jam
1936 501 1991 569 Α
2022 503 2185 572 chas,
2221 522 2349 561 cum
2409 506 2538 562 aliis
2597 508 3025 580 compluribus,
3072 524 3321 579 quorum
3368 507 3522 565 intra
3572 510 3670 565 ﬁet

256 585 306 635 te
363 583 721 656 Philosophia
777 588 1008 660 dignata
1064 595 1178 660 est,
1237 609 1308 648 ex
1366 610 1469 664 quo
1529 594 1899 648 Christianum

252 672 441 727 vestire
474 677 687 744 cepisti
720 678 858 747 (Lib.
892 679 954 734 de
983 681 1124 735 Pali.
1158 699 1208 736 c.
1242 682 1293 736 5.
1350 682 1481 737 Ibid.
1516 700 1561 737 c.
1596 685 1648 737 6.
1682 682 1815 736 Ibid.
1848 696 1897 736 c.

252 761 323 827 3).
358 761 573 818 Verum
608 782 723 821 non
766 768 1004 839 perinde
1052 769 1299 844 intelligi
1352 777 1563 843 potest,
1598 772 1738 844 quid
1789 772 1898 827 sibi

250 848 428 904 velint
457 852 728 922 ejusdem
782 857 913 913 libri
947 861 1118 916 verba
1152 880 1163 917 :
1200 861 1301 917 Sed
1352 880 1551 917 vanum
1584 863 1704 933 jam
1753 863 1896 916 anti-

249 940 454 1009 quitas,
497 944 713 1013 quando
769 948 1057 1005 curricula
1116 955 1296 1007 nostra
1354 969 1556 1007 coram.
1620 953 1897 1020 Quantum

249 1031 569 1099 reformavit
616 1035 762 1091 orbis
807 1040 1067 1095 saeculum
1119 1041 1266 1097 istud
1291 1046 1309 1095 l
1353 1043 1630 1110 Quantum
1676 1042 1898 1097 urbium

246 1122 343 1172 aut
364 1120 632 1189 produxit
662 1134 759 1180 aut
788 1130 950 1182 auxit
982 1138 1085 1185 aut
1108 1131 1344 1186 reddidit
1359 1136 1645 1204 praesentis
1666 1134 1898 1205 Imperii

243 1209 453 1278 triplex
506 1213 704 1269 virtus.
744 1217 847 1271 Deo
895 1221 972 1274 tot
1010 1221 1266 1291 Augustis
1308 1224 1364 1276 in
1416 1240 1587 1278 unum
1633 1226 1897 1294 favente!

243 1297 383 1363 Quot
440 1314 631 1356 census
690 1309 1070 1379 transcripti!
1131 1309 1265 1377 Quot
1298 1312 1493 1383 populi
1548 1315 1839 1384 repugnati
1877 1320 1895 1369 l

244 1384 381 1452 Quot
429 1390 649 1446 ordines
700 1393 1013 1451 illustrati!
1044 1398 1177 1466 Quot
1226 1400 1463 1455 Barbari
1507 1402 1763 1457 exclusi!
1795 1404 1893 1457 Ile-

241 1491 375 1530 vera
404 1477 551 1533 orbis
595 1483 963 1539 cultissimum
1010 1486 1171 1558 hujus
1202 1489 1429 1559 Imperii
1454 1506 1552 1545 rus
1585 1494 1682 1558 est,
1712 1491 1894 1545 eradi-

238 1568 359 1619 cato
390 1569 544 1623 omni
572 1574 785 1628 aconita
808 1573 1205 1642 hostilitatis,et
1233 1584 1385 1632 cacto
1410 1586 1460 1634 et
1490 1580 1624 1634 rubo
1654 1580 1897 1636 subdolze

240 1656 679 1727 familiaritatis,
724 1665 995 1718 consitum
1042 1668 1091 1719 et
1139 1682 1415 1723 ameenum
1460 1685 1626 1740 super
1677 1670 1897 1724 Alcinoi

238 1749 513 1812 pometum
563 1756 615 1802 et
661 1749 827 1807 Midae
873 1763 1139 1810 rosetum.
1180 1755 1238 1811 Id
1272 1757 1508 1829 quidem
1554 1758 1887 1813 Rhenanus.

242 1830 796 1945 plagdeburgenses,
830 1839 1044 1913 aliique
1093 1860 1225 1898 eum
1258 1844 1443 1901 secuti
1474 1846 1555 1901 ita
1604 1847 1888 1919 interpre-
1922 1882 1970 1945 Β

240 1923 463 1986 tantur,
501 1928 563 1979 ut
610 1941 714 1996 per
764 1929 1044 2001 Triplicem
1096 1930 1323 2003 Imperii
1375 1936 1628 1990 virtutem
1680 1935 1893 1991 intelli—

243 2014 389 2079 gaut
419 2015 692 2070 Severum
740 2020 1093 2090 Augustum,
1126 2026 1182 2076 et
1209 2025 1593 2079 Pescennium
1623 2025 1891 2097 Nigrum,

248 2113 313 2152 ac
372 2098 679 2158 Claudium
738 2106 1014 2164 Albinum
1068 2114 1333 2183 Caesares,
1368 2131 1618 2185 quorum
1678 2113 1759 2168 illi
1820 2114 1893 2169 ab

249 2188 602 2245 exercitibus
652 2193 709 2248 in
765 2195 1072 2254 Pannoniis
1102 2205 1158 2256 et
1188 2201 1443 2270 Oriente,
1473 2202 1567 2259 hic
1602 2204 1658 2257 in
1709 2202 1895 2259 Gallia

246 2276 439 2331 Caesar
486 2280 676 2337 dictus
726 2290 833 2340 est.
865 2286 971 2343 Sed
1022 2288 1146 2360 ipse
1186 2290 1297 2347 sibi
1348 2292 1695 2347 contradicit
1743 2292 1893 2347 Rhe-

246 2381 460 2433 nanus,
496 2385 628 2425 cum
688 2373 903 2430 fatetur
959 2378 1141 2435 invito
1190 2386 1395 2437 Severo
1445 2382 1499 2436 id
1554 2382 1770 2437 factum
1824 2384 1893 2437 de

247 2453 587 2529 Pescennio,
611 2466 666 2516 et
703 2468 1017 2537 utrumque
1046 2469 1117 2523 ab
1151 2468 1251 2525 illo
1286 2471 1891 2543 hostemjudicatum,

246 2549 301 2598 et
332 2560 362 2599 e
396 2547 540 2603 vivis
590 2551 887 2626 sublatum
941 2563 1160 2628 postea.
1194 2560 1316 2614 Non
1366 2561 1786 2631 poteritigitur
1833 2562 1889 2616 in

244 2636 409 2689 tanta
431 2637 609 2693 trium
631 2644 921 2700 Casarum
945 2646 1246 2703 simultate
1268 2652 1695 2705 accommodari
1721 2650 1888 2706 illud:

249 2722 353 2778 Deo
386 2731 466 2779 tot
497 2727 756 2800 Augustis
789 2735 843 2787 in
876 2751 1050 2790 unum
1090 2740 1329 2809 favente,
1366 2740 1551 2795 multo
1593 2757 1728 2795 vero
1778 2741 1890 2795 ταῖς

244 2828 356 2867 nus
390 2814 537 2871 illud
568 2834 581 2873 :
610 2820 884 2880 eradicato
934 2828 1086 2881 omni
1131 2830 1349 2883 aconita
1398 2829 1732 2885 hostilitatis.
1766 2830 1888 2885 Imo

243 2915 378 2956 cum
438 2903 539 2959 illa
602 2909 781 2965 trium
841 2911 1133 2970 Caesarum
1208 2917 1387 2972 variis
1445 2919 1504 2972 in
1571 2919 1887 2973 Provinciis

244 2989 494 3047 deiectio
542 2998 851 3069 contigerit
906 3003 1103 3058 statim
1160 3006 1328 3061 initio
1385 3007 1620 3078 Imperii
1671 3007 1885 3077 Severi,

245 3079 490 3137 minime
520 3088 825 3144 convenire
857 3095 1043 3162 potest
1076 3110 1207 3149 cum
1237 3095 1427 3150 verbis
1459 3096 1836 3166 sequentibus
1870 3113 1881 3149 :

240 3168 378 3235 Quot
407 3186 601 3228 census
645 3181 1003 3251 transcripti!
1032 3186 1167 3251 etc.,
1199 3193 1323 3255 quot
1352 3185 1592 3240 Barbari
1635 3186 1885 3240 exclusi!

2011 595 2249 650 mentio.
2285 596 2324 650 E
2350 597 2565 668 quibus
2597 615 2700 670 pro
2730 600 2823 654 45
2853 602 3050 653 nostra
3090 599 3379 653 sententia
3423 599 3665 670 faciunt,

2003 671 2125 741 .lam
2162 688 2291 755 post
2324 687 2583 741 occisum
2615 688 2859 759 Nigrum
2894 687 3177 759 publicuti
3208 688 3303 743 isti
3339 706 3350 743 :
3387 706 3663 744 meum.

2010 790 2064 827 ο.
2098 791 2340 829 CLAUDIO
2373 794 2524 831 SEPT.
2558 796 2683 832 ALB.
2722 796 2840 832 COS.
2876 795 2935 832 Il.
2974 795 3201 832 MONETA
3231 795 3363 833 AUG.
3397 794 3478 833 CS.
3512 794 3657 832 VICT.

2009 870 2251 918 sumant
2284 884 2553 921 MINERVJE
2586 885 2871 922 murreus:
2910 884 3138 922 ειεουω
3188 884 3483 923 FOECUNDO
3512 886 3523 935 ;
3561 872 3663 922 aut

2010 952 2261 1025 denigue
2295 972 2307 1010 :
2344 974 2660 1025 renarras;
2698 975 2825 1029 quas
2876 958 3073 1013 omnia
3125 958 3410 1029 pertinere
3458 958 3659 1013 viden-

2010 1044 2105 1096 tur
2135 1044 2203 1098 ad
2238 1044 2405 1110 illud,
2438 1047 2721 1102 eradicato
2753 1049 2905 1102 omni
2932 1048 3150 1104 aconita
3183 1048 3532 1102 hostilitatis.

2079 1132 2130 1186 5.
2168 1132 2246 1187 De
2275 1135 2559 1190 Antonino
2610 1140 2807 1190 autem
2855 1136 3041 1190 Severi
3094 1134 3237 1203 lilio,
3283 1136 3435 1207 quod
3483 1134 3659 1191 etiam

1998 1220 2123 1291 jam
2157 1222 2291 1277 inde
2323 1224 2565 1279 Cmsaris
2595 1224 2765 1279 titulo
2800 1224 3117 1297 insignitus
3152 1225 3343 1290 fuerit,
3371 1225 3485 1279 duo
3518 1228 3660 1279 sunt

2006 1326 2131 1381 quae
2164 1312 2557 1382 conjecturam
2595 1314 2948 1369 conﬁrmant
2988 1318 3275 1383 nostram,
3309 1318 3435 1368 tum
3483 1313 3574 1368 lex
3607 1314 3656 1385 1,

2006 1399 2076 1454 de
2108 1400 2434 1457 inofﬁcioso
2467 1404 2843 1457 Testamento
2875 1404 3009 1457 Cod.
3048 1402 3087 1474 Ι,
3120 1404 3175 1470 3,
3210 1420 3385 1473 quam
3418 1402 3661 1474 rescrip-

2005 1494 2208 1544 serunt
2245 1492 2493 1547 Severus
2525 1498 2581 1547 et
2608 1493 2943 1547 Antoninus
2972 1492 3093 1547 Kal.
3131 1491 3304 1547 Juliis
3334 1491 3575 1547 Falcone
3604 1494 3661 1546 et

2003 1576 2168 1633 Claro
2220 1584 2404 1647 Coss.,
2439 1598 2689 1653 quorum
2745 1581 3097 1637 Consulatus
3142 1581 3347 1637 incidit
3398 1581 3511 1635 int
3553 1598 3656 1636 an-

2004 1682 2146 1721 num
2174 1668 2399 1737 Severi;
2424 1674 2549 1724 tum
2577 1669 2696 1724 haec
2722 1670 3103 1726 numismatis
3125 1669 3433 1742 inscriptio
3456 1686 3469 1724 :
3493 1687 3655 1725 ιΜΡΡ.

2003 1771 2212 1811 INVICTI
2275 1774 2354 1812 PII
2410 1774 2545 1813 auo.
2582 1759 2735 1829 (cum
2796 1758 2983 1813 Severi
3036 1758 3227 1830 efﬁgie
3272 1764 3329 1812 et
3371 1757 3655 1812 Antonini

2002 1844 2196 1901 adhuc
2227 1848 2391 1917 pueri
2424 1846 2726 1918 imberbis)
2775 1864 3035 1903 VICTORIA
3076 1864 3356 1902 mamma
3404 1865 3652 1903 MAXIMA.

2005 1937 2137 2000 Quae
2183 1936 2326 1990 adeo
2376 1936 2575 1991 referri
2627 1941 2817 2007 potest
2866 1937 2936 1991 ad
2990 1936 3132 1991 illud
3182 1953 3195 1992 :
3247 1937 3385 2004 Quot
3433 1936 3657 1991 barbari

2003 2024 2223 2078 exclusi
2246 2029 2263 2077 t
2289 2024 2442 2079 sicut
2471 2030 2528 2080 et
2560 2026 2673 2081 ista
2709 2042 2721 2080 :
2758 2043 2807 2079 L.
2842 2042 2994 2081 supr.
3026 2042 3144 2079 sev.
3181 2042 3340 2079 eam.
3373 2041 3506 2079 AUG.
3529 2042 3651 2079 IMP.

2006 2129 2067 2166 Il.
2118 2130 2285 2168 ARAB.
2322 2131 2448 2169 PAR.
2483 2131 2673 2169 ADIAB.
2716 2130 2836 2169 COS.
2871 2131 2931 2170 II.
2982 2131 3071 2169 PP.
3106 2130 3189 2169 SC.
3234 2113 3485 2168 maxime
3516 2130 3653 2168 con-

2004 2202 2289 2257 sentiente
2320 2203 2628 2273 Spartiano
2654 2203 2711 2257 in
2737 2204 2855 2257 haec
2878 2204 3052 2258 verba
3077 2210 3204 2272 post
3222 2203 3382 2274 Nigri
3406 2203 3651 2259 caedem:

2002 2291 2205 2346 Deinde
2231 2294 2383 2347 circa
2430 2292 2687 2347 Arabiam
2714 2294 2880 2363 plura
2922 2294 3108 2362 gessit,
3141 2292 3364 2347 Parthis
3392 2294 3562 2346 etiam
3596 2294 3657 2346 in

2005 2379 2333 2435 deditionem
2366 2382 2621 2447 redactis,
2676 2398 2888 2437 necnon
2924 2386 2974 2436 et
3026 2382 3318 2434 Adiabenis
3348 2396 3441 2451 qui
3473 2396 3657 2436 omnes

2003 2485 2126 2523 cum
2176 2470 2469 2525 Pescennio
2525 2477 2823 2524 senserant.
2887 2471 3055 2539 Atque
3110 2468 3173 2523 ob
3227 2474 3324 2524 hoc
3380 2484 3651 2535 reversus,

2002 2558 2283 2625 Arabicus,
2318 2558 2624 2625 Parthicus,
2657 2558 3044 2626 Adiabenicus,
3077 2558 3385 2629 appellatus
3431 2568 3532 2628 est,
3563 2558 3655 2613 sed

2004 2648 2339 2718 triumphum
2371 2649 2595 2719 respuit,
2614 2665 2684 2701 ne
2714 2649 3003 2703 videretur
3030 2648 3095 2702 de
3122 2649 3277 2702 civili
3300 2646 3652 2718 triumphare

2000 2738 2249 2791 victoria.
2286 2738 2529 2808 Insuper
2573 2744 2627 2792 et
2658 2737 2905 2791 Eusebio
2955 2740 3078 2805 (seu
3125 2737 3320 2807 potius
3352 2740 3413 2789 B.
3445 2736 3646 2791 Hiero—

2001 2842 2197 2897 nymo,
2231 2826 2330 2896 qui
2364 2827 2549 2880 multa
2579 2828 2648 2881 ad
2680 2826 2917 2881 Latinos
2966 2825 3321 2898 pertinentia
3350 2824 3651 2881 Chronicis

1997 2915 2186 2986 ipsius
2216 2915 2574 2987 interseruit)
2606 2916 2703 2987 qui
2736 2914 2951 2969 bellum
2981 2915 3312 2981 Judaicum,
3344 2914 3647 2969 Samariti-

1996 3019 2252 3074 cumque
2282 3020 2347 3059 ac
2380 3004 2713 3059 Parthicum
2748 3004 2887 3058 caedi
2919 3003 3113 3057 Albini
3145 3002 3467 3075 praeponit;
3502 3019 3646 3073 que-

1996 3093 2380 3148 madmodum
2405 3094 2577 3148 etiam
2595 3092 3003 3159 Orosius,Joan
3016 3109 3116 3147 nes
3130 3093 3467 3159 Zonaras,et
3481 3091 3645 3163 Hugo

1995 3180 2400 3237 Floriacensis.
2434 3183 2549 3238 Nec
2580 3182 2791 3248 obstat,
2813 3182 2967 3252 quod
3002 3180 3365 3236 Herodianus
3396 3179 3645 3235 dilatum

237 3258 500 3320 Quorum
549 3249 909 3333 postremum
963 3249 1243 3341 majorem
1294 3273 1640 3345 scrupulum
1675 3274 1885 3343 injicit,
1916 3249 1959 3317 α
1998 3271 2189 3325 adhuc
2216 3272 2436 3326 scribat
2472 3270 2689 3326 bellum
2724 3249 3077 3337 Parthicum,
3111 3274 3236 3325 tum
3290 3270 3447 3341 quod
3502 3270 3648 3323 fides

237 3349 391 3415 quod
425 3350 560 3406 inde
589 3360 838 3421 constat,
872 3375 986 3414 non
1019 3360 1129 3415 nisi
1163 3365 1294 3433 post
1340 3364 1588 3419 exclusos
1620 3364 1885 3420 barbaros

236 3434 397 3491 hunc
451 3437 665 3497 librum
725 3448 1147 3519 conscriptum,
1180 3450 1237 3504 id
1298 3455 1403 3517 est,
1440 3457 1571 3523 post
1628 3453 1883 3508 devictos

236 3524 475 3592 Arabas,
530 3529 771 3589 Parthos
829 3540 885 3590 et
939 3538 1290 3595 Adiabenos.
1324 3540 1484 3603 Quod
1544 3542 1761 3613 itaque,
1823 3542 1881 3595 in

236 3618 594 3685 Argumento
625 3625 683 3676 et
713 3626 1211 3683 Annotationibus
1264 3629 1503 3697 nostris,
1539 3631 1608 3685 ad
1660 3647 1879 3686 annum

228 3701 346 3757 fere
374 3705 649 3773 quintum
682 3711 993 3770 retulimus
1024 3716 1256 3788 Imperii
1304 3718 1519 3784 Severi,
1553 3720 1620 3772 ad
1657 3736 1878 3774 annum

230 3791 472 3879 tertium
519 3797 1049 3873 potius'applicari
1104 3810 1369 3876 oportere
1421 3812 1622 3878 postea
1679 3808 1881 3879 depre-

229 3878 572 3952 hendimus,
617 3903 750 3943 cum
809 3908 962 3947 anno
1019 3900 1228 3965 quarto
1288 3912 1321 3949 a
1375 3896 1581 3951 Severo
1637 3878 1882 3951 deﬁcere

229 3970 478 4027 Albinus
529 3977 785 4048 cmperit,
817 3983 876 4035 et
922 3998 1075 4037 anno
1128 3983 1333 4054 quinto
1387 3984 1729 4040 interfectus
1780 3984 1876 4040 sit.

232 4057 436 4130 Itaque
485 4062 918 4135 Imperantibus
970 4074 1109 4126 tunc
1166 4089 1283 4128 una
1337 4074 1544 4129 Severo
1598 4076 1877 4147 Augusto,

230 4150 530 4206 Antonino
579 4155 707 4225 ejus
760 4156 900 4226 ﬁlio,
932 4164 988 4215 et
1036 4160 1191 4217 dicto
1236 4162 1460 4233 Albino,
1511 4167 1713 4234 pacato
1754 4165 1877 4234 jam

226 4236 505 4307 Imperio,
539 4246 738 4313 utpote
770 4244 1010 4303 devictis
1034 4250 1153 4320 jam
1189 4266 1254 4305 ac
1285 4252 1515 4319 occisis,
1539 4256 1595 4307 et
1624 4251 1875 4321 Iuliano,

227 4325 331 4468 grai
364 4329 556 4385 occiso
599 4332 901 4391 Pertinace
932 4336 1075 4393 illud
1110 4339 1423 4407 invaserat,
1454 4345 1509 4395 et
1555 4340 1876 4397 Pescennio

283 4430 429 4468 iero.

283 4430 429 4485 igro.

302 4504 349 4559 4.
370 4506 439 4559 Et
459 4523 590 4563 vero
612 4511 682 4566 de
706 4512 914 4571 Albino
943 4516 1175 4589 Imperii
1210 4522 1476 4575 consorte
1503 4520 1878 4575 consentiunt

1997 3361 2185 3431 major
2214 3360 2413 3416 haberi
2448 3361 2655 3415 debeat
2686 3361 2888 3415 Latino
2920 3376 3097 3430 quam
3129 3362 3325 3415 Grmco
3353 3358 3646 3427 scriptori,

1996 3448 2097 3519 qui
2131 3448 2357 3503 nullum
2392 3448 2652 3503 historiae
2687 3448 2951 3503 ordinem
2978 3448 3324 3513 observavit,
3344 3452 3467 3501 tum
3492 3446 3647 3518 quod

1993 3537 2337 3607 Spartianus
2387 3538 2761 3608 postmodum
2794 3536 3007 3592 iterum
3056 3537 3382 3609 profectum
3429 3537 3649 3593 scribat

1990 3626 2049 3680 in
2082 3627 2323 3695 Arabas,
2362 3627 2601 3681 Parthos
2644 3632 2701 3681 et
2748 3626 3101 3695 Adiabenos,
3135 3630 3191 3681 et
3239 3626 3391 3681 bello
3443 3631 3647 3681 contra

1991 3730 2089 3770 eos
2139 3715 2407 3771 confecto
2448 3715 2815 3787 triumphum
2870 3716 3079 3787 egisse,
3114 3716 3387 3770 eumdem
3436 3731 3646 3787 nempe

1992 3804 2063 3858 de
2120 3820 2235 3875 quo
2294 3804 2445 3868 intra
2502 3820 2654 3859 anno
2713 3804 2906 3858 Severi
2961 3821 3039 3871 x;
3100 3804 3449 3875 praesertim,
3509 3818 3642 3858 cum

1990 3897 2218 3947 exstent
2245 3896 2301 3948 et
2329 3893 2689 3948 Marmorum
2714 3893 3176 3947 etNummorum
3208 3891 3641 3962 inscriptiones,

1988 3980 2048 4035 in
2083 3982 2299 4053 quibus
2347 3982 2437 4038 bis
2486 3981 2794 4037 Parthicus
2844 3985 3234 4052 nuncupatur.
3272 3979 3471 4035 Altera
3503 3982 3641 4036 anni

1986 4087 2067 4137 x1,
2104 4072 2367 4142 ejusdem
2400 4071 2457 4126 in
2490 4073 2638 4125 Arcu
2691 4070 2957 4142 Septimii
2992 4075 3182 4125 Romm
3219 4086 3232 4124 :
3268 4085 3385 4125 ιλιι).
3419 4085 3554 4125 CIES.
3590 4088 3639 4125 ι.

1989 4177 2145 4216 SEPT.
2180 4178 2244 4217 M.
2282 4178 2331 4217 Γ.
2368 4177 2601 4216 SEVERO.
2628 4176 2740 4215 PIO.
2771 4176 2937 4214 PERT.
2958 4175 3093 4214 AUG.
3122 4176 3173 4213 P.
3202 4175 3254 4213 P.
3288 4173 3446 4215 PART.
3468 4176 3637 4213 ARAB.

1987 4267 2153 4305 PART.
2204 4267 2394 4306 ADIAB.
2432 4266 2594 4305 PONT.
2633 4266 2794 4305 ΜΑΧῙ.
2827 4266 2983 4303 TRIB.
3031 4265 3224 4304 POTES.
3252 4266 3328 4303 XI.
3377 4265 3500 4303 COS.
3550 4265 3635 4303 III.

1987 4357 2223 4395 PROCOS.
2257 4358 2324 4395 ΕΤ
2351 4357 2473 4395 IMP.
2506 4355 2642 4394 (ΖΕΒ.
2678 4356 2742 4393 Μ.
2773 4355 2982 4394 AUREL.
3013 4356 3063 4393 L.
3100 4356 3153 4394 1³³.
3184 4354 3469 4393 ANTONINO
3498 4353 3634 4393 AUG.

1987 4446 2081 4485 PIO
2112 4446 2313 4485 FELICI.
2345 4446 2498 4484 TRIB.
2534 4445 2656 4484 POT.
2700 4445 2775 4483 VI.
2810 4444 2929 4483 COS.
2964 4443 3196 4482 PROCOS.
3232 4444 3283 4482 P.
3319 4443 3372 4481 P.
3405 4434 3635 4480 OPTIMIS

1984 4536 2398 4582 FORTISSIMISQ.
2432 4534 2819 4574 PRINCIPIBUS.
2855 4532 3185 4573 INSIGNIBUS
3215 4530 3414 4570 EORUM
3437 4531 3638 4571 VlltTU'

229 4607 454 4650 omnes.
489 4596 633 4653 Nam
671 4601 840 4671 juxta
885 4608 1086 4662 Festos
1116 4607 1483 4673 Consulares,
1517 4608 1711 4663 statim
1745 4613 1877 4680 post
1904 4627 1952 4693 D
1983 4625 2152 4664 'rxnus
2182 4625 2325 4663 nom
2366 4624 2587 4670 FORISQ.
2623 4624 2670 4661 s.
2708 4624 2760 4662 Ρ.
2796 4623 2846 4669 Q.
2892 4624 2947 4661 Β..
2983 4606 3133 4660 Anni
3175 4623 3265 4671 xv,
3318 4604 3502 4660 altera
3535 4622 3547 4660 :
3584 4622 3635 4660 L.

228 4690 498 4755 acceptos
521 4702 724 4745 omnes
746 4692 974 4764 Imperii
994 4695 1587 4753 titulos.D.Cmeus
1616 4702 1872 4753 Ansmus

227 4785 300 4824 ΑΒ
333 4789 435 4827 ΜΡ.
468 4791 606 4832 (λεδ.
640 4795 688 4833 ι.
724 4796 987 4838 SEPTIMIO
1018 4799 1229 4840 SEVERO
1260 4803 1393 4841 AUG.
1428 4803 1621 4841 CAESAR
1665 4804 1871 4841 APPEL-

227 4876 407 4918 LATUS
437 4881 537 4919 ssr
569 4883 580 4922 :
611 4872 667 4924 et
684 4885 834 4926 anno
852 4874 1117 4944 sequenti
1149 4875 1525 4931 Consulatum
1550 4875 1682 4931 iniit
1702 4877 1872 4932 Seve-

228 4965 327 5005 rus
357 4968 493 5007 cum
519 4955 854 5032 Albino,qui
879 4963 1003 5033 jam
1038 4963 1175 5020 inde
1205 4966 1377 5020 etiam
1410 4982 1720 5021 SEPTIMIUB
1748 4966 1870 5021 dic-

226 5042 323 5094 tus
352 5046 462 5111 est,
496 5052 782 5115 quantum
831 5056 1093 5123 apparet,
1125 5051 1183 5108 in
1218 5054 1411 5109 Severi
1459 5056 1731 5126 gratiam.
1766 5054 1873 5120 Qui

226 5142 291 5182 eo
320 5130 495 5187 etiam
545 5134 763 5193 honore
794 5137 958 5195 illum
994 5147 1341 5213 prosecutus
1374 5147 1462 5200 est
1505 5149 1569 5198 ut
1598 5160 1874 5217 nummos

228 5218 354 5288 ejus
405 5221 661 5296 imagine
710 5228 881 5298 (teste
910 5231 1238 5303 Spartiano)
1287 5232 1559 5305 insigniri
1602 5233 1869 5303 jusserit,

224 5309 323 5378 qui
350 5310 674 5370 etiamnum
707 5317 784 5387 (3)
817 5325 1042 5375 exstant
1071 5337 1202 5376 cum
1236 5321 1722 5393 inscriptionibus
1752 5327 1872 5377 tam

221 5396 434 5456 Graecis
489 5420 665 5475 quam
729 5407 952 5463 Latinis
1010 5411 1163 5481 apud
1218 5412 1542 5467 Generosos
1596 5412 1874 5467 Dominos

223 5486 480 5548 Marcum
517 5498 573 5550 et
605 5495 935 5553 Guidonem
969 5500 1249 5556 Laurinos
1301 5500 1620 5557 Watreﬂeti
1651 5501 1874 5574 Topar-

1984 4716 2105 4755 δερ.
2140 4716 2260 4755 SEV.
2294 4714 2429 4753 AUG.
2466 4714 2590 4752 IMP.
2624 4712 2725 4751 XII.
2761 4712 2925 4751 PART.
2956 4712 3125 4750 ARAB.
3161 4712 3325 4750 PART.
3360 4711 3633 4749 ADIABJV.

1982 4805 2035 4843 x.
2064 4803 2391 4843 psorsc'no.
2416 4790 2867 4856 aue.,quantum
2890 4789 3149 4857 apparet,
3171 4784 3228 4839 in
3249 4784 3633 4840 Britanniam.

1982 4879 2239 4942 Quarum
2276 4876 2450 4948 priori
2485 4876 2695 4947 partim
2730 4875 2908 4929 etiam
2942 4875 3266 4947 explicatur
3294 4873 3438 4928 illud
3471 4878 3637 4944 :quot

1979 4968 2169 5038 populi
2217 4966 2552 5036 repugnati!
2598 4964 3102 5027 Quemadmodum
3149 4969 3203 5018 et
3256 4961 3447 5017 illud:
3507 4967 3636 5034 quot

1982 5056 2199 5111 ordines
2228 5053 2538 5108 illustrati!
2568 5053 2638 5105 de
2670 5051 2987 5106 Ordinibus
3036 5067 3247 5123 nempe
3279 5066 3381 5105 seu
3429 5050 3632 5121 Legio-

1984 5145 2159 5199 nibus
2180 5142 2549 5207 Militaribus,
2574 5156 2675 5211 per
2700 5140 3118 5212 inscriptiones
3149 5155 3437 5194 annorum
3466 5144 3629 5194 Beve.

1982 5251 2045 5303 ιι,
2101 5251 2187 5297 m,
2234 5248 2297 5287 ac
2348 5248 2423 5300 IV,
2456 5230 2641 5296 istas;
2676 5246 2800 5284 IMP.
2854 5247 2991 5285 (λεδ.
3044 5246 3094 5284 L.
3146 5245 3265 5285 sev.
3317 5233 3423 5283 etc.
3474 5244 3627 5283 me.

1984 5340 2108 5379 po'r.
2144 5341 2205 5378 ιι.
2239 5338 2362 5377 IMP.
2398 5337 2473 5375 IV.
2494 5336 2614 5373 cos.
2645 5336 2705 5373 II.
2733 5336 2967 5374 paocos.
2997 5336 3044 5373 Ρ.
3076 5335 3126 5372 Ρ.
3155 5318 3305 5372 Ordo
3331 5333 3490 5372 unus.
3527 5323 3581 5369 et
3614 5332 3627 5369 :

1981 5429 2134 5468 VIRG.
2171 5428 2325 5467 DIAN.
2361 5426 2520 5466 SACR.
2558 5425 2666 5463 PRO
2698 5425 2910 5463 SALUTE
2938 5426 3059 5462 IMP.
3095 5425 3143 5461 L.
3179 5424 3331 5460 SEPT.
3366 5422 3483 5460 εεν.
3518 5408 3630 5459 etc.

1982 5520 2137 5560 TRIB.
2171 5518 2295 5557 POT.
2328 5516 2412 5555 III.
2445 5514 2570 5554 IMP.
2594 5498 2815 5553 v.0rdo
2845 5513 3006 5554 CLUS.
3041 5513 3105 5552 ac
3141 5512 3153 5549 ἒ
3190 5510 3314 5549 IMP.
3349 5509 3485 5549 (ΗΕΒ.
3519 5497 3631 5548 θῐο.

296 5711 371 5785 (3)
401 5711 636 5773 Scilicet
667 5713 827 5768 circa
859 5728 1079 5772 annum
1110 5716 1268 5788 1579,
1303 5733 1418 5789 quo
1452 5715 1705 5790 primum
1736 5715 1890 5773 edita
1918 5715 2031 5774 fuit
2062 5734 2094 5774 a
2124 5714 2382 5774 Pamelio
2413 5712 2544 5769 Vita
2570 5710 2690 5767 haec
2720 5711 3085 5769 Tertulliani.
