4060 6344
207 364 279 421 85
1537 365 2063 427 TERTULLIANI
2110 364 2318 425 VI'I‘A.
3562 366 3639 427 86

205 493 260 546 in
282 508 465 549 muros
498 494 779 566 quondam
839 512 960 552 suos
989 494 1231 565 auderet,
1264 501 1489 570 stupure
1544 497 1702 553 illico
1735 497 1865 551 Car-
1900 500 1954 566 Α
1982 496 2042 551 in
2067 496 2482 553 communibus
2504 496 2647 551 locis
2688 496 2994 552 Ithetorico
3026 496 3319 552 exsultare
3339 512 3635 554 sermone.

208 584 575 653 thaginienses
598 589 661 639 ut
690 601 892 641 novum
922 589 1245 641 extraneum
1292 589 1598 657 ingenium.
1635 588 1861 642 Tantum

204 675 303 726 avi
332 673 645 745 longinqua
678 675 823 730 valet
850 685 1067 731 mutare
1098 682 1351 731 vetustas.
1386 677 1476 732 Sic
1504 677 1734 749 denique
1765 692 1861 731 nec

205 761 451 817 Pallium
482 767 827 832 agnoscitur.
861 766 990 821 Haec
1018 767 1191 838 paulo
1254 767 1555 838 prolixius,
1615 768 1687 822 ob
1735 766 1857 837 opi-

209 851 440 906 nionem
467 852 569 907 48
594 853 866 921 Vadiani,
901 854 998 926 qui
1032 855 1089 909 in
1124 854 1336 911 Charta
1393 856 1713 911 Palaestinas
1758 872 1855 927 pa-

206 942 376 995 triam
412 941 497 995 illi
522 943 785 1014 assignat
807 944 1193 1016 Municipium
1212 947 1507 1017 quoddam
1523 946 1694 1017 juxta
1710 953 1856 1000 Arus

206 1028 588 1087 Philenorum
619 1034 893 1089 fratrum.

271 1156 324 1208 8.
358 1155 540 1226 Atqui
574 1156 1167 1228 Tsa'rULuAquualis
1186 1158 1319 1213 felix
1345 1159 1516 1214 fuerit
1546 1159 1857 1226 institutio,

205 1243 397 1298 Libris
462 1244 593 1313 ejus
652 1245 936 1301 adversus
993 1246 1208 1302 Gentes
1250 1252 1562 1313 testantur,
1622 1248 1720 1319 qui
1774 1249 1857 1314 (Β.

203 1332 443 1385 Hieron.
478 1336 627 1387 teste
661 1333 845 1404 Epist.
879 1335 950 1389 ad
985 1335 1285 1406 Magnum)
1340 1342 1610 1392 cunctam
1665 1336 1859 1392 seaculi

200 1420 509 1475 continent
537 1420 939 1492 disciplinam,
968 1439 998 1477 θ
1029 1425 1244 1494 quibus
1290 1425 1373 1479 vel
1433 1425 1574 1480 solis
1632 1430 1863 1480 constat

204 1524 411 1563 omnes
446 1508 614 1563 illum
648 1514 933 1567 Auctores
961 1513 1609 1578 evolvisse,Historicos,
1633 1514 1859 1581 Poetas,

201 1596 675 1664 Grammaticos;
705 1600 778 1654 de
808 1599 1237 1656 Jureconsultis
1268 1619 1401 1657 vero
1435 1619 1527 1658 res
1560 1603 1751 1657 notior
1774 1606 1864 1656 est

202 1700 383 1754 quam
420 1690 485 1740 ut
516 1686 861 1756 probatione
889 1689 965 1742 sit
986 1704 1155 1760 opus,
1190 1691 1260 1745 de
1310 1691 1551 1746 Medicis
1582 1696 1640 1746 et
1670 1691 1860 1746 Philo-

204 1772 408 1843 sophis
441 1774 700 1845 idipsum
733 1791 803 1830 ex
852 1775 997 1832 libro
1053 1778 1123 1833 de
1161 1780 1376 1834 Anima
1428 1780 1702 1851 colligere
1750 1785 1857 1835 est.

204 1862 467 1925 Quorum
490 1863 755 1918 omnium
788 1865 1131 1937 Catalogum
1157 1868 1214 1922 in
1249 1886 1387 1923 suas
1419 1869 1637 1924 classes
1663 1869 1859 1924 distri-
1892 1882 1938 1946 Β

202 1951 415 2005 butum
449 1952 693 2023 reperiet
726 1958 931 2008 Lector
977 1955 1129 2010 inter
1171 1956 1397 2013 Indices
1454 1964 1706 2023 nostros,
1740 1964 1861 2014 tam

211 2043 545 2095 Graecorum
576 2058 753 2111 quam
787 2043 1300 2101 Latinorum.Hinc
1330 2063 1362 2101 a
1394 2047 1693 2102 Lactantio
1714 2048 1861 2102 dici-

208 2135 307 2183 tur
334 2128 394 2183 in
426 2133 588 2185 omni
622 2147 835 2202 genere
857 2132 1189 2191 litterarum
1216 2138 1460 2206 peritus,
1493 2138 1566 2192 ab
1614 2136 1861 2192 Eusebio

208 2219 406 2292 legum
426 2226 485 2275 et
501 2237 697 2276 rerum
711 2225 1109 2280 Romanarum
1136 2226 1342 2296 peritia
1355 2226 1611 2295 clarus,a
1635 2232 1693 2281 Β.
1708 2226 1859 2285 Hier.

207 2310 359 2364 acris
380 2314 439 2365 et
458 2310 821 2367 vehementis
850 2313 1068 2384 ingenii
1098 2315 1188 2369 vir
1218 2332 1334 2388 quo
1365 2316 1510 2371 nihil
1550 2318 1862 2384 eruditius,

204 2400 353 2454 nihil
378 2401 613 2456 acutius
644 2418 707 2468 ;a
727 2402 1127 2474 B.Augustino
1145 2405 1703 2478 disertissimus,qui
1720 2408 1862 2463 buc-

205 2488 292 2542 cis
309 2489 667 2545 sonantibus
686 2490 1006 2547 orationem
1023 2493 1311 2549 inflaverit
1333 2513 1345 2561 ;
1372 2495 1736 2566 aNicephoro
1748 2494 1864 2551 elo-

206 2576 452 2647 quentia
485 2579 803 2634 admodum
837 2580 1083 2652 pollens,
1118 2584 1270 2637 acris
1292 2590 1348 2639 et
1374 2584 1716 2656 ingeniosus
1755 2586 1855 2639 ad-

204 2666 474 2721 modum.
503 2666 637 2730 Quas
668 2669 867 2723 omnia
899 2668 1077 2727 latius
1103 2672 1289 2728 multo
1323 2673 1697 2745 prosequitur
1718 2673 1857 2728 Vin-

205 2755 435 2809 centius
475 2755 837 2812 Lirinensis:
889 2780 916 2808 «
964 2758 1069 2814 Hic
1129 2760 1359 2833 (inquit)
1414 2763 1566 2834 apud
1624 2762 1858 2817 Latinos

208 2848 554 2898 nostrorum
616 2846 879 2901 omnium
940 2848 1107 2903 facile
1155 2850 1426 2921 princeps
1474 2851 1855 2922 judicandus.

206 2932 354 2995 Quid
394 2934 550 2988 enim
583 2933 691 2989 hoc
719 2934 842 2990 viro
872 2936 1099 2993 doctius
1127 2937 1155 2992 ‘?
1185 2940 1322 3010 quid
1353 2940 1411 2994 in
1445 2940 1657 2995 divinis
1683 2945 1858 3011 atque

208 3021 490 3077 humanis
522 3023 696 3079 rebus
739 3025 1109 3082 exercitatius
1136 3030 1164 3081 Ὺ
1192 3028 1410 3100 Nempe
1457 3045 1691 3085 omnem
1725 3029 1857 3084 Phi-

206 3108 562 3180 losophiam,
595 3116 650 3166 et
680 3117 921 3169 cunctas
959 3115 1441 3188 philosophorum
1474 3123 1684 3185 sectas,
1718 3135 1855 3174 auc-

208 3205 367 3254 tores
426 3206 863 3271 assertoresque
917 3209 1231 3271 sectarum,
1283 3224 1601 3279 omnesque
1648 3224 1849 3263 eorum

206 3288 578 3360 disciplinas,
599 3306 833 3346 omnem
866 3291 1244 3350 historiarum
1276 3302 1331 3351 et
1380 3298 1710 3353 studiorum
1757 3314 1849 3353 va-

202 3377 475 3433 rietatem
500 3379 649 3433 mira
663 3381 918 3450 quadam
944 3382 1153 3439 mentis
1166 3386 1484 3458 capacitate
1514 3386 1852 3459 complexus

203 3471 311 3522 est.
348 3467 591 3539 Ingenio
624 3485 755 3524 vero
789 3487 982 3526 nonne
1037 3479 1156 3527 tam
1217 3476 1377 3545 gravi
1425 3481 1481 3531 et
1527 3476 1854 3533 vehementi

202 3555 498 3623 excelluit,
528 3556 611 3611 uti
645 3557 789 3613 nihil
823 3560 933 3614 sibi
959 3577 1103 3632 pene
1133 3563 1204 3617 ad
1235 3567 1687 3637 expugnandum
1722 3583 1852 3637 pro-

203 3644 491 3716 posuerit,
525 3647 679 3717 quod
709 3664 824 3702 non
848 3655 949 3704 aut
978 3652 1247 3707 acumine
1277 3654 1681 3725 irruperit,aut
1711 3672 1855 3728 pon-

202 3734 340 3789 dere
373 3734 650 3790 illiserit?
679 3737 811 3792 Jam
846 3754 1016 3809 porro
1047 3742 1327 3798 orationis
1350 3760 1468 3798 suae
1499 3744 1704 3801 laudes
1721 3746 1855 3815 quis

204 3825 416 3894 exequi
470 3823 703 3880 valeat?
749 3826 886 3889 Quae
942 3832 1104 3884 tanta
1162 3832 1355 3886 nescio
1403 3849 1521 3903 qua
1568 3835 1854 3889 rationem

204 3912 495 3968 densitate
521 3920 788 3971 conserta
817 3921 929 3984 est,
963 3924 1024 3973 ut
1075 3920 1146 3974 ad
1179 3936 1530 3977 consensum
1563 3924 1677 3989 sui,
1709 3940 1855 3995 quos

204 4002 454 4058 suadere
485 4019 601 4058 non
635 4007 914 4075 poluerit,
953 4007 1237 4080 impellat,
1298 4012 1468 4082 cujus
1512 4019 1654 4083 quot
1709 4030 1857 4084 pene

200 4091 498 4158 verba,tot
527 4095 827 4149 sententiae
860 4103 1017 4168 sunt,
1051 4105 1194 4169 quot
1241 4116 1473 4170 sensus,
1533 4106 1618 4157 tot
1672 4104 1852 4159 victo-

201 4178 327 4235 ria),
362 4202 393 4230 ››
428 4180 776 4252 Quanquam
806 4184 1038 4241 interim
1071 4189 1427 4260 experientia
1457 4190 1584 4261 ipsa
1609 4191 1855 4247 convicti

202 4270 501 4325 fateamur
530 4288 766 4328 necesse
788 4274 884 4343 sit,
909 4277 1062 4347 quod
1082 4278 1153 4332 de
1183 4294 1248 4334 eo
1262 4279 1464 4335 scribit
1494 4280 1854 4350 Lactantius,

201 4374 418 4429 parum
451 4376 580 4416 esse
609 4360 863 4432 facilem,
896 4364 1093 4422 minus
1132 4375 1453 4439 comptum,
1513 4374 1570 4425 et
1599 4370 1854 4428 multum

200 4449 549 4516 obscurum,
572 4454 628 4505 et
659 4452 829 4520 juxta
860 4457 922 4507 Β.
960 4455 1398 4529 Hieronymum,
1432 4460 1697 4516 crebrum
1725 4461 1854 4532 qui-

201 4537 336 4593 dem
360 4538 422 4592 in
454 4540 780 4609 sententiis,
824 4543 925 4598 sed
977 4544 1276 4601 difficilem
1330 4546 1390 4603 in
1421 4547 1765 4620 eloquendo,
1797 4556 1856 4607 ut

200 4642 320 4682 non
347 4627 564 4683 mirum
596 4630 689 4697 sit,
724 4631 942 4703 stylum
970 4634 1097 4705 ejus
1119 4640 1177 4691 et
1205 4635 1455 4693 aliorum
1479 4638 1655 4694 etiam
1685 4640 1854 4695 Afro-
1885 4626 1931 4689 Ι)

202 4732 336 4770 rum
402 4717 566 4773 facile
616 4720 877 4790 potuisse
923 4722 1172 4779 discerni
1205 4726 1579 4796 aNepotanio
1630 4728 1736 4786 {uti
1792 4729 1853 4785 in

200 4803 334 4860 Vita
365 4805 496 4876 ejus
520 4811 769 4865 testatur
818 4810 973 4868 idem
1025 4813 1083 4868 Β.
1137 4813 1571 4887 Hieronymus),
1623 4817 1854 4873 Minutii

201 4893 414 4950 Felicis
445 4896 597 4968 dico,
628 4903 691 4955 Β.
725 4901 1020 4972 Cypriani,
1058 4903 1320 4972 Arnobii,
1382 4906 1689 4973 Lactantii,
1718 4907 1852 4963 Vic-

203 4984 401 5041 torini.
431 4984 818 5046 Ohscuritatis
848 5006 980 5047 vero
1012 4993 1147 5065 styli
1202 4994 1555 5067 praecipuam
1614 5013 1852 5053 causam

208 5076 512 5131 annotavit
561 5076 777 5134 alicubi
824 5080 1161 5150 Rhenanus,
1219 5084 1370 5154 quod
1402 5101 1471 5139 ex
1523 5085 1851 5143 Graecorum

207 5165 518 5221 Auctorum
551 5167 792 5224 assidua
818 5168 1066 5227 lectione
1100 5171 1244 5227 adeo
1294 5172 1520 5231 Graecas
1575 5175 1853 5247 loquendi

207 5252 490 5310 formulas
523 5256 841 5330 imbiberit,
884 5260 1147 5316 utetiam
1180 5261 1380 5319 Latine
1410 5263 1698 5334 scribens,
1725 5266 1851 5321 illa-

205 5360 326 5399 rum
377 5345 648 5402 oblivisci
702 5351 990 5420 nequiret.
1052 5350 1116 5406 Et
1156 5368 1293 5407 vero
1352 5354 1660 5426 scripsisse
1716 5374 1851 5412 eum

204 5438 460 5506 quadam
497 5438 558 5492 in
625 5438 1042 5509 adolescentia,
1087 5445 1259 5513 atque
1290 5444 1433 5498 adeo
1492 5452 1625 5500 ante
1676 5447 1851 5501 ﬁdem

198 5525 400 5585 Christi
435 5532 811 5601 susceptam,
847 5529 1003 5585 idem
1060 5530 1122 5585 Β.
1179 5530 1562 5604 Hieronymus
1592 5533 1851 5604 locuples

194 5622 349 5677 testis
377 5624 498 5677 est.
556 5617 688 5675 Non
751 5640 780 5667 «
842 5623 931 5674 est
980 5619 1196 5691 (inquit
1244 5620 1400 5677 lib.r
1456 5623 1586 5678 adv.
1635 5623 1849 5695 Jovin.)

186 5708 355 5787 hujus
386 5710 509 5771 loci
539 5707 897 5782 nuptiarum
920 5708 1223 5781 angustias
1255 5710 1854 5787 describere,etquasi

1980 587 2143 642 Certe
2174 592 2229 642 et
2252 588 2711 657 TERTULLIANUS,
2745 604 2869 642 cum
2902 586 3083 641 adhuc
3114 594 3251 641 esset
3282 587 3635 655 adolescens,

1973 676 2115 731 lusit
2148 677 2204 731 in
2235 677 2341 731 hac
2374 678 2637 732 materia.
2677 698 2701 727 ν
2736 678 2914 748 Cujus
2945 676 3080 731 libri
3124 681 3536 748 argumentum
3575 682 3634 733 et

1971 765 2209 821 titulum
2246 768 2396 821 idem
2430 767 2609 837 Epist.
2636 769 2725 832 22,
2762 768 2831 821 ad
2874 767 3148 821 Eustoch.
3186 771 3484 821 recenset:
3520 790 3547 815 «
3573 753 3631 821 Si

1970 856 2074 910 tibi
2137 856 2327 928 placet
2378 856 2617 928 (inquit)
2672 856 2839 926 scire,
2894 861 3034 928 quot
3099 855 3388 911 molestiis
3469 856 3630 927 virgo

1966 943 2339 1016 lihera,qu0t
2370 964 2512 1000 uxor
2544 946 2783 1001 astricta
2841 945 2937 1011 sit,
2990 944 3149 1015 legas
3209 946 3627 1001 TERTULLIANUN

1968 1051 2040 1089 an
2070 1036 2301 1090 AMICUM
2334 1035 2757 1090 PHILOSOPHUM.
2786 1057 2813 1083 ››
2846 1033 2967 1097 Quo
3018 1035 3083 1088 fit
3142 1038 3205 1089 ut
3264 1035 3624 1091 castitatem.

1970 1140 2144 1195 quam
2177 1128 2294 1179 toto
2326 1124 2451 1179 vita:
2476 1130 2734 1194 tempore
2767 1125 2865 1178 49
2922 1139 3104 1193 usque
3151 1123 3293 1177 adeo
3325 1139 3625 1178 commen-

1971 1213 2167 1268 datam
2206 1212 2433 1281 habuit,
2467 1212 2645 1268 etiam
2672 1214 2798 1283 jam
2829 1212 2965 1267 inde
2995 1212 3067 1266 ab
3130 1210 3229 1266 illo
3261 1211 3629 1266 observatam

1972 1318 2339 1357 censeamus.
2363 1303 2551 1373 Atque
2582 1302 2724 1357 adeo
2758 1318 2870 1356 non
2906 1304 3025 1355 tam
3054 1317 3159 1355 suo
3174 1316 3349 1371 quam
3372 1299 3625 1355 aliorum

1972 1390 2221 1458 nomine,
2256 1390 2502 1463 exempli
2534 1391 2741 1463 gratia,
2776 1390 2999 1444 dictum
3049 1387 3623 1460 intelligimusillius

1970 1479 2245 1535 Auctoris
2281 1496 2293 1535 :
2324 1503 2350 1529 «
2379 1484 2493 1553 Ego
2514 1496 2600 1535 me
2627 1480 2739 1535 scio
2768 1495 2943 1549 neque
2987 1478 3104 1533 alia
3132 1493 3296 1533 carne
3349 1476 3627 1532 adulteria

1970 1570 2323 1636 commisisse,
2346 1585 2524 1640 neque
2555 1586 2702 1624 nunc
2732 1568 2851 1623 alia
2872 1584 3043 1623 carne
3099 1566 3169 1620 ad
3220 1566 3626 1621 continentiam

1969 1659 2128 1711 eniti.
2166 1659 2284 1712 Lib.
2310 1658 2373 1714 de
2401 1663 2594 1714 Resur.
2625 1674 2737 1711 car.
2763 1673 2888 1724 cap.
2921 1657 3010 1710 59.
3038 1676 3066 1705 »

2042 1745 2071 1817 §
2125 1749 2193 1800 V.
2251 1748 2327 1801 De
2373 1749 2493 1819 ejus
2551 1747 2963 1803 conversatione
3036 1745 3095 1798 in
3165 1742 3505 1813 gentilismo,
3554 1741 3621 1796 de

1970 1836 2245 1906 conjugio.
2278 1865 2345 1876 —
2372 1836 2793 1907 9.Conjugiuui
2822 1841 3016 1889 tamen
3050 1833 3252 1888 iniisse
3280 1833 3622 1887 TERTULLIA-

1970 1941 2084 1978 NUM
2115 1941 2183 1979 ex
2216 1924 2401 1980 Libris
2428 1926 2658 1981 duobus
2691 1926 2761 1979 ad
2797 1924 3041 1979 Uxorem
3078 1922 3455 1994 perspicuum
3489 1924 3617 1975 est:

1972 2012 2238 2069 fortassis
2270 2015 2423 2085 quod
2448 2016 2709 2069 nondum
2742 2013 2984 2069 sublate:
3034 2017 3232 2067 essent
3262 2010 3443 2083 Papia
3472 2014 3619 2079 Pop-

1971 2118 2095 2174 paea
2122 2106 2179 2158 et
2207 2102 2364 2159 Julia
2393 2102 2569 2174 leges,
2619 2120 2743 2175 quas
2802 2102 3018 2157 liberos
3062 2099 3283 2172 suscipi
3336 2099 3622 2170 cogebant

1970 2190 2081 2262 (uti
2112 2191 2236 2261 ipse
2267 2192 2501 2263 fatetur)
2534 2196 2590 2246 et
2611 2191 2838 2246 caelibes
2896 2196 2954 2246 et
3005 2190 3179 2245 orbos
3234 2188 3511 2243 vetabant
3552 2204 3622 2244 ex

1969 2284 2319 2336 testamento
2352 2280 2607 2336 solidum
2641 2280 2969 2351 capere;de
3027 2277 3245 2349 quibus
3304 2293 3405 2348 per
3447 2276 3619 2332 Seve-

1971 2385 2102 2423 rum
2138 2370 2280 2440 Imp.
2317 2369 2566 2425 sublatis
2596 2369 2747 2425 infra
2777 2368 3239 2431 latius.Quarum
3272 2364 3467 2436 legum
3484 2381 3617 2420 con-

1971 2456 2196 2512 stitutio
2238 2459 2623 2529 praescribens
2682 2455 3039 2512 matrimonii
3090 2458 3311 2510 certam
3358 2457 3612 2523 atatem,

1972 2551 2170 2619 utpote
2194 2548 2363 2618 juxta
2391 2547 2690 2602 Platonem
2723 2544 2860 2600 anni
2884 2560 3050 2612 xxxv,
3107 2547 3370 2597 nostram
3403 2541 3613 2596 conﬁr-

1970 2642 2094 2691 mat
2119 2638 2531 2707 conjecturam,
2566 2636 2720 2707 quod
2754 2639 2887 2690 ante
2934 2633 3109 2687 fidem
3168 2630 3613 2686 matrimonium

1968 2727 2338 2794 contraxerit,
2372 2742 2710 2799 quanquam
2731 2729 2927 2780 tamen
2945 2722 3262 2778 liberorum
3294 2721 3421 2790 ejus
3452 2718 3616 2775 nulla

1968 2815 2198 2885 uspiam
2285 2815 2525 2871 mentio.
2607 2813 2896 2869 Scribitur
2944 2816 3138 2867 autem
3196 2827 3230 2865 a
3287 2808 3614 2864 Trithemio

1967 2904 2121 2973 apud
2154 2903 2567 2977 Carthaginem
2602 2903 2828 2974 aliquot
2857 2901 3030 2957 annis
3061 2898 3434 2955 Rhetoricam
3488 2896 3616 2969 glo-

1966 2992 2118 3047 riose
2149 2993 2421 3049 docuisse
2447 3019 2460 3061 ;
2487 2997 2688 3064 postea
2709 2997 2766 3046 et
2794 2994 3089 3045 Oratorem
3133 2987 3312 3043 fuisse
3344 3003 3445 3043 seu
3477 3002 3615 3041 cau-

1965 3097 2187 3136 sarum.
2218 3084 2573 3138 Advocatum
2608 3098 2742 3137 mox
2772 3077 3305 3151 comprobabimus.
3331 3075 3615 3131 Jurecon-

1965 3169 2186 3224 sultum
2221 3171 2396 3225 etiam
2428 3170 2608 3225 fuisse
2640 3172 2869 3224 constat
2899 3184 2969 3222 ex
2984 3165 3162 3221 variis
3190 3164 3407 3236 quibus
3429 3163 3616 3217 utitur

1884 3252 1925 3318 C
1965 3258 2280 3328 phrasibus
2314 3264 2369 3315 et
2398 3260 2428 3314 J
2461 3263 2516 3314 C.
2551 3256 3106 3313 vocibus.Fortassis
3136 3257 3329 3309 Romae
3362 3267 3609 3323 princep-

1964 3351 2088 3403 tore
2121 3366 2264 3404 usus
2282 3354 2373 3404 est
2399 3348 2661 3403 Serbidio
2692 3345 2961 3411 Scaevola,
2993 3348 3051 3400 et
3108 3342 3441 3399 studiorum
3491 3339 3610 3395 col-

1964 3434 2090 3509 lega
2146 3442 2350 3493 Severo
2410 3437 2557 3508 Imp.
2609 3440 2666 3491 et
2706 3434 2937 3490 IEmilio
3006 3431 3380 3504 Papiniano:
3441 3433 3610 3484 aetate

1962 3531 2158 3583 tamen
2193 3527 2387 3583 minor
2416 3527 2647 3597 Severo,
2671 3525 2772 3596 qui
2803 3528 2976 3580 natus
3003 3521 3112 3577 fuit
3164 3538 3316 3576 anno
3378 3517 3608 3575 Domini

1963 3634 2141 3686 cxcvr,
2218 3622 2283 3673 ut
2338 3615 2839 3688 quadragenarius
2899 3612 3072 3668 fuerit
3129 3611 3294 3666 initio
3370 3605 3610 3679 Imperii

1964 3705 2143 3761 illius.
2180 3708 2317 3762 Inde
2342 3706 2498 3762 enim
2531 3707 2601 3760 ad
2630 3706 2806 3759 ﬁnem
2858 3718 3044 3773 usque
3073 3699 3307 3772 Imperii
3337 3697 3526 3770 ipsius
3557 3701 3616 3751 et

1965 3795 2071 3850 filii
2100 3796 2228 3866 ejus
2259 3794 2533 3851 Antonini
2566 3792 2897 3858 Caracallae,
2945 3792 3054 3847 sub
3116 3789 3337 3861 quibus
3394 3790 3616 3841 Auctor

1966 3884 2184 3954 ﬂoruit,
2212 3886 2349 3940 anni
2380 3884 2717 3940 efﬁciuntur
2761 3899 2912 3950 xxxv,
2977 3884 3080 3936 aut
3124 3877 3390 3944 circiter;
3443 3880 3500 3930 et
3531 3874 3616 3929 sic

1965 3974 2144 4029 simul
2202 3973 2642 4030 constituuntur
2700 3989 2811 4027 an
2869 3968 3056 4025 aetatis
3134 3968 3525 4030 TERTULLIANI,
3581 3978 3616 4017 a

1964 4081 2080 4136 quo
2112 4082 2265 4120 anno
2298 4065 2493 4136 (quem
2527 4061 2987 4118 climactericum
3028 4061 3237 4114 vocant
3260 4054 3491 4123 Medici)
3522 4054 3617 4110 de-

1964 4153 2183 4225 crepita
2204 4158 2362 4224 satas,
2394 4153 2465 4207 ad
2498 4169 2677 4223 quam
2709 4168 2889 4222 usque
2940 4149 3103 4213 vixit,
3163 4144 3416 4202 exordiri
3440 4142 3616 4199 solet.

1964 4247 2073 4298 Pro
2096 4260 2210 4315 quo
2243 4243 2381 4298 facit
2410 4243 2565 4314 quod
2594 4242 2653 4296 Β.
2689 4240 2926 4310 Hieron,
2966 4243 3024 4294 et
3078 4235 3442 4307 Nicephorus
3483 4235 3616 4304 post

1965 4333 2219 4388 mediam
2252 4337 2478 4387 (etatem
2509 4331 2569 4385 in
2600 4330 2868 4386 haeresim
2900 4325 3158 4383 Montani
3196 4324 3428 4396 lapsum
3462 4321 3614 4377 scri-

1962 4421 2131 4490 bunt,
2166 4438 2373 4493 nempe
2405 4424 2606 4477 nostra
2636 4419 2875 4491 quidem
2899 4415 3191 4473 sententia
3209 4413 3363 4469 circa
3384 4425 3607 4466 annum

1964 4510 2150 4566 aetatis
2195 4512 2322 4582 ejus
2374 4508 2934 4582 quinquagesimum
2997 4502 3260 4567 tertium,
3319 4515 3473 4557 anno
3519 4498 3615 4554 Se-

1962 4600 2079 4656 veri
2108 4619 2197 4672 xv,
2230 4606 2348 4657 toto
2380 4604 2513 4657 ante
2546 4600 2772 4656 obitum
2806 4595 3105 4653 decennio.
3162 4593 3375 4649 Verum
3409 4592 3479 4646 de
3509 4589 3604 4646 his

1963 4689 2097 4761 plus
2129 4691 2296 4747 satis.
2328 4692 2456 4747 Jam
2489 4691 2559 4747 ad
2593 4688 2911 4746 Historiam
2962 4700 3279 4759 pergamus
3324 4696 3616 4739 annorum

1962 4778 2197 4836 illorum
2214 4798 2366 4836 xxiv.

2496 4945 2661 4997 Anno
2700 4940 2752 4996 J.
2807 4941 2867 4996 C.
2901 4955 3077 4996 cxciv.

2036 5091 2120 5144 10.
2149 5092 2314 5144 Anno
2346 5088 2526 5159 igitur
2556 5085 2793 5143 Domini
2832 5101 3015 5153 cxcw,
3074 5087 3132 5137 C.
3195 5080 3395 5138 SOSIO
3454 5079 3615 5135 FAL-

1962 5178 2149 5237 CONE
2173 5184 2230 5234 et
2259 5179 2321 5234 C.
2361 5177 2560 5233 JULIO
2594 5176 2856 5231 ERUTIO
2885 5175 3121 5229 CLARO
3177 5176 3356 5227 COSS.
3391 5170 3448 5225 S.
3481 5168 3614 5221 Vic-

1963 5269 2131 5339 toris,
2160 5269 2220 5324 F.
2266 5266 2471 5324 Felicis
2510 5266 2658 5334 Afri,
2717 5264 2963 5321 Romani
3016 5261 3314 5318 Pontificis
3364 5276 3457 5313 an.
3492 5271 3614 5322 vm,

1964 5361 2114 5431 Imp.
2154 5357 2292 5414 Caes.
2330 5358 2384 5413 L.
2416 5354 2683 5427 Septimii
2714 5358 2787 5408 M.
2849 5352 2909 5421 F,
2971 5351 3115 5416 Afri,
3174 5354 3234 5404 P.
3299 5342 3614 5403 Pertinacis

1942 5448 2211 5523 _Augusti
2231 5464 2383 5502 anno
2411 5464 2450 5512 ι,
2473 5450 2881 5501 TERTULLIANUS
2912 5441 3103 5496 adhuc
3146 5438 3415 5493 ethnicus
3472 5449 3615 5487 cau-

1963 5554 2165 5594 sarum
2197 5541 2510 5609 patronum
2537 5535 2746 5605 agebat
2800 5529 3190 5601 Carthagine;
3240 5525 3396 5597 quod
3455 5538 3613 5578 com-

1960 5628 2245 5699 probatur
2274 5626 2367 5683 his
2389 5626 2578 5698 ipsius
2608 5622 2801 5678 verbis
2829 5635 2958 5691 quas
3005 5617 3115 5672 sub
3165 5614 3332 5670 Pallii
3365 5628 3617 5686 persona

1964 5714 2035 5771 de
2065 5730 2127 5771 se
2163 5711 2399 5786 scripsit
2424 5712 2552 5784 jam
2586 5707 2959 5766 Christianus
2988 5705 3175 5761 factus
3211 5707 3389 5776 :Ego,
3423 5701 3613 5773 inquit
