4060 6338
959 12 972 16 ν

451 386 528 446 8‘1
1768 385 2206 448 TERTULLIA
2218 389 2265 447 Ν
2273 388 2297 448 Ι
2347 393 2553 455 VITA.
3780 387 3857 446 88

453 520 598 576 nihil
619 522 756 591 foro,
789 519 934 576 nihil
963 532 1168 590 campo,
1199 517 1348 572 nihil
1375 517 1551 574 curiae
1579 517 1764 590 debeo,
1797 519 1940 574 nihil
1967 521 2093 590 ofﬁ-

2231 524 2559 595 Spartianus
2591 545 2655 584 ac
2693 527 2844 584 Fasti
2875 525 3242 594 Consulares,
3276 525 3418 580 dum
3449 523 3520 578 30
3550 525 3862 595 postquam

453 612 536 665 cio
563 610 823 681 advigila,
853 609 1013 664 nulla
1045 612 1219 662 rostra
1244 622 1584 679 przoccupo,
1630 608 1793 664 nulla
1832 611 2104 679 prwtoria

454 699 693 768 observo,
719 697 993 754 cancellos
1023 711 1130 752 non
1162 695 1347 764 adoro,
1384 697 1646 752 subsellia
1676 715 1780 753 non
1807 697 2100 764 contundo,

452 793 595 846 Jura
648 803 757 843 non
797 789 1078 852 conturbo,
1128 801 1315 840 causas
1362 801 1472 840 non
1519 787 1724 842 elatro.
1782 788 1916 842 Plus
1960 792 2104 858 togae

457 877 644 934 lasere
672 878 852 949 Remp.
889 892 1054 946 quam
1105 875 1294 932 loricae
1352 875 1442 944 (De
1489 875 1633 930 Pall.
1693 893 1738 931 c.
1799 876 1876 947 5).
1937 875 2103 931 Certe

453 965 752 1021 etbnicum
784 981 846 1020 se
877 965 1058 1020 fuisse
1089 967 1214 1036 ipse
1246 963 1480 1030 fatetur,
1531 980 1713 1036 agens
1766 964 1836 1019 de
1875 965 2103 1035 judicio

453 1059 734 1126 extremo,
791 1053 908 1110 vita
940 1057 997 1108 et
1025 1053 1156 1124 igne
1187 1052 1441 1120 aeternis,
1499 1057 1554 1109 et
1595 1053 1978 1109 suscitatione
2008 1053 2106 1108 de-

453 1144 788 1200 functorum
818 1143 1003 1211 :Hasc,
1028 1142 1242 1213 inquit,
1273 1147 1325 1198 et
1358 1158 1454 1197 nos
1505 1143 1732 1198 risimus
1778 1143 2106 1214 aliquando,

451 1232 518 1289 de
545 1235 739 1289 vestris
765 1234 997 1304 fuimus.
1023 1233 1206 1302 Fiunt,
1253 1247 1362 1287 non
1413 1233 1516 1289 50
1574 1237 1876 1288 nascuntur
1922 1232 2105 1287 Chris-

451 1323 594 1378 tiani
622 1323 718 1394 (5).
746 1322 913 1394 Apud
948 1325 1245 1376 auctorem
1281 1337 1413 1376 vero
1471 1322 1734 1392 quaedam
1771 1322 1841 1376 ad
1885 1337 2104 1376 annum

453 1410 611 1467 hunc
644 1410 996 1483 pertinentia
1029 1409 1282 1482 reperire
1313 1413 1425 1465 est.
1489 1410 1784 1482 Imprimis
1834 1410 1905 1466 de
1954 1411 2108 1466 caede

453 1499 668 1570 Imper.
702 1505 764 1554 P.
799 1499 1004 1565 Helvii,
1051 1503 1112 1552 P.
1173 1499 1236 1553 E.
1296 1497 1615 1554 Pertinacis
1658 1498 1833 1554 occisi
1865 1516 1916 1552 v.
1978 1497 2104 1553 Kal.

455 1587 640 1660 April.
671 1587 817 1644 illud
850 1587 1209 1660 Apologetici
1246 1603 1258 1642 :
1297 1587 1444 1644 Unde
1492 1590 1589 1658 qui
1631 1588 1886 1659 faucibus
1916 1589 2108 1660 expri-

454 1677 666 1733 mendis
692 1677 1065 1750 palaestricam
1111 1676 1409 1732 exercent?
1433 1677 1582 1734 Unde
1628 1678 1725 1748 qui
1774 1681 1988 1734 armati
2008 1695 2108 1749 pa-

458 1767 653 1823 latium
671 1770 1011 1840 irrumpunt,
1036 1767 1285 1822 omnibus
1313 1766 1550 1836 Sigeriis
1596 1772 1763 1839 atque
1796 1769 2110 1823 Partheniis

458 1856 931 1913 audaciorestDe
990 1857 1267 1925 Romanis,
1323 1857 1385 1910 ni
1440 1856 1612 1928 fallor
1673 1857 1849 1927 (Apol.
1891 1873 1937 1912 c.
1996 1858 2108 1926 35),

461 1948 663 2017 utpote
693 1945 793 2019 qui
814 1946 872 2000 in
907 1945 1130 2001 foribus
1153 1944 1352 2016 palatii
1375 1945 1445 2001 ab
1477 1946 1718 2001 armatis
1745 1945 2113 2002 Pretorianis

461 2034 752 2091 militibus
794 2034 1139 2091 interfectus
1197 2035 1293 2105 sit,
1355 2035 1606 2091 factione
1665 2035 1801 2090 Lati
1862 2035 2113 2107 praefecti

463 2123 730 2196 praetorio
759 2124 1047 2195 ejusdem,
1075 2123 1244 2194 cujus
1294 2123 1470 2194 jussu
1514 2125 1870 2180 Commodus
1902 2124 2114 2196 Imper.

465 2226 581 2268 non
615 2211 801 2268 multo
834 2216 968 2268 ante
1001 2229 1034 2268 a
1063 2211 1336 2268 Narcisso
1385 2211 1623 2280 athleta,
1683 2229 1816 2268 cum
1875 2231 1990 2285 quo
2022 2213 2118 2270 ille

465 2299 692 2358 solebat
720 2301 777 2356 in
810 2301 1137 2373 palsstrica
1177 2303 1451 2370 exerceri,
1477 2303 1878 2375 strangulatus
1905 2304 2115 2360 fuerat.

464 2389 685 2445 Deinde
715 2391 784 2446 de
816 2390 1030 2462 Imper.
1052 2393 1192 2445 Caes.
1219 2392 1540 2448 Pescennio
1567 2392 1767 2464 Nigro,
1801 2393 1900 2464 qui
1930 2392 2120 2449 occiso

458 2479 634 2549 jussu
665 2479 916 2536 Senatus
939 2479 1151 2551 Imper.
1185 2481 1392 2535 Caesar.
1427 2481 1505 2536 M.
1538 2481 1706 2536 Didio
1749 2481 1824 2537 M.
1864 2483 1917 2536 F.
1952 2484 2121 2538 Com-

468 2568 642 2623 modo
669 2572 878 2624 Severo
899 2567 1137 2623 Juliano
1190 2574 1478 2641 Augusto,
1539 2575 1745 2626 exante
1792 2571 1946 2626 diem
2006 2576 2122 2625 Ka-

470 2658 676 2715 lendas
707 2659 891 2715 Maias
923 2659 1238 2732 Imperium
1290 2661 1606 2731 invaserat,
1657 2662 1801 2716 illud
1857 2663 2121 2733 ejusdem

472 2749 585 2807 loci
609 2768 623 2807 :
653 2751 826 2808 Plane
853 2753 1044 2809 caeteri
1073 2752 1291 2808 ordines
1307 2769 1409 2824 pro
1439 2755 1770 2810 auctoritate
1799 2754 2126 2826 religiosiex

475 2840 582 2913 ﬁde
607 2841 756 2896 nihil
783 2841 1053 2897 hosticum
1085 2841 1370 2912 (adversus
1404 2842 1696 2915 Cwsarem)
1735 2843 1801 2898 de
1855 2845 1970 2916 ipso
2027 2844 2126 2900 Se-

475 2938 641 2999 natu,
665 2931 729 2986 de
758 2933 954 3003 equite,
979 2931 1044 2987 de
1063 2932 1279 3000 castris,
1341 2934 1408 2987 de
1433 2933 1661 3004 palatiis
1721 2935 1853 3004 ipsis
1887 2935 2121 3007 spirant.

475 3019 624 3077 Unde
653 3019 830 3076 Cassii
856 3026 909 3076 et
934 3021 1093 3092 Nigri
1122 3025 1148 3074 7
1195 3024 1452 3085 Quorum
1514 3021 1678 3093 prius
1730 3023 1799 3076 ad
1853 3023 2125 3079 Avidium

470 3109 738 3166 Cassium
771 3111 1154 3183 refertur,qui
1180 3127 1246 3166 ex
1279 3110 1502 3166 familia
1530 3111 1865 3167 Cassiorum
1895 3113 1958 3167 C.
1981 3112 2122 3168 Julii

469 3200 608 3254 Caes.
640 3197 1107 3270 interfectorum,
1140 3203 1196 3255 et
1222 3200 1512 3255 Antonino
1573 3200 1668 3256 Pio
1717 3206 1772 3256 et
1829 3201 2022 3257 Marco
2055 3218 2121 3257 ac

2219 615 2274 668 in
2310 617 2513 672 urbem
2547 623 2781 673 venerat
2809 617 2923 686 die,
2957 619 3162 672 exante
3195 615 3348 670 diem
3383 613 3508 670 Kal.
3557 610 3676 668 Jul.
3728 626 3862 682 pro-

2215 704 2432 760 fectum
2463 706 2730 762 scribunt
2759 708 3031 762 Severum
3066 706 3124 762 in
3183 704 3477 761 Orientem
3532 705 3736 756 contra
3765 698 3862 754 Ni-

2216 810 2385 865 grum
2411 801 2749 868 tyrannum,
2784 796 2937 851 datis
2988 797 3153 867 prius
3203 793 3360 866 plebi
3422 792 3752 864 Congiaria,
3811 791 3869 843 et

2216 883 2496 941 Donativo
2529 885 2850 954 Militibus;
2886 885 3141 956 denique
3199 890 3254 938 et
3309 883 3429 937 hac
3491 876 3868 935 numismatis

2216 971 2524 1046 inscriptio
2578 991 2592 1030 :
2643 975 2793 1030 IMP.
2853 974 3023 1029 C/ES.
3082 975 3144 1028 L.
3203 973 3398 1027 SEPT.
3449 968 3601 1024 SEV.
3662 966 3866 1023 PERT.

2214 1061 2379 1116 AUG.
2459 1064 2601 1118 COS.
2670 1063 3125 1118 LIBERALITAS
3195 1061 3354 1117 AUG.
3418 1076 3534 1132 quo
3595 1055 3866 1129 pertinet.

2216 1150 2389 1207 etiam
2421 1153 2574 1224 quod
2608 1152 3112 1225 praetermittitur:
3140 1152 3300 1207 Focos
3356 1153 3406 1206 et
3437 1150 3617 1204 thoros
3676 1148 3732 1201 in
3765 1161 3870 1217 pu-

2215 1241 2419 1296 blicum
2447 1242 2797 1307 educere,5|
2835 1245 3055 1299 vicatim
3077 1242 3600 1314 epulari,civitatem
3629 1236 3870 1292 tabernae

2219 1329 2414 1385 habitu
2452 1330 2804 1400 abolefacere,
2865 1332 2989 1386 vino
3067 1331 3241 1385 lutum
3289 1341 3502 1398 cogere.
3563 1325 3650 1379 Ad
3716 1323 3871 1378 hunc

2220 1424 2494 1489 praeterea
2526 1437 2746 1475 annum
2779 1420 3068 1492 pertinere
3099 1433 3410 1474 censemus
3470 1413 3616 1469 illud
3649 1411 3749 1467 lib.
3801 1409 3870 1465 ad

2217 1510 2525 1580 Scapulam
2561 1527 2573 1564 :
2607 1511 2725 1580 Ipse
2745 1511 2917 1564 etiam
2945 1509 3175 1564 Severus
3201 1515 3360 1578 pater
3388 1503 3653 1560 Antonini
3686 1499 3874 1556 Chris-

2218 1599 2496 1654 tianorum
2526 1614 2736 1655 memor
2762 1600 2890 1669 fuit.
2915 1603 3052 1656 Nam
3083 1607 3133 1654 et
3165 1595 3460 1652 Proculum
3493 1592 3872 1650 Christianum

2217 1689 2316 1758 qui
2347 1688 2645 1758 Torpacion
2675 1688 3189 1757 cognominabatur,
3247 1683 3508 1740 Euhediae
3548 1687 3875 1754 procurato-

2218 1793 2356 1842 rem,
2390 1777 2487 1848 qui
2513 1793 2638 1832 eum
2684 1793 2783 1849 per
2834 1778 3016 1833 oleum
3071 1775 3381 1846 aliquando
3437 1777 3747 1835 curaverat,
3783 1784 3872 1824 re-

2218 1867 2470 1937 quisivit,
2503 1871 2553 1921 et
2583 1866 2643 1921 in
2669 1867 2875 1938 palatio
2901 1882 2996 1921 suo
3052 1865 3247 1920 habuit
3301 1878 3472 1934 usque
3526 1859 3594 1916 ad
3643 1861 3869 1914 mortem

2220 1953 2371 2021 eius:
2406 1969 2564 2023 quem
2591 1957 2644 2009 et
2678 1955 2989 2010 .4ntoninus
3040 1954 3241 2024 optime
3285 1956 3516 2005 noverat
3548 1947 3864 2003 Christiano

2224 2043 2363 2098 lacte
2391 2042 2649 2098 educatus
2681 2044 2761 2114 (ιι.
2795 2042 2864 2097 ad
2893 2042 3056 2113 Scap.
3096 2058 3144 2096 c.
3171 2041 3244 2112 4).
3306 2039 3452 2095 Nam
3485 2037 3758 2092 morbum
3791 2031 3878 2088 illi

2223 2148 2458 2204 gravem
2490 2133 2808 2204 contigisse
2831 2131 2996 2186 initio
3029 2129 3285 2202 Imperii,
3328 2146 3399 2185 ex
3437 2127 3583 2182 iElio
3635 2125 3877 2195 Lampr.

2225 2219 2314 2275 vel
2343 2219 2478 2276 inde
2509 2226 2686 2293 patet,
2719 2221 2873 2292 quod
2918 2237 3052 2276 cum
3104 2219 3208 2274 ﬁlii
3265 2218 3355 2274 sui
3408 2217 3465 2271 id
3531 2213 3720 2270 etatis
3761 2229 3878 2268 non

2227 2309 2508 2365 haberent
2565 2316 2627 2366 ut
2685 2310 2974 2382 imperare
3033 2313 3293 2380 possent,
3366 2308 3641 2362 Severum
3701 2302 3758 2356 id
3824 2301 3883 2355 in

2229 2399 2424 2454 animo
2457 2398 2734 2454 habuisse
2786 2398 3107 2470 scripserit,
3142 2401 3227 2468 ut,
3288 2396 3336 2452 si
3387 2393 3528 2467 quid
3588 2391 3700 2448 sibi
3739 2391 3888 2445 forte

2231 2486 2575 2544 humanitus
2605 2488 2934 2558 accidisset,
2965 2487 3140 2558 Niger
3199 2483 3552 2542 Pescennius
3602 2486 3660 2536 et
3714 2478 3888 2536 Clau-

2233 2576 2367 2632 dius
2399 2577 2646 2634 Albinus
2680 2578 3094 2643 succederent;
3127 2592 3376 2647 quorum
3403 2573 3499 2630 ille
3527 2571 3756 2628 occisus
3782 2568 3894 2623 fuit

2235 2683 2388 2722 anno
2418 2667 2705 2738 sequenti.
2740 2668 2808 2722 Et
2853 2684 2985 2724 cum
3017 2665 3214 2738 (sicuti
3265 2665 3417 2720 infra
3473 2661 3671 2731 latius)
3736 2674 3892 2714 anno

2235 2756 2426 2828 ipsius
2459 2757 2512 2823 4,
2545 2757 2877 2813 Antoninus
2908 2772 3130 2812 annum
3179 2771 3360 2827 agens
3417 2754 3506 2818 13,
3543 2751 3684 2808 Cres.
3739 2752 3892 2820 Aug.

2235 2845 2561 2917 appellatus
2596 2846 2691 2913 sit,
2721 2847 3012 2918 oportebit
3042 2843 3155 2900 huc
3182 2845 3396 2900 referre
3428 2841 3581 2914 quod
3635 2839 3704 2894 de
3728 2836 3892 2893 illius

2234 2936 2438 2990 scribit
2467 2935 2812 2991 educatione
2843 2937 3078 2991 Auctor.
3113 2932 3215 2988 Cui
3241 2930 3437 2988 simile
3488 2934 3578 2985 est
3635 2926 3786 2982 illud
3820 2926 3891 2981 de

2233 3024 2332 3079 illo
2360 3023 2651 3096 Spartiani
2682 3041 2694 3080 :
2726 3047 2754 3074 «
2775 3023 2828 3078 Si
2873 3025 3109 3094 quando
3142 3021 3279 3078 feris
3317 3020 3574 3091 objectos
3632 3017 3893 3072 damna-

2233 3117 2325 3169 tos
2353 3113 2516 3181 vidit,
2550 3112 2727 3180 flevit,
2763 3117 2862 3168 aut
2897 3113 3095 3169 oculos
3124 3109 3349 3167 avertit.
3381 3107 3691 3180 Septcnnis
3721 3121 3892 3178 puer,

2234 3220 2368 3259 cum
2391 3201 2738 3258 collusorem
2771 3219 2945 3258 suum
2973 3217 3220 3274 puerum
3279 3199 3352 3255 ob
3410 3195 3716 3254 Judaicam
3759 3192 3898 3250 reli-

468 3289 618 3345 Vero
649 3288 835 3360 Impp.
871 3288 1236 3360 principatus
1269 3293 1610 3361 extorquere
1665 3295 1909 3346 conatus
1967 3291 2111 3360 fuit;
2146 3275 2189 3343 C
2227 3291 2459 3364 gionem
2491 3291 2726 3361 gravius
2758 3291 3126 3346 verberatum
3186 3289 3472 3353 audisset,
3534 3301 3721 3356 neque
3780 3301 3888 3356 pa-

469 3374 718 3432 alterum
737 3377 808 3431 ad
830 3376 988 3448 Nigri
1003 3377 1493 3448 conspirationem
1532 3379 1811 3435 adversus
1841 3380 2113 3436 Severum

468 3465 614 3536 Imp.
645 3469 780 3521 lam
809 3474 860 3520 et
888 3467 1153 3522 solemnia
1193 3469 1470 3524 Caesarum
1503 3467 1725 3538 (qualia
1777 3470 1950 3524 etiam
2009 3469 2116 3524 Ka-

465 3554 622 3610 lend.
654 3554 846 3610 Iuniis
877 3554 935 3610 in
965 3555 1347 3627 auguratione
1379 3573 1528 3612 nova
1571 3557 1788 3624 Severi,
1823 3557 1919 3629 qui
1946 3563 2117 3614 antea

464 3642 668 3699 Idibus
700 3643 834 3699 Mali
868 3644 941 3699 ab
973 3644 1228 3700 exercitu
1275 3647 1598 3717 Imperator
1655 3645 1847 3702 dictus
1905 3648 2112 3716 fuerat,

468 3731 759 3789 celebrata
789 3736 949 3801 sunt)
998 3733 1216 3788 ibidem
1265 3733 1323 3788 in
1373 3733 1494 3789 haec
1552 3735 1726 3790 verba
1785 3735 2112 3791 describit:

469 3819 581 3878 Cur
607 3821 701 3877 die
732 3822 854 3877 laeto
901 3838 1010 3878 non
1069 3823 1289 3878 laureis
1331 3829 1510 3894 postes
1569 3824 1980 3893 obumbramus,
2035 3841 2135 3881 nec

471 3910 718 3966 lucernis
756 3911 902 3966 diem
944 3911 1366 3985 infringimus?
1414 3920 1467 3968 et
1526 3917 1702 3984 paulo
1758 3919 1934 3986 post:
1988 3917 2134 3987 Ipsoss

473 4000 739 4070 Quirites,
773 4002 951 4073 ipsam
981 4001 1334 4056 vernaculam
1373 4011 1582 4074 septem
1639 4003 1870 4060 collium
1917 4003 2135 4075 plebem

474 4091 763 4151 convenio;
809 4107 881 4145 an
912 4091 1088 4145 alicui
1130 4091 1340 4147 Caesari
1383 4107 1483 4148 suo
1527 4097 1730 4162 parcat
1776 4092 1885 4149 illa
1939 4095 2134 4164 lingua

475 4177 765 4233 Romana?
807 4179 978 4235 Testis
1036 4184 1116 4235 est
1167 4180 1397 4247 Tiberis,
1454 4189 1506 4236 et
1553 4181 1750 4239 scholae
1809 4183 2128 4239 bestiarum.

471 4269 597 4324 Iam
624 4269 676 4322 si
699 4268 1012 4339 pectoribus
1033 4269 1103 4324 ad
1159 4270 1611 4325 translucendum
1661 4271 1953 4341 quamdam
2009 4289 2130 4343 spe-

474 4357 720 4413 cularem
773 4359 1072 4414 materium
1126 4366 1336 4414 natura
1411 4360 1742 4428 obduxisset,
1792 4362 1952 4434 cujus
2015 4380 2131 4418 non

472 4445 780 4520 praeordia
809 4448 1085 4518 insculpta
1127 4450 1396 4518 apparent
1446 4450 1575 4504 novi
1617 4465 1679 4503 ac
1731 4451 1864 4504 novi
1902 4451 2133 4507 Caesaris

477 4553 698 4594 scenam
724 4535 1018 4607 Congiaria
1058 4538 1364 4594 dividundo
1421 4540 1778 4610 praesidentis
1831 4544 2000 4598 etiam
2032 4544 2132 4599 illa

480 4625 635 4694 hora,
657 4643 768 4699 qua
805 4629 1147 4684 acclamant:
1193 4628 1268 4683 De
1318 4630 1522 4684 vostris
1563 4631 1727 4684 annis
1774 4631 1880 4687 tibi
1922 4633 2134 4702 Jupiter

481 4725 685 4787 augeat
713 4717 931 4773 annos?
956 4717 1072 4774 Hoc
1103 4717 1259 4774 enim
1305 4717 1567 4774 indicant
1598 4719 1960 4776 Herodianus
1994 4723 2042 4775 1.
2076 4722 2133 4791 2,

483 4805 636 4861 inter
665 4809 871 4862 caetera
901 4807 1166 4863 scribens
1208 4805 1421 4862 Milites
1478 4806 1865 4865 Praetorianos
1917 4809 2136 4866 relictis

485 4894 668 4953 armis
700 4911 1051 4968 pomparum
1082 4895 1286 4952 habitu
1345 4895 1630 4953 lameatos
1663 4899 2021 4970 processisse
2046 4918 2058 4968 ;
2080 4903 2138 4956 et

559 5090 636 5163 (5)
682 5091 937 5164 Ipsemet
992 5093 1118 5150 suis
1174 5091 1698 5164 disertetestatur
1739 5093 2137 5151 Tertullianus

487 5163 683 5236 verbis
712 5163 798 5236 ise
859 5182 974 5220 una
1029 5182 1163 5221 cum
1224 5163 1530 5236 gentilium
1609 5167 2133 5236 superstitionibus

488 5181 683 5218 verbis
737 5181 798 5219 se
859 5182 974 5220 una
1029 5182 1163 5221 cum
1265 5181 1530 5218 eniiiiurn
1609 5181 2132 5236 superstitionibus

488 5233 722 5310 libidini
752 5235 1110 5300 inserviisse.
1143 5237 1199 5290 in
1224 5181 1384 5291 libro
1419 5237 1486 5290 de
1520 5237 1839 5293 Resurrect.
1873 5257 1997 5310 cap.
2030 5241 2132 5294 59:

487 5309 600 5378 Ego
625 5324 712 5362 me
728 5311 859 5377 scio,
893 5326 1070 5381 neque
1095 5309 1209 5363 alia
1253 5324 1418 5381 carne
1457 5310 1735 5364 adulteria
1781 5309 2133 5374 commisisse,

486 5395 663 5453 neque
693 5395 841 5434 nunc
867 5380 982 5435 alia
1026 5397 1197 5436 carne
1227 5380 1301 5434 ad
1355 5383 1752 5453 continentiam
1800 5387 1978 5437 eniti:
2022 5401 2135 5453 quo

488 5452 668 5506 etiam
692 5457 961 5524 tempore
987 5453 1334 5524 spectaculis
1366 5452 1782 5522 delectabatur,
1806 5457 1874 5509 de
1897 5452 2135 5524 quibus,

486 5524 652 5589 malo,
688 5522 881 5594 inquit
910 5522 1097 5593 (Tert,
1127 5525 1192 5579 de
1238 5525 1411 5595 Speci.
1463 5539 1510 5578 c.
1559 5525 1693 5596 179),,
1720 5541 1828 5580 non
1878 5522 2133 5596 implere,

487 5610 654 5665 quam
678 5597 1014 5666 meminisse,
1049 5598 1105 5651 id
1156 5594 1280 5661 est,
1309 5611 1507 5666 pauca
1553 5595 1624 5650 de
1683 5594 1891 5653 iisdem
1923 5594 2135 5664 dicere,

490 5682 669 5740 quam
701 5683 923 5737 eorum,
955 5665 1082 5740 quae
1140 5668 1280 5737 vidi,
1311 5665 1716 5722 ’meminisse:
1753 5684 1845 5740 _ac
1886 5669 2036 5725 libro
2067 5671 2138 5726 de

488 5736 838 5797 Pasnitentia
851 5758 912 5798 se
934 5736 1199 5798 omnium
1220 5736 1590 5812 peccatorum
1615 5737 1935 5798 maximum
1955 5742 2140 5799 fuisse

2223 3385 2371 3436 trem
2432 3397 2630 3446 suum,
2687 3397 2874 3452 neque
2943 3384 3164 3452 patrem
3233 3377 3420 3450 pueri,
3500 3391 3689 3447 neque
3747 3389 3890 3429 auc-

2223 3473 2408 3526 torem
2441 3469 2749 3525 verberum
2812 3471 2909 3525 diu
2971 3467 3243 3541 respexit.
3303 3487 3330 3519 ei
3397 3465 3717 3524 Christiano
3763 3477 3898 3518 vero

2227 3560 2365 3615 lacte
2392 3559 2713 3628 educatum,
2745 3575 2813 3613 ex
2832 3575 2898 3613 eo
2929 3558 3330 3626 contirmatur,
3392 3554 3555 3626 quod
3613 3552 3897 3625 Lugduni

2242 3651 2417 3705 natus
2439 3647 2532 3716 sit,
2565 3647 2664 3702 ubi
2697 3645 2926 3718 vigebat
2970 3644 3110 3700 fides
3141 3641 3494 3698 Christiana.

2770 3806 2916 3845 ANNO
2955 3804 3153 3844 DOMINI
3192 3802 3349 3843 CXCV.

2314 3917 2398 3970 11.
2433 3916 2578 3971 ΙΜΡ.
2612 3915 2778 3969 ΟίΕΞ.
2815 3917 2873 3968 L.
2925 3913 3074 3968 SEP.
3121 3910 3277 3966 SEV.
3337 3909 3540 3965 PERT.
3595 3907 3762 3964 AVG.
3825 3907 3892 3964 ll.

2241 4005 2330 4062 ET
2352 4003 2750 4061 D.CLAUDIO
2779 4002 2972 4058 SEPT.
3030 3999 3292 4056 ALBINO
3343 3998 3510 4055 CASS.
3576 3998 3646 4053 II.
3701 3998 3894 4053 COSS.

2241 4113 2396 4152 anno
2432 4097 2485 4150 9.
2520 4096 2579 4150 S.
2610 4091 2864 4149 Victoris
2894 4095 3060 4147 Rom.
3095 4094 3264 4146 Pont.
3297 4093 3355 4144 et
3385 4087 3572 4160 ipsius
3603 4087 3802 4143 Severi
3826 4087 3897 4143 II.

2241 4185 2433 4240 adhuc
2507 4183 2860 4254 Carthagine
2944 4195 3260 4236 causarum
3320 4177 3502 4233 fuisse
3549 4177 3900 4232 advocatum

2238 4272 2544 4330 TERTUL.
2584 4269 2904 4328 verisimile
2936 4274 3046 4328 est.
3079 4269 3163 4323 Ad
3223 4267 3380 4322 hunc
3427 4270 3620 4322 autem
3672 4283 3900 4322 annum

2240 4363 2440 4418 referri
2471 4361 2642 4417 debet
2673 4359 2816 4416 illud
2850 4359 3039 4431 ipsius
3075 4357 3180 4415 lib.
3227 4357 3298 4413 ad
3344 4354 3695 4428 Scapulam:
3739 4355 3832 4411 Sic
3849 4364 3902 4412 et

2238 4454 2388 4507 circa
2457 4451 2798 4522 Majsstatem
2866 4447 3215 4520 Imperatoris
3290 4447 3656 4517 infamamur,
3689 4452 3900 4500 tamen

2237 4557 2527 4613 nunquam
2558 4539 2844 4595 Albiniani
2874 4553 2971 4592 nec
3000 4537 3262 4608 Nigriani
3317 4535 3401 4590 vel
3449 4534 3702 4590 Cassiani
3739 4536 3897 4590 inve-

2161 4653 2210 4719 D
2240 4632 2360 4686 niri
2378 4633 2674 4701 potuerunt
2718 4627 3066 4719 Christiani;
3108 4625 3201 4681 sed
3251 4625 3426 4719 iidem
3482 4625 3588 4695 ipsi
3626 4624 3724 4694 qui
3738 4713 3748 4719 ι
3798 4640 3902 4695 per

2243 4721 2440 4776 Genios
2459 4735 2652 4774 eorum
2709 4720 2770 4772 in
2823 4715 3004 4789 pridie
3034 4731 3204 4787 usque
3250 4715 3601 4786 juraverant,
3652 4713 3748 4783 qui
3797 4727 3900 4784 pro

2241 4809 2424 4864 salute
2443 4824 2635 4864 eorum
2666 4805 2870 4861 hostias
2898 4810 2951 4861 et
2979 4807 3220 4876 fecerant
3279 4812 3330 4859 et
3387 4810 3660 4868 voverant,
3719 4802 3900 4858 hostes

2242 4913 2438 4954 eorum
2466 4899 2595 4953 sunt
2625 4896 2830 4968 reperti
2859 4893 2960 4967 (Ad
3017 4893 3178 4963 Scap.
3210 4892 3288 4963 2).
3348 4891 3467 4948 Hoc
3525 4889 3680 4946 enim
3740 4905 3899 4946 anno

2245 5093 2479 5161 fatetur,
2540 5092 2841 5165 lapsisque
2893 5091 3296 5164 paenitentiam
3328 5088 3606 5160 suadens,
3634 5088 3712 5143 ait
3733 5088 3904 5165 (Idem

2245 5165 2308 5220 de
2341 5162 2638 5232 l’crnilent,
2671 5183 2715 5220 c.
2746 5162 2802 5220 Ὶι.
2838 5162 2965 5221 (δίε.
3004 5165 3130 5233 12);
3185 5166 3329 5216 Eam
3387 5167 3449 5217 tu
3503 5171 3752 5231 peccator
3793 5162 3909 5216 mei

2245 5239 2447 5291 similis
2478 5239 2610 5304 (imo
2667 5254 2750 5292 me
2809 5240 3012 5306 minor,
3064 5250 3164 5303 ego
3217 5235 3368 5288 enim
3413 5236 3811 5302 pra'slantiam
3846 5237 3905 5287 in

2243 5310 2457 5363 delictis
2490 5326 2666 5363 meam
2697 5310 2952 5378 agnosco)
3007 5309 3390 5377 pamitentiam
3441 5308 3512 5359 ita
3567 5306 3783 5369 inluuie,
3818 5307 3902 5359 ita

2245 5382 2586 5451 amplexare,
2650 5390 2710 5435 ut
2737 5377 3050 5449 naufragus
3080 5379 3258 5432 alicui
3301 5377 3507 5433 tabulae
3531 5378 3900 5451 fidcns._Cap.

2247 5449 2381 5508 vero
2448 5455 2528 5519 12,
2580 5453 2650 5506 de
2706 5453 2928 5506 Vitain
3003 5451 3162 5505 vitiis
3216 5455 3541 5503 transacta:
3607 5449 3746 5516 Quid
3800 5465 3903 5518 ego

2246 5527 2393 5579 ultra
2460 5526 2524 5580 de
2580 5526 2701 5579 istis
2749 5525 2826 5592 (id
2887 5528 2995 5588 est,
3059 5522 3130 5577 de
3187 5521 3571 5592 pmnitentia),
3649 5529 3902 5592 peccator

2245 5597 2497 5652 omnium
2526 5601 2790 5653 notarum
2817 5612 2945 5653 cum
2959 5596 3084 5662 sim,
3117 5609 3214 5650 nec
3243 5594 3351 5649 ulli
3379 5595 3465 5650 rei
3491 5594 3604 5648 nisi
3626 5592 3900 5666 paeniten-

2244 5670 2336 5724 tiae
2361 5670 2542 5724 natus.
