4060 6376
238 419 316 480 89
1566 421 2100 485 TEBTULLIANI
2146 424 2352 484 VlTA.
3572 426 3656 487 90

238 552 450 624 Imper.
494 554 635 609 Caes.
666 556 729 611 C.
773 555 1125 611 Pescennius
1159 554 1336 628 Niger
1372 557 1587 612 Justus
1646 557 1893 627 August.
1926 555 1981 622 Α
2014 552 2194 625 hujus
2252 556 2440 611 aetatis
2513 556 2905 613 Ecclesiastici
2980 556 3315 629 scriptores,
3400 556 3653 613 maxime

238 642 463 698 occisus
495 647 588 697 est
619 644 777 715 apud
811 644 1237 717 Cyzicum,sive
1271 645 1483 701 Isicum
1509 646 1680 716 juxta
1710 649 1891 699 Hero-

235 732 498 801 dianum,
527 750 645 804 quo
684 735 836 789 iacto
869 752 999 789 mox
1029 736 1274 791 Severus
1307 753 1404 791 eos
1454 737 1762 791 Senatores
1794 751 1890 789 oc-

236 821 374 875 cidit
402 819 506 892 qui
536 821 702 893 Nigri
733 828 931 894 partes
963 824 1143 879 secuti
1179 825 1408 880 fuerant
1440 830 1495 880 et
1541 840 1677 879 cum
1712 823 1887 895 Nigro

237 910 633 965 militaverant
681 911 909 969 Ducum
979 918 1079 968 aut
1152 914 1548 969 Tribunorum
1626 915 1883 980 nomine,

238 999 499 1071 aliosque
538 1017 745 1056 omnes
792 1002 1045 1075 exceptis
1088 1003 1389 1069 Militibus,
1442 1021 1588 1075 quos
1635 1003 1887 1075 impuni-

237 1092 353 1143 tate
384 1090 689 1161 proposita
730 1092 987 1164 recepit;
1018 1093 1396 1149 Antiochenis
1454 1093 1773 1165 privilegia,
1833 1097 1889 1147 et

241 1178 641 1249 Neapolitanis
665 1180 768 1249 jus
800 1181 1052 1238 civitatis
1084 1183 1284 1238 eadem
1320 1183 1390 1238 de
1439 1200 1616 1239 causa
1648 1182 1885 1238 ademit.

237 1266 474 1338 Aliquot
516 1269 728 1324 deinde
791 1271 1181 1327 Barbarorum
1250 1276 1435 1345 Reges
1484 1272 1669 1344 (juxta
1729 1272 1885 1327 Onu-

240 1356 521 1428 phrium),
556 1357 656 1429 qui
690 1358 866 1431 Nigro
898 1360 1128 1416 fuerant
1157 1362 1391 1433 auxilio,
1444 1379 1477 1417 a
1518 1364 1721 1417 Severo
1752 1360 1887 1415 victi

237 1450 411 1513 sunt;
446 1462 625 1518 quare
656 1447 785 1519 ipse
834 1449 981 1504 IMP.
1034 1450 1103 1505 II.
1157 1451 1250 1505 III.
1303 1457 1361 1507 et
1410 1450 1501 1506 IV.
1561 1449 1887 1523 appellatus

237 1540 326 1590 est
363 1553 376 1590 :
412 1552 555 1606 quos
584 1553 787 1593 omnes
820 1538 1129 1610 Nigrianos
1172 1543 1382 1595 Auctor
1437 1545 1633 1595 noster
1689 1538 1886 1611 appel-

238 1624 338 1679 lat.
374 1626 538 1692 Quod
571 1630 936 1697 postremum
982 1630 1289 1685 confirmat
1339 1634 1597 1684 nostram
1632 1635 1781 1685 sent.
1816 1629 1885 1683 de

238 1714 547 1781 Arabibus,
583 1715 812 1772 Parthis
846 1721 903 1771 et
925 1718 1235 1774 Adiabenis
1265 1718 1374 1774 hoc
1420 1736 1571 1773 anno
1604 1718 1843 1774 devictis
1870 1744 1884 1786 ;

238 1808 415 1875 atque
447 1803 590 1859 adeo
631 1804 745 1861 huc
789 1808 1083 1878 pertinent
1137 1808 1550 1880 inscriptiones
1610 1808 1887 1863 Nummo-

238 1909 374 1947 rum
429 1897 487 1948 et
546 1894 903 1951 Marmorum
974 1898 1229 1968 antiquae
1289 1914 1469 1969 supra
1544 1898 1773 1966 citatae;
1832 1902 1888 1952 et

237 1981 485 2053 proinde
516 1981 657 2038 illud
699 1985 1008 2041 Auctoris:
1044 1988 1287 2042 Barbari
1341 1986 1559 2042 exclusi
1589 1988 1691 2057 (De
1738 1987 1883 2042 Pali.

238 2087 282 2125 c.
316 2074 398 2141 2).
436 2072 506 2127 Et
535 2089 665 2128 vero
693 2073 1153 2132 Constitutiones
1185 2076 1275 2131 his
1308 2080 1467 2131 Coss.
1520 2077 1685 2132 editae
1714 2076 1885 2131 titulo

236 2161 428 2216 Severi
460 2166 518 2216 et
550 2163 845 2218 Antomini
878 2165 1063 2237 Augg.
1110 2166 1258 2220 datae
1288 2182 1320 2219 v
1380 2167 1494 2221 Kal.
1557 2165 1767 2236 Martii,
1826 2183 1884 2221 x1

236 2251 363 2307 Kal.
397 2252 552 2323 Maii,
584 2253 766 2309 Nonis
794 2253 954 2323 Julii,
986 2272 1041 2309 v1
1076 2256 1197 2311 Kal.
1244 2256 1367 2313 Oet.
1402 2261 1457 2311 et
1481 2274 1538 2311 xx
1597 2256 1721 2311 Kal.
1771 2256 1882 2310 No-

233 2341 787 2397 vemb.conﬁrmant
818 2344 969 2415 quod
994 2361 1173 2416 supra
1203 2345 1460 2401 diximus
1491 2346 1561 2400 de
1591 2345 1882 2400 Antonino

234 2430 332 2485 52
367 2428 522 2501 Imp.
575 2437 843 2487 consorte
900 2432 970 2488 ab
1028 2434 1397 2506 initio;quae
1455 2439 1679 2489 exstant
1741 2435 1878 2489 Cod.

240 2518 355 2573 Lib.
391 2520 444 2574 8.
477 2519 536 2573 T.
578 2520 730 2574 14.1.
767 2520 817 2576 Al.
852 2521 892 2575 l.
923 2523 975 2576 6.
1007 2523 1071 2578 T.
1105 2524 1157 2593 2,
1194 2523 1232 2578 l.
1264 2524 1317 2578 2.
1353 2523 1453 2577 lib.
1486 2524 1539 2577 2.
1573 2525 1685 2579 Tit.
1722 2524 1877 2577 1.l.2.

231 2605 327 2660 lib.
364 2610 418 2662 2.
453 2608 521 2662 T.
552 2610 641 2664 24.
680 2608 718 2664 l.
758 2610 805 2664 1.
839 2615 894 2665 et
922 2610 1023 2666 lib.
1067 2614 1121 2666 8.
1155 2617 1216 2666 Τ.
1254 2614 1338 2666 16.
1401 2612 1441 2668 1.
1499 2614 1548 2668 1.
1586 2614 1665 2668 Ad
1724 2613 1880 2668 hunc

231 2714 448 2753 annum
482 2699 771 2770 pertinere
801 2703 1310 2773 eensemus,cujus
1332 2718 1399 2757 ex
1432 2703 1678 2758 Eusebio
1701 2720 1880 2774 supra

232 2788 636 2855 meminimus,
671 2788 891 2845 bellum
948 2790 1261 2846 Judaicum
1317 2792 1757 2859 Samariticum,
1808 2792 1879 2847 de

231 2892 345 2946 quo
379 2876 555 2931 etiam
592 2878 953 2950 Freculphus
986 2880 1376 2948 Lexoviensis,
1413 2882 1564 2935 unde
1591 2886 1646 2934 et
1674 2880 1875 2937 Judai-

230 2980 363 3019 cum
401 2966 773 3037 (cognomen)
802 2968 853 3023 ei
885 2968 1143 3025 oblatum
1176 2969 1372 3025 fuisse.
1400 2971 1521 3035 Quo
1552 2970 1781 3024 videtur
1810 2986 1877 3024 ex

233 3059 400 3124 parte
432 3055 720 3126 respicere
745 3058 959 3112 Auctor
988 3058 1058 3113 de
1100 3058 1315 3114 Iudaeis
1374 3074 1554 3131 agens
1588 3075 1599 3113 :
1633 3060 1878 3130 Dispersi

232 3142 495 3215 (inquit),
527 3145 854 3216 palabundi,
887 3153 938 3203 et
966 3148 1088 3203 caeli
1115 3156 1165 3203 et
1208 3149 1312 3203 soli
1353 3150 1445 3203 sui
1489 3152 1735 3203 extorres
1780 3166 1874 3203 va-

229 3237 442 3303 gantur
486 3250 590 3305 per
644 3236 848 3303 orbem,
906 3238 1026 3291 sine
1082 3238 1322 3308 homine,
1379 3239 1500 3293 sine
1557 3237 1662 3292 Deo
1716 3239 1871 3307 Rege,

2001 660 2135 698 cum
2198 644 2459 716 ipsorum
2517 646 2749 718 scriptis
2805 652 2860 702 et
2919 647 3203 702 doctrinis
3262 647 3415 701 haud
3476 646 3653 701 dubie

2003 739 2299 805 acceptam
2335 737 2542 791 debeat
2573 755 2741 792 suam
2800 738 3238 793 conversionem
3300 740 3519 791 Auctor
3550 753 3651 791 no-

1999 828 2135 877 ster.
2170 825 2335 896 Apud
2372 825 2776 881 Alexandriam
2829 827 3154 882 Demetrius
3204 827 3526 898 Episcopus
3560 828 3646 893 1‘2,

1997 929 2062 967 ac
2097 913 2420 986 Presbyteri
2456 916 2792 971 Panthenus
2848 922 2900 970 et
2954 918 3081 987 ejus
3139 915 3464 987 discipulus
3518 915 3646 970 Cle-

1998 1017 2163 1057 mens
2215 1003 2495 1059 Alexand.
2546 1004 2866 1060 Antiochiae
2913 1006 2947 1059 9
2990 1005 3180 1076 Episc.
3225 1004 3482 1076 Serapio,
3517 1004 3647 1059 Hie-

2000 1091 2424 1163 rosolymorum
2484 1095 2552 1147 34
2615 1094 2887 1160 Gordius,
2969 1098 3239 1149 Caesareae
3326 1094 3643 1149 Palaestinae

1998 1180 2376 1253 Theophilus,
2398 1184 2685 1255 Ephesius
2719 1184 3067 1256 Polycrates,
3086 1184 3360 1239 Ponticus
3390 1182 3643 1251 Palmas,

2001 1270 2241 1326 Berillus
2272 1277 2328 1327 et
2361 1273 2627 1328 Bachilus
2658 1272 2966 1341 Corinthii,
2998 1273 3055 1327 in
3090 1274 3278 1328 Africa
3295 1272 3645 1343 Carthagine

1997 1359 2380 1431 Agrippinus,
2420 1362 2680 1433 Lugduni
2715 1361 3031 1417 Galliarum
3068 1362 3123 1416 S.
3163 1362 3644 1429 Irenaeus,Romte

1999 1448 2249 1521 denique
2279 1450 2336 1505 S.
2372 1450 2571 1505 Victor
2601 1455 2767 1505 Pont.
2821 1458 3012 1522 Atque
3043 1453 3184 1506 adeo
3245 1450 3379 1505 hinc
3429 1450 3640 1505 contir-

1998 1542 2193 1593 matur
2224 1547 2422 1595 noslra
2449 1558 2516 1595 ex
2544 1544 2682 1595 Mss.
2718 1541 2821 1595 cod
2857 1540 3025 1595 lectio
3058 1541 3210 1611 apud
3244 1542 3410 1594 Auct.
3446 1539 3643 1607 Quales

1994 1643 2118 1697 ergo
2179 1630 2318 1698 leges
2364 1632 2507 1697 istae,
2559 1646 2692 1701 quas
2743 1630 3030 1684 adversum
3090 1646 3187 1682 ηας
3232 1628 3337 1683 soli
3391 1636 3646 1683 exercent

1996 1718 2177 1787 impii,
2212 1720 2429 1785 iniusti,
2464 1724 2679 1789 turpes,
2709 1722 2905 1789 truces,
2958 1719 3107 1785 vani,
3160 1718 3477 1784 dementes;
3508 1733 3642 1789 quas

1993 1807 2185 1860 nullus
2218 1809 2370 1874 Pius,
2420 1808 2614 1862 nullus
2667 1810 2829 1863 Verus
2877 1808 3206 1879 impressit?
3258 1806 3421 1873 (Ibid.
3478 1822 3527 1860 c.
3560 1805 3641 1877 5.)

1995 1910 2206 1965 nempe
2263 1913 2450 1969 usque
2502 1898 2574 1952 ad
2637 1896 2691 1951 id
2724 1897 3006 1969 temporis
3040 1913 3152 1967 quo
3202 1895 3641 1967 Apologeticum

1996 1983 2201 2040 edidit.

2505 2138 2665 2176 ANNO
2704 2137 2904 2176 DOMINI
2944 2136 3127 2176 CXCVI.

2063 2255 2090 2322 §
2119 2254 2211 2309 VI.
2250 2254 2636 2323 Quandonam,
2668 2272 2838 2327 quave
2866 2258 3143 2311 occasione
3190 2270 3253 2308 ac
3297 2254 3493 2326 quibus
3529 2270 3643 2308 mo-

1993 2345 2188 2398 mentis
2221 2344 2569 2399 Christianus
2599 2346 2854 2399 evaserit.
2893 2376 2958 2384 -—
2984 2345 3067 2399 12.
3104 2344 3448 2408 Q.FLAVIO
3477 2342 3638 2396 TER-

1988 2432 2224 2489 TULLO
2290 2433 2608 2489 SCAPULA
2678 2439 2733 2488 et
2798 2434 2864 2487 T.
2933 2432 3193 2488 FLAVIO
3260 2431 3636 2487 CLEMENTE

1990 2523 2171 2577 COSS.
2236 2523 2293 2578 S.
2344 2523 2597 2578 Victoris
2662 2523 2827 2577 Rom.
2883 2523 3047 2577 Pont.
3129 2539 3280 2577 anno
3330 2539 3365 2575 x
3430 2527 3485 2575 et
3531 2520 3631 2575 Se-

1986 2612 2106 2667 veri
2138 2629 2222 2679 111,
2282 2611 2837 2667 TERTULLIANUS
2897 2612 3028 2665 ﬁdei
3090 2611 3451 2676 Christianae,
3504 2626 3634 2665 mea

1989 2702 2226 2774 quidem
2271 2701 2579 2771 sententia,
2624 2718 2833 2756 nomen
2887 2701 3046 2755 dedit
3091 2702 3190 2773 (6),
3234 2699 3483 2772 Imperio
3508 2700 3634 2769 jam

1988 2808 2227 2862 prorsus
2257 2795 2625 2863 pacato,cum
2657 2794 2862 2846 Severo
2882 2791 3309 2861 imperantibus
3331 2791 3432 2846 53
3463 2791 3634 2843 Anto-

1988 2881 2127 2935 nino
2159 2882 2284 2952 ejus
2320 2880 2436 2936 filio
2468 2884 2525 2935 et
2564 2880 2765 2936 Clalud.
2819 2880 3028 2935 Albino
3073 2880 3421 2947 Caesaribus,
3476 2878 3631 2949 quod

1986 2969 2130 3024 adeo
2166 2969 2395 3041 Triplex
2423 2970 2717 3040 imperium
2745 2974 2911 3024 vocat
2939 2970 3135 3024 verbis
3187 2986 3367 3040 supra
3417 2966 3635 3036 citatis,

1986 3074 2101 3130 quo
2145 3059 2441 3113 Lectorem
2502 3058 2899 3126 remittimus;
2936 3057 3240 3128 complura
3297 3057 3450 3112 enim
3514 3055 3633 3110 illic

1984 3148 2358 3219 reperiuntur
2406 3165 2530 3217 quae
2581 3147 2652 3201 ad
2711 3148 2861 3201 hunc
2920 3163 3139 3201 annum
3202 3147 3515 3214 pertinent.
3570 3143 3627 3197 Id

1983 3242 2177 3292 tamen
2210 3254 2323 3292 non
2356 3235 2543 3300 initio,
2571 3236 2669 3291 sed
2705 3236 2817 3291 sub
2846 3235 3025 3306 hujus
3061 3235 3198 3290 anni
3230 3236 3404 3289 tinem
3442 3251 3455 3289 :
3490 3237 3627 3288 Era-

232 3323 431 3392 quibus
460 3339 561 3379 nec
589 3326 929 3381 advenarum
951 3326 1084 3397 jure
1136 3336 1339 3385 terram
1384 3328 1633 3399 patriam
1675 3328 1869 3382 saltem
1901 3312 1944 3379 C
1982 3327 2160 3383 dicato
2180 3328 2303 3399 jam
2331 3328 2482 3381 omni
2510 3328 2722 3381 aconita
2770 3326 3091 3381 hostilitatis
3138 3325 3238 3397 (Ad
3287 3325 3440 3395 Scap.
3475 3340 3520 3378 c.
3554 3323 3625 3390 3;

227 3413 463 3484 vestigio
492 3414 746 3469 salutare
775 3417 1092 3472 conceditur
1147 3417 1405 3489 (Apolog.
1453 3433 1501 3471 c.
1562 3417 1678 3485 21.)
1714 3416 1873 3471 Unde

224 3500 480 3570 conjicio
508 3502 638 3557 belli
673 3502 829 3559 illius
864 3506 1250 3571 occasionem,
1273 3505 1427 3576 quod
1456 3505 1720 3560 Judaeum
1753 3506 1873 3561 vel—

222 3588 347 3643 lent
379 3596 657 3661 repetere,
691 3593 825 3663 quis
861 3593 977 3649 illis
1008 3594 1080 3649 ab
1113 3594 1407 3649 Hadriano
1444 3594 1588 3665 Imp.
1632 3595 1870 3650 interdi-

225 3684 388 3732 ctum
421 3678 629 3735 fuerat.
660 3681 784 3737 Huc
817 3682 991 3739 etiam
1047 3684 1416 3739 referendum
1461 3685 1617 3755 quod
1671 3686 1874 3739 scribit

225 3767 470 3838 Niceph.
531 3770 682 3825 Eccl.
730 3771 865 3826 hist.
899 3770 938 3826 l.
996 3773 1054 3841 3,
1112 3789 1237 3844 cap.
1292 3774 1373 3828 2:
1410 3772 1595 3828 Severi
1647 3774 1873 3845 imperii

225 3858 388 3911 initio
419 3859 558 3913 satis
618 3860 753 3916 bono
806 3860 924 3915 loco
974 3878 1061 3917 res
1089 3867 1296 3919 nostra
1325 3863 1505 3933 fuere,
1565 3865 1623 3917 in
1654 3862 1874 3936 diesque

222 3946 358 4016 ﬁdei
410 3948 677 4018 professio
731 3954 1036 4020 augmenta
1097 3967 1198 4005 sua
1254 3951 1411 4021 cepit,
1493 3967 1678 4007 eorum
1736 3968 1869 4023 quos

224 4036 608 4091 recensuimus
694 4039 1200 4095 Ecclesiasticorum
1280 4042 1562 4095 doctorum
1652 4042 1869 4112 scriptis

222 4128 394 4195 atque
423 4124 687 4182 doctrinis
714 4144 831 4183 eam
860 4129 1303 4201 provehentibus,
1328 4130 1489 4201 idque
1520 4131 1579 4184 in
1608 4132 1870 4187 maximis

220 4214 529 4285 quibusque
556 4219 903 4287 potissimum
932 4220 1180 4287 urbibus,
1212 4221 1486 4275 nimirum
1518 4220 1870 4279 Alexandria?

214 4304 550 4376 Antiochiae,
582 4307 765 4371 xEtiee,
797 4311 848 4363 et
876 4324 973 4379 per
998 4308 1373 4366 I’alxstinam
1402 4310 1864 4380 omnem,8phesi,

220 4392 512 4461 Caesareae,
547 4399 598 4450 et
627 4397 967 4454 Occidentem
999 4415 1201 4470 versus,
1243 4399 1659 4466 Thessalonicae,
1705 4400 1867 4456 Athe-

220 4484 336 4550 nis,
377 4482 644 4555 Corinthi,
675 4488 732 4540 in
768 4487 983 4555 Galliis,
1015 4497 1066 4544 et
1091 4492 1272 4545 Romae
1300 4489 1572 4544 maxime.
1600 4488 1869 4544 Universae

214 4575 370 4628 enim
430 4575 809 4632 multitudines
858 4582 906 4632 et
938 4578 1126 4633 domus
1182 4581 1305 4633 totae
1352 4577 1422 4632 ad
1452 4577 1617 4647 ﬁdem
1648 4578 1868 4633 accede-

1982 3416 2209 3488 Apolog.
2244 3433 2288 3471 c.
2312 3417 2427 3487 23),
2460 3420 2659 3487 utpote
2705 3420 2837 3488 post
2883 3416 3176 3471 excidium
3226 3414 3626 3487 Byzantinum,

1984 3523 2109 3578 qua
2144 3508 2304 3571 urbs,
2338 3505 2686 3571 Herodiano,
2746 3511 2968 3560 Zonara
3018 3512 3075 3560 et
3126 3504 3407 3560 Michaele
3457 3503 3630 3574 Glyca

1983 3597 2255 3662 testibus,
2290 3600 2421 3667 post
2451 3594 2684 3649 triennii
2719 3594 3109 3662 obsidionem,
3145 3600 3393 3665 coeptam
3429 3610 3581 3647 anno
3611 3608 3629 3645 ι

1983 3684 2197 3750 Severi,
2231 3684 2421 3739 adhuc
2452 3684 2679 3739 vivente
2724 3683 2917 3754 Nigro,
2967 3684 3201 3738 tandem
3255 3684 3407 3737 fame
3459 3684 3629 3753 capta

1981 3779 2155 3839 est,et
2184 3772 2451 3829 libertate
2482 3772 2935 3844 omniadempta
2961 3772 3275 3828 Perinthiis
3298 3772 3420 3843 (qui
3441 3771 3628 3826 multa

1982 3880 2014 3919 a
2046 3863 2221 3935 Nigro
2254 3862 2410 3934 passi
2444 3862 2718 3932 fuerant),
2752 3861 3083 3931 adjudieata
3112 3866 3220 3933 est,
3265 3864 3439 3916 etiam
3487 3877 3626 3915 moe-

1981 3952 2158 4007 nibus
2206 3950 2447 4017 eversis,
2501 3950 2560 4005 in
2626 3950 2733 4005 vici
2804 3952 3049 4006 formam
3120 3952 3373 4006 redacta.
3443 3949 3623 4019 Cujus

1980 4041 2157 4097 etiam
2201 4042 2366 4095 Auct.
2423 4040 2733 4095 meminit:
2770 4040 2987 4106 Caelius,
3039 4040 3250 4111 inquit,
3290 4039 3516 4109 Lapslla
3564 4040 3622 4091 in

1979 4130 2537 4201 exitu'Byzanlino,
2609 4128 2916 4184 Christiani
2982 4129 3231 4199 gaudete,
3293 4127 3625 4183 exclamavit

1979 4220 2134 4292 (Ibid.
2170 4236 2217 4273 c.
2276 4218 2381 4289 19).
2436 4217 2812 4273 Occasionem
2866 4236 2983 4272 suae
3032 4217 3428 4274 conversionis
3476 4217 3621 4288 ipse,

1978 4314 2265 4383 quantum
2299 4316 2555 4380 apparet,
2608 4308 2826 4363 indicat
2857 4326 2922 4363 ex
2977 4309 3313 4364 testimonio
3371 4307 3623 4378 alicujus

1979 4402 2070 4456 dei
2103 4400 2201 4471 qui
2235 4418 2267 4455 a
2299 4399 2645 4454 Christianis
2676 4398 2984 4471 adjuratus
3015 4401 3337 4455 daemonem
3372 4416 3432 4453 se
3481 4415 3621 4454 con-

1978 4491 2256 4545 ﬁtebatur
2283 4490 2437 4559 (Ibid.
2472 4506 2520 4543 c.
2553 4490 2665 4559 20).
2699 4490 2824 4545 Haec
2856 4491 3167 4544 testimonia
3209 4488 3446 4560 (inquit)
3496 4487 3620 4542 deo-

1978 4597 2108 4636 rum
2136 4589 2451 4634 vestrorum
2483 4578 2827 4632 Christianos
2852 4581 3038 4649 facere
3065 4586 3475 4643 consueverant,
3508 4593 3621 4647 qua

218 4663 381 4729 bant,
414 4665 627 4734 quidvis
675 4667 864 4739 facere
910 4670 963 4722 et
990 4669 1109 4739 pati
1133 4676 1361 4739 paratx,
1415 4683 1578 4738 quam
1623 4672 1683 4722 ut
1713 4667 1869 4739 quid-
1900 4688 1947 4752 D
1975 4671 2285 4741 plurim-um
2316 4668 2432 4723 illis
2469 4667 2752 4735 credendo,
2807 4670 2863 4721 in
2911 4666 3121 4721 Christo
3165 4667 3395 4722 Domino
3442 4665 3623 4721 credi-

217 4768 389 4821 quam
417 4762 607 4808 contra
651 4756 976 4827 religionem
1008 4761 1253 4811 nostram
1299 4760 1525 4825 agerent
1573 4758 1671 4810 aut
1702 4772 1868 4811 nova-

214 4850 366 4896 rent.
400 4842 523 4905 Qua
552 4846 856 4901 occasione
886 4845 1061 4902 etiam
1091 4846 1431 4902 recensendi
1479 4844 1574 4901 hic
1605 4844 1865 4917 veniunt,

217 4946 473 5001 quorum
530 4938 655 4989 tum
711 4934 830 5002 ille,
884 4940 1011 4991 tum
1069 4936 1376 5006 Eusebius,
1449 4935 1866 5007 meminerunt,

291 5056 369 5127 (6)
400 5056 559 5114 Hanc
588 5058 710 5114 Jac.
744 5060 987 5115 Pamelii
1019 5062 1367 5116 sententiam
1388 5060 1593 5115 Petrus
1622 5058 1868 5115 Allixius

216 5127 278 5181 in
308 5129 546 5204 dissert.
580 5131 651 5186 de
679 5131 919 5187 Tertull.
954 5132 1069 5188 vita
1110 5140 1166 5188 et
1225 5134 1425 5204 script.
1487 5132 1667 5187 Paris.
1704 5134 1866 5201 lGrs'O,

215 5200 741 5275 et_Ti_llemontius,
802 5204 1133 5275 Mémoires,
1194 5208 1237 5260 t.
1272 5200 1368 5275 Ill,
1429 5208 1537 5258 art.
1594 5206 1646 5271 2,
1687 5200 1864 5275 p.87,

216 5272 510 5342 rejiciunt.
545 5272 811 5341 Quidam,
848 5282 911 5331 ut
942 5272 1126 5332 refert
1146 5276 1233 5332 Cl.
1277 5272 1559 5342 PfBerti,
1602 5272 1864 5343 Dissert.,

216 5344 365 5398 Hist.
402 5352 542 5403 tom.
578 5349 642 5413 Il,
678 5348 872 5402 saecul.
905 5350 957 5411 3,
990 5350 1225 5404 dissert.
1261 5349 1311 5417 4,
1347 5349 1455 5417 Ξ2,
1492 5364 1547 5418 p.
1610 5348 1733 5402 413.
1795 5350 1865 5403 ad

218 5418 389 5471 ﬁdem
423 5420 806 5475 christianum
838 5436 1182 5477 conversum
1208 5426 1417 5492 putant
1441 5419 1593 5473 circa
1624 5436 1690 5473 ea
1720 5423 1866 5474 tem-

218 5505 379 5563 pora,
412 5493 631 5562 quibus
665 5492 903 5563 scripsit
934 5494 1148 5549 librum
1180 5494 1249 5548 de
1270 5492 1615 5562 Pallio,post
1646 5508 1867 5546 annum

222 5560 582 5619 scilicet208.
620 5566 734 5619 Sed
787 5560 955 5635 plura
1011 5571 1241 5621 exstant
1296 5560 1632 5620 Tertulliani
1664 5580 1870 5635 opera

224 5638 388 5708 antea
416 5638 757 5708 conscripta
788 5634 916 5707 quae
972 5644 1233 5693 nostram
1293 5638 1364 5692 ab
1420 5652 1490 5708 eo
1544 5634 1864 5708 professum

228 5706 391 5762 ﬁdem
418 5706 720 5767 exhibent.
756 5706 839 5763 Ad
867 5725 1088 5765 annum
1119 5710 1224 5765 196
1252 5707 1598 5764 Tertulliani
1636 5723 1868 5764 conver-

230 5777 439 5839 sionem
468 5784 655 5841 retert
685 5780 1010 5853 Fabricius,
1042 5780 1115 5841 ad
1148 5796 1369 5841 annum
1420 5778 1521 5837 170
1577 5777 1865 5850 Ουᾱὶουεν

1982 4776 2121 4814 mus.
2174 4759 2287 4830 Ipsi
2335 4758 2649 4813 litterarum
2698 4760 3012 4812 nostrarum
3071 4757 3238 4827 fidem
3295 4756 3622 4823 accendunt,

1981 4849 2088 4919 ipsi
2114 4865 2229 4919 spei
2259 4856 2455 4903 nostrae
2473 4846 2761 4917 ﬁdentiam
2790 4846 3068 4917 aediﬁcant
3124 4849 3220 4917 (7).
3283 4846 3481 4918 Neque
3537 4850 3623 4900 ta-

1981 4955 2115 4994 men
2148 4938 2283 4993 inde
2314 4937 2708 5003 solummodo,
2741 4937 2841 4991 sed
2873 4942 2928 4992 et
2948 4954 3013 4992 ex
3045 4937 3159 4991 fide
3187 4937 3622 5007 Scripturarum

1981 5061 2050 5117 ad
2086 5076 2308 5114 annum
2345 5060 2445 5113 185
2476 5062 2717 5127 Caveus,
2764 5060 3103 5115 haesitantes
3151 5064 3347 5116 tamen
3398 5064 3454 5114 et
3482 5058 3623 5115 solis

1979 5132 2333 5202 conjecturis
2366 5132 2572 5186 innixi.
2610 5132 2745 5186 Vide
2781 5133 3047 5203 Lumper,
3080 5131 3223 5186 ibid.
3404 5133 3547 5187 Eoo.

2050 5204 2124 5274 (7)
2158 5205 2340 5267 Quam
2374 5202 2590 5258 oraculi
2625 5220 2905 5275 responso
2928 5202 3134 5258 tribuit
3165 5203 3456 5258 Pamelius
3490 5204 3623 5259 Ter-

1980 5276 2213 5330 tulliani
2255 5276 2714 5342 conversionem,
2747 5292 2873 5330 eam
2906 5276 3113 5331 visioni
3162 5276 3443 5343 Georgius
3474 5281 3617 5327 Am-

1979 5348 2317 5413 bianensis;
2353 5348 2869 5420 uterquet'abulam
2904 5349 3401 5403 subodoratur.Ex
3436 5347 3620 5415 ipsius

1981 5422 2235 5493 auctoris
2268 5421 2602 5474 testimonio
2646 5425 2765 5474 tres
2825 5422 3148 5493 praecipuas
3205 5420 3366 5473 lubet
3422 5434 3621 5473 eruere

1980 5491 2224 5563 hujusce
2258 5493 2336 5547 rei
2371 5510 2601 5559 causas,
2654 5491 2906 5547 neine't0
2965 5492 3235 5547 invictam
3296 5495 3620 5563 martyrum

1980 5564 2037 5617 in
2061 5561 2494 5619 crudelissimis
2546 5564 2851 5619 tormentis
2911 5563 3299 5618 constantiam
3333 5578 3345 5614 :
3382 5561 3622 5632 Quisque

1979 5636 2193 5708 inquit,
2228 5641 2435 5692 tantam
2467 5638 2816 5691 tolerantiam
2856 5640 3121 5708 spectans,
3167 5643 3227 5688 ut
3257 5634 3446 5708 aliqua
3475 5650 3623 5689 scru-

1978 5706 2107 5779 pulo
2127 5725 2440 5780 percussus,
2474 5712 2529 5762 et
2585 5710 2865 5777 inquirere
2914 5707 3251 5780 accenditur,
3282 5706 3413 5780 quid
3440 5708 3507 5761 sit
3559 5709 3619 5761 in

1978 5778 2165 5849 causa,
2196 5783 2246 5835 et
2275 5780 2373 5836 ubi
2398 5780 2709 5851 cognoverit
2754 5780 3039 5836 veritatem
3080 5786 3131 5834 et
3159 5778 3297 5849 ipse
3318 5780 3507 5834 stuttm
3536 5794 3618 5833 se-
