4060 6368
442 359 514 417 91
1763 360 1861 420 TE
1871 360 2290 424 RTULLIANI
2333 359 2539 420 VITA.
3767 359 3846 418 92

446 507 1032 564 sacrarum,quarum
1066 493 1237 548 ﬁdem
1271 493 1350 548 dii
1385 509 1490 548 suo
1521 492 1852 550 testimonio
1881 511 2089 566 appro-
2117 495 2174 561 Α
2203 495 2252 548 si
2280 493 2420 565 quid
2446 502 2544 548 aut
2583 494 2794 549 erroris
2837 493 3118 563 ejecimus,
3163 498 3259 546 aut
3297 490 3580 562 aequitatis
3617 489 3848 546 admisi-

444 579 605 635 bant.
643 581 891 636 Maxime
922 583 1074 653 quod
1105 582 1336 637 illarum
1372 583 1776 638 auctoritatem
1818 583 1927 655 (vel
1960 584 2086 655 ipso

443 673 592 724 teste
623 673 741 741 jam
773 671 1125 741 Christiano)
1160 689 1395 726 summa
1415 673 1738 744 antiquitas
1771 673 2088 728 vindicaret

445 764 646 830 utpote
695 777 826 814 cum
875 776 887 814 :
944 763 1142 818 Omnes
1188 761 1550 826 substantias,
1601 778 1888 834 omnesque
1919 767 2087 816 mate-

442 851 585 914 rias,
641 850 898 918 origines,
959 849 1197 920 ordines,
1277 867 1444 906 venas
1519 855 1771 908 veterani
1824 853 2086 922 cujusque

441 938 598 1007 styli,
628 947 810 1006 gentes
847 940 1012 992 etiam
1060 940 1349 1010 plerasque
1393 943 1441 994 et
1489 941 1665 1008 urbes,
1711 943 1951 1012 insignes
1998 941 2082 994 hi-

438 1029 738 1080 storiarum
801 1043 994 1082 causas
1043 1032 1090 1082 et
1156 1031 1574 1094 memoriarum,
1643 1032 1786 1101 ipsas
1853 1032 2087 1102 denique

439 1115 652 1187 efﬁgies
682 1117 1020 1184 litterarum,
1065 1119 1273 1173 indices
1311 1119 1658 1191 custodesque
1687 1137 1871 1176 rerum
1891 1137 1913 1182 ;
1943 1122 2087 1192 ipsos

437 1203 579 1270 deos,
632 1205 755 1275 ipsa
807 1207 1014 1276 templa
1062 1211 1113 1261 et
1159 1207 1390 1262 oracula
1435 1213 1488 1263 et
1530 1225 1687 1263 sacra
1741 1211 1903 1264 unius
1951 1210 2086 1264 Pro-

439 1291 618 1362 phetas
656 1293 826 1366 Moysi
869 1298 1140 1350 scrinium
1185 1298 1403 1352 seculis
1441 1298 1651 1368 aliquot
1698 1301 2086 1359 anteverterit;

441 1397 575 1436 cum
603 1382 778 1437 etiam
826 1383 1062 1439 illarum
1113 1385 1474 1455 Majestatem
1525 1386 1781 1441 divinam
1841 1387 2086 1458 praedic-

439 1470 666 1525 tionum
699 1472 912 1528 veritas
962 1475 1416 1546 comprobaret:
1452 1475 1722 1547 Quidquid
1776 1478 1944 1546 enim,
1998 1475 2085 1530 in-

442 1559 590 1629 quit,
640 1562 848 1628 agitur,
902 1564 1414 1633 pravnuntiabatur.
1471 1565 1618 1633 Quod
1677 1574 1839 1620 terra
1894 1569 2087 1620 vorant

441 1648 622 1714 urbes,
654 1649 797 1719 quod
837 1651 1046 1706 insulas
1095 1655 1279 1707 maria
1324 1653 1608 1723 fraudant,
1660 1653 1800 1724 quod
1855 1659 2086 1709 externa

440 1741 600 1807 atque
648 1741 867 1794 interna
918 1740 1061 1796 bella
1107 1741 1410 1812 dilaniant,
1460 1743 1612 1813 quod
1657 1745 1846 1812 regnis
1909 1760 2086 1814 regna

440 1827 804 1896 compulsant,
851 1830 989 1899 quod
1027 1833 1202 1903 [an-es
1229 1840 1283 1886 et
1336 1833 1472 1897 lues,
1513 1837 1564 1887 et
1613 1832 1805 1888 locales
1855 1847 2085 1903 quaeque

440 1915 641 1982 clades,
686 1924 738 1970 et
783 1917 1109 1988 frequentizc
1163 1901 1480 1991 plerumque
1529 1923 1794 1975 mortium
1852 1901 2081 1986 vastant,

442 2006 495 2058 et
520 2004 660 2074 quod
690 2007 864 2060 etiam
894 2009 1080 2078 ofﬁcia
1109 2012 1421 2079 temporum
1454 2014 1505 2064 et
1540 2011 1930 2065 elementorum
1962 2027 2084 2064 mu-

442 2093 540 2146 nia
569 2095 901 2164 exorbitant,
928 2096 1070 2166 quod
1114 2102 1166 2152 et
1213 2099 1474 2152 monstris
1517 2103 1569 2152 et
1614 2101 1884 2170 portentis
1911 2107 2084 2154 natu-

441 2181 651 2236 ralium
712 2185 895 2253 forma
953 2186 1232 2254 turbatur,
1286 2187 1635 2258 providenter
1687 2190 1890 2258 scripta
1951 2193 2085 2242 sunt

442 2271 685 2342 (Nempe
716 2274 913 2328 Matth.
947 2278 1096 2338 xxv).
1133 2277 1269 2330 Dum
1303 2278 1570 2347 patimur,
1623 2278 1884 2348 leguntur
1906 2295 1926 2338 ,·
1956 2278 2083 2333 dum

445 2364 898 2432 recognoscimus,
929 2365 1254 2434 probantur.
1303 2364 1380 2419 De
1430 2365 1644 2436 quibus
1694 2366 1969 2422 omnibus
2000 2367 2083 2421 la-

445 2447 567 2502 tius
598 2455 656 2504 et
684 2451 786 2507 54
817 2451 916 2506 lib.
950 2453 1015 2508 de
1043 2454 1222 2508 Pallio
1254 2470 1302 2509 c.
1337 2455 1390 2524 2,
1424 2459 1480 2509 et
1536 2455 1798 2526 ejusdem
1858 2456 2081 2527 Apolog.

444 2552 571 2608 cap.
603 2538 690 2605 40,
723 2556 838 2612 quo
872 2546 929 2596 et
966 2543 1037 2597 ad
1081 2545 1337 2599 Annotat
1409 2548 1641 2599 nostras
1685 2543 1956 2600 lectorem
1990 2562 2084 2600 re-

443 2626 755 2683 mittimus.

515 2717 602 2770 13.
636 2717 737 2772 Hic
768 2719 1054 2774 duntaxat
1084 2721 1393 2789 addemus,
1426 2721 1686 2777 alludere
1721 2721 1887 2776 illum
1934 2723 2085 2778 inter

449 2809 656 2861 cetera
686 2808 756 2861 ad
791 2809 938 2862 luem
964 2809 1277 2864 maximam
1313 2811 1504 2866 Roma:
1537 2817 1594 2866 et
1625 2813 1681 2868 in
1716 2811 1917 2867 multis
1943 2816 2082 2866 Pro-

438 2893 670 2961 vinciis,
705 2913 770 2950 ac
805 2904 969 2951 terra:
1003 2903 1226 2953 motum
1278 2917 1394 2970 quo
1413 2901 1635 2955 corruit
1669 2905 1917 2972 Smyrna
1942 2901 2082 2955 urbs

442 2981 612 3046 Asiaa,
648 3000 772 3054 quas
807 2992 1069 3042 recenset
1100 2988 1305 3043 Euseb.
1329 2988 1387 3042 in
1421 2989 1717 3045 Cbronicis
1751 2989 1860 3044 sub
1892 2990 2081 3045 Marco

447 3076 506 3125 et
534 3070 680 3128 Vero
713 3075 924 3146 Impp.,
968 3081 1024 3130 et
1061 3075 1278 3132 fulmen
1328 3078 1476 3146 quod
1513 3079 1621 3134 sub
1670 3081 1988 3134 Commodo
2021 3079 2079 3134 in

438 3160 784 3232 Capitolium
806 3180 981 3219 ruens
1000 3165 1410 3221 Bibliothecam
1447 3167 1913 3234 inﬂammavit,et
1929 3167 2082 3224 bella

440 3249 570 3319 ejus
602 3253 791 3306 aetatis
821 3252 1032 3320 civilia,
1065 3271 1314 3326 quorum
1350 3257 1475 3325 jam
1511 3258 1909 3322 meminimus;
1938 3258 2078 3311 item
2111 3240 2153 3306 (ἶ

439 3340 510 3394 ad
543 3343 766 3409 famem,
800 3342 870 3397 de
903 3359 1020 3413 qua
1054 3343 1090 3398 l.
1126 3345 1195 3399 ad
1229 3349 1395 3416 Scap.
1432 3346 1488 3400 in
1529 3347 1646 3400 hazc
1694 3347 1868 3402 verba
1900 3348 1979 3415 (L.
2014 3347 2085 3401 ad

443 3427 598 3498 Scap.
633 3445 682 3482 c.
716 3430 794 3499 3.)
829 3447 841 3483 :
875 3430 1025 3486 Sicut
1055 3439 1107 3487 et
1149 3433 1245 3487 sub
1275 3435 1566 3489 Hilariano
1605 3435 1866 3505 praeside,
1912 3451 2084 3506 quum

440 3515 506 3572 de
533 3521 679 3572 areis
707 3523 1123 3589 sepulturarum
1152 3526 1463 3576 nostrarum
1490 3525 1876 3579 acclamassent
1899 3525 2083 3580 :Areae

440 3623 554 3662 non
581 3609 714 3675 sint,
764 3623 911 3665 area!
953 3611 1195 3680 ipsorum
1241 3628 1348 3683 η,οη
1396 3613 1670 3683 fuerunt;
1701 3629 1900 3668 messes
1931 3615 2081 3668 enim

440 3629 554 3662 non
581 3629 714 3675 sint,
764 3629 911 3665 arcae
953 3629 1195 3680 ipsorum
1281 3629 1348 3666 on
1396 3629 1670 3683 luerunt;
1701 3629 1900 3668 messes
1931 3629 2078 3668 enim

438 3713 563 3752 suas
593 3714 702 3753 non
731 3703 1001 3766 egerunt,-
1047 3629 1298 3772 deniqfe
1348 3703 1420 3757 ad
1468 3706 1800 3773 portentum,
1835 3703 1905 3758 de
1963 3719 2078 3774 quo

437 3785 655 3842 ibidem
682 3803 694 3842 :
725 3794 862 3846 Nam
893 3797 942 3844 et
971 3791 1051 3844 sol
1082 3789 1185 3844 ille
1215 3792 1272 3846 in
1303 3797 1567 3848 conventu
1590 3793 1848 3863 Uticensi,
1867 3795 2075 3848 exstin-

433 3884 514 3931 cto
541 3893 681 3948 pene
706 3877 916 3933 lumine
944 3878 1080 3934 adeo
1109 3889 1416 3950 portentum
1438 3883 1569 3950 fuit,
1603 3886 1661 3936 ut
1692 3898 1798 3937 non
1836 3885 2078 3954 potuerit

434 3981 504 4021 ea:
533 3967 820 4023 ordinario
848 3969 1094 4041 deliquio
1123 3970 1223 4026 hoc
1251 3973 1396 4041 pati,
1423 3972 1642 4041 positus
1669 3973 1726 4026 in
1755 3987 1851 4026 suo
1880 3973 2078 4043 hypso-

435 4059 582 4110 male
610 4061 664 4111 et
693 4058 997 4114 domicilio.
1030 4058 1112 4130 (L.
1140 4059 1208 4115 de
1237 4061 1442 4114 testim.
1493 4062 1701 4116 animae
1748 4061 1982 4132 cap..t.)
2013 4061 2078 4115 Et

437 4159 591 4213 vero,
626 4146 842 4217 scripta
873 4164 1106 4219 quoque
1148 4147 1467 4203 multorum
1502 4166 1535 4204 a
1580 4148 1806 4205 Christo
1839 4153 2076 4205 Patrum

441 4232 788 4290 adv.Gentes
819 4235 1182 4291 conversioni
1217 4253 1453 4292 causam
1487 4238 1719 4294 dedisse
1764 4239 2076 4308 sentimus,

440 4321 510 4377 ad
547 4339 673 4394 qum
704 4322 913 4379 alludit
957 4323 1096 4380 alibi
1135 4341 1147 4382 :
1181 4325 1483 4397 Nonnulli,
1533 4326 1744 4399 inquit,
1792 4329 1986 4398 quibus
2015 4328 2080 4383 de

433 4413 673 4482 pristina
703 4413 1042 4484 litteratura,
1074 4421 1127 4470 et
1176 4417 1515 4471 curiositatis
1562 4417 1733 4483 labor,
1789 4422 1840 4472 et
1878 4433 2080 4473 memo-

435 4503 536 4556 νέω
579 4507 740 4559 tenor
760 4506 1205 4575 perseveraverit,
1255 4505 1515 4576 opuscula
1556 4521 1721 4577 penes
1767 4521 1862 4562 nos
1885 4506 2076 4562 condi-

2196 600 2336 638 mus.
2361 583 2443 651 (L.
2482 583 2603 637 adv.
2636 583 2849 638 Valent.
2885 599 2932 636 c.
2961 583 3039 652 5.)
3085 583 3239 636 Inter
3285 597 3433 652 quos
3482 597 3845 636 commemo-

2196 673 2360 727 randi
2412 674 2764 738 Quadratus,
2814 672 3120 736 Aristides,
3170 673 3563 742 Anaxagoras,
3630 669 3844 740 Melito,

2193 762 2552 832 Theophilus
2598 762 3016 824 Antiochenus,
3073 759 3488 831 Apollinarius,
3535 760 3843 828 Tatianus,

2193 849 2463 906 Clemens
2496 850 2768 906 Alexand.
2807 856 2863 906 et
2901 849 3242 922 Apollonius
3288 850 3551 904 Senator.
3589 849 3846 920 denique

2191 941 2263 995 ab
2295 944 2461 995 Auct.
2495 939 2708 995 alicubi
2742 939 2900 995 citati
2931 941 3184 995 Justinus
3213 938 3575 1008 Philosophus
3602 942 3653 993 et
3688 943 3850 993 Mar-

2197 1038 2305 1100 tyr,
2337 1031 2608 1085 Miltiades
2631 1031 2828 1085 Eccles.
2860 1029 3135 1100 Sophista,
3184 1034 3237 1083 et
3291 1033 3544 1084 Irenaeus
3595 1029 3849 1082 omnium

2195 1119 2582 1174 doctrinarum
2608 1120 3015 1175 curiosissimus
3045 1117 3364 1188 explorator
3396 1116 3618 1182 Quibus
3649 1116 3848 1171 omni-

2197 1207 2306 1263 bus
2337 1207 2674 1264 evolvendis
2704 1213 2759 1263 et
2807 1212 2940 1263 ante
2986 1212 3044 1262 et
3091 1210 3223 1279 post
3268 1207 3440 1261 ﬁdem
3501 1210 3847 1276 susceptam

2195 1295 2389 1367 ipsum
2443 1296 2820 1368 allaborasse,
2871 1297 2957 1353 vel
2989 1312 3057 1352 ex
3112 1295 3354 1368 Apolog.
3391 1299 3569 1367 patet,
3629 1293 3686 1348 in
3728 1309 3847 1365 quo

2197 1385 2446 1440 subinde
2475 1385 2603 1441 illos
2634 1387 2705 1441 ad
2739 1386 2981 1440 verbum
3014 1385 3129 1440 fere
3161 1383 3444 1440 imitatur.
3499 1381 3600 1437 His
3653 1381 3846 1437 omni-

2196 1473 2306 1528 bus
2337 1473 2706 1530 adminiculis
2735 1475 2806 1530 ad
2838 1473 3050 1529 Christi
3085 1474 3258 1528 ﬁdem
3289 1487 3602 1528 conversus
3633 1477 3689 1526 et
3712 1471 3845 1541 jam

2195 1563 2484 1627 initiatus,
2519 1581 2652 1618 cum
2685 1562 2927 1636 pallium
2977 1562 3375 1618 Christianum
3435 1560 3679 1616 indutus
3737 1560 3842 1630 (si-

2195 1652 2310 1706 cuti
2345 1660 2513 1708 antea
2538 1653 2713 1707 etiam
2747 1651 3504 1723 attigimus)inconstantize
3536 1655 3847 1704 notaretur

2197 1740 2268 1794 ab
2301 1741 2508 1807 amico,
2543 1743 2697 1813 quod
2731 1760 2768 1796 a
2800 1743 2936 1812 Toga
2969 1742 3377 1796 transissetud
3408 1741 3675 1805 Pallium,
3707 1740 3845 1793 Ora-

2195 1830 2411 1884 tionem
2447 1830 2649 1885 habuit
2669 1831 3025 1902 Carthagine
3058 1832 3258 1901 (quam
3295 1847 3406 1885 LIB.
3449 1846 3518 1884 os
3559 1845 3716 1883 PALL.
3756 1827 3845 1881 in-

2193 1918 2473 1990 scripsit),
2505 1937 2618 1990 qua
2648 1925 2703 1975 et
2733 1919 2899 1974 Pallii
2955 1926 3328 1988 vetustatem,
3377 1917 3844 1988 simplicitatem,

2193 2007 2552 2075 facilitatem,
2585 2008 2914 2064 libertatem
2968 2009 3093 2065 sine
3141 2025 3300 2078 cura,
3365 2005 3838 2078 Philosopbicam

2191 2097 2536 2167 gravitatem
2569 2104 2624 2153 et
2654 2100 3022 2154 sanctitatem
3057 2097 3451 2164 commendat;
3477 2101 3532 2152 et
3563 2095 3701 2150 vitio
3719 2095 3840 2151 sibi

2192 2185 2318 2240 dari
2353 2203 2466 2242 non
2518 2188 2725 2242 debere
2783 2187 2960 2243 variis
3017 2187 3300 2258 exemplis
3351 2184 3626 2254 ostendit,
3677 2184 3839 2256 quod

2192 2274 2460 2331 habitum
2492 2277 2747 2332 verterit.
2782 2279 2903 2342 Qua
2925 2276 3224 2332 occasione
3255 2280 3309 2332 et
3335 2275 3643 2329 libidinum
3675 2273 3845 2328 varia

2193 2381 2425 2436 genera,
2467 2366 2683 2437 quibus
2730 2370 2940 2422 natura
2989 2370 3273 2434 mutetur,
3326 2370 3385 2420 et
3433 2364 3842 2420 Matronarum

2192 2453 2416 2509 cultum
2444 2455 2806 2510 indecentem
2841 2455 3184 2524 insectatur,
3214 2460 3271 2511 et
3305 2453 3410 2510 fori
3466 2452 3742 2508 Judicum
3777 2458 3842 2507 et

2193 2542 2447 2598 militum
2480 2543 2655 2614 vitiis,
2705 2549 2830 2599 tum
2879 2544 3185 2600 ambitioni
3235 2549 3294 2599 et
3345 2541 3492 2616 gulis
3536 2547 3838 2596 cauterem

2194 2631 2396 2702 adigit.
2433 2634 2606 2702 Atqui
2638 2633 2731 2688 his
2763 2633 2924 2690 Coss.
2985 2635 3122 2688 data
3151 2631 3498 2688 Constitutio
3552 2631 3743 2686 Severi
3775 2633 3838 2685 et

2192 2721 2467 2776 Antonini
2500 2740 2530 2777 ν
2565 2723 2699 2778 Idus
2731 2723 2988 2792 Martias,
3044 2740 3173 2796 quae
3204 2726 3392 2779 exstat
3446 2721 3512 2776 D:
3572 2720 3693 2775 Lib.
3755 2737 3837 2786 Ix,

2191 2809 2402 2877 tom.I,
2437 2810 2536 2865 lib.
2571 2829 2609 2881 ι,
2643 2812 2853 2867 iterum
2911 2812 3222 2867 conﬁrmat
3279 2815 3539 2867 nostram
3597 2814 3838 2866 senten-

2191 2897 2332 2954 tiam
2368 2899 2438 2956 de
2469 2900 2756 2956 Antonino
2787 2900 2907 2957 ﬁlio
2940 2901 3172 2972 Imperii
3207 2903 3493 2956 consorte.

2700 3060 2839 3100 ANNO
2878 3061 3078 3100 DOMINI
3117 3060 3323 3100 CXCVII.

2261 3170 2288 3236 §
2317 3167 2435 3223 VII.
2473 3169 2618 3236 Unde
2647 3187 2804 3224 suam
2830 3169 3075 3225 hauserit
3101 3168 3486 3226 omninzodam
3518 3166 3839 3239 disciplinae

2190 3257 2516 3315 christiana:
2547 3261 2852 3314 scientiam.
2906 3289 2969 3301 —
3025 3261 3106 3314 14.
3158 3276 3210 3315 c.
3256 3275 3488 3314 DOMITIO
3546 3273 3762 3312 sz'rao
3796 3273 3842 3311 ιι

2191 3364 2256 3402 ET
2313 3364 2364 3401 L.
2422 3366 2658 3404 vusaxo
2691 3366 2933 3404 usssALA
2971 3366 3221 3404 massas
3279 3365 3468 3404 Palsco
3525 3363 3676 3405 coss.
3731 3346 3834 3403 55

2191 3436 2249 3491 S.
2300 3437 2552 3492 Victoris
2602 3439 2770 3510 Papa:
2827 3439 3073 3494 Romani
3123 3455 3276 3494 anno
3329 3455 3368 3492 η
3416 3441 3472 3492 et
3521 3435 3712 3492 Severi
3756 3452 3838 3491 ιν.

2192 3525 2626 3582 ΤειιτυιιιΑΜυε
2647 3528 2773 3597 jam
2814 3527 3188 3583 Christianus
3219 3527 3436 3598 quibus
3467 3543 3529 3582 se
3583 3541 3842 3596 occupa-

2191 3613 2450 3670 tionibus
2483 3622 2668 3672 totum
2696 3617 3003 3686 dediderit,
3030 3617 3250 3688 scripta
3295 3617 3445 3686 ejus,
3497 3615 3569 3670 de
3617 3613 3843 3686 quibus

2191 3709 2412 3774 postea,
2448 3703 2579 3776 plus
2619 3705 2763 3761 satis
2793 3723 2900 3761 suo
2947 3705 3301 3761 confirmant
3342 3702 3704 3760 testimonio.
3757 3701 3843 3758 Ex

2189 3791 2405 3861 quibus
2436 3793 2708 3865 inprimis
2766 3798 2994 3849 constat
3049 3793 3130 3849 ita
3175 3798 3471 3848 versatum
3531 3791 3713 3847 fuisse
3772 3792 3838 3848 in

2191 3897 2490 3936 sacrarum
2521 3881 2766 3938 lectione
2798 3882 3170 3948 Litterarum,
3203 3882 3285 3937 ita
3309 3880 3603 3938 memoriis
3635 3881 3842 3936 omnia

2190 3973 2246 4022 et
2274 3969 2510 4041 singula
2538 3971 2973 4042 Scripturarum
3008 3971 3134 4026 loca
3155 3971 3622 4038 commendasse,
3651 3973 3712 4025 ut
3742 3967 3837 4024 vel

2189 4059 2362 4113 unica
2391 4060 2628 4131 periodo
2680 4060 2932 4116 subinde
2978 4059 3284 4131 complura
3333 4059 3672 4131 complexus
3711 4057 3838 4126 sit;

2189 4145 2365 4201 sicuti
2411 4166 2478 4202 ex
2522 4149 2954 4221 Scripturarum
3005 4150 3201 4204 Indice
3259 4153 3480 4218 nostro,
3527 4146 3844 4203 collatione

2189 4251 2320 4291 cum
2356 4241 2604 4292 Auctore
2637 4238 2806 4305 facta,
2845 4237 3008 4294 facile
3041 4243 3129 4294 est
3158 4237 3682 4309 deprehendere.ln
3716 4234 3841 4292 illis

2187 4330 2383 4381 autem
2417 4325 2665 4383 citandis
2695 4327 3008 4383 editionem
3032 4328 3299 4398 sequitur
3326 4326 3542 4398 ubique
3575 4341 3699 4380 Lxx.
3734 4327 3835 4382 In-

2187 4418 2364 4486 terpr.
2401 4417 2553 4486 quod
2587 4417 2656 4471 ad
2691 4419 2874 4472 Vetus
2905 4417 3368 4472 Instrumentum
3410 4414 3639 4481 attinet,
3672 4415 3833 4486 quod

2181 4519 2282 4575 per
2325 4504 2564 4559 Esdram
2613 4505 2722 4575 (vel
2770 4505 2897 4578 ipso
2944 4506 3109 4577 teste)
3167 4508 3383 4561 constat
3453 4507 3836 4560 restauratum

434 4589 654 4656 derunt,
685 4603 1167 4649 commemorantes
1195 4602 1246 4649 et
1274 4595 1724 4664 contestiﬁcantes
1753 4597 1812 4650 in
1858 4596 2075 4668 suggil-
2108 4615 2154 4681 Ι)
2183 4593 2264 4664 (L.
2297 4593 2364 4650 de
2395 4594 2538 4648 IIab.
2572 4595 2708 4650 mul.
2744 4612 2792 4650 c.
2826 4596 2896 4657 3;
2931 4595 3147 4665 Apolog.
3184 4611 3234 4650 c.
3268 4594 3383 4664 48),
3412 4594 3588 4665 idque
3620 4609 3736 4649 non
3767 4594 3834 4650 in

438 4678 703 4735 lationem
732 4691 785 4738 et
812 4685 1081 4754 originem
1109 4688 1161 4738 et
1191 4683 1549 4740 traditionem
1586 4693 1637 4740 et
1676 4689 2078 4742 sententiarum

435 4776 756 4838 argumenta
785 4787 884 4834 per
911 4789 1031 4844 quae
1060 4774 1369 4843 recognosci
1413 4774 1600 4844 possit,
1645 4773 1790 4828 nihil
1835 4791 1934 4831 nos
1980 4778 2077 4830 aut

432 4872 652 4926 novum,
683 4865 782 4914 aut
805 4864 1205 4931 portentosum,
1226 4864 1613 4933 suscepisse,de
1641 4878 1747 4933 quo
1774 4879 1885 4919 non
1907 4867 2076 4919 etiam

433 4962 745 5004 communes
773 4950 978 5007 litterw
1006 4950 1076 5006 ad
1103 4952 1433 5022 suﬂragium
1448 4952 1608 5008 nobis
1623 4955 2070 5025 patrocinentur,

427 5128 844 5203 guilur._Liber
875 5131 944 5185 ad
979 5131 1212 5203 Scapul.
1248 5148 1374 5201 cap.
1408 5131 1598 5186 ultim.
1631 5133 1688 5186 2°
1719 5137 2074 5189 Potestatem

429 5201 766 5275 eorumdem
793 5201 1143 5275 stupendum
1169 5204 1226 5258 io
1251 5205 1874 5275 daemoneseorumque
1895 5207 2076 5260 simu-

427 5269 586 5326 lacra
616 5277 683 5348 et,
703 5269 1136 5348 oracul-asQuid
1168 5278 1268 5330 isto
1305 5291 1465 5345 opere
1515 5269 1908 5348 manifestius?
1935 5276 2076 5347 quid

430 5348 532 5398 .‘zac
557 5345 880 5414 probatione
907 5347 1121 5415 ﬁdelius
1151 5349 1526 5419 Psimplicitas
1547 5345 1790 5405 veritatis
1810 5352 1866 5404 in
1899 5345 2074 5404 medio

429 5425 538 5491 est;
564 5419 733 5491 etiam
760 5421 827 5472 de
853 5421 1169 5490 corporibus
1199 5424 1382 5474 nostro
1424 5423 1654 5491 imperio
1697 5420 1963 5476 excedunt
1994 5422 2076 5474 in-

429 5489 632 5562 viti_et
681 5489 916 5546 dolentes
961 5497 1011 5547 et
1055 5492 1202 5546 vobis
1261 5489 1618 5562 praesentibus
1682 5494 2070 5548 erubescentes.

429 5558 729 5632 Apologet.
763 5562 960 5619 XXIII.
994 5565 1052 5618 3°
1082 5558 1301 5618 Motum
1329 5563 1690 5632 judiciorum
1722 5565 2069 5622 divinorum.

427 5631 507 5684 Ad
539 5632 703 5706 istum
731 5636 1104 5706 disciplinam,
1137 5635 1218 5706 ait
1251 5635 1311 5688 in
1334 5631 1492 5706 libro
1513 5635 1593 5706 Ade
1623 5635 1828 5692 Anima
1857 5641 2074 5702 u,metu

425 5702 686 5771 pradicli
711 5702 916 5776 iudicii
941 5705 1370 5768 transeolamus.
1420 5704 1642 5772 Quibus
1663 5712 1720 5766 et
1766 5708 1949 5769 addas
1980 5725 2073 5768 ve-

2183 4684 2578 4740 Pentateucbo
2611 4685 2794 4757 Moysi
2824 4685 3126 4756 duntaxat,
3158 4684 3407 4755 aliisque
3445 4684 3614 4740 libris
3641 4684 3831 4740 histo-

2185 4773 2342 4845 ricis,
2377 4775 2478 4830 sed
2512 4779 2569 4830 et
2597 4773 2656 4829 in
2689 4774 3113 4845 Prophetarum
3144 4774 3439 4831 vaticiniis
3472 4792 3485 4831 :
3515 4775 3657 4844 Quos
3677 4775 3833 4830 enim

2185 4862 2422 4934 (inquit)
2471 4863 2719 4919 diximus
2761 4863 3159 4935 pradicatores,
3209 4864 3507 4936 quphetee
3547 4864 3612 4920 de
3648 4864 3832 4934 ofﬁcio

2181 4952 2463 5023 praefandi
2498 4953 2787 5008 dicuntur.
2825 4957 2995 5010 Voces
3041 4969 3248 5024 eorum,
3304 4955 3542 5026 itemque
3579 4955 3832 5023 virtutes,

2187 5128 2316 5195 lim,
2347 5147 2474 5200 quae
2506 5147 2685 5204 supra
2715 5130 2772 5185 in
2809 5130 3084 5197 Pamelio,
3118 5131 3526 5188 auctoritatem
3565 5132 3833 5204 Scriptu-

2187 5203 2788 5277 rarum,divinamque
2812 5204 3257 5277 praedictionum
3283 5205 3659 5277 Amajestatem
3686 5203 3838 5261 veri-

2185 5279 2302 5330 tate
2336 5275 2954 5345 comprobatumﬂmo
2987 5281 3043 5331 et
3087 5275 3316 5346 imperii
3367 5275 3730 5332 calamitates
3762 5294 3832 5333 eo

2186 5347 2375 5419 magis
2405 5348 2850 5419 saevientes,quo
2883 5349 3218 5404 vesaniorin
3246 5349 3598 5404 christianos
3622 5351 3836 5404 imma-

2185 5419 2338 5474 nitas
2370 5425 2760 5491 grassaretur,
2793 5437 2858 5477 ac
2884 5421 3118 5476 demum
3151 5437 3346 5476 rerum
3386 5421 3439 5476 vi
3471 5437 3674 5492 graves
3711 5438 3829 5477 non

2185 5507 2354 5565 secus
2382 5509 2447 5565 ac
2476 5492 2782 5565 verborum
2807 5492 3075 5565 acumine
3103 5493 3506 5565 Apologeticos
3525 5510 3830 5549 sermones

2182 5579 2216 5638 a_
2260 5563 2530 5638 pluribus
2581 5564 2780 5638 quies.
2827 5564 3096 5638 Ecclesia
3145 5563 3491 5638 tempestate
3540 5565 3831 5627 ﬂorebant

2182 5634 2518 5692 doctoribus
2547 5634 2872 5708 evulgatos.
2904 5637 3040 5692 Eoo.
