4060 6370
223 370 299 429 93
1551 373 2083 435 TERTULLIANI
2130 374 2337 434 VITA.
3566 370 3645 427 94

223 518 351 574 quas
382 500 451 557 ad
481 500 643 572 ﬁdem
674 504 1005 559 Divinitatis
1032 505 1279 577 edebant,
1315 508 1372 562 in
1417 506 1687 562 thesauris
1737 508 1880 563 litte-
1911 513 1965 578 Α
1996 505 2151 561 haud
2188 506 2361 561 dubie
2392 507 2787 579 Scriptoribus
2839 506 3170 562 Ecelesiast.
3224 508 3429 576 praeter
3474 500 3643 574 Apol-

225 609 412 647 rarum
444 600 686 661 manent,
721 610 823 648 nec
855 595 983 649 ista:
1012 610 1157 648 nune
1208 595 1397 651 latent.
1456 597 1881 652 Ptolcma’orum

227 682 500 737 eruditiss.
568 682 752 753 (quem
814 683 1237 755 Philadelphum
1294 685 1781 757 supernominant)
1832 689 1881 741 et

226 773 407 827 omnis
432 771 760 825 litteratura:
810 774 1211 843 sagacissimus,
1275 790 1400 829 cum
1448 774 1630 829 studio
1675 775 1878 829 Biblio-

223 860 364 915 thcc.
390 862 746 915 Pisistratum
776 860 862 931 (ut
890 862 1102 931 opinor)
1131 866 1515 934 :emularetur,
1550 866 1695 918 inter
1725 869 1880 919 cade-

227 968 295 1005 ra
326 950 743 1015 memoriarum,
776 952 973 1021 quibus
1013 955 1107 1006 aut
1158 957 1415 1018 vetustas,
1474 957 1533 1008 ut
1589 955 1881 1009 curiositas

226 1040 419 1110 aliqua
449 1038 520 1093 ad
549 1041 763 1111 famam
784 1041 1257 1113 patrocinabatur,
1285 1058 1312 1097 e
1333 1046 1585 1114 suggestu
1614 1044 1882 1099 Demetrii

226 1129 481 1184 Phalerii
532 1128 1026 1185 Grammaticorum
1099 1139 1231 1186 tunc
1308 1132 1711 1203 probatissimi,
1790 1133 1882 1185 cui

216 1220 621 1290 praefecturam
674 1219 1057 1288 mandaverat,
1108 1221 1273 1276 libros
1320 1238 1353 1276 a
1407 1222 1614 1278 Iudaeis
1672 1236 1881 1292 quoque

220 1308 549 1379 postulavit,
579 1310 838 1379 proprias
866 1310 1071 1364 scilicet
1117 1319 1277 1382 atque
1338 1312 1658 1366 vernaculas
1706 1312 1878 1364 Litte-

221 1414 330 1466 ras,
352 1414 500 1468 quas
528 1398 635 1453 soli
662 1397 956 1453 habebant.
989 1401 1085 1453 Ex
1140 1401 1272 1471 ipsis
1328 1402 1477 1455 enim
1527 1410 1575 1455 et
1626 1400 1695 1454 ad
1740 1402 1881 1469 ipsos

219 1503 437 1557 semper
483 1487 772 1557 Prophetas
796 1495 1217 1559 peroraverant,
1255 1490 1465 1544 scilicet
1508 1490 1577 1543 ad
1625 1489 1880 1544 domesti-

221 1592 342 1631 cam
374 1576 477 1630 Dei
505 1584 723 1644 gentem
752 1594 824 1632 ca:
850 1581 1074 1648 patrum
1102 1580 1303 1649 gratia.
1337 1579 1563 1635 [ἰθὺν-«τί
1582 1582 1751 1647 retro,
1785 1576 1881 1647 qui

220 1682 370 1718 nunc
400 1664 611 1720 Judaei.
658 1666 837 1733 Igitur
865 1670 915 1720 et
951 1666 1143 1721 litterae
1175 1667 1431 1734 Hebrww,
1478 1669 1527 1721 et
1578 1667 1875 1736 eloquium.

222 1753 325 1809 Sed
352 1771 425 1808 ne
450 1754 649 1809 notitia
680 1760 921 1821 vacaret,
956 1761 1052 1810 hoc
1106 1772 1316 1826 quoque
1374 1757 1669 1812 Ptolemaeo
1710 1773 1738 1808 a
1771 1760 1880 1811 Ju-

222 1843 370 1899 dzis
397 1843 769 1913 subscriptum
809 1848 910 1909 est,
961 1843 1318 1915 Septuaginta
1374 1845 1584 1902 duobus
1642 1846 1876 1915 Interpr.

220 1932 509 1999 indultis,-
541 1948 669 2004 quos
705 1933 1051 1988 Menedemus
1078 1950 1289 2004 quoque
1314 1935 1695 2005 philosophus.
1745 1936 1877 1988 Pro-

220 2022 487 2077 videntiae
518 2021 719 2076 vindex
747 2021 807 2077 de
857 2025 1141 2079 sententia
1179 2026 1566 2079 communione
1608 2026 1870 2095 suspexit.

221 2110 557 2181 Alﬁrmavit
586 2110 701 2165 haec
720 2112 867 2166 vobis
897 2113 1061 2166 etiam
1098 2112 1372 2167 Aristaeus.
1408 2114 1489 2167 Ita
1527 2115 1586 2166 in
1628 2111 1877 2169 Graecum

223 2202 433 2272 stylum
464 2217 535 2256 ea:
565 2206 755 2272 aperto
788 2212 1136 2257 monumenta
1194 2204 1435 2276 reliquit.
1497 2204 1666 2260 Hodie
1722 2205 1878 2276 apud

222 2290 526 2362 Serapeum
548 2291 831 2347 Ptolemaei
870 2292 1211 2348 Bibliotheca
1240 2309 1366 2348 cum
1412 2295 1547 2365 ipsis
1598 2296 1878 2349 Hebraicis

225 2380 426 2434 litteris
456 2380 811 2436 exhibentur.
846 2380 980 2443 Quas
1015 2380 1187 2453 paulo
1220 2382 1503 2453 prolixius
1544 2382 1874 2451 citavimus,

224 2469 510 2524 adversus
542 2485 641 2524 eos
670 2469 770 2541 qui
801 2470 1203 2525 auctoritatem
1239 2489 1343 2525 axx
1375 2474 1621 2544 Interpr.
1655 2472 1877 2529 elevare

226 2575 340 2613 non
374 2562 650 2613 verentur
683 2558 779 2629 (8).
819 2559 883 2614 In
941 2563 1096 2614 Novo
1150 2578 1284 2615 vero
1332 2562 1706 2617 Testamento
1761 2580 1871 2618 non

224 2651 344 2701 tam
381 2646 609 2701 Latinis
637 2647 979 2715 Translatis,
1013 2666 1189 2719 quam
1221 2651 1438 2704 Graecia
1468 2652 1758 2707 veteribus
1782 2670 1879 2707 co-

228 2735 460 2791 dicibus
494 2753 668 2791 usum
700 2738 1031 2804 Auctorem,
1089 2737 1283 2793 Grmce
1331 2740 1760 2811 doctissimum,
1812 2758 1881 2797 ex

228 2826 495 2880 versione
531 2825 659 2895 ejus
691 2825 988 2896 peculiari,
1024 2828 1094 2881 ab
1126 2827 1256 2883 aliis
1289 2828 1563 2884 omnibus
1623 2830 1878 2885 multum

228 2913 483 2969 subinde
517 2914 768 2982 diversa,
806 2914 1183 2971 manifestum
1218 2917 1282 2972 fit
1312 2944 1325 2984 ;
1358 2934 1530 2988 quam
1565 2919 1707 2974 adeo
1761 2920 1878 2975 dis-

235 3002 601 3074 crepantiam
635 3003 689 3056 in
724 3003 973 3075 gratiam
1006 3006 1401 3076 professorum
1436 3023 1734 3061 sacrarum
1761 3008 1879 3063 Lit-

236 3095 496 3147 terarum
543 3092 760 3163 ubique
819 3093 1263 3161 annotavimus;
1326 3112 1501 3167 quam
1553 3096 1679 3167 jam
1740 3096 1878 3152 olim

230 3180 410 3235 etiam
442 3179 718 3237 indicavit
748 3186 812 3237 Β.
846 3182 1045 3236 Ambr.
1075 3183 1193 3238 sive
1226 3183 1497 3256 quisquis
1544 3191 1745 3241 auctor
1790 3190 1881 3242 est

1991 595 2213 652 ionium
2249 602 2583 652 Senatorem
2617 602 2672 652 et
2702 602 2761 651 Β.
2786 598 3079 652 Victorem
3107 594 3319 651 Grzccis
3344 592 3639 657 omnibus,

1992 685 2290 740 Philonem
2317 686 2463 753 dico,
2488 686 2807 757 Joscphum
2827 689 3024 755 (quem
3050 689 3213 738 vocat
3235 682 3641 753 Antiquitatum

1988 774 2339 830 Iudaicarum
2372 776 2723 829 vernaculum
2757 775 3054 845 vindicem)
3103 774 3323 845 Apolog.
3359 788 3408 827 c.
3457 769 3541 835 19,
3576 768 3588 822 l
3625 786 3639 836 ;

1990 864 2056 918 de
2086 866 2287 919 Pra’sc.
2323 863 2445 919 adv.
2481 864 2674 921 haeret.
2708 882 2756 919 c.
2790 865 2857 918 3‘2
2887 883 2899 931 ;
2954 863 2988 917 Ι.
3049 863 3169 917 adv.
3221 862 3428 918 Valent.
3482 876 3530 914 c.
3563 859 3637 925 5;

1994 953 2181 1008 Carm.
2216 953 2342 1008 adv.
2380 959 2547 1009 Marc.
2585 969 2634 1009 c.
2668 954 2702 1006 9
2735 976 2747 1023 ς
2786 953 2822 1008 l.
2857 954 2920 1007 de
2940 956 3135 1008 Prazsc.
3161 952 3281 1007 adv.
3309 951 3444 1007 ha’c.
3472 967 3518 1004 c.
3547 950 3636 1017 38,

1988 1042 2027 1098 1.
2062 1060 2117 1109 1;
2150 1044 2364 1114 Apolog.
2402 1061 2448 1097 ο.
2483 1045 2595 1114 35),
2652 1042 2973 1115 Appionem
3008 1049 3063 1097 et
3090 1040 3499 1111 Hegesippum,
3532 1038 3636 1093 Ju-

1989 1132 2165 1197 dazos,
2225 1130 2579 1187 Clementem
2629 1133 2979 1199 Romanum,
3031 1148 3097 1186 ac
3143 1136 3199 1184 S.
3250 1129 3634 1200 Polycarpum

1988 1220 2261 1291 (quorum
2294 1220 2457 1277 illum
2494 1223 2867 1277 Romanorum
2898 1239 2933 1276 a
2964 1223 3146 1287 Petro,
3180 1220 3335 1274 hunc
3368 1236 3398 1272 a
3428 1219 3637 1273 Joanne

1990 1309 2397 1381 Smyrnaeorum
2421 1313 2692 1383 episcopos
2716 1312 2996 1365 ordinatos
3039 1308 3345 1381 agnoscit),
3377 1311 3432 1359 S.
3468 1307 3635 1377 Igna-

1989 1397 2135 1453 tium
2165 1399 2617 1469 Antiochenum,
2669 1401 2725 1455 S.
2789 1399 3127 1471 Dionysium
3177 1400 3456 1468 Areopag.
3509 1394 3639 1449 Gal-

1990 1486 2225 1554 liarum,
2261 1489 2498 1560 Papiam
2526 1488 3023 1560 Hierapolitanum
3048 1487 3363 1559 Episcopus
3387 1506 3400 1549 ς
3428 1484 3635 1556 Agrip-

1990 1593 2122 1648 pam
2156 1578 2476 1645 Castorem,
2510 1578 2848 1651 Dionysium
2881 1577 3334 1644 Corinthiorum,
3359 1573 3636 1629 Plinitum

1990 1682 2055 1720 ae
2125 1666 2457 1739 Philippum
2519 1670 2821 1724 Cretenses
2882 1668 3232 1738 Episcopos;
3296 1664 3633 1732 Musanum,

1994 1754 2338 1823 Modestum,
2375 1757 2744 1811 Panthenum
2777 1756 3255 1825 Alexandrinum,
3292 1753 3631 1808 Rhodonem

1993 1844 2295 1900 Asianum:
2359 1845 2733 1917 Serapionem
2787 1850 2845 1900 et
2919 1845 3219 1899 Proculum
3294 1840 3630 1914 quemdam,

1987 1950 2161 2003 quem
2197 1939 2358 1988 vocat
2402 1936 2729 2005 eloquentiae
2783 1934 3109 1989 Christianae
3166 1932 3505 2003 dignitatem,
3563 1930 3633 1983 de

1988 2039 2102 2093 quo
2156 2028 2351 2094 postea
2406 2023 2619 2091 latius;
2679 2028 2914 2078 Sextum
2976 2023 3229 2093 denique
3285 2020 3631 2092 Appionem,

1985 2112 2334 2177 Candidum,
2368 2114 2749 2181 Arabianum,
2788 2112 3127 2179 Maximum,
3159 2116 3214 2166 et
3252 2108 3630 2165 Heraclitum.

1986 2200 2208 2264 Quibus
2239 2201 2449 2271 adjicio
2482 2202 2702 2273 primos
2733 2200 2865 2256 illos
2923 2206 3180 2268 cazteros,
3234 2199 3399 2254 Pont.
3463 2198 3630 2252 Rom.

1986 2290 2047 2343 in
2076 2290 2230 2345 Petri
2256 2290 2521 2345 cathedra
2554 2307 2898 2359 successores,
2951 2306 3197 2361 quorum
3243 2292 3475 2343 exstant
3528 2287 3630 2341 De-

1987 2378 2251 2446 cretales,
2312 2396 2677 2451 quorumque
2733 2398 2858 2436 cum
2916 2382 3046 2435 Lino
3097 2387 3146 2434 et
3193 2378 3336 2432 Cleto
3414 2380 3634 2431 Auctor

1989 2468 2294 2523 meminit:
2330 2470 2670 2536 Anacletum,
2703 2470 3033 2535 Evaristum,
3069 2466 3461 2532 Alexandrum,
3505 2464 3635 2519 Six-

1989 2562 2126 2625 tum,
2163 2558 2561 2629 Telesphorum,
2594 2559 2891 2629 Hyginum,
2923 2558 3110 2621 Pium,
3170 2557 3479 2622 Anicetum,
3531 2552 3635 2608 So-

1987 2651 2168 2701 terem
2204 2647 2339 2701 item
2376 2649 2595 2719 (quem,
2631 2648 2784 2717 quod
2818 2646 3043 2701 occasio
3072 2662 3198 2699 sese
3229 2661 3342 2698 non
3385 2642 3636 2707 oil‘erret,

1990 2736 2409 2807 praetermisit),
2434 2741 2491 2791 et
2515 2737 2882 2802 Eleutherum,
2903 2750 3078 2806 quem
3106 2733 3450 2789 Benedictum
3479 2746 3638 2785 nun-

1991 2829 2185 2896 cupat.
2220 2827 2375 2892 Quos
2421 2842 2626 2880 omnes
2685 2826 2877 2880 Greece
2922 2823 3253 2893 scripsisse,
3309 2838 3375 2876 ex
3434 2820 3636 2874 eodem

1992 2913 2140 2985 stylo
2175 2915 2399 2985 Latino,
2435 2915 2531 2986 qui
2565 2913 2899 2985 interpretis
2930 2913 3194 2983 ejusdem
3225 2910 3471 2977 videtur,
3506 2924 3640 2963 cen-

1991 3020 2129 3071 seo;
2182 3009 2403 3076 utpote,
2469 3006 2563 3075 qui
2626 3003 2837 3059 melius
2894 3006 3085 3057 Graece
3138 3001 3423 3069 noverint,
3485 2998 3641 3054 sicut

1992 3092 2168 3148 etiam
2200 3095 2255 3149 S.
2293 3097 2440 3149 Iren.
2475 3111 2652 3165 quam
2690 3094 2905 3149 Latine.
2940 3094 3061 3157 Quo
3096 3091 3178 3155 fit,
3213 3095 3275 3144 ut
3330 3088 3440 3161 (vel
3489 3088 3639 3142 Rhe-

1992 3201 2142 3240 nano
2192 3185 2530 3255 annutante)
2565 3200 2735 3239 nemo
2769 3182 2964 3237 mirari
3010 3181 3216 3236 debeat
3246 3178 3498 3233 Graecam
3530 3177 3640 3231 Au-

231 3270 561 3325 Comment.
587 3270 644 3325 in
679 3270 861 3343 Epist.
901 3271 1057 3326 Pauli
1089 3273 1157 3326 ad
1195 3273 1360 3329 Rom.
1397 3291 1445 3329 ο.
1476 3276 1524 3330 5.
1577 3297 1603 3325 ‹‹
1638 3276 1879 3332 Constat
1911 3266 1952 3332 C
1991 3274 2166 3329 ctoris
2193 3273 2471 3346 loquendi
2504 3272 3011 3337 consuetudinem,
3045 3286 3175 3324 cum
3210 3268 3384 3323 etiam
3447 3266 3493 3321 si
3540 3264 3638 3335 qui

232 3358 790 3430 (inquit)quosdam
853 3360 1089 3416 Latinos
1135 3362 1272 3417 olim
1318 3364 1388 3417 de
1436 3364 1726 3419 veteribus
1784 3366 1884 3421 56

235 3447 455 3503 Graecis
485 3448 787 3505 translatis
817 3450 1139 3518 codicibus,
1168 3468 1315 3523 quos
1337 3451 1708 3524 incorruptos
1742 3455 1883 3509 sim-

233 3537 465 3609 plicitas
494 3542 827 3609 temporum
881 3539 1127 3594 servavit
1179 3545 1237 3594 et
1293 3543 1522 3612 probat.
1570 3543 1882 3614 Postquam

236 3631 437 3681 autem
470 3625 761 3682 discordia
790 3627 1001 3682 animis
1032 3627 1459 3685 dissidentibus
1491 3635 1548 3685 et
1597 3630 1886 3687 haereticis

241 3715 726 3787 perturbantibus
771 3721 1041 3788 torquere
1127 3719 1480 3789 quaestiones
1564 3727 1884 3791 coeperunt,

242 3803 432 3859 multa
462 3805 773 3861 immutata
803 3810 943 3861 sunt
986 3806 1056 3862 ad
1108 3823 1348 3863 sensum
1409 3808 1760 3880 humanum,
1826 3816 1887 3866 ut

238 3892 347 3948 hoc
377 3894 775 3949 contineretur
804 3894 863 3949 in
896 3893 1126 3959 litteris,
1178 3898 1328 3967 quod
1384 3896 1609 3953 homini
1661 3899 1883 3955 videre-

238 3987 349 4039 tur.
386 3983 556 4038 Unde
586 3987 643 4039 et
670 3984 781 4055 ipsi
828 3984 1008 4040 Graeci
1058 3985 1315 4042 diversos
1366 3986 1596 4043 codices
1647 3986 1882 4044 habent.

237 4069 388 4126 Illud
424 4075 618 4127 autem
653 4089 852 4127 verum
888 4072 1160 4143 arbitror,
1222 4076 1456 4146 quando
1510 4081 1569 4131 et
1617 4077 1783 4146 ratio,
1830 4081 1886 4133 et

236 4159 506 4226 historia,
541 4167 596 4215 et
635 4162 954 4217 auctoritas
1013 4163 1450 4219 observabatur.
1510 4164 1655 4220 Nam
1710 4166 1884 4223 hodie

236 4265 365 4321 quae
401 4249 460 4303 in
493 4250 716 4307 Latinis
748 4251 1256 4323 reprehenduntur
1271 4253 1593 4325 codicibus,
1619 4255 1701 4311 sic
1724 4256 1885 4312 inve-

234 4338 483 4394 niuntur
512 4357 545 4395 a
574 4340 867 4396 veteribus
900 4342 1107 4412 posita,
1140 4343 1566 4411 TERTULLIANO,
1591 4344 1883 4403 Victorino

233 4432 289 4483 et
320 4427 630 4500 Cypriano.
669 4452 696 4479 »
754 4430 1045 4487 Hactenus
1096 4430 1213 4487 ille.
1263 4434 1335 4487 At
1384 4433 1483 4504 qui
1542 4434 1886 4491 versabatur

232 4520 511 4586 praeterea
542 4521 712 4573 noctu
739 4517 957 4589 diuque
986 4522 1204 4575 Auctor
1253 4524 1451 4576 noster
1499 4521 1555 4576 in
1608 4538 1881 4594 perscru-

1996 3359 2054 3414 in
2089 3360 2353 3415 Latinam
2401 3360 2661 3431 linguam
2714 3357 2983 3413 translati
3039 3362 3255 3424 essent,
3320 3354 3517 3410 mallet
3573 3368 3641 3407 ex

1994 3449 2256 3507 fontibus
2315 3450 2515 3505 bibere
2568 3450 2743 3520 (quod
2799 3448 2985 3517 aiunt)
3039 3463 3216 3517 quam
3260 3461 3329 3500 ex
3386 3442 3637 3498 lacunis.

1993 3541 2168 3613 Atqui
2202 3541 2309 3595 hoc
2342 3540 2597 3611 primum
2659 3555 2811 3593 anno
2872 3537 3110 3608 quidam
3171 3534 3439 3589 scribunt
3488 3532 3637 3587 idib.

1996 3630 2129 3685 Maii
2164 3628 2257 3684 die
2281 3628 2552 3683 Natalitio
2584 3625 2816 3698 Imperii
2851 3645 2883 3681 a
2916 3626 3124 3681 Severo
3180 3630 3329 3694 Imp.
3382 3620 3640 3694 appella-

1994 3724 2120 3773 tum
2151 3724 2429 3774 Caesarem
2463 3724 2611 3787 Aug.
2647 3716 2831 3770 tilium
2881 3715 3008 3784 ejus
3070 3713 3429 3768 Antoninum
3483 3710 3637 3783 apud

1995 3808 2405 3873 Viminatium,
2426 3808 2768 3877 priusquam
2802 3804 2859 3859 in
2891 3803 3109 3859 bellum
3138 3806 3338 3858 contra
3360 3800 3637 3855 Albinum

1996 3899 2478 3969 proﬁcisceretur.
2515 3895 2929 3950 Verumtamen
2963 3894 3139 3949 etiam
3191 3892 3263 3946 ab
3314 3889 3479 3944 initio
3528 3892 3643 3942 Au-

1995 3992 2235 4059 gustum
2278 3984 2415 4041 olim
2477 3984 2659 4039 fuisse
2716 3986 3144 4054 nuncupatum,
3204 3981 3300 4036 57
3361 3982 3517 4049 patet
3574 3993 3642 4032 ex

1994 4075 2317 4148 Rescriptis
2348 4071 2799 4141 praecedentium
2834 4086 3121 4125 annorum
3160 4066 3399 4124 nomine
3448 4065 3643 4122 Severi

1995 4170 2052 4220 et
2082 4163 2357 4219 Antonini
2388 4164 2572 4232 Augg.
2638 4158 3100 4231 Conspirationis
3159 4156 3391 4212 interim
3442 4154 3639 4209 Albini

1994 4255 2274 4309 adversus
2302 4256 2574 4307 Severum
2605 4250 2714 4303 hoc
2746 4265 2899 4303 anno
2955 4248 3114 4303 facta
3148 4244 3417 4301 meminit
3459 4244 3636 4298 etiam

1991 4346 2206 4399 Auctor
2235 4342 2292 4397 in
2327 4341 2449 4396 haec
2479 4339 2690 4395 verba:
2730 4338 2875 4395 Unde
2906 4338 3077 4405 Cassi,
3128 4336 3291 4405 Nigri
3331 4342 3382 4390 et
3427 4332 3637 4388 Albini.

2488 4500 2638 4537 ANNO
2671 4498 2875 4536 nonum
2908 4487 3130 4535 cxcvul.

232 4605 433 4660 tandis
465 4623 578 4663 non
612 4608 781 4663 modo
812 4624 957 4678 quos
988 4626 1168 4680 supra
1198 4610 1553 4666 adduximus
1574 4612 1881 4685 Apologia-
1912 4639 1959 4702 Β
2062 4615 2089 4681 §
2118 4610 2265 4666 VllI.
2306 4608 2687 4702 Quandonam,
2720 4608 2880 4702 et
2927 4622 3041 4702 qua—
3086 4620 3274 4660 rerum
3330 4606 3638 4672 tempestate

232 4711 363 4750 rum
397 4712 501 4767 pro
533 4696 646 4752 ﬁde
691 4696 1021 4754 Christiana
1068 4700 1445 4767 Auctoribus,
1495 4702 1700 4773 sedet
1748 4702 1879 4759 aliis

302 4864 379 4931 (8)
413 4859 894 4916 Dissertationem
926 4861 995 4916 de
1026 4861 1186 4917 varia
1216 4865 1272 4917 et
1301 4862 1522 4917 incerta
1551 4862 1745 4918 indole
1804 4863 1879 4918 li-

232 4936 474 4990 brorum
505 4931 847 4986 Tertulliani
878 4933 986 4987 Job
1020 4934 1315 4989 Salomon.
1353 4933 1594 4999 Scmler,
1628 4936 1715 4989 vir
1743 4940 1878 4991 tan-

232 5009 418 5078 tisper
448 5004 676 5079 consilii
706 5004 893 5059 audax
924 5006 1179 5079 adtritas
1200 5006 1300 5060 viae
1333 5023 1449 5079 non
1492 5004 1637 5062 nihil
1686 5006 1875 5079 impa-

236 5073 406 5145 tiens,
441 5078 510 5131 ad
545 5073 761 5150 calcem
796 5092 913 5130 suae
946 5077 1218 5133 editionis
1257 5078 1318 5150 in
1365 5078 1551 5133 lucem
1610 5073 1874 5150 protulit,

235 5168 299 5207 ac
332 5148 627 5220 imprimis
659 5147 849 5202 videre
878 5152 966 5203 est
995 5165 1110 5219 quo
1142 5148 1323 5204 animi
1357 5151 1578 5221 impetu
1613 5147 1733 5205 haec
1758 5147 1873 5206 sta;

233 5231 394 5278 tuere
426 5221 657 5285 audeat,
693 5234 901 5292 nempe
933 5221 1371 5292 ATertullianum
1422 5238 1520 5278 nec
1559 5222 1875 5279 adhibuisse

230 5310 440 5363 graecos
468 5292 695 5355 codices,
730 5290 848 5347 neci
874 5290 1131 5363 adhibere
1179 5295 1451 5361 voluisse;
1503 5298 1689 5347 totum
1739 5312 1871 5350 vero

232 5362 284 5421 in
320 5386 385 5423 eo
418 5381 548 5420 esse
589 5370 649 5418 ut
679 5381 844 5418 suam
900 5362 1142 5419 latinam
1182 5366 1422 5420 cuilibet
1468 5370 1752 5421 extraneae
1798 5368 1876 5421 le-

232 5441 479 5495 ctionem
514 5440 854 5509 anteponat;
887 5436 1051 5504 quasi
1084 5440 1261 5509 graeci
1285 5438 1420 5492 libri
1448 5440 1550 5492 islo
1572 5438 1692 5507 jam
1736 5442 1870 5492 tem-

264 5530 352 5567 ore
374 5512 591 5595 ]uerin.t
625 5524 729 5595 per
759 5508 1093 5595 haereticos"
1115 5509 1412 5595 depravati
1440 5525 1681 5595 incoque
1731 5511 1871 5565 faci-

264 5531 352 5567 ΟΓϐ
374 5531 591 5595 luerim
625 5531 729 5580 per
759 5531 1059 5563 llasreucos
1115 5531 1454 5580 uepravatl;
1499 5531 1681 5591 CUHUC
1731 5531 1871 5565 1801·-

228 5531 338 5640 iius
370 5585 425 5638 Id
459 5582 517 5637 in
556 5582 1120 5653 Latinorum_mente
1150 5580 1409 5647 haesisse,
1446 5580 1613 5636 libris
1664 5597 1871 5653 nempe

227 5656 422 5712 latinis
452 5655 724 5711 accedere
748 5650 1099 5736 praecipuam
1120 5653 1564 5736 praestantiam;
1588 5650 1867 5736 pptiore'm

228 5734 589 5801 vetustatem,
623 5720 787 5799 quod
821 5720 1173 5796 exemplaria
1201 5722 1386 5788 latina
1414 5720 1714 5798 antiquius
1768 5741 1871 5784 sua

1992 4703 2243 4758 carmina
2272 4698 2527 4772 quaedam
2568 4697 2847 4751 libaverit.
2880 4726 2947 4737 —
2982 4695 3065 4749 15.
3123 4710 3175 4749 τ.
3227 4708 3422 4749 SEXTIO
3470 4707 3637 4746 LATE-

1983 4867 2169 4939 prima
2196 4860 2621 4939 habeanlinitia
2652 4867 2703 4913 et
2732 4858 2971 4939 recentia
2999 4858 3313 4939 rudimenta
3338 4880 3354 4939 ξ
3404 4854 3522 4939 imo
3577 4856 3634 4907 et

1988 4926 2296 5008 superesse
2327 4933 2517 5008 varias
2553 4947 2729 5008 novas
2761 4929 3271 5008 interpretationes
3301 4932 3357 5008 et
3391 4926 3634 5008 ‘glossas

1987 5000 2236 5081 quarum
2271 5004 2497 5081 primus
2530 5007 2585 5057 et
2614 5007 2806 5081 certus
2839 5006 3159 5081 auctor_est
3208 5000 3632 5081 Tertullianus,

1987 5072 2058 5138 ab
2090 5072 2306 5150 illoque
2338 5076 2631 5151 in_o_mnes
2674 5075 2902 5151 codices
2959 5072 3173 5151 latinos
3212 5072 3632 5151 dimanavisse:

1986 5154 2060 5209 Ut
2090 5157 2155 5207 ut
2184 5141 2283 5214 sit,
2315 5147 2519 5203 sedulo
2551 5146 2868 5201 cavendum
2904 5151 2991 5199 est
3020 5163 3053 5200 a
3085 5144 3300 5216 dupiici
3325 5158 3495 5213 quem
3520 5141 3634 5195 sibi

1987 5224 2255 5298 proponit
2286 5218 2628 5298 auctoriste
2661 5234 2852 5285 scopo,
2876 5219 3183 5298 vulgatam
3212 5231 3417 5298 nempe
3441 5228 3633 5267 sacro-

1985 5290 2116 5352 rum
2150 5296 2430 5350 librorum
2493 5291 2798 5343 leclionem
2858 5290 3180 5353 dilfamare,
3241 5294 3631 5359 praetereaque

1985 5384 2243 5424 asserere
2276 5382 2343 5419 ex
2374 5379 2489 5417 una
2523 5364 2844 5432 eademque
2876 5362 3109 5416 ofﬁcina
3135 5431 3138 5432 ν
3166 5360 3449 5430 quosdam
3503 5371 3630 5432 pro-

1985 5441 2140 5496 disse
2172 5443 2429 5493 veterum
2487 5433 2691 5500 lihros,
2744 5425 2939 5487 lrenaai
2998 5425 3283 5497 videlicet,
3343 5432 3443 5508 aut
3499 5425 3626 5508 Cle-

1986 5512 2217 5581 mentis,
2253 5526 2358 5564 neo
2379 5508 2503 5579 jam
2530 5507 2682 5583 satis
2714 5521 2842 5560 esse
2874 5522 3059 5583 causa:
3093 5521 3195 5557 cur
3218 5518 3351 5583 eos.
3373 5502 3620 5553 diversis

1983 5572 2344 5647 auctoribus,
2380 5572 2577 5650 utpote
2608 5578 2827 5650 ab_uno
2860 5578 3167 5650 conlectos,
3201 5572 3454 5627 dividere
3496 5587 3622 5625 am-

2026 5656 2140 5711 lius
2173 5647 2629 5727 perseveremus.
2671 5648 2808 5727 ‘Vid.
2877 5647 3342 5727 Terntplnlzlopera
3398 5659 3620 5699 recens.

1985 5674 2140 5785 gnua
2173 5674 2629 5729 perseveremus.
2695 5674 2808 5702 nu.
2885 5674 3115 5733 wnpu.
3167 5674 3342 5717 Upum

2029 5727 2230 5796 emler,
2263 5723 2440 5790 Halm,
2474 5721 2633 5790 18238,
2666 5723 2705 5774 t.
2738 5718 2806 5787 V,
2837 5735 2895 5789 p.
2941 5716 3188 5774 180-2“.
3229 5718 3369 5774 Enn.
