4060 6404
450 378 528 440 9⁵
1771 389 2300 455 TERTULLIANI
2344 391 2555 454 VITA.
3782 393 3862 452 96

455 528 602 568 sano
627 531 695 569 ετ
715 532 778 570 Μ.
812 533 988 573 MARIO
1019 535 1082 572 Μ.
1117 535 1167 573 r.
1203 536 1404 577 CUBPIO
1423 539 1636 579 aurmo
1653 541 1805 581 coss.
1827 530 1879 580 S.
1906 525 2095 582 Victo-
2131 527 2184 592 Α
2215 529 2312 581 tur
2343 527 2480 582 anni
2511 526 2628 594 XII,
2685 526 2906 582 mensis
2937 525 2988 595 Ι,
3029 525 3154 580 dies
3186 527 3273 580 28.
3324 525 3378 580 Is
3421 525 3578 581 dicta
3606 525 3640 579 2
3674 526 3852 599 Epist.

450 604 536 656 ris
570 603 732 658 Rom.
770 604 976 661 Pontif.
1011 624 1163 663 anno
1190 627 1290 670 xu.
1323 613 1514 667 Severi
1543 614 1689 686 Imp.
1735 633 1789 685 ν,
1838 619 2098 670 TERTUL-

452 706 669 747 LIANUM
697 693 1012 750 verisimile
1041 703 1130 752 est
1188 701 1485 757 memoria:
1528 705 1858 760 exercendae
1910 706 2097 776 gratia

451 781 868 852 conscripsisse
890 785 1146 842 carmine
1166 804 1495 846 GENESIMET
1516 809 1805 860 SODOMAM,
1831 794 1947 848 imo
1968 810 2096 849 mea

452 868 738 924 sententia
781 870 1072 943 integram
1132 893 1429 933 sacrorum
1489 881 1808 936 Bibliorum
1868 881 2092 936 Veteris

451 960 805 1013 Testamenti
841 961 1184 1032 historiam;
1219 971 1282 1020 ut
1313 973 1442 1039 pote
1473 986 1602 1024 cum
1648 977 1704 1025 et
1747 972 1910 1042 prius
1959 971 2090 1026 illo-

453 1061 577 1098 rum
599 1046 872 1102 mutilum
897 1049 991 1116 sit,
1017 1055 1072 1105 et
1093 1069 1160 1107 ex
1184 1053 1349 1109 initio
1374 1057 1712 1127 posterioris
1737 1058 1881 1112 satis
1904 1059 2093 1114 videa-

447 1136 544 1186 tur
573 1136 751 1190 etiam
784 1137 1173 1210 descripsisse
1231 1144 1389 1200 orbis
1453 1146 1705 1202 universi
1764 1147 2091 1215 diluvium;

451 1237 625 1302 atque
656 1235 800 1290 adeo
827 1233 1007 1292 etiam
1059 1255 1294 1295 earmen
1344 1241 1488 1297 illud
1537 1262 1609 1299 AD
1650 1262 1986 1301 SENATOREM
2026 1264 2094 1301 sx

450 1336 786 1378 CHRISTIANA
816 1343 943 1380 FIDE
972 1344 1038 1382 AD
1061 1345 1356 1385 IDOLORUM
1382 1348 1735 1390 SERVITUTEM
1763 1352 2090 1401 REVERSUM,

448 1414 505 1463 et
535 1410 716 1467 libros
747 1415 1007 1486 quinque
1026 1435 1230 1485 ADVER,
1255 1438 1427 1476 MARC.
1452 1423 1732 1488 carmine,
1756 1441 1822 1479 ac
1846 1441 1915 1478 ne
1929 1441 2092 1479 ,πυθι-

451 1514 538 1552 CIO
572 1515 775 1555 nouum
824 1503 1058 1560 librum.
1096 1507 1211 1562 Hoc
1242 1526 1371 1564 vero
1403 1527 1555 1566 anno
1587 1513 1659 1566 ad
1691 1530 1748 1567 ιι
1781 1513 1905 1568 Kal.
1942 1515 2092 1568 Mar-

449 1586 564 1641 tias
599 1589 740 1659 Imp.
776 1590 916 1646 Czes.
949 1594 1014 1648 D.
1049 1593 1328 1651 Claudius
1357 1599 1654 1670 Septimus
1682 1601 1928 1657 Albinus
1978 1605 2089 1657 Au-

449 1681 659 1745 gustus
693 1679 884 1749 praelio
916 1683 987 1736 ab
1011 1682 1157 1755 Imp.
1193 1685 1403 1741 Severo
1435 1687 1623 1743 victus
1655 1695 1711 1743 et
1734 1691 1963 1746 occisus
1983 1697 2093 1759 est,

447 1763 625 1835 idque
657 1769 809 1837 apud
846 1769 1239 1841 Lugdunum;
1301 1792 1426 1846 quae
1485 1779 1637 1848 quod
1700 1778 1866 1833 illum
1925 1785 2096 1836 antea

448 1856 767 1926 recepisset
799 1857 1144 1922 (Herodiano
1175 1865 1344 1933 teste)
1375 1870 1432 1920 et
1469 1866 1696 1938 direpta
1752 1875 1809 1922 et
1857 1868 2095 1925 incensa

447 1944 666 2009 est;in
694 1961 810 2016 qua
868 1950 1255 2019 expeditione,
1317 1954 1399 2008 uti
1459 1971 1527 2010 ex
1587 1957 1760 2012 variis
1820 1958 2091 2030 Inscript.

447 2043 700 2095 constat.
731 2042 875 2114 Imp.
901 2061 1022 2112 vm,
1049 2063 1105 2100 Ix
1137 2053 1194 2103 et
1230 2066 1267 2103 ι
1305 2050 1632 2122 appellatus
1654 2057 1760 2108 est.
1794 2057 1915 2118 Quo
1938 2055 2097 2126 jam-

439 2127 562 2196 jam
586 2136 939 2202 expugnato,
967 2150 1171 2190 omnes
1200 2137 1494 2209 imprimis
1516 2140 1859 2207 Galliarum,
1890 2145 2094 2216 Hispa-

446 2216 700 2286 niarum,
734 2219 1164 2295 Britanniasque
1187 2243 1454 2296 proceres
1476 2231 1573 2300 qui
1597 2230 1762 2286 illum
1795 2234 2092 2303 juvcrant,

445 2306 654 2361 deinde
687 2309 929 2366 Romam
963 2329 1228 2369 reversus
1261 2317 1482 2372 amicos
1516 2319 1643 2389 ejus
1667 2323 1926 2393 undique
1951 2340 2092 2379 con-

445 2395 716 2466 quisitos,
750 2403 807 2453 et
838 2399 988 2455 inter
1016 2418 1113 2456 eos
1142 2403 1449 2461 Senatores
1501 2408 1569 2461 40
1616 2413 1859 2466 Severus
1911 2413 2094 2468 inter-

444 2483 536 2538 ﬁci
562 2486 768 2554 jussit,
802 2493 925 2544 tum
957 2496 1014 2545 et
1053 2509 1152 2547 eos
1211 2510 1415 2550 omnes
1465 2496 1566 2567 qui
1613 2499 1671 2553 in
1736 2503 2090 2558 Pertinacem

445 2574 957 2663 conspiraverant:
992 2595 1138 2649 quos
1170 2582 1311 2637 adeo
1357 2587 1573 2640 Auctor
1611 2587 1944 2644 Albinianos
1989 2608 2090 2663 ap-

449 2660 628 2731 pellat
656 2664 846 2720 verbis
876 2683 1055 2738 supra
1079 2669 1291 2725 citatis.
1326 2673 1403 2726 Ad
1436 2689 1571 2728 ann.
1608 2677 1835 2731 Domini
1895 2679 1996 2732 195
2026 2660 2094 2736 *ει

451 2765 548 2819 per
580 2749 807 2822 aliquot
829 2771 1014 2810 annos
1037 2759 1389 2828 perdurasse
1411 2761 1561 2816 hanc
1589 2763 1824 2820 illorum
1849 2768 2093 2839 inquisi-

447 2836 666 2893 tionem
693 2841 1027 2913 signilicat:
1063 2845 1165 2900 Sed
1187 2855 1238 2902 et
1259 2851 1356 2918 qui
1383 2866 1550 2918 nunc,
1597 2853 1807 2925 inquit,
1838 2836 2091 2914 scelesta-

447 2941 571 2980 rum
596 2932 837 2999 partium
866 2934 1000 2987 socii
1027 2939 1122 2988 aut
1148 2936 1428 3002 plausores
1459 2943 1705 3010 quotidie
1747 2947 2084 3017 revelantur,

436 3025 557 3086 post
596 3019 932 3076 vindemiam
960 3025 1372 3093 parricidarum
1419 3033 1713 3088 racematio
1770 3041 2081 3106 superstes;
2138 3043 2146 3049 '

435 3129 666 3208 nempe,
699 3126 986 3189 quantum
1037 3130 1299 3196 apparet,
1356 3129 1426 3182 ad
1486 3130 1852 3202 triumphum
1896 3151 2082 3208 usque

431 3202 790 3277 Parthicum,
824 3214 998 3281 atque
1028 3213 1169 3268 adeo
1201 3231 1414 3271 novum
1446 3217 1632 3274 Severi
1667 3237 1906 3291 annum,
1933 3202 2078 3295 que-

446 3295 829 3353 madmodum
862 3299 940 3354 ibi
974 3299 1172 3358 latius.
1219 3303 1369 3360 Alibi
1428 3306 1603 3363 etiam
1656 3311 1726 3364 ad
1784 3315 2090 3371 Senatores

435 3381 660 3438 occisos
691 3384 938 3444 alludit:
991 3391 1155 3445 Nemo
1197 3409 1327 3458 non,
1380 3394 1592 3466 inquit,
1641 3400 1809 3454 etiam
1851 3401 2089 3458 hominis

436 3486 604 3526 causa
631 3476 747 3542 pati
772 3480 958 3546 potest,
985 3479 1125 3548 quod
1146 3481 1206 3534 in
1225 3498 1390 3537 causa
1430 3485 1528 3539 Dei
1563 3489 1682 3556 pati
1716 3488 1956 3545 dubitat.
2010 3492 2087 3547 Ad

439 3559 539 3614 hoc
567 3562 784 3632 quidem
812 3566 894 3619 vel
924 3571 1228 3637 praesentia
1256 3573 1418 3626 nobis
1462 3576 1717 3644 tempora
1763 3577 2085 3637 documenta

437 3649 550 3703 sint
576 3669 596 3716 ,ο
625 3656 870 3722 quantae,
902 3656 1196 3728 qualesque
1211 3674 1466 3729 personae
1495 3663 1825 3732 inopinatos,
1885 3669 2084 3723 natali-

438 3736 536 3790 bus
563 3746 614 3793 et
640 3739 999 3811 dignitatibus
1045 3753 1095 3799 et
1150 3749 1486 3818 corporibus,
1546 3756 1600 3805 et
1657 3755 1907 3810 mtalibus
1963 3759 2079 3813 suis

435 3827 620 3882 exitus
650 3832 920 3900 referunt,
953 3831 1196 3890 hominis
1224 3852 1400 3892 causa
1425 3857 1443 3892 :
1471 3848 1568 3894 aut
1596 3842 1663 3894 ab
1691 3844 1823 3914 ipso,
1855 3846 1906 3900 si
1949 3862 2076 3901 con-

434 3916 522 3969 tra
553 3932 678 3971 eum
703 3919 956 3991 fecerint,
989 3931 1082 3978 aut
1109 3924 1175 3978 ab
1233 3925 1567 3984 adversariis
1616 3931 1733 3998 ejus
1775 3934 1826 3988 si
1874 3951 1972 4006 pro
2018 3951 2078 3991 eo

433 4007 705 4062 steterint.
740 4007 861 4080 (Ad.
891 4010 978 4067 Sc.
1034 4029 1082 4067 c.
1115 4013 1186 4082 2;
1213 4015 1437 4084 Apolog.
1473 4033 1522 4071 c.
1552 4017 1656 4080 35;
1689 4019 1729 4074 1.
1778 4020 1848 4075 ad
1898 4027 2074 4079 Marc.

435 4105 562 4163 cap.
598 4095 729 4168 ult.)
789 4097 920 4154 Fuit
977 4105 1170 4157 autem
1222 4103 1511 4161 dictorum
1570 4108 1878 4167 consulum
1934 4113 2080 4168 alter

439 4189 759 4249 Lateranus
797 4200 1097 4269 tantopere
1148 4201 1374 4258 amicus
1423 4207 1627 4261 Severo
1676 4208 1822 4280 Imp.
1873 4214 1938 4266 ut
1991 4210 2078 4267 illi

433 4281 1055 4352 magniﬁcentissimae
1085 4290 1236 4346 mdes
1269 4291 1462 4348 Romze
1494 4294 1885 4363 aediﬁcaverit,
1933 4317 2077 4370 quas

436 4369 610 4425 etiam
637 4389 776 4428 num
801 4374 1081 4432 Palatium
1103 4379 1493 4437 Lateranense
1513 4369 2075 4460 appellamus,quem

436 4463 638 4529 postea
672 4462 876 4519 scribit
906 4465 967 4520 Β.
1002 4467 1274 4540 Hierony.
1307 4470 1614 4545 Epitaphio
1644 4475 1904 4532 Fabiolae.
1955 4479 2078 4534 Ca3-

436 4548 670 4606 sariano
730 4553 1148 4611 obtruncatum
1203 4557 1419 4630 gladio,
1480 4562 1744 4619 fortassis
1798 4567 2077 4622 Antonini

2208 616 2663 688 discrepantiam
2697 617 2972 671 Afrorum
2998 615 3054 670 in
3090 616 3488 671 Sacramentis
3518 615 3853 689 increpans,

2207 705 2599 761 mihividetur
2630 707 2702 761 ad
2736 705 3124 761 celebritatem
3151 704 3263 759 diei
3318 705 3550 760 Paschze
3595 705 3855 762 alludere

2205 810 2382 866 quam
2410 796 2666 866 Epistola
2713 795 2890 867 priori
2937 795 3030 850 die
3080 793 3377 849 Dominica
3423 793 3702 850 celebrari
3751 795 3852 852 de-

2204 884 2547 954 bere,juxta
2566 885 2717 956 quod
2744 891 2799 939 et
2852 883 3305 955 praedecessores
3347 884 3438 938 sui
3499 890 3854 956 statuerunt,

2204 975 2601 1039 mandaverat,
2677 989 3043 1045 quaecunque
3116 973 3398 1027 incideret
3456 989 3620 1028 axxv
3694 974 3859 1030 Luna

2203 1063 2377 1135 primi
2412 1063 2652 1131 mensis;
2689 1079 2875 1135 usque
2907 1063 2977 1117 ad
3008 1079 3101 1116 xxx
3131 1061 3190 1116 in
3224 1079 3339 1133 quo
3373 1063 3640 1118 fortassis
3689 1063 3858 1119 initio

2202 1153 2320 1207 Afri
2353 1153 2592 1224 quidam
2627 1169 2759 1207 cum
2792 1151 3088 1223 Polycrate
3117 1150 3332 1206 Asiano
3364 1153 3716 1207 contrariam
3760 1169 3856 1209 se-

2203 1242 2535 1312 quebantur
2584 1241 3088 1305 consuetudinem,
3142 1257 3480 1312 quanquam
3543 1245 3746 1312 postea
3792 1241 3856 1297 in

2203 1347 2388 1384 unum
2421 1330 2840 1386 consenserint.
2873 1334 3019 1384 Nam
3054 1330 3122 1384 de
3150 1328 3343 1384 Blasto
3367 1329 3632 1385 haaretico
3678 1347 3854 1402 quar-

2200 1419 2590 1487 todecimano,
2626 1419 2707 1475 sic
2740 1423 2990 1474 Auctor:
3022 1421 3124 1473 Est
3149 1423 3419 1490 praterea
3467 1419 3553 1474 his
3597 1421 3855 1476 omnibus

2200 1510 2370 1563 etiam
2402 1510 2622 1564 Blastus
2651 1508 2932 1573 accedens,
2965 1509 3062 1580 qui
3090 1509 3325 1563 latenter
3351 1508 3695 1564 Judaismum
3736 1511 3856 1564 vult

2203 1598 2600 1660 introducere;
2632 1597 2843 1653 Pascha
2900 1599 3049 1652 enim
3091 1599 3223 1652 dicit
3271 1614 3383 1652 non
3439 1599 3611 1653 aliter
3666 1603 3851 1655 custo-

2204 1685 2482 1753 diendum,
2535 1688 2648 1741 nisi
2700 1685 2999 1741 secundum
3055 1686 3222 1756 legem
3271 1687 3459 1757 Moysi.
3513 1687 3578 1740 14
3627 1690 3846 1743 mensis.

2206 1775 2338 1843 Quis
2387 1779 2576 1829 autem
2631 1777 2856 1840 nesciat,
2919 1777 3180 1845 quoniam
3265 1775 3595 1844 Evangelica
3666 1780 3855 1847 gratia

2203 1867 2524 1935 evacuatur,
2583 1866 2634 1919 si
2685 1864 2756 1918 ad
2814 1865 2987 1933 legem
3049 1863 3328 1918 Christum
3389 1864 3590 1934 redigit
3641 1865 3702 1936 (l.
3786 1865 3856 1922 de

2204 1952 2409 2008 Prarsc.
2459 1951 2580 2007 adv.
2642 1953 2774 2007 haer.
2831 1969 2880 2006 c.
2938 1953 3032 2018 53,
3090 1952 3230 2006 hear.
3289 1953 3397 2021 '22;
3457 1951 3497 2008 l.
3556 1955 3624 2009 de
3669 1955 3855 2026 Jejun.

2207 2058 2256 2096 ο.
2298 2043 2399 2108 14;
2435 2042 2513 2096 Ib.
2548 2058 2594 2098 c.
2631 2042 2742 2113 43.)
2769 2042 2850 2096 Ad
2881 2042 3148 2096 eamdem
3205 2041 3675 2098 observationem
3723 2060 3856 2114 per-

2204 2130 2352 2186 tinet
2378 2129 2517 2185 illud
2552 2132 2853 2201 ejusdem:
2887 2133 3094 2185 Pascha
3124 2132 3462 2185 celebramus
3510 2148 3695 2187 annuo
3737 2134 3854 2186 cir-

2202 2219 2346 2283 culo,
2379 2235 2561 2276 mense
2611 2221 2677 2286 1;
2727 2224 2900 2290 atque
2950 2219 3094 2274 adeo
3143 2219 3314 2273 etiam
3364 2219 3546 2274 illud:
3597 2220 3856 2290 Aguntur

2198 2315 2472 2378 praeterea
2501 2324 2600 2377 per
2623 2308 2853 2364 Graecia:
2877 2309 3007 2363 illas
3045 2310 3207 2363 certis
3231 2309 3286 2363 in
3317 2309 3457 2364 locis
3506 2309 3751 2364 Concilia
3781 2327 3852 2365 ea:

2202 2399 2470 2453 universis
2490 2400 2764 2453 Ecclesiis.
2788 2398 2846 2453 Id
2878 2399 3033 2454 enim
3057 2396 3166 2452 etsi
3197 2399 3518 2468 generatim
3551 2399 3848 2471 loquatur,

2202 2487 2608 2542 existimamus
2631 2488 3003 2558 potissimum
3031 2485 3274 2555 intelligi
3302 2487 3372 2541 de
3389 2485 3659 2542 Conciliis
3675 2487 3849 2558 paulo

2202 2581 2336 2630 ante
2367 2575 2673 2632 celebratis
2703 2576 3021 2631 Palaestinas
3054 2592 3087 2630 a
3116 2575 3433 2648 Tbeopbilo
3475 2577 3846 2643 Caesariensi,

2201 2665 2367 2719 Ponti
2417 2681 2450 2719 a
2498 2665 2718 2735 Palma,
2771 2665 3094 2722 Corinthia
3146 2665 3396 2732 Bachilo,
3455 2669 3512 2720 et
3558 2665 3849 2721 Ecclesia-

2199 2771 2331 2808 rum
2360 2754 2513 2826 apud
2539 2753 2885 2819 Osroenum,
2916 2753 3310 2810 Alexandrino
3340 2769 3573 2826 quoque
3605 2771 3638 2810 a
3664 2754 3854 2812 Theo-

2199 2842 2380 2912 philo,
2415 2843 2667 2914 denique
2696 2843 2932 2910 Asiano,
2966 2843 3024 2897 in
3057 2860 3172 2915 quo
3205 2841 3408 2898 scribit
3437 2841 3674 2915 Nioeph.
3703 2843 3850 2898 Hist.

2198 2933 2342 2988 Eccl.
2377 2930 2416 2986 l.
2451 2949 2528 2998 ιν,
2562 2948 2611 2986 c.
2662 2931 2768 2987 ult.
2829 2932 3030 2988 Patres
3090 2933 3306 2988 dictam
3365 2932 3715 2988 sententiam
3775 2931 3843 2987 B.

2191 3019 2442 3076 Victoris
2465 3021 2681 3076 Concil.
2744 3020 2991 3076 Romani
3041 3026 3274 3077 secutos
3329 3037 3479 3092 esse,
3525 3020 3618 3076 cui
3669 3020 3854 3077 etiam

2190 3109 2483 3165 consentit
2511 3109 2734 3166 Concil.
2771 3109 3094 3165 Galliarum
3126 3110 3236 3166 sub
3269 3109 3507 3166 Irenaeo.

2737 3294 2890 3334 ANNO
2913 3294 3118 3333 DOMINI
3140 3294 3321 3334 CXCIX.

2268 3414 2298 3483 ξ
2334 3411 2420 3466 IX.
2453 3413 2527 3466 De
2559 3411 2721 3466 libris
2749 3411 3008 3468 adversus
3054 3411 3278 3468 Judzos
3325 3412 3387 3466 in
3428 3411 3606 3466 lucem
3661 3410 3849 3466 editis.

2195 3529 2265 3540 —
2297 3502 2456 3556 16.12
2492 3517 2740 3556 HATURIO
2764 3518 2817 3556 'r.
2859 3519 2910 3555 F.
2961 3517 3262 3567 suunmo,
3299 3517 3365 3555 ET
3389 3516 3443 3554 c.
3495 3515 3673 3554 ANNIO
3708 3517 3847 3556 APP.

2195 3606 2244 3643 F.
2271 3606 2632 3644 mnsommo
2650 3606 2826 3645 GALLO
2848 3587 3383 3661 coss,S.Zephyrini
3399 3589 3568 3660 Papa;
3580 3587 3773 3643 Romae
3803 3606 3848 3658 ι,

2193 3691 2258 3730 ac
2280 3675 2473 3731 Severi
2515 3677 2659 3748 Imp.
2694 3693 2770 3742 v1,
2811 3677 3041 3733 videtur
3071 3676 3240 3732 nobis
3273 3675 3587 3748 contigisse
3618 3675 3850 3732 discre-

2190 3764 2343 3834 patio
2376 3764 2479 3819 illa
2508 3765 2893 3820 TERTULLIANI
2923 3781 3054 3821 cum
3085 3765 3282 3820 Judaao
3341 3763 3618 3835 quodam,
3668 3765 3850 3835 cujus

2185 3853 2490 3909 occasione
2519 3854 2829 3926 scripsisse
2883 3870 2943 3909 se
2992 3853 3289 3926 signiﬁcat
3332 3851 3550 3907 librum
3617 3853 3844 3910 Anvsn.

2183 3957 2436 3998 JUDEOS.
2460 3944 2718 3998 Proxime
2746 3944 2962 4008 accidit,
2995 3942 3189 4014 inquit
3235 3942 3297 4013 (l.
3325 3941 3448 3997 adv.
3479 3941 3602 3997 Jud.
3651 3958 3702 3996 c.
3754 3947 3850 4014 1.),

2184 4031 2482 4102 disputatio
2519 4033 2712 4089 habita
2742 4044 2818 4090 est
2854 4031 3134 4089 Cristiano
3185 4038 3237 4087 et
3292 4031 3582 4101 Proselyto
3625 4030 3847 4088 Iudaeo.

2184 4121 2424 4176 Alternis
2454 4122 2661 4177 vicibus
2681 4123 3010 4178 contentiosa
3039 4123 3172 4192 fune
3200 4124 3426 4192 uterque
3454 4119 3601 4175 diem
3631 4122 3690 4175 in
3722 4135 3850 4175 ves-

2181 4227 2378 4282 peram
2415 4219 2738 4270 traxerunt.
2789 4212 3234 4285 Obstrepentibus
3289 4213 3457 4268 etiam
3513 4211 3853 4283 quibusdam

2186 4303 2579 4374 spectantibus,
2596 4304 2943 4375 singulorum
2960 4304 3152 4358 nubilo
3171 4303 3404 4374 quodam
3437 4303 3637 4358 veritas
3653 4300 3851 4357 obum-

2188 4390 2476 4447 brabatur.
2500 4393 2723 4449 Placuit
2752 4409 2898 4464 ergo,
2930 4392 3071 4464 quod
3088 4407 3188 4464 per
3225 4399 3548 4448 concentum
3589 4389 3844 4462 disputa-

2189 4481 2348 4536 tionis
2378 4483 2567 4536 minus
2592 4483 2757 4553 plene
2775 4483 2954 4553 potuit
2984 4480 3275 4548 elucidari,
3296 4481 3496 4552 inspici
3541 4480 3843 4551 curiosius,

2186 4577 2241 4625 et
2289 4571 2533 4626 lectionis
2563 4569 2713 4643 stylo
2759 4571 3075 4641 qumstiones
3131 4575 3461 4624 retractata:
3517 4570 3843 4624 terminare.

433 4639 760 4740 Caracallss,
795 4643 896 4714 qui
923 4643 980 4699 in
1017 4644 1324 4718 plerosque
1355 4649 1575 4706 amicos
1607 4653 1787 4724 patris
1819 4655 1910 4711 sui
1961 4659 2082 4713 ani-
2111 4643 2157 4707 D
2189 4659 2250 4714 In
2284 4677 2399 4731 quo
2423 4660 2576 4716 inter
2605 4639 2808 4716 caetera
2865 4659 3267 4715 annotandum
3321 4657 3497 4727 venit,
3558 4658 3712 4740 quod
3767 4658 3845 4714 de

436 4726 761 4816 maﬂdvertit.
785 4733 959 4802 Atqui
983 4749 1112 4788 cum
1147 4734 1238 4790 his
1260 4737 1419 4794 Coss.
1458 4739 1675 4812 scripta
1715 4744 1791 4798 sit
1821 4744 2001 4816 Epist.
2037 4765 2079 4803 ιι

433 4817 492 4870 S.
524 4814 772 4905 _Victoris
803 4819 966 4876 Rom.
1025 4826 1190 4879 Pont.
1241 4826 1312 4881 ad
1368 4827 1536 4884 Afros
1597 4814 1904 4905 Episcopus
1943 4837 2079 4893 data

431 4903 560 4960 Kal.
594 4906 888 4978 Septemb.
922 4913 978 4966 et
1028 4912 1209 4983 Epist.
1270 4914 1328 4969 S.
1378 4915 1690 4974 Eleutherii
1747 4903 2078 4982 Decessoris

432 4994 579 5063 ejus.
616 5012 667 5050 ν.
704 4997 786 5052 Id.
819 4998 959 5053 Julii
993 5001 1253 5058 Materno
1286 5008 1341 5058 et
1373 5005 1603 5064 Bradua
1634 5011 1819 5081 Coss.,
1879 5031 2078 5071 neces-

431 5085 587 5139 sario
620 5085 774 5142 hunc
807 5105 1046 5156 annum,
1095 5109 1208 5147 non
1257 5097 1675 5164 praecedentem
1719 5119 1818 5168 xn,
1866 5105 2076 5161 Pontif.

436 5172 533 5228 58
566 5175 693 5244 ejus
722 5177 1177 5250 designavimus,
1212 5185 1463 5240 maxime
1495 5189 1648 5258 quod
1681 5195 1743 5246 B.
1768 5191 2079 5252 Damasius

430 5260 489 5316 in
523 5263 688 5318 Pont.
721 5267 944 5325 sedisse
967 5269 1255 5327 Victorem
1280 5275 1498 5330 scribat
1521 5294 1552 5333 a
1573 5278 1888 5336 Consulatu
1908 5284 2078 5339 Com-

435 5353 591 5443 modi
624 5370 656 5408 v
686 5359 743 5409 et
773 5355 1101 5414 Glabrionis
1134 5363 1369 5432 (quibus
1401 5364 1563 5420 Coss.
1596 5385 1694 5423 x111
1751 5369 1874 5426 Kal.
1926 5377 2073 5443 Aug.

433 5440 569 5496 data
599 5448 687 5498 est
719 5446 873 5514 prior
900 5449 1028 5519 ejus
1075 5451 1256 5520 Epist.
1320 5455 1390 5508 ad
1437 5454 1692 5527 Theoph.
1748 5440 2074 5533 Alexand.),

438 5546 624 5602 usque
662 5534 732 5589 ad
767 5535 1109 5596 Lateranum
1142 5544 1198 5596 et
1246 5541 1545 5599 Ruﬁnum.
1595 5546 1647 5600 A
1694 5547 1818 5606 Kal.
1881 5555 2076 5608 autem

434 5619 628 5678 Juniis
677 5623 815 5681 dicti
873 5628 1239 5693 consulatus,
1301 5647 1415 5702 quo
1473 5632 1566 5689 die
1625 5641 1854 5696 creatus
1907 5640 2073 5698 Pont.

437 5725 623 5782 usque
644 5713 715 5770 ad
748 5732 784 5772 v
814 5715 934 5774 Kal.
969 5718 1217 5792 Augusti
1249 5737 1388 5778 anni
1409 5725 1732 5801 sequentis,
1756 5729 2076 5790 conﬁciun-

2188 4748 2465 4804 dilatione
2497 4749 2628 4805 fidei
2662 4766 2766 4820 per
2791 4748 3131 4804 universum
3163 4763 3307 4819 pene
3337 4747 3537 4803 orbem
3584 4747 3708 4817 jam
3762 4746 3844 4802 ab

2187 4856 2256 4894 ea
2285 4843 2454 4895 estate
2484 4840 2728 4912 pulchre
2758 4840 3013 4897 deducit.
3075 4841 3136 4894 In
3174 4855 3335 4910 quem
3392 4841 3559 4907 enim,
3619 4837 3842 4909 inquit,

2187 4929 2364 4984 alium
2406 4931 2684 4986 universae
2739 4933 2922 5000 gentes
2968 4928 3344 4999 crediderunt,
3394 4929 3510 4983 nisi
3558 4927 3848 4984 Christum

2188 5021 2284 5088 qui
2302 5021 2422 5090 jam
2445 5021 2596 5074 venit
2615 5023 2703 5074 γ...
2737 5019 2959 5085 Parthi,
2997 5018 3160 5085 Medi,
3191 5018 3459 5085 Elamitze,
3493 5021 3600 5073 etc.
3647 5015 3846 5089 (ibid.,

2189 5123 2238 5162 c.
2269 5108 2347 5178 7),
2372 5108 2544 5163 sicuti
2576 5108 2794 5180 legitur
2823 5113 2949 5164 Act.
2993 5110 3048 5174 2,
3071 5116 3124 5163 et
3157 5115 3368 5164 cetera
3395 5111 3604 5177 gentes,
3635 5113 3695 5160 ut
3714 5107 3850 5176 jam

2189 5197 2512 5252 Getulorum
2555 5201 2868 5264 varietates,
2927 5207 2983 5253 et
3041 5196 3357 5252 Maurorum
3421 5196 3591 5251 multi
3669 5195 3847 5264 ﬁnes.

2189 5287 2583 5358 Hispaniarum
2603 5305 2787 5345 omnes
2809 5288 3057 5356 termini,
3083 5291 3134 5341 et
3157 5285 3460 5341 Galliarum
3481 5285 3714 5341 diversae
3735 5301 3849 5340 na-

2186 5376 2377 5448 tiones,
2411 5379 2510 5435 59
2540 5389 2589 5434 et
2616 5380 3005 5434 Britannorum
3063 5379 3339 5431 inaccessa
3385 5377 3645 5431 Romanis
3695 5374 3848 5442 loca,

2190 5466 2363 5523 Crista
2387 5484 2517 5525 vero
2544 5469 2780 5538 subdita,
2813 5477 2862 5524 et
2893 5469 3304 5534 Sarmatarum,
3355 5472 3406 5520 et
3455 5469 3730 5520 Dacorum
3793 5469 3852 5519 et

2190 5554 2606 5625 Germanorum,
2640 5567 2691 5614 et
2721 5557 3078 5629 Scytharum,
3109 5563 3160 5611 et
3190 5553 3502 5610 abditarum
3531 5553 3850 5610 multarum

2185 5647 2453 5718 gentium,
2494 5655 2546 5704 et
2576 5648 3002 5718 provinciarum
3046 5651 3096 5701 et
3147 5642 3465 5699 insularum
3527 5643 3854 5700 multarum

2183 5737 2341 5796 nobis
2373 5737 2686 5809 ignotarum
2709 5755 2728 5794 :
2761 5744 2814 5796 et
2864 5750 2992 5810 quae
3045 5747 3370 5792 enumerare
3407 5734 3595 5790 minus
3633 5747 3852 5805 possu-
