4060 6376
129 366 193 428 97
1439 355 1974 421 TERTULLIANI
2020 353 2229 417 VITA.
3460 367 3540 428 93

137 513 277 561 mus;
307 499 368 554 in
398 499 610 570 quibus
640 497 895 553 omnibus
922 496 1051 551 locis
1071 495 1279 552 Christi
1307 508 1503 549 nomen
1532 492 1630 564 qui
1653 490 1772 560 jam
1803 489 1858 555 Α
1888 485 2109 542 bellum
2136 487 2469 557 Arabicum,
2504 489 2837 544 Parthicum
2871 494 2927 545 et
2953 493 3365 552 Adiabenicum
3407 513 3541 569 pro-

141 589 268 644 venit
295 589 550 656 regnat?
581 586 686 641 Est
715 590 772 641 et
809 583 950 639 illud
984 585 1054 639 de
1087 583 1306 638 finibus
1337 579 1572 652 Imperii
1604 578 1770 633 Rom.

141 685 251 734 tum
282 675 573 748 temporis
606 675 890 730 memoria
931 673 1175 745 dignum
1229 687 1242 728 :
1292 671 1561 726 Germani
1603 667 1779 722 adhuc

143 783 302 838 usque
333 767 545 820 limites
602 763 912 834 transgredi
965 779 1076 817 non
1126 763 1408 816 sinuntur.
1467 757 1780 813 Britannia:

144 860 284 912 intra
335 855 546 911 Oceani
595 854 865 908 ambitum
909 852 1172 907 conclusa
1256 852 1400 905 sunt.
1472 849 1785 903 Maurorum

143 963 280 1017 gens,
313 949 362 1000 et
395 943 743 1002 Getulorum
775 942 1054 996 barbaries
1081 958 1114 996 a
1167 940 1418 995 Romanis
1447 937 1785 1006 obsidentur,

142 1053 205 1093 ne
232 1037 528 1108 regionum
553 1049 785 1087 suarum
808 1032 945 1102 ﬁnes
966 1028 1414 1099 excedant.Quid
1432 1029 1499 1083 de
1529 1025 1784 1083 Romanis

142 1127 337 1193 dicam,
370 1125 468 1195 qui
497 1121 562 1176 de
593 1123 872 1192 legionum
913 1137 1145 1175 suarum
1171 1118 1448 1190 prasidiis
1481 1123 1783 1188 Imperium

140 1231 293 1270 suum
321 1213 608 1277 muniunt,
642 1227 740 1266 nec
760 1214 919 1266 trans
947 1210 1080 1265 istas
1107 1217 1290 1280 gentes
1317 1209 1605 1280 porrigere
1642 1207 1787 1261 vires

140 1305 292 1372 regni
320 1304 413 1357 sui
441 1303 706 1373 possunt?
735 1300 895 1363 Quod
928 1299 1125 1370 ipsum
1142 1297 1464 1367 attingitde
1480 1294 1786 1351 Germanis

145 1392 533 1450 Herodianus.
563 1389 704 1445 hist.
731 1389 772 1444 Ι.
801 1390 856 1455 2,
881 1390 1019 1444 dum
1056 1388 1329 1444 Severum
1363 1385 1611 1442 electum
1646 1385 1790 1440 dicit

139 1499 238 1555 per
267 1483 562 1536 exercitus
593 1495 820 1545 omnes,
855 1477 951 1550 qui
999 1494 1102 1550 pro
1153 1475 1295 1548 ripis
1343 1474 1595 1530 Danubii
1635 1473 1784 1528 Rha-

141 1573 318 1644 niqua
349 1569 690 1625 coercendis
729 1567 994 1624 barbaris
1044 1567 1396 1622 excubantes
1446 1564 1609 1620 Rom.
1659 1568 1786 1619 tue-

141 1663 359 1717 bantur
387 1659 539 1730 Imp.
582 1659 652 1712 Et
697 1673 830 1713 vero
879 1657 1036 1711 hunc
1093 1672 1312 1711 annum
1367 1659 1384 1708 1
1433 1653 1788 1709 collocamus

143 1749 350 1805 Pontif.
384 1753 421 1802 S
455 1747 748 1802 Habundii
779 1745 1080 1818 Zaphyrini
1131 1743 1421 1800 Habundii
1463 1747 1520 1796 F.
1554 1743 1787 1798 natione

1886 576 2033 630 facto
2053 576 2142 639 (de
2165 592 2280 647 quo
2300 593 2477 647 supra
2499 577 2715 650 latius),
2739 580 3042 636 Antistites
3066 586 3308 640 Romani
3331 590 3544 642 Sacro-

1889 680 2138 734 rumqus
2168 664 2330 729 Pont,
2365 665 2702 736 religionem
2735 668 3127 727 Christianam
3160 673 3324 729 initio
3364 693 3540 731 sum-

1891 757 1987 824 pto
2019 769 2052 805 a
2080 757 2133 805 S.
2169 753 2395 808 Victore
2428 754 2590 808 Pont.
2625 758 2890 828 persequi
2921 765 3241 831 pergerent,
3275 763 3542 819 TERTUL-

1893 858 2096 896 manus
2146 842 2213 896 ad
2273 843 2657 899 imitationem
2710 845 2954 902 aliorum
3019 851 3116 921 qui
3177 857 3310 906 ante
3372 871 3433 909 se
3483 855 3539 911 id

1893 932 2170 999 fecerant,
2203 935 2260 985 et
2298 933 2619 1003 praesertim
2673 939 2732 988 Β.
2782 937 2998 992 Justini
3048 940 3215 995 Mart.
3254 947 3542 1000 APOLOGE-

1889 1034 2060 1074 TICUM
2094 1037 2198 1075 uno
2230 1037 2549 1076 CHRISTINIS
2602 1027 2843 1078 Romam
2897 1026 3076 1096 misit,
3132 1028 3190 1083 in
3251 1048 3387 1102 quo,
3449 1032 3537 1088 vel

1894 1110 2194 1164 Lactantio
2235 1114 2401 1177 teste,
2438 1111 2603 1182 plene
2635 1112 2785 1168 hanc
2808 1131 3044 1170 causam
3075 1121 3379 1188 peroravit.
3407 1125 3538 1178 Jam

1895 1203 2030 1254 ante
2060 1203 2255 1253 tamen
2287 1199 2610 1255 discessum
2635 1219 2808 1257 suum
2830 1205 3047 1261 multas
3069 1207 3242 1280 Leges
3274 1227 3304 1263 a
3335 1214 3541 1266 Severo

1895 1292 1952 1343 et
1980 1289 2319 1344 emendatas
2348 1293 2404 1344 et
2435 1290 2760 1361 publicatas
2790 1292 2876 1348 vel
2909 1293 3034 1365 ipse
3066 1302 3269 1352 auctor
3299 1299 3544 1358 indicat:

1895 1379 2105 1441 Nonne,
2139 1377 2348 1449 inquit.
2389 1387 2440 1434 et
2468 1396 2558 1435 vos
2604 1383 2853 1452 quotidie
2899 1388 3289 1453 experimentis
3327 1391 3544 1444 illumi-

1896 1468 2164 1522 nantibus
2185 1469 2436 1524 tenebras
2482 1471 2853 1542 antiquitatis,
2907 1482 3079 1530 totam
3121 1475 3286 1532 illam
3313 1472 3544 1534 veterem

1898 1565 1948 1612 et
1977 1557 2317 1627 squalentem
2349 1557 2567 1628 sylvam
2600 1561 2799 1630 Legum
2823 1565 2981 1618 novis
3012 1566 3418 1637 Principalium
3453 1570 3551 1624 Re-

1897 1648 2229 1717 scriptorum
2284 1654 2337 1701 et
2390 1647 2703 1704 Ediclorum
2756 1653 3034 1708 securibus
3063 1659 3332 1711 truncatis
3360 1660 3409 1713 et
3437 1674 3547 1713 cae-

1900 1735 2077 1790 ditis?
2115 1737 2309 1790 Nonne
2347 1738 2675 1792 vanissimas
2714 1741 2918 1811 Papias
2959 1743 3119 1813 Leges
3167 1745 3289 1816 (ubi
3342 1746 3552 1802 alludit

142 1837 409 1906 Romani,
439 1837 593 1908 quod
631 1836 902 1891 defuncto
933 1835 988 1890 S.
1010 1835 1252 1899 Victore,
1278 1838 1584 1904 postquam
1620 1832 1788 1887 sedes
1823 1867 1871 1932 Β
1902 1824 2480 1932 αᾲιῐλθεὶεῖῑηξᾶρὶἃῐῖἶ
2505 1830 2829 1932 Ρὲριὲῗιειιιι,
2859 1829 2935 1932 i‘I-a
2958 1832 3172 1932 dictam
3200 1834 3387 1932 amnis
3412 1835 3553 1889 lato-

142 1931 411 1983 vacasset
441 1926 653 1980 diebus
696 1925 763 1978 12
804 1924 927 1995 ipse
957 1927 1188 1978 creatus
1219 1923 1394 1976 fuerit
1424 1938 1476 1975 1v
1510 1921 1645 1974 ldus
1675 1922 1792 1974 Au-

144 2018 322 2092 gusti,
356 2015 453 2070 bis
484 2015 631 2087 ipsis
661 2014 824 2069 Cosa.
853 2011 938 2067 vel
965 2013 1216 2066 Damaso
1241 2015 1406 2076 teste,
1441 2009 1539 2083 qui
1572 2008 1794 2065 sedisse

143 2122 276 2161 eum
310 2103 519 2160 scribit
543 2103 906 2172 temporibus
938 2102 1129 2156 Severi
1159 2105 1217 2156 at
1244 2099 1542 2164 Antonini,
1574 2116 1605 2154 a
1646 2103 1793 2153 Con-

142 2196 337 2250 sulatu
365 2192 666 2248 Saturnini
696 2196 754 2246 et
783 2190 953 2254 Galli,
995 2206 1182 2262 usque
1214 2190 1285 2244 ad
1344 2193 1694 2244 Praesentem
1737 2193 1794 2243 et

144 2284 507 2340 Extricatum
551 2279 854 2335 Consules.
901 2279 1200 2342 Quomodo
1249 2278 1483 2333 interim
1533 2278 1792 2332 nondum

143 2374 397 2444 incmpta
442 2369 845 2440 persecutione
892 2367 1360 2422 Christianorum
1403 2367 1610 2438 quinta
1645 2368 1799 2422 inter

147 2463 432 2533 Martyres
463 2459 523 2514 S.
547 2459 746 2513 Victor
766 2457 1100 2522 collocetur,
1121 2457 1464 2512 difﬁcultate
1481 2473 1597 2511 non
1615 2460 1793 2522 caret,

147 2567 270 2621 qua
299 2554 361 2604 at
391 2549 710 2603 Eusebium
764 2551 824 2602 et
877 2545 1022 2601 alios
1078 2545 1563 2618 Chronographos
1594 2545 1795 2610 movit,

149 2646 210 2693 ut
238 2640 297 2693 in
328 2653 554 2692 annum
582 2637 616 2688 8
666 2640 723 2690 at
751 2636 807 2700 9,
839 2640 939 2690 aut
986 2635 1051 2688 10
1098 2634 1290 2690 Severi
1339 2636 1467 2702 eius
1498 2634 1798 2690 Pontifica-

151 2734 276 2783 tum
309 2726 687 2799 protandant.
711 2724 927 2780 Varum
960 2724 1114 2779 dicta
1145 2740 1274 2778 mea
1303 2728 1359 2778 et
1387 2723 1445 2778 S.
1472 2723 1703 2778 Damasi
1727 2724 1798 2778 de

152 2817 469 2888 utriusque
519 2814 884 2885 temporibus
941 2813 1232 2868 sententia
1288 2813 1670 2868 conﬁrmatur
1698 2821 1801 2885 per

151 2907 330 2977 Epist.
367 2909 588 2960 Deerat.
616 2903 922 2974 Zephyrini
949 2902 1114 2957 datas
1162 2901 1256 2956 his
1302 2902 1450 2973 ipsis
1487 2903 1800 2958 Saturnino

149 3001 204 3050 et
232 2994 401 3051 Gallo
431 2992 892 3064 Coss.,-prioram
921 3008 997 3046 xu
1019 2991 1383 3060 Kal.,0ctob.
1420 2991 1800 3063 posteriorem

147 3102 224 3140 vn
260 3085 403 3139 Idus
428 3082 731 3148 Novemb,
764 3085 822 3136 et
848 3081 906 3135 in
935 3080 1232 3152 primitiva
1261 3080 1408 3135 Eccl.
1434 3098 1548 3137 non
1581 3081 1686 3135 fuit
1717 3081 1803 3135 in-

147 3173 389 3229 solitum
425 3169 888 3242 persecutionem
940 3186 974 3224 a
1021 3168 1235 3240 populo
1283 3173 1448 3225 Rom.
1511 3175 1612 3225 aut
1655 3187 1796 3242 prae-

1913 1913 2078 1967 ribus
2110 1918 2178 1966 M.
2222 1913 2397 1984 Papio
2426 1917 2499 1968 M.
2534 1918 2590 1968 [δ’.
2638 1917 2709 1970 Μ.
2745 1921 2809 1971 Ν.
2859 1919 3062 1975 Mutilo
3112 1925 3169 1976 et
3208 1925 3271 1989 ρ.
3309 1923 3553 1996 Poppaeo

1901 2005 1965 2066 Q.
2000 2005 2057 2056 F.
2099 2001 2162 2064 Ο.
2221 2005 2289 2056 N.
2329 2004 2660 2059 Secundino
2717 2008 2925 2077 Coss.),
2984 2025 3111 2080 qum
3167 2015 3297 2066 ante
3357 2012 3557 2068 liberos

1901 2093 2107 2162 suscipi
2134 2095 2357 2159 cogunt,
2395 2109 2561 2163 quam
2610 2095 2777 2151 Julia?
2833 2099 3249 2155 matrimonium
3280 2103 3554 2170 contrahi,

1900 2190 2026 2251 post
2048 2185 2219 2237 tanta?
2245 2183 2588 2237 auctoritatis
2616 2188 2971 2251 senectutem,
3006 2189 3129 2242 heri
3169 2189 3398 2244 Severus
3429 2206 3556 2246 con-

1903 2272 2274 2326 stantissimus
2303 2271 2591 2326 Caesarum
2640 2274 2922 2329 exclusit?
2961 2276 3136 2347 (Apol.
3185 2295 3235 2330 c.
3289 2280 3366 2350 4.)
3415 2282 3554 2343 Quae

1905 2359 2192 2414 dictarum
2242 2359 2439 2433 legum
2492 2362 2727 2418 abolitio
2778 2367 3072 2434 quomodo
3111 2366 3325 2421 Severo
3368 2369 3555 2440 possit

1906 2448 2143 2504 attribui
2165 2453 2222 2504 et
2251 2454 2446 2504 tamen
2482 2455 2681 2522 postea
2709 2453 3048 2510 Constantio
3081 2459 3161 2508 Im
3173 2472 3292 2526 per.
3324 2457 3554 2512 tribua-

1905 2541 2022 2602 tur,
2075 2536 2250 2593 latius
2295 2537 2354 2592 in
2409 2544 2679 2594 Annotat.
2749 2541 2820 2596 ad
2873 2540 3030 2597 hunc
3086 2542 3276 2600 locum
3336 2547 3554 2601 nostris

1906 2625 2287 2681 tractavimus
2313 2644 2326 2694 ;
2351 2627 2409 2682 in
2435 2627 2649 2698 quibus
2671 2629 2716 2684 si
2752 2629 2976 2700 placeat
2998 2633 3331 2703 conjectura
3352 2640 3556 2692 nostra

1906 2713 1977 2769 de
2008 2714 2050 2778 Ι,
2085 2731 2102 2768 I
2135 2714 2200 2769 D.
2234 2715 2298 2770 de
2325 2718 2526 2786 Stupro
2555 2721 2606 2771 et
2663 2717 2834 2773 adult.
2899 2737 3014 2791 qua
3071 2722 3349 2778 delinitur
3378 2723 3556 2779 etiam

1908 2802 1969 2857 in
2001 2820 2219 2873 sponsa
2249 2808 2518 2876 stuprum
2553 2811 2608 2860 et
2653 2807 3005 2864 adulterium
3057 2811 3318 2867 accusari
3350 2818 3407 2868 et
3438 2812 3556 2868 vin-

1909 2894 2090 2950 dicari
2121 2911 2314 2966 posse,
2347 2897 2636 2966 Oportebit
2665 2915 2790 2953 eam
2825 2900 3032 2970 Legam
3067 2901 3160 2956 bis
3189 2905 3350 2960 Coss.
3377 2905 3554 2961 latam

1911 2983 2111 3038 fuisse.
2146 2984 2213 3038 Et
2239 3001 2372 3039 vero
2406 3002 2508 3056 pro
2541 2986 2689 3041 bello
2720 2990 2974 3044 secundo
2999 2991 3267 3048 Parthico
3291 2995 3553 3050 nondum

1910 3072 2196 3143 completo
2223 3075 2392 3144 (quod
2429 3075 2521 3128 his
2560 3077 2722 3132 Cass.
2774 3078 3157 3135 Cassiodorus
3189 3082 3363 3136 etiam
3399 3083 3554 3140 inca-

1912 3167 2077 3232 ptum
2111 3162 2310 3232 tradit)
2344 3163 2480 3217 facit
2510 3168 2746 3233 Auctor,
2768 3167 2905 3221 dum
2936 3168 3086 3223 inter
3111 3169 3304 3225 hostes
3340 3173 3547 3243 Impar.

541 3224 787 3314 initium
839 3224 1283 3322 sumeie.‘0uid
1305 3258 1332 3313 ?
1364 3260 1517 3330 quod
1578 3224 1798 3316 delihoc
1831 3224 1872 3291 Ο
1912 3224 2157 3305 ίῖοῐῐιειιιὶ
2179 3224 2483 3306 enumerat
2517 3253 2730 3310 Mauros
2761 3265 2810 3311 et
2840 3257 3272 3330 Marcomannos,
3305 3224 3554 3332 ipsosque

144 3356 411 3423 tempore
438 3349 498 3404 id
548 3348 783 3404 disertis
830 3348 1021 3402 verbis
1062 3349 1279 3402 Auctor
1327 3347 1580 3402 asserit:
1613 3350 1719 3404 Sed
1748 3358 1799 3404 et

139 3439 499 3507 clarissimas,
525 3435 736 3509 inquit,
766 3436 1009 3506 feminas
1056 3443 1107 3490 et
1153 3435 1488 3492 clarissimos
1525 3437 1675 3493 viros
1704 3438 1796 3493 Se-

137 3544 297 3584 verus
327 3529 509 3584 sciens
546 3526 710 3596 huius
746 3528 904 3580 secta:
949 3541 1080 3590 esse,
1114 3540 1220 3579 non
1276 3525 1432 3582 modo
1477 3541 1588 3581 non
1630 3527 1796 3598 laesit,

141 3634 331 3672 verum
362 3621 417 3672 et
439 3615 752 3670 testimonio
779 3615 1086 3681 exornavit,
1113 3621 1165 3668 et
1189 3615 1391 3684 populo
1412 3618 1633 3685 furenti
1661 3617 1719 3670 in
1741 3633 1798 3672 os

134 3709 332 3778 palam
361 3708 568 3762 restitit
594 3704 699 3776 (Ad
728 3704 892 3774 Scap.
925 3719 975 3758 ο.
1008 3704 1041 3756 4
1069 3720 1083 3770 ;
1117 3704 1268 3774 Apol.
1303 3719 1352 3758 c.
1406 3705 1458 3765 1,
1506 3706 1582 3774 2.).
1617 3706 1796 3776 Atqui

136 3803 271 3852 ante
303 3811 524 3851 annum
548 3798 892 3866 sequentem
919 3796 1144 3864 oportet
1173 3793 1354 3849 latam
1397 3793 1577 3848 fuisse
1609 3793 1794 3866 legem

139 3886 416 3940 Divorum
462 3883 654 3939 Severi
707 3889 764 3938 et
812 3881 1105 3951 Antonini,
1147 3897 1218 3935 ne
1269 3882 1402 3952 quis
1443 3883 1656 3938 absens
1689 3901 1794 3955 pu-

137 3974 356 4042 niatur,
419 3973 590 4042 cujus
626 3972 690 4026 ﬁt
723 3971 936 4024 mentio
967 3969 1068 4024 lib.
1103 3987 1122 4024 ι
1165 3970 1224 4024 ιι.
1257 3971 1321 4026 de
1367 3973 1586 4044 Requir.
1636 3975 1797 4040 reis;

140 4081 278 4119 nam
313 4064 385 4118 ad
422 4078 544 4116 eam
577 4060 735 4116 haud
771 4060 945 4114 dubia
977 4058 1185 4113 alludit
1213 4060 1272 4114 in
1305 4060 1427 4116 hzec
1456 4063 1632 4117 verba
1678 4069 1794 4119 Au-

137 4158 263 4209 ctor
297 4170 310 4208 :
347 4151 491 4221 Quid
520 4151 630 4218 hic,
666 4149 880 4220 inquit,
912 4149 1143 4216 Legibus
1171 4149 1379 4220 deperit
1409 4152 1468 4205 in
1499 4168 1595 4208 suo
1625 4169 1796 4222 regno

132 4241 574 4304 dominantibus,
599 4241 649 4293 si
677 4236 945 4292 audiatur
966 4239 991 4288 .9
1018 4237 1099 4290 An
1131 4236 1236 4291 hoc
1260 4239 1438 4305 magis
1466 4239 1796 4309 gloriabitur

131 4339 370 4400 potestas
405 4346 620 4396 earum,
650 4329 699 4381 si
726 4325 1039 4381 inauditam
1077 4325 1421 4381 damnabunt
1450 4331 1738 4385 veritatem
1769 4333 1796 4386 ?

136 4426 190 4476 et
220 4434 464 4474 rursum
500 4434 512 4467 τ
549 4415 786 4486 Quando
835 4429 932 4469 nec
973 4415 1147 4469 liceat
1195 4415 1504 4486 indefensos
1549 4423 1602 4474 et
1633 4421 1791 4475 inau-

139 4510 280 4564 ditos
310 4508 538 4563 omnino
566 4505 847 4559 damnari.

704 4689 861 4730 ANNO
892 4689 1096 4730 DOMINI
1127 4689 1212 4730 CC.

202 4816 231 4882 §
271 4812 340 4867 X.
373 4816 454 4868 De
508 4807 879 4882 Apologetico,
934 4809 1257 4864 Testimonio
1307 4811 1507 4867 animus
1554 4817 1606 4868 et
1652 4816 1801 4887 Fato,

137 4903 408 4958 adversus
451 4907 655 4970 gentes,
705 4914 769 4952 ac
817 4898 884 4952 de
930 4898 1314 4954 TERTULLIANI
1347 4902 1687 4972 sacerdotio,
1726 4904 1805 4960 li-

140 4993 363 5063 brisque
392 4988 526 5044 inde
564 4988 767 5043 obortis
809 4985 875 5041 de
924 4989 1274 5054 Pwnitentia,
1307 4988 1372 5044 de
1404 4989 1689 5062 Oratione,
1740 4995 1805 5049 de

139 5080 606 5145 Circumcisione,
638 5077 701 5131 de
735 5075 973 5131 Vestibus
1008 5081 1216 5144 .laron,
1247 5077 1314 5132 de
1357 5081 1587 5136 Mundis
1612 5086 1664 5137 et
1694 5083 1803 5137 im-

142 5171 372 5226 mundis
431 5165 788 5235 animalibus,
847 5165 912 5219 de
971 5166 1255 5237 Trinitale,
1287 5168 1353 5223 de
1404 5170 1707 5242 Baptismo.
1739 5203 1809 5212 -—

139 5263 222 5317 i7.
258 5279 313 5316 ι).
347 5273 633 5314 coansuo
671 5271 958 5310 ANULLINO
1022 5271 1086 5325 ιι,
1133 5273 1199 5310 ετ
1246 5275 1310 5312 Μ.
1359 5275 1618 5328 Αυιτιῡιο,
1652 5279 1712 5316 ιι.
1747 5279 1800 5317 a.

139 5366 438 5406 raomoxs
467 5363 623 5402 coss.
674 5349 728 5398 S.
778 5343 1085 5416 Zephyrmi
1137 5344 1304 5401 Rom.
1346 5351 1513 5403 Pont.
1550 5366 1703 5405 anno
1736 5367 1806 5416 ιι,

143 5439 336 5497 Severi
376 5444 528 5509 Imp.
565 5452 664 5503 vn,
699 5449 856 5498 cum,
891 5434 1037 5505 Imp.
1084 5450 1216 5490 cum
1271 5436 1407 5493 ﬁliis
1450 5440 1576 5493 suis
1624 5441 1802 5494 Anto-

142 5531 270 5587 nino
303 5537 360 5586 et
376 5529 527 5586 Geta
559 5528 694 5582 ante
719 5523 1047 5578 discessum
1074 5540 1248 5580 suum
1282 5526 1595 5583 declaratis
1619 5527 1806 5583 Caesa-

141 5620 296 5677 ribus
325 5615 620 5692 Augustis
653 5614 758 5669 ου
817 5614 873 5666 et
922 5611 1195 5685 Imperat.
1243 5615 1538 5689 congiario
1589 5617 1802 5673 iterum

133 5712 344 5786 populo
397 5709 540 5766 dato
569 5709 628 5764 et
676 5699 964 5760 Donativo
1011 5701 1322 5775 militibus,
1371 5703 1429 5763 in
1475 5707 1802 5767 secundum

1907 3339 2140 3394 Parthos
2172 3339 2328 3402 (Ibid.
2365 3357 2414 3395 c.
2448 3342 2794 3413 39).Iterum
2848 3362 2979 3400 vero
3024 3347 3367 3404 Christiana
3418 3350 3553 3406 fidei

1906 3428 2306 3483 dilatationem
2341 3429 2434 3485 his
2465 3433 2653 3487 verbis
2703 3433 2954 3490 celebrat
3006 3452 3018 3492 :
3066 3439 3321 3495 Hesterni
3347 3456 3556 3511 sumus,

1905 3521 1956 3573 et
1974 3521 2154 3573 vestra
2176 3521 2363 3573 omnia
2386 3521 2771 3591 complevi-mus
2789 3567 2801 3590 ,
2833 3525 3012 3594 urbes,
3038 3528 3276 3596 insulas,
3306 3531 3555 3598 castella,

1904 3610 2238 3677 municipia,
2261 3611 2650 3681 conciliabula,
2676 3618 2850 3668 castra
2878 3617 3024 3687 ipsa,
3058 3618 3252 3685 tribus,
3287 3619 3558 3691 decurias,

1901 3699 2204 3768 palatium,
2258 3701 2542 3766 Senatum,
2591 3707 2836 3767 Forum;
2867 3711 2923 3761 et
2970 3707 3144 3778 paulo
3193 3713 3347 3775 ante,
3403 3711 3557 3782 quod

1906 3804 2058 3842 anno
2091 3789 2434 3860 praecedenti
2462 3790 2716 3846 diximus
2748 3793 2818 3848 de
2851 3796 3115 3868 populari
3152 3800 3558 3869 persecutione

1903 3876 2212 3931 conﬁrmat
2243 3894 2256 3931 :
2290 3880 2530 3947 Quoties,
2581 3880 2794 3952 inquit,
2839 3887 3006 3939 etiam
3046 3890 3357 3958 praeteritos
3395 3905 3435 3943 α
3464 3904 3554 3944 vo-

1907 3967 2005 4034 bis,
2037 3983 2131 4021 suo
2151 3967 2280 4038 jure
2308 3984 2406 4022 nos
2453 3971 2747 4026 inimicum
2795 3975 2991 4043 vulgus
3041 3976 3252 4031 invadit
3285 3977 3560 4049 lapidibus

1903 4061 1952 4111 et
1978 4057 2292 4111 incendiis?
2324 4059 2459 4127 Ipsis
2493 4060 2922 4118 Bacchanalium
2949 4068 3136 4135 furtis,
3189 4083 3287 4122 nec
3330 4069 3563 4123 mortuis

1899 4153 2137 4217 parcunt
2170 4145 2519 4215 Christianis,
2556 4152 2690 4220 quin
2742 4153 2867 4208 illos
2915 4155 2980 4210 de
3023 4157 3210 4226 requie
3239 4159 3563 4230 sepulturae,

1903 4234 1968 4288 de
1991 4235 2149 4306 asylo
2189 4237 2424 4306 quodam
2463 4241 2676 4304 mortis,
2719 4242 2840 4312 jam
2884 4243 3049 4310 alios,
3105 4247 3217 4315 iam
3267 4264 3365 4302 nec
3403 4252 3562 4314 totos,

1904 4322 2174 4392 avellant,
2217 4325 2504 4393 dissecent,
2553 4327 2885 4386 distrahant
2917 4333 3020 4405 (lb.
3075 4351 3124 4388 c.
3178 4336 3315 4403 57.).
3350 4337 3559 4391 Eodem

1906 4413 2159 4483 pertinet
2189 4412 2333 4467 illud
2373 4431 2384 4468 :
2419 4415 2523 4470 Nec
2549 4418 2658 4472 ulli
2706 4423 2884 4490 magis
2931 4422 3356 4493 depostulatores
3405 4425 3565 4480 Chri-

1903 4503 2210 4556 stianorum
2239 4518 2405 4572 quam
2435 4505 2646 4576 vulgus,
2681 4513 2739 4562 et
2769 4510 2940 4564 toties
2972 4511 3146 4566 citata
3168 4514 3242 4567 ab
3268 4517 3430 4568 Auct.
3466 4531 3566 4586 po-

1823 4605 1873 4669 D
1906 4589 2129 4661 pularis
2161 4607 2267 4646 vox
2297 4590 2394 4647 illa
2429 4609 2440 4647 :
2479 4593 2813 4652 Christianos
2858 4599 2930 4653 ad
2977 4601 3206 4656 leonem.
3255 4602 3567 4674 Complura

1919 4683 2059 4734 sunt
2083 4678 2199 4734 alia
2245 4680 2304 4735 in
2334 4681 2703 4755 Apologetico
2736 4695 3060 4745 memoratu
3109 4690 3317 4762 digna;
3361 4693 3458 4748 sed
3495 4709 3567 4748 ne

1915 4768 2010 4824 hic
2059 4769 2402 4840 prolixiores
2451 4774 2655 4845 simus,
2689 4777 2760 4830 ad
2792 4779 3066 4835 Annotat.
3103 4786 3334 4839 nostras
3367 4787 3567 4840 Lecto-

1915 4875 2034 4913 rem
2060 4860 2436 4916 remittimus.
2461 4863 2561 4918 Hic
2584 4865 2868 4921 duntaxat
2888 4870 3175 4926 addemus
3197 4872 3566 4929 occasionem

1913 4948 2340 5018 persecutionis
2369 4955 2559 5006 ortam
2594 4970 2661 5008 ex
2691 4955 2854 5010 falsis
2890 4957 3224 5023 calumniis,
3261 4978 3409 5034 quas
3441 4963 3568 5034 pul-

1914 5036 2200 5092 cherrime
2231 5039 2465 5103 refutat,
2511 5044 2889 5112 potissimum
2944 5048 3132 5104 tribus
3191 5050 3565 5117 infanticidii,

1913 5126 2222 5196 sanguinis
2256 5127 2499 5184 humani
2546 5133 2764 5202 pabuli,
2790 5139 2845 5190 et
2887 5136 3093 5193 incesti
3123 5157 3134 5194 :
3175 5143 3442 5210 Dicimur,
3476 5142 3568 5196 in—

1913 5217 2062 5287 quit,
2094 5217 2508 5274 sceleratissimi
2559 5221 2623 5277 de
2681 5240 2919 5280 sacram.
2974 5227 3341 5300 infanticidii,
3392 5235 3568 5302 etpa-

1915 5306 2037 5361 bulo
2068 5305 2212 5373 inde,
2247 5317 2301 5362 et
2331 5315 2448 5379 post
2477 5315 2786 5370 convivium
2837 5317 3046 5374 incesto
3068 5336 3088 5380 ;
3127 5320 3273 5391 quod
3300 5335 3571 5375 eversores

1918 5398 2194 5455 luminum
2232 5414 2410 5466 canes,
2447 5402 2666 5458 lenones
2711 5407 2918 5461 scilicet
2976 5411 3348 5472 tenebrarum,
3381 5418 3495 5464 tum
3520 5413 3572 5465 et

1915 5491 2213 5548 libidinum
2242 5495 2546 5566 impiarum
2575 5494 3023 5552 inuerecundiam
3048 5501 3348 5569 procurent
3380 5498 3568 5570 (lbid.,

1914 5597 1963 5636 c.
1988 5582 2067 5653 7).
