4060 6378
467 405 546 466 99

1025 551 1178 592 ANNO
1209 548 1413 589 DOMINI
1443 547 1554 587 CCI.

536 633 620 686 18.
651 647 727 685 τι.
771 643 1008 684 omnem
1054 639 1260 680 savaao
1302 623 1439 694 (non
1490 623 1688 676 autem
1727 635 1924 674 severo
1956 619 2105 691 Imp.

463 723 552 776 6|
596 737 661 774 ιιι
695 723 756 774 ut
786 718 1022 789 quidam
1061 731 1174 769 non
1199 713 1371 782 recte)
1397 729 1460 765 ετ
1481 726 1532 764 c.
1559 725 1789 764 AUFIDIO
1812 725 2106 774 vxc'roaisjo

462 827 616 867 coss.
650 810 708 864 S.
755 803 1064 877 Zephyriui
1118 807 1276 873 Papae
1310 799 1551 855 Romani
1582 816 1734 853 ANNO
1774 815 1858 863 ιιι,
1913 797 2106 852 Severi

459 915 558 953 VIII
584 915 595 951 :
624 910 966 968 quanquam
997 891 1354 962 imperatore
1377 889 1616 942 absente
1639 885 1830 940 adhuc
1861 885 1917 939 in
1943 901 2107 956 expe-

461 988 681 1042 ditione
713 981 981 1038 Parthica
1015 985 1071 1035 et
1101 978 1476 1046 Adiabenica,
1507 975 1798 1030 Arabibus
1820 979 1875 1030 et
1899 979 2105 1028 Persa-

462 1091 591 1130 rum
649 1075 800 1144 Rege
847 1071 1115 1142 Abagaro
1164 1067 1222 1121 in
1255 1065 1547 1121 deditione
1578 1080 1730 1118 anno
1761 1061 2106 1135 prmcedenti

458 1164 730 1234 receptis,
766 1158 1092 1232 persecutio
1123 1155 1587 1212 Christianorum
1622 1153 1807 1207 Romae
1840 1151 2104 1224 aliquan-

462 1253 648 1308 tulum
675 1266 903 1306 cessare
947 1248 1258 1313 videretur,
1312 1242 1574 1299 fortassis
1621 1240 1968 1314 Apolegetici
2013 1241 2105 1295 sui

454 1340 811 1397 adminiculo
826 1356 839 1405 ;
854 1338 1055 1392 videns
1081 1342 1271 1390 tamen
1284 1350 1464 1388 rsaru
1476 1348 1712 1386 LLIANUS
1728 1337 1782 1386 et
1804 1347 1865 1385 se
1886 1336 1941 1384 et
1963 1329 2106 1386 alios

450 1433 773 1503 Scriptores
786 1427 1081 1500 Apologiis
1099 1424 1222 1480 suis
1246 1441 1346 1494 pro
1359 1420 1706 1476 Christianis
1724 1419 1869 1474 nihil
1888 1424 1991 1474 aut
2007 1437 2106 1490 pa-

453 1538 584 1576 rum
607 1517 923 1590 profecisse
945 1515 1015 1570 ad
1049 1511 1485 1568 conversionem
1520 1509 1825 1575 Gentium;
1853 1508 1965 1563 alio
2006 1525 2101 1580 ge-

453 1625 589 1665 nere
619 1605 819 1678 scripti
861 1621 960 1660 eos
1009 1617 1345 1674 aggressus,
1387 1599 1457 1653 ab
1505 1598 1631 1670 ipsa
1679 1597 1878 1653 anima
1907 1597 2098 1652 adhuc

451 1698 686 1754 ethnica
707 1695 987 1750 adversus
1019 1689 1171 1745 idola
1194 1685 1597 1744 testimonium
1633 1685 1894 1758 flagitat;
1925 1690 2097 1756 atque

453 1789 594 1844 adeo
649 1784 867 1840 librum
919 1798 989 1837 DE
1036 1794 1380 1834 'rssrmomo
1418 1793 1617 1831 mnu:
1656 1775 1974 1846 inscripsit.
2031 1779 2094 1828 In

449 1893 563 1950 quo
596 1879 766 1945 urget
796 1871 927 1926 illas
975 1868 1134 1940 vulgi
1169 1883 1334 1922 voces
1363 1884 1376 1922 :
1411 1865 1559 1933 Quod
1588 1866 1729 1920 Deus
1759 1864 2006 1926 dederit;
2033 1866 2098 1920 Si

514 1984 592 2056 (9)
627 1983 690 2036 1n
720 1973 1368 2056 Tertullianiequidem
1401 1971 1636 2056 scriptis
1668 1970 1865 2056 nullus
1897 1976 1985 2056 est
2008 1971 2086 2056 lo-

443 2042 547 2112 cus
577 2042 647 2109 ex
677 2069 792 2124 quo
825 2046 1091 2124 concludi
1119 2042 1302 2124 possit
1325 2061 1457 2098 eum
1483 2042 1830 2124 in_Ecclesia.
1847 2043 2087 2124 catholi-

444 2146 511 2184 ca
543 2115 723 2182 fuisse
750 2115 1173 2192 Presbyterum.
1200 2118 1412 2192 _l._ocum
1436 2115 1668 2192 quidem
1697 2115 1997 2192 proferunt
2019 2131 2087 2170 ex

445 2200 544 2256 lib.
577 2199 647 2252 de
680 2196 890 2250 Anima
919 2189 1045 2263 cap.
1075 2191 1130 2258 9,
1155 2189 1253 2243 ubi
1273 2193 1485 2263 auctor
1507 2189 1797 2263 desorore
1833 2189 2086 2263 quadam

443 2273 503 2326 in
535 2267 811 2324 exstasim
845 2260 1006 2336 rapi,
1025 2278 1090 2316 ac
1121 2261 1465 2332 prophetare
1495 2260 1689 2322 solita,
1714 2260 2086 2336 loquiturEx

443 2360 559 2416 quo
589 2343 710 2396 loco
741 2337 892 2416 elici,
916 2331 1296 2416 'quanqluam‘
1317 2347 1578 2416 operose,
1605 2336 1819 2416 .potest
1859 2331 2084 2414 Tertul:

441 2401 668 2470 lianum
719 2401 1066 2482 praedicasse
1105 2401 1310 2482 (quod
1352 2403 1552 2482 utique
1603 2401 1739 2456 tunc
1789 2417 1910 2482 non
1957 2401 2084 2482 nisi

439 2473 878 2559 Episcopo'rum,
905 2481 1005 2533 aut
1035 2473 1243 2559 saltem
1281 2474 1751 2559 Presbyterorum
1787 2473 1995 2556 fuerat)
2025 2474 2081 2556 in

439 2545 716 2621 Ecclesia,
757 2545 1122 2606 sed'nonnisi
1145 2545 1649 2621 Montanistarum,
1675 2547 1730 2598 in
1765 2562 1881 2616 qua
1912 2545 2084 2621 nimi-

441 2647 570 2685 rum
607 2618 770 2683 facile
796 2625 852 2678 id
882 2622 1034 2685 juris
1065 2626 1208 2682 erat,
1249 2618 1566 2688 prophetiae
1614 2621 1766 2672 dona
1807 2618 2083 2685 jactanti-

441 2705 572 2766 bus,
596 2706 654 2756 et
695 2693 1362 2766 Tertullianomaxime,
1396 2689 1612 2766 quippe
1661 2689 1721 2766 in
1751 2691 2081 2766 cuiusviri,

439 2757 586 2830 alias
632 2762 1101 2828 celebratissimi,
1161 2778 1369 2816 nomen
1413 2757 1598 2815 ferme
1648 2765 1768 2814 tota
1817 2757 2085 2814 Ecclesiae

439 2845 599 2900 illius
631 2838 1090 2906 auctoritasjam
1133 2833 1500 2906 incubuerat.
1537 2835 1757 2906 Verum
1785 2832 1842 2886 D.
1882 2830 2084 2886 lliero-

439 2933 653 2990 nymus
683 2903 1042 2990 Tertulliano
1076 2904 1473 2990 Presbyterale
1496 2920 1713 2990 munus
1745 2903 1824 2957 ita
1854 2919 2083 2958 asseve-

436 2975 546 3054 rat,
578 2991 644 3042 ut
671 2984 868 3038 nullus
899 2975 1598 3054 eitﬂamplius’dubitandi
1625 2977 1788 3054 locus
1814 2991 2009 3054 super.

507 3047 616 3129 (l0)
651 3059 749 3129 Hic
776 3070 944 3126 porro
967 3047 1364 3129 Tertullianus
1385 3048 1759 3129 cum_divinis_
1777 3047 2082 3129 burna-ni.»

435 3119 546 3204 que
577 3119 790 3204 litteris
831 3124 1093 3204 apprime
1144 3119 1467 3204 excelleret,
1520 3120 1827 3204 Presbyter
1875 3120 2082 3204 deinde

435 3191 522 3261 est
552 3191 1160 3266 ordinatusﬂiomanaa
1181 3210 1252 3248 an
1286 3191 1763 3266 (larthaginensis
1787 3191 2080 3266 Ecclesiie,

433 3277 590 3330 inter
619 3289 680 3328 se
713 3263 932 3325 veteres
961 3266 1260 3339 dissideat,
1281 3281 1488 3339 (neque
1508 3265 1857 3339 recentiores
1888 3263 2072 3318 critici
2106 3273 2148 3339 ρ

433 3344 823 3404 conveniunt;
880 3345 1012 3411 post
1067 3334 1645 3411 Ueilleriumiﬂlemu
1674 3334 1900 3411 Cellier.
1933 3341 1976 3390 t.
2009 3351 2069 3389 ιι.

435 3421 578 3474 Hist.
637 3415 820 3484 gener.
873 3407 1256 3484 desAauteurs,
1303 3426 1376 3484 p._
1414 3408 1562 3475 376).
1612 3407 1884 3484 Semlerus
1913 3422 2073 3484 comf

433 3477 674 3545 munem
735 3484 829 3540 hic
897 3481 1157 3537 defendit
1221 3477 1577 3550 opinionem,
1629 3479 1781 3549 quod
1852 3477 2075 3550 scilicet

433 3567 628 3618 Romae
668 3557 746 3612 sit
789 3555 1032 3610 allectus
1082 3553 1231 3607 inter
1260 3549 1650 3622 ’Preshyteros
1676 3549 2072 3622 sequentibus

431 3651 497 3689 ex
528 3631 820 3687 rationum
854 3624 1167 3681 momentis
1199 3620 1476 3694 (SemlerI
1496 3626 1638 3674 tom.
1672 3620 1738 3687 V,
1772 3637 1902 3691 opp.
1939 3621 2072 3675 'I‘er.

428 3704 556 3759 tull.
620 3701 911 3754 dissertet.
971 3698 1022 3764 1,
1072 3695 1130 3749 in
1175 3693 1415 3750 Tertull.
1450 3695 1558 3760 δε,
1593 3709 1722 3764 pag,
1761 3694 2066 3756 222.227);

430 3773 830 3835 Tertullianus,
863 3776 927 3824 ut.
972 3768 1172 3823 scribit
1220 3767 1624 3835 Hieronymus,
1666 3781 1836 3834 usque
1863 3765 1931 3818 ad
1963 3781 2072 3818 me-

422 3851 576 3905 diam
638 3848 859 3902 aetatem
917 3840 1202 3910 Presbyter
1260 3838 1515 3893 Ecclesiae
1571 3837 1875 3910 (Africanas
1913 3836 1939 3890 ‘I
1981 3853 2068 3910 an

426 3938 556 3976 vero
591 3912 908 3973 Romanis?
940 3908 1211 3967 Romanis
1263 3914 1557 3980 putamus,
1594 3914 1656 3962 ut
1706 3908 1902 3962 statim
1938 3908 2068 3977 plu-

424 3993 588 4048 ribus
619 3984 1070 4052 illustrabimus)
1101 3979 1398 4052 pernuinsit
1426 3998 1444 4033 :
1473 3984 1658 4048 postea
1684 3995 1808 4034 vero
1858 3979 2069 4052 invidia

430 4073 482 4119 et
509 4061 854 4118 contumelils
885 4051 1222 4110 Clericorum
1256 4055 1512 4107 Romana:
1542 4053 1796 4107 Ecclesia
1826 4051 2071 4115 (scilicet

425 4133 761 4205 impetitus,_
802 4126 1096 4205 atque_a_b
1146 4127 1258 4180 ista
1301 4123 1556 4205 Ecclesia
1616 4123 1938 4205 egpulsus),
1994 4123 2070 4205 ad

426 4195 674 4261 Montani
729 4195 924 4271 dogma
977 4197 1231 4271 delapsus
1287 4201 1386 4262 est,
1446 4201 1553 4250 etc.
1595 4195 1754 4271 _l_lzec
1786 4195 2069 4271 narratio

425 4274 754 4346 Hieronymi
798 4265 1008 4346 vvideri
1047 4265 1305 4346 omnino
1343 4271 1532 4346 potest
1575 4265 1898 4346 historiam
1960 4265 2069 4336 ipsi

427 4369 540 4406 non
570 4337 824 4414 ignotam
859 4341 1166 4404 involvere,
1201 4340 1305 4414 etsi
1343 4337 1665 4414 'verbosius
1696 4345 1870 4407 atque
1900 4354 2071 4391 accu-

429 4410 615 4478 ratius
645 4435 772 4475 eam
795 4415 1125 4471 describere
1147 4411 1349 4466 noluit.
1376 4411 1492 4465 Nisi
1527 4410 1762 4480 quidem
1798 4415 2072 4478 putemus

429 4495 569 4549 talia
599 4493 1020 4560 Hieronymum,
1049 4484 1242 4555 ipsum
1283 4482 1634 4560 coniecturis
1668 4481 1970 4560 reperisse,
2005 4498 2073 4535 ex

427 4566 602 4621 variis
651 4554 859 4618 horum
911 4554 1261 4627 scriptorum
1314 4554 1476 4617 locis,
1511 4557 1574 4608 ut
1621 4569 1655 4627 ᾳ
1697 4554 1845 4627 libro
1884 4561 2071 4627 contra

1793 393 2324 458 TERTULLIANI
2367 394 2578 458 VlTA.

2137 529 2192 596 Α
2224 535 2368 586 Deus
2396 529 2666 591 voluerit;
2697 528 2989 585 Benedicat
3019 534 3070 586 te
3095 535 3238 587 Deus
3263 549 3286 595 ;
3335 532 3475 588 Deus
3504 531 3649 588 videt
3687 536 3862 591 omnia

3755 401 3863 464 100

2215 619 2320 675 Deo
2367 617 2711 679 commendo;
2770 619 2908 674 Deus
2961 619 3184 686 reddet;
3242 624 3316 689 et,
3380 621 3520 677 Deus
3579 624 3723 679 inter
3768 640 3856 680 nos

2207 707 2505 778 judicabit.
2539 705 2625 761 Fit
2672 705 2816 760 mihi
2875 706 3128 763 multum
3180 708 3494 765 verisimile
3540 709 3648 765 hoc
3697 711 3860 768 etiam

2215 810 2368 849 anno
2399 795 2793 866 conscriptum
2825 793 3039 851 librum
3072 813 3142 852 DE
3171 814 3328 868 mro,
3362 799 3531 870 cujus
3585 800 3860 872 fragmen-

2213 888 2338 938 tum
2364 885 2598 939 unicum
2631 888 2905 950 exstat,et
2933 889 3128 940 tamen
3163 886 3233 942 ab
3267 888 3392 957 ipso
3433 892 3679 944 Auctore
3708 906 3855 946 com-

2217 977 2576 1028 memoratur
2619 974 2674 1026 in
2726 973 2846 1027 haec
2909 975 3082 1030 verba
3141 993 3154 1031 :
3226 977 3520 1032 Potestates
3592 980 3862 1037 enimvero

2211 1070 2457 1134 przsunt
2487 1080 2504 1116 :
2533 1063 2840 1117 secundum
2895 1080 2992 1119 nos
3038 1065 3288 1136 quidem,
3337 1065 3553 1137 inquit,
3603 1068 3862 1125 Dominus

2215 1153 2374 1221 Deus,
2430 1161 2480 1207 et
2537 1152 2788 1207 diabolus
2830 1154 3105 1221 wmutus;
3168 1155 3478 1210 secundum
3532 1171 3861 1213 communem

2213 1252 2402 1298 autem
2432 1243 2744 1313 opinionem
2773 1251 2827 1296 et
2869 1243 3240 1311 Providentia,
3274 1249 3322 1299 et
3356 1246 3565 1310 Fatum,
3599 1255 3652 1300 et
3683 1263 3856 1304 ηαστε-

2212 1334 2368 1398 sitas,
2400 1336 2449 1387 et
2505 1332 2739 1386 arbitrii
2796 1332 3043 1387 libertas.
3091 1337 3232 1390 Nam
3287 1335 3399 1389 haec
3452 1344 3502 1390 et
3556 1335 3864 1408 Philosophi

2213 1423 2586 1492 distinguunt,
2612 1424 2663 1476 et
2692 1436 2788 1474 nos
2836 1421 3135 1476 secundum
3187 1423 3355 1493 ﬁnem
3410 1423 3726 1480 disserenda
3765 1443 3858 1483 suo

2198 1512 2320 1582 jam
2364 1511 2613 1564 novimus
2646 1509 2828 1564 titulo.
2879 1511 3046 1582 Atqui
3095 1511 3149 1565 in
3202 1511 3359 1566 hunc
3410 1529 3628 1568 annum
3689 1515 3856 1571 etiam

2209 1598 2509 1671 rejicimus
2555 1601 2774 1653 statum
2835 1599 2965 1654 vitae
3026 1617 3243 1655 novum
3291 1602 3583 1669 Auctoris,
3638 1619 3750 1674 quo
3800 1604 3854 1659 in

2207 1689 2697 1761 Praesbyterorum
2731 1688 2995 1743 ordinem
3023 1689 3098 1760 (Ο)
3127 1689 3368 1746 allectus
3397 1690 3768 1758 sit,fortassis
3789 1694 3857 1749 ab

2203 1775 2563 1849 Aggrippino
2594 1774 3059 1847 Carthaginiensi
3093 1777 3366 1850 episcopo
3397 1779 3682 1850 (lO).Eum
3706 1780 3857 1837 enim

2205 1867 2386 1922 alium
2419 1865 2601 1920 fuisse
2631 1864 2703 1919 ab
2760 1865 3081 1937 Agrippino
3133 1867 3232 1924 82
3286 1867 3407 1923 sive
3447 1868 3702 1942 Agrippa
3740 1869 3855 1942 epi-

2202 1975 2316 2041 jam
2343 1975 2574 2027 emissas
2623 1975 2679 2026 et
2727 1988 2761 2026 a
2811 1975 3105 2046 prOposito
3140 1973 3604 2046 recipiendorum
3636 1975 3853 2031 charis-

2197 2052 2422 2099 matum
2447 2059 2812 2099 concessure.
2847 2044 2931 2097 Ita
2957 2045 3070 2100 duo
3103 2044 3334 2116 negotia
3365 2046 3580 2102 diaboli
3616 2047 3856 2104 Praxeas

2197 2121 2390 2171 Roma:
2423 2116 2786 2189 procuravit;
2819 2118 3159 2189 praphetiam
3185 2119 3403 2189 expulit
3426 2120 3484 2186 (i.
3510 2136 3558 2174 e.
3596 2119 3851 2175 Montani

2199 2186 2477 2254 fautores,
2512 2187 2611 2256 qui
2671 2186 2752 2240 ibi
2793 2186 2947 2258 apud
3005 2186 3350 2260 Episcopum
3403 2190 3535 2246 illas
3570 2192 3855 2247 Ecclesiae

2193 2261 2342 2316 Asiaa
2375 2260 2850 2331 commendatum
2882 2260 3081 2328 ibant;
3112 2277 3260 2331 quos
3301 2263 3456 2317 inter
3486 2262 3641 2317 haud
3675 2263 3851 2319 dubie

2193 2332 2289 2405 hic
2314 2330 2711 2405 Tertullianus
2738 2331 2862 2405 ipse
2895 2331 3061 2401 fuit);
3093 2330 3143 2387 et
3183 2334 3426 2405 haresin
3472 2335 3668 2390 intulit
3700 2334 3839 2405 (jam

2193 2402 2786 2477 Tertullianusputat
2836 2403 3151 2477 Romanam
3205 2404 3522 2477 Ecclesium
3566 2402 3747 2477 ipsam
3783 2406 3844 2462 in

2195 2475 2445 2558 haeream
2498 2473 2818 2558 incidisse;
2850 2474 3048 2558 itaque
3090 2475 3168 2558 ab
3217 2475 3319 2531 illa
3375 2473 3839 2558 ipse-secessit).

2195 2546 2558 2600 Paracletum
2607 2545 2848 2610 fugavit,
2898 2552 2956 2602 et
3003 2547 3232 2603 Patrem
3265 2545 3570 2603 cruciﬁxit.
3607 2571 3633 2598 ››
3664 2550 3844 2605 Addit

2195 2618 2521 2673 luculenter
2553 2618 2728 2691 paulo
2757 2623 2890 2689 post
2935 2634 2948 2670 :
3011 2641 3039 2669 «
3096 2619 3160 2673 Et
3209 2637 3316 2675 nos
3370 2620 3607 2690 quidem
3642 2627 3843 2691 postea

2193 2691 2411 2760 agnitio
2456 2690 2733 2763 Paracleti
2786 2695 2959 2763 atque
3011 2691 3271 2746 defensio
3316 2691 3596 2762 disjunxit
3633 2690 3667 2746 ἁ
3708 2693 3846 2763 Psy-

2192 2763 2431 2816 chicis.»
2491 2760 2612 2828 Hic,
2671 2766 2734 2815 ut
2781 2761 3110 2832 opinamur,
3161 2779 3274 2819 non
3329 2760 3574 2818 obscure
3623 2760 3845 2819 indicat

2191 2833 2605 2897 Tertullianus,
2645 2834 2798 2903 quod
2849 2837 3020 2888 antea
3060 2849 3194 2889 cum
3253 2833 3384 2890 istis
3444 2835 3723 2890 Romanis
3776 2834 3840 2890 in

2192 2905 2602 2974 conjunctione
2649 2905 3046 2960 ecclesiastica
3085 2907 3309 2970 vixerit,
3349 2922 3497 2976 quos
3530 2907 3622 2960 hic
3651 2906 3841 2962 nomi-

2193 2985 2293 3032 nat
2317 2977 2747 3050 Psychicos._Ex
2777 2977 2889 3032 isto
2937 2977 3116 3048 igitur
3160 2977 3284 3050 loco
3334 2979 3523 3050 potuit
3553 2977 3836 3050 Hierony-

2191 3066 2320 3105 mus
2351 3046 2428 3122 ad‘
2454 3046 2708 3122 historiae
2769 3046 3250 3122 instar—reperire
3291 3046 3504 3104 invidia
3557 3053 3606 3105 et
3652 3046 3842 3106 contu-

2189 3121 2368 3176 meliis
2397 3119 2741 3192 Clericorum
2788 3135 3038 3192 romanae
3069 3119 3343 3176 Ecclesiae
3368 3124 3573 3192 factum
3605 3137 3736 3188 esse,
3772 3127 3842 3177 ut

2191 3191 2587 3247 Teriullianus
2617 3191 2686 3244 ad
2723 3191 3106 3246 Montanistas
3163 3194 3288 3263 ipse
3344 3193 3673 3261 transierit;
3726 3208 3838 3249 nec

2188 3265 2341 3319 enim
2366 3263 2487 3318 ulla
2515 3263 2739 3334 species
2769 3263 3024 3318 historias
3069 3263 3448 3319 accuratioris
3491 3265 3643 3336 apud
3685 3263 3838 3321 alios

2185 3337 2500 3406 scriptores
2548 3341 2835 3404 superest,
2868 3352 2996 3406 quis
3029 3337 3376 3406 persuadeat
3418 3337 3590 3392 nobis
3643 3337 3839 3392 Hiero-

2182 3425 2414 3479 nymum
2444 3406 2584 3479 talia
2609 3407 2846 3462 aliunde
2875 3407 3194 3479 accepisse.
3229 3406 3378 3462 Illud
3415 3408 3704 3479 expellere,
3737 3409 3834 3477 fu-

2179 3496 2330 3550 gare,
2372 3477 2658 3547 signiticat
2708 3495 2821 3532 non
2882 3477 3128 3536 obscure
3180 3477 3518 3535 contumelia
3562 3479 3839 3535 affectum

2184 3551 2363 3605 fuisse
2394 3550 2789 3618 ecclesiastica,
2824 3567 2925 3606 seu
2977 3551 3102 3605 loco
3159 3556 3336 3622 atque
3392 3552 3596 3606 ordine
3643 3568 3836 3619 sacro,

2181 3622 2500 3694 Presbyteri
2535 3622 2779 3685 scilicet,
2813 3623 2968 3678 hunc
3016 3623 3358 3692 scriptorem
3402 3629 3625 3678 mutum
3657 3628 3841 3693 atque

2180 3695 2487 3762 deiectum,
2523 3711 2556 3748 a
2589 3694 2850 3748 romanis
2881 3695 3144 3757 Clericis,
3191 3695 3275 3750 sic
3317 3695 3520 3750 mitius
3571 3694 3842 3765 loquitur

2182 3768 2597 3839 Hieronymus;
2633 3767 2704 3839 ab
2757 3767 2883 3839 ipso
2922 3767 3077 3821 cnim
3131 3767 3412 3839 Episcopo
3477 3767 3838 3839 Romanoid

2178 3838 2421 3910 factunr
2451 3837 2982 3910 esse,tllericorum
3031 3837 3244 3893 studiis
3303 3837 3842 3910 improbis,_i‘acile

2179 3907 2563 3982 intelligimus
2612 3909 2709 3979 (η).
2746 3913 2906 3964 Forte
2941 3910 3088 3966 hanc
3119 3927 3355 3965 causam
3388 3907 3593 3982 postea
3634 3908 3847 3965 licebit

2179 3981 2521 4044 diligentius
2550 3986 2836 4036 excutere.

2253 4055 2670 4123 Hieronymum
2719 4069 2821 4123 per
2865 4053 3120 4108 Ecclesiae
3172 4051 3580 4124 Presbyterum
3611 4049 3845 4124 intelli-

2223 4141 2315 4180 ere
2347 4122 2585 4178 romana:
2618 4122 2882 4196 Ecclesiae
2935 4122 3366 4196 Presbyterum,
3402 4123 3486 4178 vel
3515 4139 3584 4177 ex
3609 4122 3840 4178 Eusebii

2179 4141 2315 4249 gere
2347 4141 2585 4178 romana:
2619 4141 2882 4179 uccnesue
2935 4141 3366 4196 Presbyterum,
3402 4141 3486 4178 vei
3515 4141 3584 4177 ex
3609 4141 3840 4178 nuseau

2179 4196 2278 4251 ila
2311 4196 2662 4260 narratione,
2713 4195 2810 4250 lib.
2848 4213 2908 4267 Ix,
2959 4212 3086 4267 cap.
3136 4196 3190 4263 2,
3253 4195 3664 4267 satisgcertum
3723 4199 3841 4250 est.

2182 4267 2264 4322 Ita
2295 4267 2448 4322 enim
2485 4267 2580 4321 ille
2603 4268 2671 4321 de
2695 4265 3051 4322 'l‘ertulliano
3083 4267 3326 4321 scribit:
3355 4265 3535 4321 fuisse
3566 4283 3697 4321 cum
3722 4268 3839 4318 τῶν

2185 4337 2422 4409 μάλιστα
2479 4337 2563 4391 ἐπὶ
2626 4338 2840 4410 Ῥώμη,
2895 4335 3186 4411 λάμπρων.
3242 4339 3349 4394 Sed
3401 4346 3457 4394 et
3499 4338 3845 4411 clarissime

2182 4416 2306 4481 ipse
2360 4411 2729 4465 Tcrlullianus
2788 4411 3010 4474 scribit,
3059 4410 3264 4465 ’ltomze
3341 4425 3403 4464 se
3458 4410 3670 4465 vixisse
3731 4410 3838 4480 (h).

2184 4505 2210 4531 ‹‹
2243 4490 2619 4537 Gemmarum
2653 4499 2887 4553 quoque
2932 4481 3291 4537 nobilitatem
3324 4481 3581 4537 vidimus
3632 4484 3842 4548 Romae,

2187 4555 2257 4609 de
2289 4553 2520 4608 fastidio
2552 4554 2897 4609 Parthorum
2933 4569 2999 4608 ex
3045 4553 3344 4608 Medorum
3379 4560 3846 4622 ceterorumque

429 4639 720 4697 Praxeam,
748 4633 819 4688 ab
851 4624 1047 4692 initio,
1073 4645 1101 4682 e
1135 4627 1348 4707 quibus
1387 4624 1901 4707 sententiisvideri
1937 4641 2070 4707 pos-
2109 4643 2151 4707 υ
2184 4626 2759 4707 gentilitim‘suorum
2791 4642 2984 4707 coram
3020 4626 3313 4707 matronis
3332 4626 3845 4707 erubescant-emi»

430 4709 526 4774 sit,
563 4707 714 4778 quod
751 4703 1116 4758 Tertullianus
1155 4697 1461 4778 Romae-et
1517 4697 1643 4778 ipse
1697 4701 1820 4778 tum
1877 4697 2073 4778 fuerit,

433 4767 855 4835 cum'Praxeas
900 4778 1142 4827 Romam
1193 4785 1258 4823 ex
1289 4767 1427 4823 Asia
1473 4768 1710 4824 veniens
1758 4769 1827 4823 de
1881 4768 2079 4823 Monta-

429 4853 593 4907 nistis
625 4851 762 4905 talia
810 4847 1056 4914 episcopo
1104 4846 1364 4914 Romano
1406 4841 1682 4914 narravit,
1730 4846 1791 4914 ut
1829 4839 1920 4914 hic
1956 4845 2079 4914 Asta-

432 4928 630 4987 tuerit,
664 4936 790 4977 esse
817 4911 848 4973 e
881 4933 937 4970 re
980 4911 1248 4969 Romanae
1297 4913 1604 4966 Societatis
1652 4911 2073 4987 ecclesiasticas,

430 4996 477 5051 si
511 4984 655 5050 nihil
709 4987 1033 5045 commercii
1095 5001 1264 5054 porro
1310 5000 1442 5037 cum
1497 4984 1860 5038 Montanistis
1891 4984 2074 5037 conti-

428 5072 661 5122 nuetur.
697 5061 911 5119 Scribit
962 5062 1114 5112 certe
1147 5055 1540 5110 Tertullianus
1579 5055 1838 5123 (Tertull.
1873 5063 2077 5110 contra

428 5145 703 5194 Praxeam
737 5151 864 5203 cap.
908 5130 1006 5203 1);
1051 5152 1080 5203 ειΔ
1114 5127 1842 5203 Episcopumliomanum.
1867 5144 2070 5203 agnos-

424 5217 637 5267 centem
658 5211 784 5278 jam
814 5199 1152 5278 prophetiae
1183 5199 1448 5278 illontani,
1469 5201 1701 5278 Prisca),
1725 5200 2068 5278 Maximillae,

428 5290 484 5339 et
510 5301 578 5339 cx
612 5270 679 5337 ea
709 5270 1247 5349 agn'itio'ne_pacem_
1284 5270 1572 5349 Ecclesiis
1609 5271 1775 5349 Asiae,
1810 5276 1865 5349 e_t
1896 5271 2076 5349 Phry.

425 5357 531 5427 giae
566 5341 929 5411 inferentem,
959 5341 1100 5427 talsa
1135 5343 1204 5427 de
1235 5341 1378 5412 ipsis
1412 5343 1708 5427 prophetis
1733 5349 1786 5399 et
1819 5341 2074 5427 Eram?)

425 5415 613 5482 Eorum
662 5418 1067 5480 asseverando,
1101 5421 1156 5468 et
1187 5431 1601 5485 praeressorum
1635 5417 1762 5484 ejus
1811 5415 2071 5468 auctori-

421 5504 572 5554 tates
602 5491 986 5554 defendendo,
1021 5485 1227 5557 coegit,
1261 5491 1317 5540 et
1365 5487 1570 5542 litteras
1615 5489 1774 5558 pacis
1810 5501 2072 5540 revocare

487 5606 559 5656 tn)
587 5603 715 5651 Cum
750 5599 1106 5658 Hieronymus
1139 5593 1299 5658 istum
1360 5593 1661 5655 Catalogum
1693 5591 1963 5658 scripserit
1991 5604 2070 5638 se-

424 5655 557 5721 rius,
595 5666 748 5713 istam
780 5663 831 5709 in
865 5655 1128 5721 Romanos
1159 5655 1381 5721 clericos
1408 5656 1896 5721 sententiam,_si_ue
1933 5667 2069 5721 verae

426 5716 658 5778 historiae
691 5726 820 5781 luce,
854 5723 965 5784 ipse
998 5718 1526 5784 srtripsis‘se‘yidrtur,
1552 5723 1608 5766 ut
1641 5733 1694 5784 ef
1729 5716 2070 5784 ulcisceretur

424 5793 490 5843 ab
530 5791 624 5850 eis,
655 5779 1171 5853 quorduimaligna‘
1195 5779 1416 5843 judicia,
1473 5785 1595 5846 post
1648 5781 1864 5832 Damasi
1922 5792 2064 5831 mor-

419 5860 550 5916 tem,
580 5844 690 5918 ipsé
721 5850 973 5915 expertus
1005 5844 1198 5896 fuerat.

2191 4697 2366 4752 Lubet
2397 4697 2607 4753 addere
2645 4697 2754 4751 hoc
2813 4698 2935 4752 loco
2993 4696 3137 4752 alias
3191 4697 3536 4763 sententias,
3589 4713 3712 4767 quas
3777 4695 3839 4750 id

2189 4771 2592 4838 comprobant;
2651 4769 3076 4824 Tertullianum
3149 4769 3206 4823 in
3267 4767 3519 4824 Ecclesia
3571 4768 3849 4823 Romana

2188 4842 2397 4912 vixisse
2426 4840 2734 4896 Clericum.
2785 4840 2905 4895 Huc
2948 4840 3199 4896 maxime
3247 4845 3498 4912 pertinet
3545 4838 3853 4912 illelocus

2186 4911 2549 4985 (Tertullian.
2613 4913 2682 4985 De
2738 4913 3048 4985 Pravscript.
3103 4911 3357 4985 cap.'30)
3401 4929 3413 4967 :
3476 4935 3501 4960 ‹‹
3551 4911 3654 4985 Ubi
3687 4915 3845 4964 tunc

2185 4984 2460 5053 Marcion,
2512 4984 2788 5038 Ponticus
2830 4983 3191 5042 Nauclerusf
3219 4984 3421 5038 Stoica:
3471 4983 3780 5037 studiosus
3821 4986 3851 5038 Ρ

2185 5057 2283 5110 ubi
2333 5062 2472 5111 tunc
2522 5056 2887 5119 Valentinus,
2947 5056 3251 5110 Platonicae
3301 5061 3552 5111 sectator
3587 5054 3615 5108 ?
3682 5058 3845 5108 Nam

2183 5134 2402 5182 constat
2441 5143 2627 5198 neque
2656 5127 2799 5182 adeo
2829 5127 2968 5182 olim
3013 5127 3193 5183 fuisse
3231 5127 3361 5182 illos
3403 5123 3674 5182 Antonini
3719 5127 3853 5180 fere

2182 5199 2533 5271 principatu,
2565 5205 2622 5254 et
2652 5200 2708 5253 in
2746 5198 3090 5271 catholicam
3126 5199 3314 5271 primo
3346 5199 3674 5255 doctrinam
3705 5212 3846 5271 cre-

2181 5267 2400 5325 didisse
2441 5271 2594 5342 apud
2647 5269 2962 5326 Ecclesium
3010 5267 3447 5334 Ronianensem;
3486 5271 3668 5342 donec
3723 5267 3853 5323 sub

2180 5339 2526 5413 Episcopatu
2608 5342 2904 5397 Eleutheri
2984 5342 3298 5412 Benedicti,
3359 5343 3430 5398 ob
3499 5339 3847 5412 inquietam

2179 5431 2410 5484 semper
2466 5431 2677 5486 eorum,
2729 5414 3152 5479 curiositatem,
3213 5432 3330 5486 qua
3369 5419 3568 5485 fratres
3599 5427 3854 5486 quoque

2175 5483 2461 5552 vitabant,
2502 5485 2680 5542 semel
2740 5491 2799 5541 et
2827 5486 3038 5540 iterum
3087 5483 3274 5556 ejecti.
3306 5483 3559 5542 Marcion
3594 5483 3855 5555 quidem

2239 5599 2304 5648 (τι)
2330 5594 2397 5642 De
2428 5593 2569 5641 cultu
2601 5592 2848 5640 feminar.
2869 5590 2966 5655 lib.
2990 5596 3030 5652 t,
3063 5606 3180 5655 cap.
3213 5595 3258 5642 6.
3293 5594 3382 5642 His
3408 5592 3538 5642 locis
3561 5590 3674 5655 jam
3707 5603 3863 5638 usus

2177 5662 2258 5702 est
2288 5655 2737 5715 Ccilier(llistoire
2757 5654 3002 5716 generale
3028 5653 3356 5705 des‘auteurs
3386 5653 3776 5716 ccclésiastiquc
3801 5667 3853 5710 ς,

2175 5717 2333 5765 Temo
2365 5733 2414 5774 tt,
2447 5732 2564 5779 pag.
2600 5719 2710 5778 578)
2743 5715 2922 5780 contra
2960 5717 3410 5770 Ρνιυιίρςίἰηιιΐηιη.
3435 5718 3524 5780 qui
3556 5715 3855 5763 Tertullia-

2176 5777 2595 5844 num_adversus
2624 5777 2974 5831 Montanistas
3002 5781 3274 5844 scripsisse
3305 5782 3431 5832 dicit
3456 5777 3857 5844 presbyterum

2185 5841 2654 5907 Carthaginemem.
