  <div class='ocr_page' id='page_1' title='image "/cluster/home/n/w/nwhite01/storage/ocr_20150623/1/umn.31951002477295j/058.png"; bbox 0 0 4060 6398; ppageno 0'>
   <div class='ocr_carea' id='block_1_1' title="bbox 196 374 291 437">
    <p class='ocr_par' dir='ltr' id='par_1_1' title="bbox 196 374 291 437">
     <span class='ocr_line' id='line_1_1' title="bbox 196 374 291 437; baseline 0 -2"><span class='ocrx_word' id='word_1_1' title='bbox 196 374 291 437; x_wconf 70' lang='lat' dir='ltr'>till</span> 
     </span>
    </p>
   </div>
   <div class='ocr_carea' id='block_1_2' title="bbox 1520 374 2311 438">
    <p class='ocr_par' dir='ltr' id='par_1_2' title="bbox 1520 374 2311 438">
     <span class='ocr_line' id='line_1_2' title="bbox 1520 374 2311 438; baseline 0 -2"><span class='ocrx_word' id='word_1_2' title='bbox 1520 375 1961 438; x_wconf 77' lang='lat' dir='ltr'>TERTULLIA</span> <span class='ocrx_word' id='word_1_3' title='bbox 1974 374 2054 435; x_wconf 85' lang='lat' dir='ltr'>NI</span> <span class='ocrx_word' id='word_1_4' title='bbox 2100 375 2311 436; x_wconf 80' lang='grc' dir='ltr'><strong>νιΤΑ.</strong></span> 
     </span>
    </p>
   </div>
   <div class='ocr_carea' id='block_1_3' title="bbox 3493 380 3608 441">
    <p class='ocr_par' dir='ltr' id='par_1_3' title="bbox 3493 380 3608 441">
     <span class='ocr_line' id='line_1_3' title="bbox 3493 380 3608 441; baseline 0.017 -2"><span class='ocrx_word' id='word_1_5' title='bbox 3493 380 3608 441; x_wconf 82' lang='grc'>102</span> 
     </span>
    </p>
   </div>
   <div class='ocr_carea' id='block_1_4' title="bbox 199 506 3603 586">
    <p class='ocr_par' dir='ltr' id='par_1_4' title="bbox 199 506 3603 586">
     <span class='ocr_line' id='line_1_4' title="bbox 199 506 3603 586; baseline 0 -17"><span class='ocrx_word' id='word_1_6' title='bbox 199 526 382 583; x_wconf 88' lang='lat' dir='ltr'>scopo,</span> <span class='ocrx_word' id='word_1_7' title='bbox 411 508 591 581; x_wconf 83' lang='lat' dir='ltr'><strong>cujus</strong></span> <span class='ocrx_word' id='word_1_8' title='bbox 626 509 1030 565; x_wconf 88' lang='lat' dir='ltr'>meminitsub</span> <span class='ocrx_word' id='word_1_9' title='bbox 1062 509 1137 565; x_wconf 88' lang='lat' dir='ltr'>M.</span> <span class='ocrx_word' id='word_1_10' title='bbox 1170 509 1360 565; x_wconf 82' lang='lat' dir='ltr'>Aurel.</span> <span class='ocrx_word' id='word_1_11' title='bbox 1388 508 1595 581; x_wconf 88' lang='lat' dir='ltr'>imper.</span> <span class='ocrx_word' id='word_1_12' title='bbox 1663 508 1842 564; x_wconf 81' lang='lat' dir='ltr'>Euse-</span> <span class='ocrx_word' id='word_1_13' title='bbox 1873 520 1925 586; x_wconf 70' lang='grc' dir='ltr'><strong>Α</strong></span> <span class='ocrx_word' id='word_1_14' title='bbox 1956 506 2134 578; x_wconf 91' lang='lat' dir='ltr'>tibus,</span> <span class='ocrx_word' id='word_1_15' title='bbox 2167 511 2222 563; x_wconf 87' lang='lat' dir='ltr'>et</span> <span class='ocrx_word' id='word_1_16' title='bbox 2251 508 2321 563; x_wconf 88' lang='lat' dir='ltr'>de</span> <span class='ocrx_word' id='word_1_17' title='bbox 2343 508 2645 565; x_wconf 84' lang='lat' dir='ltr'>sacriﬁciis</span> <span class='ocrx_word' id='word_1_18' title='bbox 2691 509 3002 565; x_wconf 70' lang='lat' dir='ltr'>olferendis</span> <span class='ocrx_word' id='word_1_19' title='bbox 3044 511 3215 581; x_wconf 66' lang='lat' dir='ltr'>:haud</span> <span class='ocrx_word' id='word_1_20' title='bbox 3269 512 3603 583; x_wconf 89' lang='lat' dir='ltr'>immemor,</span> 
     </span>
    </p>
   </div>
   <div class='ocr_carea' id='block_1_5' title="bbox 203 597 1831 671">
    <p class='ocr_par' dir='ltr' id='par_1_5' title="bbox 203 597 1831 671">
     <span class='ocr_line' id='line_1_5' title="bbox 203 597 1831 671; baseline -0.004 -14"><span class='ocrx_word' id='word_1_21' title='bbox 203 603 325 657; x_wconf 89' lang='lat' dir='ltr'>bius</span> <span class='ocrx_word' id='word_1_22' title='bbox 354 604 410 655; x_wconf 84' lang='lat' dir='ltr'>et</span> <span class='ocrx_word' id='word_1_23' title='bbox 439 598 710 669; x_wconf 85' lang='lat' dir='ltr'>Niceph.,</span> <span class='ocrx_word' id='word_1_24' title='bbox 745 599 855 653; x_wconf 95' lang='lat' dir='ltr'>sub</span> <span class='ocrx_word' id='word_1_25' title='bbox 889 598 959 653; x_wconf 92' lang='lat' dir='ltr'>M.</span> <span class='ocrx_word' id='word_1_26' title='bbox 995 602 1204 653; x_wconf 85' lang='lat' dir='ltr'>Anton.</span> <span class='ocrx_word' id='word_1_27' title='bbox 1240 597 1595 670; x_wconf 89' lang='lat' dir='ltr'>Philosopbo</span> <span class='ocrx_word' id='word_1_28' title='bbox 1622 603 1831 671; x_wconf 88' lang='lat' dir='ltr'>Imper.</span> 
     </span>
    </p>
   </div>
   <div class='ocr_carea' id='block_1_6' title="bbox 202 687 1836 760">
    <p class='ocr_par' dir='ltr' id='par_1_6' title="bbox 202 687 1836 760">
     <span class='ocr_line' id='line_1_6' title="bbox 202 687 1836 760; baseline -0.002 -14"><span class='ocrx_word' id='word_1_29' title='bbox 202 694 465 758; x_wconf 84' lang='lat' dir='ltr'>Zonaras,</span> <span class='ocrx_word' id='word_1_30' title='bbox 496 689 610 743; x_wconf 86' lang='lat' dir='ltr'>sub</span> <span class='ocrx_word' id='word_1_31' title='bbox 643 688 896 743; x_wconf 85' lang='lat' dir='ltr'>Antonio</span> <span class='ocrx_word' id='word_1_32' title='bbox 912 687 1053 743; x_wconf 90' lang='lat' dir='ltr'>Vero</span> <span class='ocrx_word' id='word_1_33' title='bbox 1073 688 1455 760; x_wconf 83' lang='lat' dir='ltr'>Uspergensis</span> <span class='ocrx_word' id='word_1_34' title='bbox 1487 689 1587 743; x_wconf 77' lang='lat'>63</span> <span class='ocrx_word' id='word_1_35' title='bbox 1620 688 1836 758; x_wconf 85' lang='lat' dir='ltr'>Abbas,</span> 
     </span>
    </p>
   </div>
   <div class='ocr_carea' id='block_1_7' title="bbox 202 776 1839 849">
    <p class='ocr_par' dir='ltr' id='par_1_7' title="bbox 202 776 1839 849">
     <span class='ocr_line' id='line_1_7' title="bbox 202 776 1839 849; baseline -0.002 -13"><span class='ocrx_word' id='word_1_36' title='bbox 202 780 328 836; x_wconf 89' lang='lat' dir='ltr'>inde</span> <span class='ocrx_word' id='word_1_37' title='bbox 358 777 504 833; x_wconf 88' lang='lat' dir='ltr'>mihi</span> <span class='ocrx_word' id='word_1_38' title='bbox 539 776 792 843; x_wconf 90' lang='lat' dir='ltr'>videtur,</span> <span class='ocrx_word' id='word_1_39' title='bbox 826 778 977 847; x_wconf 89' lang='lat' dir='ltr'>quod</span> <span class='ocrx_word' id='word_1_40' title='bbox 1012 778 1066 831; x_wconf 89' lang='grc' dir='ltr'>Β.</span> <span class='ocrx_word' id='word_1_41' title='bbox 1101 776 1426 849; x_wconf 79' lang='lat' dir='ltr'>Cyprianus</span> <span class='ocrx_word' id='word_1_42' title='bbox 1456 777 1635 849; x_wconf 84' lang='lat' dir='ltr'>Epist.</span> <span class='ocrx_word' id='word_1_43' title='bbox 1667 778 1737 831; x_wconf 83' lang='lat'>70</span> <span class='ocrx_word' id='word_1_44' title='bbox 1768 778 1839 833; x_wconf 88' lang='lat' dir='ltr'>ad</span> 
     </span>
    </p>
   </div>
   <div class='ocr_carea' id='block_1_8' title="bbox 200 866 1841 939">
    <p class='ocr_par' dir='ltr' id='par_1_8' title="bbox 200 866 1841 939">
     <span class='ocr_line' id='line_1_8' title="bbox 200 866 1841 939; baseline -0.002 -14"><span class='ocrx_word' id='word_1_45' title='bbox 200 871 476 925; x_wconf 85' lang='lat' dir='ltr'>Januaur.</span> <span class='ocrx_word' id='word_1_46' title='bbox 501 883 571 921; x_wconf 82' lang='lat' dir='ltr'>ex</span> <span class='ocrx_word' id='word_1_47' title='bbox 601 866 1067 921; x_wconf 77' lang='lat' dir='ltr'>antecessoribus</span> <span class='ocrx_word' id='word_1_48' title='bbox 1100 866 1224 921; x_wconf 85' lang='lat' dir='ltr'>suis</span> <span class='ocrx_word' id='word_1_49' title='bbox 1248 866 1627 939; x_wconf 85' lang='lat' dir='ltr'>Agrippinum</span> <span class='ocrx_word' id='word_1_50' title='bbox 1659 867 1841 922; x_wconf 86' lang='lat' dir='ltr'>fuisse</span> 
     </span>
    </p>
   </div>
   <div class='ocr_carea' id='block_1_9' title="bbox 202 955 1838 1032">
    <p class='ocr_par' dir='ltr' id='par_1_9' title="bbox 202 955 1838 1032">
     <span class='ocr_line' id='line_1_9' title="bbox 202 955 1838 1032; baseline -0.002 -17"><span class='ocrx_word' id='word_1_51' title='bbox 202 960 510 1032; x_wconf 81' lang='lat' dir='ltr'>signiﬁcet,</span> <span class='ocrx_word' id='word_1_52' title='bbox 543 962 601 1012; x_wconf 90' lang='lat' dir='ltr'>et</span> <span class='ocrx_word' id='word_1_53' title='bbox 639 957 701 1011; x_wconf 92' lang='lat' dir='ltr'>B.</span> <span class='ocrx_word' id='word_1_54' title='bbox 736 957 1093 1025; x_wconf 80' lang='lat' dir='ltr'>Augustinus</span> <span class='ocrx_word' id='word_1_55' title='bbox 1127 955 1226 1010; x_wconf 93' lang='lat' dir='ltr'>lib.</span> <span class='ocrx_word' id='word_1_56' title='bbox 1259 957 1294 1009; x_wconf 88' lang='lat'>2</span> <span class='ocrx_word' id='word_1_57' title='bbox 1320 962 1519 1011; x_wconf 90' lang='lat' dir='ltr'>contra</span> <span class='ocrx_word' id='word_1_58' title='bbox 1554 962 1838 1012; x_wconf 79' lang='lat' dir='ltr'>Donatum</span> 
     </span>
    </p>
   </div>
   <div class='ocr_carea' id='block_1_10' title="bbox 202 1045 1844 1120">
    <p class='ocr_par' dir='ltr' id='par_1_10' title="bbox 202 1045 1844 1120">
     <span class='ocr_line' id='line_1_10' title="bbox 202 1045 1844 1120; baseline -0.003 -14"><span class='ocrx_word' id='word_1_59' title='bbox 202 1067 321 1120; x_wconf 84' lang='lat' dir='ltr'>cap.</span> <span class='ocrx_word' id='word_1_60' title='bbox 353 1050 388 1100; x_wconf 89' lang='lat'><strong>7</strong></span> <span class='ocrx_word' id='word_1_61' title='bbox 418 1047 618 1119; x_wconf 83' lang='lat' dir='ltr'>ipsum</span> <span class='ocrx_word' id='word_1_62' title='bbox 638 1050 693 1097; x_wconf 85' lang='lat' dir='ltr'>B.</span> <span class='ocrx_word' id='word_1_63' title='bbox 719 1045 987 1117; x_wconf 86' lang='lat' dir='ltr'>Cypriani</span> <span class='ocrx_word' id='word_1_64' title='bbox 1016 1045 1497 1117; x_wconf 67' lang='lat' dir='ltr'>prmdecessorem</span> <span class='ocrx_word' id='word_1_65' title='bbox 1528 1051 1844 1118; x_wconf 91' lang='lat' dir='ltr'>nuncupet,</span> 
     </span>
    </p>
   </div>
   <div class='ocr_carea' id='block_1_11' title="bbox 198 1134 1846 1206">
    <p class='ocr_par' dir='ltr' id='par_1_11' title="bbox 198 1134 1846 1206">
     <span class='ocr_line' id='line_1_11' title="bbox 198 1134 1846 1206; baseline -0.004 -12"><span class='ocrx_word' id='word_1_66' title='bbox 198 1139 443 1194; x_wconf 80' lang='lat' dir='ltr'>Maxime</span> <span class='ocrx_word' id='word_1_67' title='bbox 475 1152 609 1192; x_wconf 83' lang='lat' dir='ltr'>cum</span> <span class='ocrx_word' id='word_1_68' title='bbox 643 1135 756 1190; x_wconf 88' lang='lat' dir='ltr'>alia</span> <span class='ocrx_word' id='word_1_69' title='bbox 785 1140 938 1190; x_wconf 84' lang='lat' dir='ltr'>esset</span> <span class='ocrx_word' id='word_1_70' title='bbox 967 1136 1037 1189; x_wconf 87' lang='lat' dir='ltr'>ab</span> <span class='ocrx_word' id='word_1_71' title='bbox 1070 1135 1262 1189; x_wconf 82' lang='lat' dir='ltr'>Africa</span> <span class='ocrx_word' id='word_1_72' title='bbox 1279 1135 1496 1206; x_wconf 66' lang='lat' dir='ltr'>Egypti</span> <span class='ocrx_word' id='word_1_73' title='bbox 1530 1134 1846 1206; x_wconf 85' lang='lat' dir='ltr'>provincia,</span> 
     </span>
    </p>
   </div>
   <div class='ocr_carea' id='block_1_12' title="bbox 200 1224 1848 1300">
    <p class='ocr_par' dir='ltr' id='par_1_12' title="bbox 200 1224 1848 1300">
     <span class='ocr_line' id='line_1_12' title="bbox 200 1224 1848 1300; baseline -0.004 -15"><span class='ocrx_word' id='word_1_74' title='bbox 200 1231 256 1285; x_wconf 89' lang='lat' dir='ltr'>in</span> <span class='ocrx_word' id='word_1_75' title='bbox 288 1244 406 1300; x_wconf 87' lang='lat' dir='ltr'>qua</span> <span class='ocrx_word' id='word_1_76' title='bbox 437 1224 868 1281; x_wconf 83' lang='lat' dir='ltr'>Alexandrinus</span> <span class='ocrx_word' id='word_1_77' title='bbox 898 1224 991 1279; x_wconf 90' lang='lat' dir='ltr'>ille</span> <span class='ocrx_word' id='word_1_78' title='bbox 1048 1224 1451 1296; x_wconf 82' lang='lat' dir='ltr'>episcopatum</span> <span class='ocrx_word' id='word_1_79' title='bbox 1506 1225 1736 1295; x_wconf 82' lang='lat' dir='ltr'>agebat,</span> <span class='ocrx_word' id='word_1_80' title='bbox 1792 1228 1848 1280; x_wconf 90' lang='lat' dir='ltr'>et</span> 
     </span>
    </p>
   </div>
   <div class='ocr_carea' id='block_1_13' title="bbox 198 1313 1847 1388">
    <p class='ocr_par' dir='ltr' id='par_1_13' title="bbox 198 1313 1847 1388">
     <span class='ocr_line' id='line_1_13' title="bbox 198 1313 1847 1388; baseline -0.001 -17"><span class='ocrx_word' id='word_1_81' title='bbox 198 1323 255 1374; x_wconf 89' lang='lat' dir='ltr'>B.</span> <span class='ocrx_word' id='word_1_82' title='bbox 286 1322 453 1388; x_wconf 83' lang='lat' dir='ltr'>Cypr.</span> <span class='ocrx_word' id='word_1_83' title='bbox 493 1314 747 1386; x_wconf 80' lang='lat' dir='ltr'>Epist.71</span> <span class='ocrx_word' id='word_1_84' title='bbox 773 1315 845 1369; x_wconf 90' lang='lat' dir='ltr'>ad</span> <span class='ocrx_word' id='word_1_85' title='bbox 879 1314 1158 1380; x_wconf 85' lang='lat' dir='ltr'>Quintum</span> <span class='ocrx_word' id='word_1_86' title='bbox 1191 1313 1405 1369; x_wconf 87' lang='lat' dir='ltr'>scribat</span> <span class='ocrx_word' id='word_1_87' title='bbox 1424 1314 1847 1385; x_wconf 79' lang='lat' dir='ltr'>Aggrippinum</span> 
     </span>
    </p>
   </div>
   <div class='ocr_carea' id='block_1_14' title="bbox 198 1402 1847 1475">
    <p class='ocr_par' dir='ltr' id='par_1_14' title="bbox 198 1402 1847 1475">
     <span class='ocr_line' id='line_1_14' title="bbox 198 1402 1847 1475; baseline -0.003 -12"><span class='ocrx_word' id='word_1_88' title='bbox 198 1409 366 1463; x_wconf 73' lang='lat' dir='ltr'>bona:</span> <span class='ocrx_word' id='word_1_89' title='bbox 397 1403 693 1460; x_wconf 68' lang='lat' dir='ltr'>memoria</span> <span class='ocrx_word' id='word_1_90' title='bbox 724 1403 909 1458; x_wconf 90' lang='lat' dir='ltr'>virum</span> <span class='ocrx_word' id='word_1_91' title='bbox 943 1419 1074 1458; x_wconf 90' lang='lat' dir='ltr'>cum</span> <span class='ocrx_word' id='word_1_92' title='bbox 1111 1403 1234 1457; x_wconf 86' lang='lat' dir='ltr'>suis</span> <span class='ocrx_word' id='word_1_93' title='bbox 1265 1402 1624 1475; x_wconf 88' lang='lat' dir='ltr'>coepiscopis</span> <span class='ocrx_word' id='word_1_94' title='bbox 1677 1405 1847 1475; x_wconf 87' lang='lat' dir='ltr'>(quos</span> 
     </span>
    </p>
   </div>
   <div class='ocr_carea' id='block_1_15' title="bbox 199 1492 1843 1564">
    <p class='ocr_par' dir='ltr' id='par_1_15' title="bbox 199 1492 1843 1564">
     <span class='ocr_line' id='line_1_15' title="bbox 199 1492 1843 1564; baseline -0.004 -11"><span class='ocrx_word' id='word_1_95' title='bbox 199 1498 373 1553; x_wconf 86' lang='lat' dir='ltr'>etiam</span> <span class='ocrx_word' id='word_1_96' title='bbox 406 1498 807 1550; x_wconf 78' lang='lat' dir='ltr'>antecessores</span> <span class='ocrx_word' id='word_1_97' title='bbox 842 1509 979 1547; x_wconf 91' lang='lat' dir='ltr'>suos</span> <span class='ocrx_word' id='word_1_98' title='bbox 1012 1496 1314 1564; x_wconf 87' lang='lat' dir='ltr'>nuncupat</span> <span class='ocrx_word' id='word_1_99' title='bbox 1364 1492 1542 1564; x_wconf 85' lang='lat' dir='ltr'>Epist.</span> <span class='ocrx_word' id='word_1_100' title='bbox 1574 1492 1686 1563; x_wconf 91' lang='lat'>70),</span> <span class='ocrx_word' id='word_1_101' title='bbox 1748 1493 1843 1548; x_wconf 90' lang='lat' dir='ltr'>de-</span> 
     </span>
    </p>
   </div>
   <div class='ocr_carea' id='block_1_16' title="bbox 199 1581 1847 1652">
    <p class='ocr_par' dir='ltr' id='par_1_16' title="bbox 199 1581 1847 1652">
     <span class='ocr_line' id='line_1_16' title="bbox 199 1581 1847 1652; baseline -0.004 -10"><span class='ocrx_word' id='word_1_102' title='bbox 199 1593 425 1642; x_wconf 89' lang='lat' dir='ltr'>cretum</span> <span class='ocrx_word' id='word_1_103' title='bbox 458 1583 529 1638; x_wconf 90' lang='lat' dir='ltr'>de</span> <span class='ocrx_word' id='word_1_104' title='bbox 550 1581 839 1637; x_wconf 66' lang='lat' dir='ltr'>haereticis</span> <span class='ocrx_word' id='word_1_105' title='bbox 901 1581 1266 1652; x_wconf 87' lang='lat' dir='ltr'>baptizandis</span> <span class='ocrx_word' id='word_1_106' title='bbox 1321 1581 1546 1636; x_wconf 81' lang='lat' dir='ltr'>fecisse.</span> <span class='ocrx_word' id='word_1_107' title='bbox 1608 1584 1675 1636; x_wconf 87' lang='lat' dir='ltr'>Et</span> <span class='ocrx_word' id='word_1_108' title='bbox 1717 1599 1847 1636; x_wconf 92' lang='lat' dir='ltr'>vero</span> 
     </span>
    </p>
   </div>
   <div class='ocr_carea' id='block_1_17' title="bbox 201 1669 1850 1743">
    <p class='ocr_par' dir='ltr' id='par_1_17' title="bbox 201 1669 1850 1743">
     <span class='ocr_line' id='line_1_17' title="bbox 201 1669 1850 1743; baseline -0.003 -12"><span class='ocrx_word' id='word_1_109' title='bbox 201 1675 403 1732; x_wconf 80' lang='lat' dir='ltr'>statim</span> <span class='ocrx_word' id='word_1_110' title='bbox 458 1675 695 1743; x_wconf 87' lang='lat' dir='ltr'>accepto</span> <span class='ocrx_word' id='word_1_111' title='bbox 726 1671 1050 1726; x_wconf 90' lang='lat' dir='ltr'>sacerdotio</span> <span class='ocrx_word' id='word_1_112' title='bbox 1082 1669 1439 1726; x_wconf 86' lang='lat' dir='ltr'>continuisse</span> <span class='ocrx_word' id='word_1_113' title='bbox 1488 1674 1791 1726; x_wconf 79' lang='lat' dir='ltr'>Auctorem</span> <span class='ocrx_word' id='word_1_114' title='bbox 1818 1689 1850 1727; x_wconf 90' lang='lat' dir='ltr'>a</span> 
     </span>
    </p>
   </div>
   <div class='ocr_carea' id='block_1_18' title="bbox 202 1760 1847 1831">
    <p class='ocr_par' dir='ltr' id='par_1_18' title="bbox 202 1760 1847 1831">
     <span class='ocr_line' id='line_1_18' title="bbox 202 1760 1847 1831; baseline -0.002 -12"><span class='ocrx_word' id='word_1_115' title='bbox 202 1760 565 1819; x_wconf 82' lang='lat' dir='ltr'>matrimonii</span> <span class='ocrx_word' id='word_1_116' title='bbox 597 1776 708 1815; x_wconf 89' lang='lat' dir='ltr'>usu</span> <span class='ocrx_word' id='word_1_117' title='bbox 736 1760 862 1831; x_wconf 90' lang='lat' dir='ltr'>pari</span> <span class='ocrx_word' id='word_1_118' title='bbox 894 1775 1182 1814; x_wconf 88' lang='lat' dir='ltr'>consensu</span> <span class='ocrx_word' id='word_1_119' title='bbox 1239 1776 1370 1814; x_wconf 89' lang='lat' dir='ltr'>cum</span> <span class='ocrx_word' id='word_1_120' title='bbox 1417 1777 1524 1815; x_wconf 90' lang='lat' dir='ltr'>sua</span> <span class='ocrx_word' id='word_1_121' title='bbox 1577 1761 1847 1831; x_wconf 83' lang='lat' dir='ltr'>conjuge,</span> 
     </span>
    </p>
   </div>
   <div class='ocr_carea' id='block_1_19' title="bbox 202 1847 1846 1916">
    <p class='ocr_par' dir='ltr' id='par_1_19' title="bbox 202 1847 1846 1916">
     <span class='ocr_line' id='line_1_19' title="bbox 202 1847 1846 1916; baseline -0.004 -7"><span class='ocrx_word' id='word_1_122' title='bbox 202 1852 344 1909; x_wconf 87' lang='lat' dir='ltr'>mihi</span> <span class='ocrx_word' id='word_1_123' title='bbox 367 1852 433 1905; x_wconf 81' lang='lat' dir='ltr'>ﬁt</span> <span class='ocrx_word' id='word_1_124' title='bbox 464 1847 775 1905; x_wconf 78' lang='lat' dir='ltr'>verisimile</span> <span class='ocrx_word' id='word_1_125' title='bbox 806 1864 874 1903; x_wconf 81' lang='lat' dir='ltr'>ex</span> <span class='ocrx_word' id='word_1_126' title='bbox 904 1848 1323 1902; x_wconf 82' lang='lat' dir='ltr'>consuetudine</span> <span class='ocrx_word' id='word_1_127' title='bbox 1344 1847 1611 1903; x_wconf 82' lang='lat' dir='ltr'>Ecclesiae</span> <span class='ocrx_word' id='word_1_128' title='bbox 1634 1849 1846 1916; x_wconf 70' lang='lat' dir='ltr'>latinis,</span> 
     </span>
    </p>
   </div>
   <div class='ocr_carea' id='block_1_20' title="bbox 194 1936 1849 2013">
    <p class='ocr_par' dir='ltr' id='par_1_20' title="bbox 194 1936 1849 2013">
     <span class='ocr_line' id='line_1_20' title="bbox 194 1936 1849 2013; baseline -0.002 -16"><span class='ocrx_word' id='word_1_129' title='bbox 194 1944 321 2013; x_wconf 85' lang='lat' dir='ltr'>jam</span> <span class='ocrx_word' id='word_1_130' title='bbox 354 1939 491 1995; x_wconf 89' lang='lat' dir='ltr'>inde</span> <span class='ocrx_word' id='word_1_131' title='bbox 523 1938 806 1993; x_wconf 88' lang='lat' dir='ltr'>adecreto</span> <span class='ocrx_word' id='word_1_132' title='bbox 836 1938 890 1991; x_wconf 92' lang='lat' dir='ltr'>S.</span> <span class='ocrx_word' id='word_1_133' title='bbox 925 1936 1238 1991; x_wconf 81' lang='lat' dir='ltr'>Clementis</span> <span class='ocrx_word' id='word_1_134' title='bbox 1269 1937 1372 1992; x_wconf 89' lang='lat' dir='ltr'>PP.</span> <span class='ocrx_word' id='word_1_135' title='bbox 1410 1938 1659 1992; x_wconf 85' lang='lat' dir='ltr'>maxime</span> <span class='ocrx_word' id='word_1_136' title='bbox 1716 1955 1849 1993; x_wconf 90' lang='lat' dir='ltr'>cum</span> 
     </span>
    </p>
   </div>
   <div class='ocr_carea' id='block_1_21' title="bbox 202 2024 1850 2104">
    <p class='ocr_par' dir='ltr' id='par_1_21' title="bbox 202 2024 1850 2104">
     <span class='ocr_line' id='line_1_21' title="bbox 202 2024 1850 2104; baseline -0.004 -17"><span class='ocrx_word' id='word_1_137' title='bbox 202 2028 569 2104; x_wconf 87' lang='lat' dir='ltr'>prOpendere</span> <span class='ocrx_word' id='word_1_138' title='bbox 626 2043 692 2080; x_wconf 89' lang='lat' dir='ltr'>eo</span> <span class='ocrx_word' id='word_1_139' title='bbox 726 2026 1033 2080; x_wconf 59' lang='lat' dir='ltr'>videantur</span> <span class='ocrx_word' id='word_1_140' title='bbox 1088 2024 1208 2080; x_wconf 66' lang='lat' dir='ltr'>haec</span> <span class='ocrx_word' id='word_1_141' title='bbox 1267 2025 1447 2096; x_wconf 89' lang='lat' dir='ltr'>hujus</span> <span class='ocrx_word' id='word_1_142' title='bbox 1474 2028 1543 2081; x_wconf 88' lang='lat' dir='ltr'>ad</span> <span class='ocrx_word' id='word_1_143' title='bbox 1608 2027 1850 2083; x_wconf 87' lang='lat' dir='ltr'>Uxorem</span> 
     </span>
    </p>
   </div>
   <div class='ocr_carea' id='block_1_22' title="bbox 202 2116 1853 2187">
    <p class='ocr_par' dir='ltr' id='par_1_22' title="bbox 202 2116 1853 2187">
     <span class='ocr_line' id='line_1_22' title="bbox 202 2116 1853 2187; baseline -0.002 -14"><span class='ocrx_word' id='word_1_144' title='bbox 202 2121 376 2176; x_wconf 85' lang='lat' dir='ltr'>verba</span> <span class='ocrx_word' id='word_1_145' title='bbox 407 2136 419 2172; x_wconf 91' lang='lat'>:</span> <span class='ocrx_word' id='word_1_146' title='bbox 456 2116 533 2171; x_wconf 80' lang='lat' dir='ltr'>Ne</span> <span class='ocrx_word' id='word_1_147' title='bbox 562 2132 648 2171; x_wconf 89' lang='lat' dir='ltr'>me</span> <span class='ocrx_word' id='word_1_148' title='bbox 672 2123 828 2187; x_wconf 87' lang='lat' dir='ltr'>putes</span> <span class='ocrx_word' id='word_1_149' title='bbox 854 2119 1074 2186; x_wconf 80' lang='lat' dir='ltr'>propter</span> <span class='ocrx_word' id='word_1_150' title='bbox 1101 2118 1297 2171; x_wconf 78' lang='lat' dir='ltr'>carnis</span> <span class='ocrx_word' id='word_1_151' title='bbox 1327 2126 1437 2172; x_wconf 71' lang='lat' dir='ltr'>tua’</span> <span class='ocrx_word' id='word_1_152' title='bbox 1478 2118 1853 2187; x_wconf 75' lang='lat' dir='ltr'>integritatem</span> 
     </span>
    </p>
   </div>
   <div class='ocr_carea' id='block_1_23' title="bbox 206 2204 1849 2277">
    <p class='ocr_par' dir='ltr' id='par_1_23' title="bbox 206 2204 1849 2277">
     <span class='ocr_line' id='line_1_23' title="bbox 206 2204 1849 2277; baseline -0.003 -13"><span class='ocrx_word' id='word_1_153' title='bbox 206 2210 344 2264; x_wconf 85' lang='lat' dir='ltr'>mihi</span> <span class='ocrx_word' id='word_1_154' title='bbox 374 2204 768 2261; x_wconf 82' lang='lat' dir='ltr'>reservandum</span> <span class='ocrx_word' id='word_1_155' title='bbox 817 2204 881 2258; x_wconf 90' lang='lat' dir='ltr'>de</span> <span class='ocrx_word' id='word_1_156' title='bbox 924 2205 1274 2261; x_wconf 71' lang='lat' dir='ltr'>contumelia?</span> <span class='ocrx_word' id='word_1_157' title='bbox 1302 2205 1486 2259; x_wconf 88' lang='lat' dir='ltr'>dolore</span> <span class='ocrx_word' id='word_1_158' title='bbox 1522 2215 1849 2277; x_wconf 87' lang='lat' dir='ltr'>suspectum,</span> 
     </span>
    </p>
   </div>
   <div class='ocr_carea' id='block_1_24' title="bbox 207 2292 1849 2362">
    <p class='ocr_par' dir='ltr' id='par_1_24' title="bbox 207 2292 1849 2362">
     <span class='ocr_line' id='line_1_24' title="bbox 207 2292 1849 2362; baseline -0.001 -8"><span class='ocrx_word' id='word_1_159' title='bbox 207 2301 501 2354; x_wconf 87' lang='lat' dir='ltr'>insinuare</span> <span class='ocrx_word' id='word_1_160' title='bbox 532 2294 648 2357; x_wconf 77' lang='lat' dir='ltr'>iam</span> <span class='ocrx_word' id='word_1_161' title='bbox 682 2292 810 2347; x_wconf 88' lang='lat' dir='ltr'>hinc</span> <span class='ocrx_word' id='word_1_162' title='bbox 840 2293 944 2347; x_wconf 88' lang='lat' dir='ltr'>tibi</span> <span class='ocrx_word' id='word_1_163' title='bbox 971 2294 1263 2349; x_wconf 81' lang='lat' dir='ltr'>viduitatis</span> <span class='ocrx_word' id='word_1_164' title='bbox 1293 2294 1585 2348; x_wconf 75' lang='lat' dir='ltr'>consilium</span> <span class='ocrx_word' id='word_1_165' title='bbox 1624 2320 1637 2362; x_wconf 78' lang='lat'><strong>;</strong></span> <span class='ocrx_word' id='word_1_166' title='bbox 1672 2294 1806 2350; x_wconf 84' lang='lat' dir='ltr'>item</span> <span class='ocrx_word' id='word_1_167' title='bbox 1836 2313 1849 2353; x_wconf 88' lang='lat'>:</span> 
     </span>
    </p>
   </div>
   <div class='ocr_carea' id='block_1_25' title="bbox 208 2380 1853 2453">
    <p class='ocr_par' dir='ltr' id='par_1_25' title="bbox 208 2380 1853 2453">
     <span class='ocr_line' id='line_1_25' title="bbox 208 2380 1853 2453; baseline -0.004 -11"><span class='ocrx_word' id='word_1_168' title='bbox 208 2388 458 2453; x_wconf 80' lang='lat' dir='ltr'>Tempus,</span> <span class='ocrx_word' id='word_1_169' title='bbox 491 2381 709 2451; x_wconf 87' lang='lat' dir='ltr'>inquit,</span> <span class='ocrx_word' id='word_1_170' title='bbox 744 2382 804 2435; x_wconf 86' lang='lat' dir='ltr'>in</span> <span class='ocrx_word' id='word_1_171' title='bbox 828 2380 1043 2435; x_wconf 85' lang='lat' dir='ltr'>collecto</span> <span class='ocrx_word' id='word_1_172' title='bbox 1073 2384 1151 2435; x_wconf 85' lang='lat' dir='ltr'>est</span> <span class='ocrx_word' id='word_1_173' title='bbox 1180 2396 1191 2434; x_wconf 91' lang='lat'>:</span> <span class='ocrx_word' id='word_1_174' title='bbox 1217 2383 1463 2452; x_wconf 83' lang='lat' dir='ltr'>superest</span> <span class='ocrx_word' id='word_1_175' title='bbox 1491 2385 1549 2435; x_wconf 86' lang='lat' dir='ltr'>ut</span> <span class='ocrx_word' id='word_1_176' title='bbox 1594 2383 1691 2453; x_wconf 87' lang='lat' dir='ltr'>qui</span> <span class='ocrx_word' id='word_1_177' title='bbox 1734 2399 1853 2436; x_wconf 76' lang='lat' dir='ltr'>ma-</span> 
     </span>
    </p>
   </div>
   <div class='ocr_carea' id='block_1_26' title="bbox 208 2470 1855 2540">
    <p class='ocr_par' dir='ltr' id='par_1_26' title="bbox 208 2470 1855 2540">
     <span class='ocr_line' id='line_1_26' title="bbox 208 2470 1855 2540; baseline -0.003 -10"><span class='ocrx_word' id='word_1_178' title='bbox 208 2475 476 2529; x_wconf 87' lang='lat' dir='ltr'>trimonia</span> <span class='ocrx_word' id='word_1_179' title='bbox 506 2470 727 2533; x_wconf 83' lang='lat' dir='ltr'>habent,</span> <span class='ocrx_word' id='word_1_180' title='bbox 760 2478 1021 2540; x_wconf 79' lang='lat' dir='ltr'>tanquam</span> <span class='ocrx_word' id='word_1_181' title='bbox 1053 2486 1160 2524; x_wconf 88' lang='lat' dir='ltr'>non</span> <span class='ocrx_word' id='word_1_182' title='bbox 1193 2470 1455 2524; x_wconf 84' lang='lat' dir='ltr'>habentes</span> <span class='ocrx_word' id='word_1_183' title='bbox 1475 2475 1665 2540; x_wconf 85' lang='lat' dir='ltr'>agant.</span> <span class='ocrx_word' id='word_1_184' title='bbox 1704 2471 1855 2538; x_wconf 86' lang='lat' dir='ltr'>Quod</span> 
     </span>
    </p>
   </div>
   <div class='ocr_carea' id='block_1_27' title="bbox 206 2557 1853 2631">
    <p class='ocr_par' dir='ltr' id='par_1_27' title="bbox 206 2557 1853 2631">
     <span class='ocr_line' id='line_1_27' title="bbox 206 2557 1853 2631; baseline -0.003 -12"><span class='ocrx_word' id='word_1_185' title='bbox 206 2567 257 2620; x_wconf 88' lang='lat' dir='ltr'>si</span> <span class='ocrx_word' id='word_1_186' title='bbox 283 2564 564 2629; x_wconf 82' lang='lat' dir='ltr'>habentes,</span> <span class='ocrx_word' id='word_1_187' title='bbox 597 2559 915 2614; x_wconf 84' lang='lat' dir='ltr'>obtitterare</span> <span class='ocrx_word' id='word_1_188' title='bbox 955 2557 1149 2613; x_wconf 87' lang='lat' dir='ltr'>debent</span> <span class='ocrx_word' id='word_1_189' title='bbox 1179 2559 1323 2630; x_wconf 89' lang='lat' dir='ltr'>quod</span> <span class='ocrx_word' id='word_1_190' title='bbox 1378 2559 1604 2626; x_wconf 80' lang='lat' dir='ltr'>habent,</span> <span class='ocrx_word' id='word_1_191' title='bbox 1653 2564 1853 2631; x_wconf 86' lang='lat' dir='ltr'>quanto</span> 
     </span>
    </p>
   </div>
   <div class='ocr_carea' id='block_1_28' title="bbox 208 2647 1854 2725">
    <p class='ocr_par' dir='ltr' id='par_1_28' title="bbox 208 2647 1854 2725">
     <span class='ocr_line' id='line_1_28' title="bbox 208 2647 1854 2725; baseline -0.003 -16"><span class='ocrx_word' id='word_1_192' title='bbox 208 2655 386 2725; x_wconf 88' lang='lat' dir='ltr'>magis</span> <span class='ocrx_word' id='word_1_193' title='bbox 408 2667 523 2707; x_wconf 88' lang='lat' dir='ltr'>nou</span> <span class='ocrx_word' id='word_1_194' title='bbox 576 2648 879 2704; x_wconf 81' lang='lat' dir='ltr'>habentes?</span> <span class='ocrx_word' id='word_1_195' title='bbox 924 2647 1024 2717; x_wconf 84' lang='lat' dir='ltr'>(Ad</span> <span class='ocrx_word' id='word_1_196' title='bbox 1084 2650 1271 2714; x_wconf 75' lang='lat' dir='ltr'>Uxor.,</span> <span class='ocrx_word' id='word_1_197' title='bbox 1322 2666 1370 2704; x_wconf 92' lang='lat' dir='ltr'>c.</span> <span class='ocrx_word' id='word_1_198' title='bbox 1432 2650 1455 2703; x_wconf 89' lang='grc'><strong>1</strong></span> <span class='ocrx_word' id='word_1_199' title='bbox 1517 2667 1565 2705; x_wconf 93' lang='lat' dir='ltr'>c.</span> <span class='ocrx_word' id='word_1_200' title='bbox 1600 2651 1634 2703; x_wconf 90' lang='grc'>5</span> <span class='ocrx_word' id='word_1_201' title='bbox 1690 2656 1746 2706; x_wconf 88' lang='lat' dir='ltr'>et</span> <span class='ocrx_word' id='word_1_202' title='bbox 1772 2652 1854 2723; x_wconf 91' lang='lat'>6,)</span> 
     </span>
    </p>
   </div>
   <div class='ocr_carea' id='block_1_29' title="bbox 210 2736 1851 2809">
    <p class='ocr_par' dir='ltr' id='par_1_29' title="bbox 210 2736 1851 2809">
     <span class='ocr_line' id='line_1_29' title="bbox 210 2736 1851 2809; baseline -0.002 -10"><span class='ocrx_word' id='word_1_203' title='bbox 210 2745 373 2799; x_wconf 88' lang='lat' dir='ltr'>Certe</span> <span class='ocrx_word' id='word_1_204' title='bbox 398 2742 454 2795; x_wconf 88' lang='lat' dir='ltr'>id</span> <span class='ocrx_word' id='word_1_205' title='bbox 489 2738 694 2794; x_wconf 90' lang='lat' dir='ltr'>multis</span> <span class='ocrx_word' id='word_1_206' title='bbox 725 2754 790 2792; x_wconf 92' lang='lat' dir='ltr'>eo</span> <span class='ocrx_word' id='word_1_207' title='bbox 825 2742 1083 2809; x_wconf 89' lang='lat' dir='ltr'>tempore</span> <span class='ocrx_word' id='word_1_208' title='bbox 1117 2738 1295 2793; x_wconf 82' lang='lat' dir='ltr'>fuisse</span> <span class='ocrx_word' id='word_1_209' title='bbox 1323 2736 1605 2793; x_wconf 87' lang='lat' dir='ltr'>usitatum</span> <span class='ocrx_word' id='word_1_210' title='bbox 1640 2740 1851 2796; x_wconf 88' lang='lat' dir='ltr'>ibidem</span> 
     </span>
    </p>
   </div>
   <div class='ocr_carea' id='block_1_30' title="bbox 211 2826 1857 2898">
    <p class='ocr_par' dir='ltr' id='par_1_30' title="bbox 211 2826 1857 2898">
     <span class='ocr_line' id='line_1_30' title="bbox 211 2826 1857 2898; baseline -0.001 -12"><span class='ocrx_word' id='word_1_211' title='bbox 211 2832 471 2886; x_wconf 83' lang='lat' dir='ltr'>indicat:</span> <span class='ocrx_word' id='word_1_212' title='bbox 501 2830 643 2898; x_wconf 87' lang='lat' dir='ltr'>Quot</span> <span class='ocrx_word' id='word_1_213' title='bbox 664 2828 814 2881; x_wconf 87' lang='lat' dir='ltr'>enim</span> <span class='ocrx_word' id='word_1_214' title='bbox 841 2831 988 2893; x_wconf 88' lang='lat' dir='ltr'>sunt,</span> <span class='ocrx_word' id='word_1_215' title='bbox 1012 2826 1224 2898; x_wconf 89' lang='lat' dir='ltr'>inquit,</span> <span class='ocrx_word' id='word_1_216' title='bbox 1257 2829 1353 2898; x_wconf 92' lang='lat' dir='ltr'>qui</span> <span class='ocrx_word' id='word_1_217' title='bbox 1397 2829 1585 2883; x_wconf 85' lang='lat' dir='ltr'>statim</span> <span class='ocrx_word' id='word_1_218' title='bbox 1613 2846 1645 2882; x_wconf 89' lang='lat' dir='ltr'>a</span> <span class='ocrx_word' id='word_1_219' title='bbox 1704 2831 1857 2885; x_wconf 80' lang='lat' dir='ltr'>lava-</span> 
     </span>
    </p>
   </div>
   <div class='ocr_carea' id='block_1_31' title="bbox 210 2914 1858 2988">
    <p class='ocr_par' dir='ltr' id='par_1_31' title="bbox 210 2914 1858 2988">
     <span class='ocr_line' id='line_1_31' title="bbox 210 2914 1858 2988; baseline -0.002 -12"><span class='ocrx_word' id='word_1_220' title='bbox 210 2937 302 2977; x_wconf 87' lang='lat' dir='ltr'>cro</span> <span class='ocrx_word' id='word_1_221' title='bbox 322 2934 551 2974; x_wconf 79' lang='lat' dir='ltr'>carnem</span> <span class='ocrx_word' id='word_1_222' title='bbox 578 2932 739 2970; x_wconf 86' lang='lat' dir='ltr'>suam</span> <span class='ocrx_word' id='word_1_223' title='bbox 787 2914 1122 2985; x_wconf 80' lang='lat' dir='ltr'>obsignant?</span> <span class='ocrx_word' id='word_1_224' title='bbox 1179 2917 1315 2985; x_wconf 83' lang='lat' dir='ltr'>Quot</span> <span class='ocrx_word' id='word_1_225' title='bbox 1372 2918 1521 2984; x_wconf 84' lang='lat' dir='ltr'>item,</span> <span class='ocrx_word' id='word_1_226' title='bbox 1580 2920 1676 2988; x_wconf 87' lang='lat' dir='ltr'>qui</span> <span class='ocrx_word' id='word_1_227' title='bbox 1728 2936 1858 2975; x_wconf 72' lang='lat' dir='ltr'>con-</span> 
     </span>
    </p>
   </div>
   <div class='ocr_carea' id='block_1_32' title="bbox 210 3006 1860 3079">
    <p class='ocr_par' dir='ltr' id='par_1_32' title="bbox 210 3006 1860 3079">
     <span class='ocr_line' id='line_1_32' title="bbox 210 3006 1860 3079; baseline -0.001 -13"><span class='ocrx_word' id='word_1_228' title='bbox 210 3027 371 3066; x_wconf 82' lang='lat' dir='ltr'>sensu</span> <span class='ocrx_word' id='word_1_229' title='bbox 398 3009 621 3079; x_wconf 88' lang='lat' dir='ltr'>pariter</span> <span class='ocrx_word' id='word_1_230' title='bbox 650 3007 795 3059; x_wconf 89' lang='lat' dir='ltr'>inter</span> <span class='ocrx_word' id='word_1_231' title='bbox 825 3021 879 3059; x_wconf 84' lang='lat' dir='ltr'>se</span> <span class='ocrx_word' id='word_1_232' title='bbox 910 3008 1255 3061; x_wconf 83' lang='lat' dir='ltr'>matrimonii</span> <span class='ocrx_word' id='word_1_233' title='bbox 1308 3006 1548 3061; x_wconf 85' lang='lat' dir='ltr'>debitum</span> <span class='ocrx_word' id='word_1_234' title='bbox 1606 3009 1806 3064; x_wconf 86' lang='lat' dir='ltr'>tollunt</span> <span class='ocrx_word' id='word_1_235' title='bbox 1832 3010 1860 3064; x_wconf 80' lang='lat' dir='ltr'>‘t</span> 
     </span>
    </p>
   </div>
   <div class='ocr_carea' id='block_1_33' title="bbox 217 3094 1862 3165">
    <p class='ocr_par' dir='ltr' id='par_1_33' title="bbox 217 3094 1862 3165">
     <span class='ocr_line' id='line_1_33' title="bbox 217 3094 1862 3165; baseline -0.001 -10"><span class='ocrx_word' id='word_1_236' title='bbox 217 3098 558 3155; x_wconf 72' lang='lat' dir='ltr'>Voluntariis</span> <span class='ocrx_word' id='word_1_237' title='bbox 585 3094 941 3165; x_wconf 77' lang='lat' dir='ltr'>spadonibus,</span> <span class='ocrx_word' id='word_1_238' title='bbox 972 3111 1074 3165; x_wconf 88' lang='lat' dir='ltr'>pro</span> <span class='ocrx_word' id='word_1_239' title='bbox 1102 3094 1397 3165; x_wconf 85' lang='lat' dir='ltr'>cupiditate</span> <span class='ocrx_word' id='word_1_240' title='bbox 1442 3097 1668 3164; x_wconf 75' lang='lat' dir='ltr'>caelesti,</span> <span class='ocrx_word' id='word_1_241' title='bbox 1713 3098 1862 3153; x_wconf 88' lang='lat' dir='ltr'>salvo</span> 
     </span>
    </p>
   </div>
   <div class='ocr_carea' id='block_1_34' title="bbox 212 3183 1860 3256">
    <p class='ocr_par' dir='ltr' id='par_1_34' title="bbox 212 3183 1860 3256">
     <span class='ocr_line' id='line_1_34' title="bbox 212 3183 1860 3256; baseline -0.002 -12"><span class='ocrx_word' id='word_1_242' title='bbox 212 3187 605 3253; x_wconf 87' lang='lat' dir='ltr'>matrimonio,</span> <span class='ocrx_word' id='word_1_243' title='bbox 638 3183 974 3239; x_wconf 79' lang='lat' dir='ltr'>abstinentia</span> <span class='ocrx_word' id='word_1_244' title='bbox 1002 3184 1272 3238; x_wconf 87' lang='lat' dir='ltr'>toleratur</span> <span class='ocrx_word' id='word_1_245' title='bbox 1293 3184 1389 3254; x_wconf 91' lang='lat' dir='ltr'>(De</span> <span class='ocrx_word' id='word_1_246' title='bbox 1437 3185 1598 3256; x_wconf 89' lang='lat' dir='ltr'>Bapt.</span> <span class='ocrx_word' id='word_1_247' title='bbox 1660 3202 1709 3239; x_wconf 93' lang='lat' dir='ltr'>c.</span> <span class='ocrx_word' id='word_1_248' title='bbox 1772 3185 1860 3253; x_wconf 70' lang='grc'>45,</span> 
     </span>
    </p>
   </div>
   <div class='ocr_carea' id='block_1_35' title="bbox 212 3273 1937 3349">
    <p class='ocr_par' dir='ltr' id='par_1_35' title="bbox 212 3273 1937 3349">
     <span class='ocr_line' id='line_1_35' title="bbox 212 3273 1937 3349; baseline -0.002 -13"><span class='ocrx_word' id='word_1_249' title='bbox 212 3288 253 3336; x_wconf 90' lang='lat' dir='ltr'>t.</span> <span class='ocrx_word' id='word_1_250' title='bbox 291 3280 332 3347; x_wconf 93' lang='lat' dir='ltr'>l,</span> <span class='ocrx_word' id='word_1_251' title='bbox 384 3276 455 3332; x_wconf 88' lang='lat' dir='ltr'>ad</span> <span class='ocrx_word' id='word_1_252' title='bbox 503 3275 663 3346; x_wconf 88' lang='lat' dir='ltr'>Scap.</span> <span class='ocrx_word' id='word_1_253' title='bbox 714 3290 763 3329; x_wconf 93' lang='lat' dir='ltr'>c.</span> <span class='ocrx_word' id='word_1_254' title='bbox 796 3273 872 3344; x_wconf 83' lang='lat'>3).</span> <span class='ocrx_word' id='word_1_255' title='bbox 920 3274 1051 3329; x_wconf 87' lang='lat' dir='ltr'>Jam</span> <span class='ocrx_word' id='word_1_256' title='bbox 1099 3290 1232 3329; x_wconf 89' lang='lat' dir='ltr'>vero</span> <span class='ocrx_word' id='word_1_257' title='bbox 1282 3274 1591 3348; x_wconf 81' lang='lat' dir='ltr'>Presbyter</span> <span class='ocrx_word' id='word_1_258' title='bbox 1655 3275 1864 3349; x_wconf 85' lang='lat' dir='ltr'>factus)</span> <span class='ocrx_word' id='word_1_259' title='bbox 1895 3276 1937 3343; x_wconf 90' lang='lat' dir='ltr'>C</span> 
     </span>
    </p>
   </div>
   <div class='ocr_carea' id='block_1_36' title="bbox 213 3362 1857 3443">
    <p class='ocr_par' dir='ltr' id='par_1_36' title="bbox 213 3362 1857 3443">
     <span class='ocr_line' id='line_1_36' title="bbox 213 3362 1857 3443; baseline -0.004 -18"><span class='ocrx_word' id='word_1_260' title='bbox 213 3366 523 3443; x_wconf 85' lang='lat' dir='ltr'>potestatis</span> <span class='ocrx_word' id='word_1_261' title='bbox 555 3363 668 3419; x_wconf 89' lang='lat' dir='ltr'>sibi</span> <span class='ocrx_word' id='word_1_262' title='bbox 699 3378 990 3417; x_wconf 71' lang='lat' dir='ltr'>concessas</span> <span class='ocrx_word' id='word_1_263' title='bbox 1004 3367 1061 3417; x_wconf 90' lang='lat' dir='ltr'>et</span> <span class='ocrx_word' id='word_1_264' title='bbox 1082 3363 1154 3417; x_wconf 86' lang='lat' dir='ltr'>de</span> <span class='ocrx_word' id='word_1_265' title='bbox 1182 3362 1556 3420; x_wconf 87' lang='lat' dir='ltr'>absolvendis</span> <span class='ocrx_word' id='word_1_266' title='bbox 1571 3365 1857 3421; x_wconf 65' lang='lat' dir='ltr'>Paeniten-</span> 
     </span>
    </p>
   </div>
   <div class='ocr_carea' id='block_1_37' title="bbox 212 3488 1859 3558">
    <p class='ocr_par' dir='ltr' id='par_1_37' title="bbox 212 3488 1859 3558">
     <span class='ocr_line' id='line_1_37' title="bbox 212 3488 1859 3558; baseline -0.002 -10"><span class='ocrx_word' id='word_1_267' title='bbox 212 3510 351 3548; x_wconf 89' lang='lat' dir='ltr'>cum</span> <span class='ocrx_word' id='word_1_268' title='bbox 374 3489 647 3546; x_wconf 89' lang='lat' dir='ltr'>ducentis</span> <span class='ocrx_word' id='word_1_269' title='bbox 692 3488 979 3542; x_wconf 86' lang='lat' dir='ltr'>sestertiis</span> <span class='ocrx_word' id='word_1_270' title='bbox 1038 3488 1184 3554; x_wconf 90' lang='lat' dir='ltr'>suis,</span> <span class='ocrx_word' id='word_1_271' title='bbox 1248 3504 1365 3558; x_wconf 78' lang='lat' dir='ltr'>quae</span> <span class='ocrx_word' id='word_1_272' title='bbox 1390 3488 1652 3547; x_wconf 70' lang='lat' dir='ltr'>Ecclesiae</span> <span class='ocrx_word' id='word_1_273' title='bbox 1708 3492 1859 3545; x_wconf 88' lang='lat' dir='ltr'>intu-</span> 
     </span>
    </p>
   </div>
   <div class='ocr_carea' id='block_1_38' title="bbox 215 3560 1859 3634">
    <p class='ocr_par' dir='ltr' id='par_1_38' title="bbox 215 3560 1859 3634">
     <span class='ocr_line' id='line_1_38' title="bbox 215 3560 1859 3634; baseline -0.003 -13"><span class='ocrx_word' id='word_1_274' title='bbox 215 3568 377 3634; x_wconf 80' lang='lat' dir='ltr'>lerat,</span> <span class='ocrx_word' id='word_1_275' title='bbox 412 3562 730 3634; x_wconf 84' lang='lat' dir='ltr'>novissime</span> <span class='ocrx_word' id='word_1_276' title='bbox 759 3560 818 3613; x_wconf 90' lang='lat' dir='ltr'>in</span> <span class='ocrx_word' id='word_1_277' title='bbox 851 3565 1204 3634; x_wconf 81' lang='lat' dir='ltr'>perpetuam</span> <span class='ocrx_word' id='word_1_278' title='bbox 1220 3560 1537 3634; x_wconf 83' lang='lat' dir='ltr'>discidium</span> <span class='ocrx_word' id='word_1_279' title='bbox 1597 3562 1859 3633; x_wconf 84' lang='lat' dir='ltr'>relegati,</span> 
     </span>
    </p>
   </div>
   <div class='ocr_carea' id='block_1_39' title="bbox 215 3631 1860 3693">
    <p class='ocr_par' dir='ltr' id='par_1_39' title="bbox 215 3631 1860 3693">
     <span class='ocr_line' id='line_1_39' title="bbox 215 3631 1860 3693; baseline -0.004 0"><span class='ocrx_word' id='word_1_280' title='bbox 215 3631 442 3693; x_wconf 81' lang='lat' dir='ltr'>venena</span> <span class='ocrx_word' id='word_1_281' title='bbox 471 3633 868 3688; x_wconf 88' lang='lat' dir='ltr'>doctrinarum</span> <span class='ocrx_word' id='word_1_282' title='bbox 902 3648 1140 3686; x_wconf 89' lang='lat' dir='ltr'>suarum</span> <span class='ocrx_word' id='word_1_283' title='bbox 1175 3631 1653 3687; x_wconf 87' lang='lat' dir='ltr'>disseminarunt.</span> <span class='ocrx_word' id='word_1_284' title='bbox 1705 3631 1860 3689; x_wconf 72' lang='lat' dir='ltr'>Post-</span> 
     </span>
    </p>
   </div>
   <div class='ocr_carea' id='block_1_40' title="bbox 217 3702 1863 3771">
    <p class='ocr_par' dir='ltr' id='par_1_40' title="bbox 217 3702 1863 3771">
     <span class='ocr_line' id='line_1_40' title="bbox 217 3702 1863 3771; baseline -0.003 -7"><span class='ocrx_word' id='word_1_285' title='bbox 217 3710 462 3765; x_wconf 87' lang='lat' dir='ltr'>modum</span> <span class='ocrx_word' id='word_1_286' title='bbox 501 3705 754 3761; x_wconf 84' lang='lat' dir='ltr'>Marcion</span> <span class='ocrx_word' id='word_1_287' title='bbox 780 3702 1177 3771; x_wconf 75' lang='lat' dir='ltr'>paenitentiam</span> <span class='ocrx_word' id='word_1_288' title='bbox 1205 3704 1530 3771; x_wconf 87' lang='lat' dir='ltr'>confessus,</span> <span class='ocrx_word' id='word_1_289' title='bbox 1555 3722 1688 3759; x_wconf 90' lang='lat' dir='ltr'>cum</span> <span class='ocrx_word' id='word_1_290' title='bbox 1730 3723 1863 3759; x_wconf 83' lang='lat' dir='ltr'>con-</span> 
     </span>
    </p>
   </div>
   <div class='ocr_carea' id='block_1_41' title="bbox 218 3774 1862 3847">
    <p class='ocr_par' dir='ltr' id='par_1_41' title="bbox 218 3774 1862 3847">
     <span class='ocr_line' id='line_1_41' title="bbox 218 3774 1862 3847; baseline -0.003 -11"><span class='ocrx_word' id='word_1_291' title='bbox 218 3780 432 3836; x_wconf 88' lang='lat' dir='ltr'>ditioni</span> <span class='ocrx_word' id='word_1_292' title='bbox 456 3778 601 3831; x_wconf 66' lang='lat' dir='ltr'>data:</span> <span class='ocrx_word' id='word_1_293' title='bbox 630 3776 740 3830; x_wconf 90' lang='lat' dir='ltr'>sibi</span> <span class='ocrx_word' id='word_1_294' title='bbox 772 3776 1043 3843; x_wconf 84' lang='lat' dir='ltr'>occurrit,</span> <span class='ocrx_word' id='word_1_295' title='bbox 1097 3774 1177 3829; x_wconf 90' lang='lat' dir='ltr'>ita</span> <span class='ocrx_word' id='word_1_296' title='bbox 1240 3792 1440 3846; x_wconf 89' lang='lat' dir='ltr'>pacem</span> <span class='ocrx_word' id='word_1_297' title='bbox 1499 3784 1862 3847; x_wconf 86' lang='lat' dir='ltr'>recepturus,</span> 
     </span>
    </p>
   </div>
   <div class='ocr_carea' id='block_1_42' title="bbox 211 3848 1864 3919">
    <p class='ocr_par' dir='ltr' id='par_1_42' title="bbox 211 3848 1864 3919">
     <span class='ocr_line' id='line_1_42' title="bbox 211 3848 1864 3919; baseline -0.003 -11"><span class='ocrx_word' id='word_1_298' title='bbox 211 3854 261 3908; x_wconf 89' lang='lat' dir='ltr'>si</span> <span class='ocrx_word' id='word_1_299' title='bbox 287 3858 531 3907; x_wconf 68' lang='lat' dir='ltr'>caeteros</span> <span class='ocrx_word' id='word_1_300' title='bbox 562 3863 813 3919; x_wconf 77' lang='lat' dir='ltr'>quoque,</span> <span class='ocrx_word' id='word_1_301' title='bbox 849 3863 995 3919; x_wconf 86' lang='lat' dir='ltr'>quos</span> <span class='ocrx_word' id='word_1_302' title='bbox 1040 3848 1350 3916; x_wconf 81' lang='lat' dir='ltr'>perditioni</span> <span class='ocrx_word' id='word_1_303' title='bbox 1407 3850 1716 3914; x_wconf 88' lang='lat' dir='ltr'>erudisset,</span> <span class='ocrx_word' id='word_1_304' title='bbox 1767 3852 1864 3903; x_wconf 87' lang='lat' dir='ltr'>Ec-</span> 
     </span>
    </p>
   </div>
   <div class='ocr_carea' id='block_1_43' title="bbox 211 3918 1867 3991">
    <p class='ocr_par' dir='ltr' id='par_1_43' title="bbox 211 3918 1867 3991">
     <span class='ocr_line' id='line_1_43' title="bbox 211 3918 1867 3991; baseline -0.004 -11"><span class='ocrx_word' id='word_1_305' title='bbox 211 3926 397 3980; x_wconf 60' lang='lat' dir='ltr'>clesia</span> <span class='ocrx_word' id='word_1_306' title='bbox 430 3918 591 3991; x_wconf 69' lang='lat' dir='ltr'>(scil.</span> <span class='ocrx_word' id='word_1_307' title='bbox 637 3918 914 3989; x_wconf 75' lang='lat' dir='ltr'>Remanae)</span> <span class='ocrx_word' id='word_1_308' title='bbox 970 3920 1341 3991; x_wconf 79' lang='lat' dir='ltr'>restitueret,</span> <span class='ocrx_word' id='word_1_309' title='bbox 1382 3927 1566 3991; x_wconf 87' lang='lat' dir='ltr'>morte</span> <span class='ocrx_word' id='word_1_310' title='bbox 1612 3937 1867 3991; x_wconf 65' lang='lat' dir='ltr'>praeven-</span> 
     </span>
    </p>
   </div>
   <div class='ocr_carea' id='block_1_44' title="bbox 214 3990 1865 4062">
    <p class='ocr_par' dir='ltr' id='par_1_44' title="bbox 214 3990 1865 4062">
     <span class='ocr_line' id='line_1_44' title="bbox 214 3990 1865 4062; baseline -0.004 -10"><span class='ocrx_word' id='word_1_311' title='bbox 214 4003 313 4051; x_wconf 87' lang='lat' dir='ltr'>tus</span> <span class='ocrx_word' id='word_1_312' title='bbox 340 3990 452 4050; x_wconf 83' lang='lat' dir='ltr'>est.</span> <span class='ocrx_word' id='word_1_313' title='bbox 484 4016 509 4041; x_wconf 87' lang='grc'><strong>››</strong></span> <span class='ocrx_word' id='word_1_314' title='bbox 545 3992 642 4045; x_wconf 89' lang='lat' dir='ltr'>llic</span> <span class='ocrx_word' id='word_1_315' title='bbox 672 3991 818 4045; x_wconf 88' lang='lat' dir='ltr'>satis</span> <span class='ocrx_word' id='word_1_316' title='bbox 851 3996 1027 4059; x_wconf 79' lang='lat' dir='ltr'>patet,</span> <span class='ocrx_word' id='word_1_317' title='bbox 1060 4007 1215 4057; x_wconf 90' lang='lat' dir='ltr'>eum,</span> <span class='ocrx_word' id='word_1_318' title='bbox 1250 3990 1348 4062; x_wconf 89' lang='lat' dir='ltr'>qui</span> <span class='ocrx_word' id='word_1_319' title='bbox 1382 3990 1501 4046; x_wconf 73' lang='lat' dir='ltr'>haec</span> <span class='ocrx_word' id='word_1_320' title='bbox 1533 3990 1650 4047; x_wconf 88' lang='lat' dir='ltr'>tam</span> <span class='ocrx_word' id='word_1_321' title='bbox 1696 4009 1865 4048; x_wconf 87' lang='lat' dir='ltr'>accu-</span> 
     </span>
    </p>
   </div>
   <div class='ocr_carea' id='block_1_45' title="bbox 216 4062 1871 4133">
    <p class='ocr_par' dir='ltr' id='par_1_45' title="bbox 216 4062 1871 4133">
     <span class='ocr_line' id='line_1_45' title="bbox 216 4062 1871 4133; baseline -0.003 -10"><span class='ocrx_word' id='word_1_322' title='bbox 216 4074 344 4123; x_wconf 82' lang='lat' dir='ltr'>rate</span> <span class='ocrx_word' id='word_1_323' title='bbox 375 4065 574 4131; x_wconf 87' lang='lat' dir='ltr'>sciret,</span> <span class='ocrx_word' id='word_1_324' title='bbox 608 4063 790 4117; x_wconf 83' lang='lat' dir='ltr'>fuisse</span> <span class='ocrx_word' id='word_1_325' title='bbox 823 4062 1008 4117; x_wconf 71' lang='lat' dir='ltr'>Roma?</span> <span class='ocrx_word' id='word_1_326' title='bbox 1030 4062 1221 4133; x_wconf 89' lang='lat' dir='ltr'>ipsum</span> <span class='ocrx_word' id='word_1_327' title='bbox 1250 4080 1262 4126; x_wconf 90' lang='lat'><strong>;</strong></span> <span class='ocrx_word' id='word_1_328' title='bbox 1319 4063 1498 4117; x_wconf 77' lang='lat' dir='ltr'>fuisse</span> <span class='ocrx_word' id='word_1_329' title='bbox 1555 4062 1707 4117; x_wconf 81' lang='lat' dir='ltr'>inter</span> <span class='ocrx_word' id='word_1_330' title='bbox 1752 4064 1871 4118; x_wconf 78' lang='lat' dir='ltr'>Cle~</span> 
     </span>
    </p>
   </div>
   <div class='ocr_carea' id='block_1_46' title="bbox 216 4133 1872 4207">
    <p class='ocr_par' dir='ltr' id='par_1_46' title="bbox 216 4133 1872 4207">
     <span class='ocr_line' id='line_1_46' title="bbox 216 4133 1872 4207; baseline -0.003 -12"><span class='ocrx_word' id='word_1_331' title='bbox 216 4141 397 4204; x_wconf 87' lang='lat' dir='ltr'>ricos,</span> <span class='ocrx_word' id='word_1_332' title='bbox 432 4137 531 4207; x_wconf 89' lang='lat' dir='ltr'>qui</span> <span class='ocrx_word' id='word_1_333' title='bbox 567 4133 892 4207; x_wconf 83' lang='lat' dir='ltr'>rebusistis</span> <span class='ocrx_word' id='word_1_334' title='bbox 924 4134 1005 4187; x_wconf 89' lang='lat' dir='ltr'>sic</span> <span class='ocrx_word' id='word_1_335' title='bbox 1028 4138 1208 4207; x_wconf 77' lang='lat' dir='ltr'>gestis</span> <span class='ocrx_word' id='word_1_336' title='bbox 1238 4135 1872 4207; x_wconf 84' lang='lat' dir='ltr'>interl&#39;uerant.Nempe</span> 
     </span>
    </p>
   </div>
   <div class='ocr_carea' id='block_1_47' title="bbox 216 4204 1868 4277">
    <p class='ocr_par' dir='ltr' id='par_1_47' title="bbox 216 4204 1868 4277">
     <span class='ocr_line' id='line_1_47' title="bbox 216 4204 1868 4277; baseline -0.004 -12"><span class='ocrx_word' id='word_1_337' title='bbox 216 4213 265 4265; x_wconf 88' lang='lat' dir='ltr'>si</span> <span class='ocrx_word' id='word_1_338' title='bbox 300 4204 499 4265; x_wconf 74' lang='lat' dir='ltr'>adhuc</span> <span class='ocrx_word' id='word_1_339' title='bbox 532 4212 725 4262; x_wconf 75' lang='lat' dir='ltr'>Romae</span> <span class='ocrx_word' id='word_1_340' title='bbox 760 4204 981 4267; x_wconf 82' lang='lat' dir='ltr'>fuisset,</span> <span class='ocrx_word' id='word_1_341' title='bbox 1016 4222 1147 4259; x_wconf 83' lang='lat' dir='ltr'>cum</span> <span class='ocrx_word' id='word_1_342' title='bbox 1182 4206 1337 4260; x_wconf 89' lang='lat' dir='ltr'>hunc</span> <span class='ocrx_word' id='word_1_343' title='bbox 1368 4205 1578 4261; x_wconf 89' lang='lat' dir='ltr'>librum</span> <span class='ocrx_word' id='word_1_344' title='bbox 1613 4204 1868 4277; x_wconf 82' lang='lat' dir='ltr'>scripsit,</span> 
     </span>
    </p>
   </div>
   <div class='ocr_carea' id='block_1_48' title="bbox 216 4277 1870 4346">
    <p class='ocr_par' dir='ltr' id='par_1_48' title="bbox 216 4277 1870 4346">
     <span class='ocr_line' id='line_1_48' title="bbox 216 4277 1870 4346; baseline -0.003 -8"><span class='ocrx_word' id='word_1_345' title='bbox 216 4284 384 4338; x_wconf 89' lang='lat' dir='ltr'>illam</span> <span class='ocrx_word' id='word_1_346' title='bbox 420 4279 771 4335; x_wconf 87' lang='lat' dir='ltr'>sententiam</span> <span class='ocrx_word' id='word_1_347' title='bbox 797 4278 950 4346; x_wconf 88' lang='lat' dir='ltr'>apud</span> <span class='ocrx_word' id='word_1_348' title='bbox 983 4277 1299 4332; x_wconf 86' lang='lat' dir='ltr'>Ecclesiam</span> <span class='ocrx_word' id='word_1_349' title='bbox 1334 4278 1725 4333; x_wconf 83' lang='lat' dir='ltr'>Romanensem</span> <span class='ocrx_word' id='word_1_350' title='bbox 1758 4297 1870 4333; x_wconf 91' lang='lat' dir='ltr'>non</span> 
     </span>
    </p>
   </div>
   <div class='ocr_carea' id='block_1_49' title="bbox 215 4348 1870 4421">
    <p class='ocr_par' dir='ltr' id='par_1_49' title="bbox 215 4348 1870 4421">
     <span class='ocr_line' id='line_1_49' title="bbox 215 4348 1870 4421; baseline -0.003 -11"><span class='ocrx_word' id='word_1_351' title='bbox 215 4357 301 4410; x_wconf 84' lang='lat' dir='ltr'>sic</span> <span class='ocrx_word' id='word_1_352' title='bbox 336 4351 805 4421; x_wconf 77' lang='lat' dir='ltr'>perscripsisset,</span> <span class='ocrx_word' id='word_1_353' title='bbox 840 4348 1007 4419; x_wconf 85' lang='lat' dir='ltr'>quasi</span> <span class='ocrx_word' id='word_1_354' title='bbox 1041 4348 1166 4420; x_wconf 90' lang='lat' dir='ltr'>ipse</span> <span class='ocrx_word' id='word_1_355' title='bbox 1201 4365 1311 4403; x_wconf 87' lang='lat' dir='ltr'>ron</span> <span class='ocrx_word' id='word_1_356' title='bbox 1358 4350 1434 4403; x_wconf 92' lang='lat' dir='ltr'>sit</span> <span class='ocrx_word' id='word_1_357' title='bbox 1483 4352 1634 4421; x_wconf 85' lang='lat' dir='ltr'>apud</span> <span class='ocrx_word' id='word_1_358' title='bbox 1696 4351 1870 4405; x_wconf 88' lang='lat' dir='ltr'>istam</span> 
     </span>
    </p>
   </div>
   <div class='ocr_carea' id='block_1_50' title="bbox 214 4421 1876 4492">
    <p class='ocr_par' dir='ltr' id='par_1_50' title="bbox 214 4421 1876 4492">
     <span class='ocr_line' id='line_1_50' title="bbox 214 4421 1876 4492; baseline -0.002 -12"><span class='ocrx_word' id='word_1_359' title='bbox 214 4421 540 4480; x_wconf 78' lang='lat' dir='ltr'>Ecclesiam</span> <span class='ocrx_word' id='word_1_360' title='bbox 580 4447 594 4486; x_wconf 86' lang='lat'><strong>;</strong></span> <span class='ocrx_word' id='word_1_361' title='bbox 627 4422 734 4476; x_wconf 88' lang='lat' dir='ltr'>fuit</span> <span class='ocrx_word' id='word_1_362' title='bbox 767 4421 945 4492; x_wconf 84' lang='lat' dir='ltr'>igitur</span> <span class='ocrx_word' id='word_1_363' title='bbox 967 4422 1089 4489; x_wconf 84' lang='lat' dir='ltr'>jam</span> <span class='ocrx_word' id='word_1_364' title='bbox 1124 4422 1285 4475; x_wconf 86' lang='lat' dir='ltr'>Roma</span> <span class='ocrx_word' id='word_1_365' title='bbox 1317 4421 1619 4492; x_wconf 78' lang='lat' dir='ltr'>expulsus,</span> <span class='ocrx_word' id='word_1_366' title='bbox 1653 4428 1707 4477; x_wconf 88' lang='lat' dir='ltr'>et</span> <span class='ocrx_word' id='word_1_367' title='bbox 1738 4423 1876 4476; x_wconf 85' lang='lat' dir='ltr'>vixit</span> 
     </span>
    </p>
   </div>
   <div class='ocr_carea' id='block_1_51' title="bbox 215 4491 1876 4565">
    <p class='ocr_par' dir='ltr' id='par_1_51' title="bbox 215 4491 1876 4565">
     <span class='ocr_line' id='line_1_51' title="bbox 215 4491 1876 4565; baseline -0.002 -13"><span class='ocrx_word' id='word_1_368' title='bbox 215 4500 275 4553; x_wconf 89' lang='lat' dir='ltr'>in</span> <span class='ocrx_word' id='word_1_369' title='bbox 306 4493 641 4565; x_wconf 65' lang='lat' dir='ltr'>Africald</span> <span class='ocrx_word' id='word_1_370' title='bbox 706 4491 922 4549; x_wconf 88' lang='lat' dir='ltr'>clarius</span> <span class='ocrx_word' id='word_1_371' title='bbox 986 4497 1139 4563; x_wconf 90' lang='lat' dir='ltr'>patet</span> <span class='ocrx_word' id='word_1_372' title='bbox 1191 4509 1257 4547; x_wconf 86' lang='lat' dir='ltr'>ex</span> <span class='ocrx_word' id='word_1_373' title='bbox 1319 4491 1507 4563; x_wconf 90' lang='lat' dir='ltr'>capite</span> <span class='ocrx_word' id='word_1_374' title='bbox 1544 4495 1634 4559; x_wconf 87' lang='lat'>36,</span> <span class='ocrx_word' id='word_1_375' title='bbox 1696 4494 1876 4564; x_wconf 78' lang='lat' dir='ltr'>huius</span> 
     </span>
    </p>
   </div>
   <div class='ocr_carea' id='block_1_52' title="bbox 216 4564 1876 4640">
    <p class='ocr_par' dir='ltr' id='par_1_52' title="bbox 216 4564 1876 4640">
     <span class='ocr_line' id='line_1_52' title="bbox 216 4564 1876 4640; baseline -0.004 -15"><span class='ocrx_word' id='word_1_376' title='bbox 216 4564 493 4640; x_wconf 83' lang='lat' dir='ltr'>ejusdem</span> <span class='ocrx_word' id='word_1_377' title='bbox 519 4564 689 4640; x_wconf 85' lang='lat' dir='ltr'>libri:</span> <span class='ocrx_word' id='word_1_378' title='bbox 720 4589 752 4640; x_wconf 82' lang='lat'>_«</span> <span class='ocrx_word' id='word_1_379' title='bbox 799 4569 1085 4640; x_wconf 69' lang='lat' dir='ltr'>_Per_curre</span> <span class='ocrx_word' id='word_1_380' title='bbox 1120 4565 1411 4640; x_wconf 75' lang='lat' dir='ltr'>_Ecc_lesias</span> <span class='ocrx_word' id='word_1_381' title='bbox 1453 4567 1782 4640; x_wconf 79' lang='lat' dir='ltr'>apostolicus</span> <span class='ocrx_word' id='word_1_382' title='bbox 1809 4596 1876 4605; x_wconf 88' lang='lat'>—-</span> 
     </span>
    </p>
   </div>
   <div class='ocr_carea' id='block_1_53' title="bbox 215 4635 1875 4713">
    <p class='ocr_par' dir='ltr' id='par_1_53' title="bbox 215 4635 1875 4713">
     <span class='ocr_line' id='line_1_53' title="bbox 215 4635 1875 4713; baseline -0.002 -17"><span class='ocrx_word' id='word_1_383' title='bbox 215 4635 611 4713; x_wconf 62' lang='lat' dir='ltr'>proximaest</span> <span class='ocrx_word' id='word_1_384' title='bbox 638 4635 870 4713; x_wconf 75' lang='lat' dir='ltr'>Achaia.</span> <span class='ocrx_word' id='word_1_385' title='bbox 897 4635 1084 4713; x_wconf 74' lang='lat' dir='ltr'>Habes</span> <span class='ocrx_word' id='word_1_386' title='bbox 1112 4635 1453 4713; x_wconf 83' lang='lat' dir='ltr'>Corinthum</span> <span class='ocrx_word' id='word_1_387' title='bbox 1490 4669 1559 4713; x_wconf 93' lang='lat'>—_</span> <span class='ocrx_word' id='word_1_388' title='bbox 1591 4637 1648 4713; x_wconf 84' lang='lat' dir='ltr'>si</span> <span class='ocrx_word' id='word_1_389' title='bbox 1680 4642 1875 4692; x_wconf 88' lang='lat' dir='ltr'>autem</span> 
     </span>
    </p>
   </div>
   <div class='ocr_carea' id='block_1_54' title="bbox 215 4708 1882 4780">
    <p class='ocr_par' dir='ltr' id='par_1_54' title="bbox 215 4708 1882 4780">
     <span class='ocr_line' id='line_1_54' title="bbox 215 4708 1882 4780; baseline -0.003 -11"><span class='ocrx_word' id='word_1_390' title='bbox 215 4708 413 4769; x_wconf 71' lang='lat' dir='ltr'>maliis</span> <span class='ocrx_word' id='word_1_391' title='bbox 449 4710 707 4779; x_wconf 86' lang='lat' dir='ltr'>adjaces,</span> <span class='ocrx_word' id='word_1_392' title='bbox 741 4708 905 4762; x_wconf 83' lang='lat' dir='ltr'>habes</span> <span class='ocrx_word' id='word_1_393' title='bbox 940 4709 1159 4763; x_wconf 82' lang='lat' dir='ltr'>Romam</span> <span class='ocrx_word' id='word_1_394' title='bbox 1197 4726 1209 4773; x_wconf 92' lang='lat'><strong>;</strong></span> <span class='ocrx_word' id='word_1_395' title='bbox 1275 4708 1426 4763; x_wconf 91' lang='lat' dir='ltr'>unde</span> <span class='ocrx_word' id='word_1_396' title='bbox 1469 4710 1623 4764; x_wconf 83' lang='lat' dir='ltr'>nobis</span> <span class='ocrx_word' id='word_1_397' title='bbox 1669 4725 1882 4780; x_wconf 85' lang='lat' dir='ltr'>quoque</span> 
     </span>
    </p>
   </div>
   <div class='ocr_carea' id='block_1_55' title="bbox 222 4780 1876 4852">
    <p class='ocr_par' dir='ltr' id='par_1_55' title="bbox 222 4780 1876 4852">
     <span class='ocr_line' id='line_1_55' title="bbox 222 4780 1876 4852; baseline -0.002 -13"><span class='ocrx_word' id='word_1_398' title='bbox 222 4784 553 4839; x_wconf 87' lang='lat' dir='ltr'>auctoritas</span> <span class='ocrx_word' id='word_1_399' title='bbox 586 4785 795 4852; x_wconf 63' lang='lat' dir='ltr'>prasto</span> <span class='ocrx_word' id='word_1_400' title='bbox 827 4784 935 4833; x_wconf 88' lang='lat' dir='ltr'>est.</span> <span class='ocrx_word' id='word_1_401' title='bbox 981 4780 1546 4852; x_wconf 19' lang='lat' dir='ltr'>NempeﬂAt‘ricanos</span> <span class='ocrx_word' id='word_1_402' title='bbox 1580 4780 1876 4852; x_wconf 86' lang='lat' dir='ltr'>describit,</span> 
     </span>
    </p>
   </div>
   <div class='ocr_carea' id='block_1_56' title="bbox 219 4851 1878 4924">
    <p class='ocr_par' dir='ltr' id='par_1_56' title="bbox 219 4851 1878 4924">
     <span class='ocr_line' id='line_1_56' title="bbox 219 4851 1878 4924; baseline -0.004 -12"><span class='ocrx_word' id='word_1_403' title='bbox 219 4856 417 4912; x_wconf 82' lang='lat' dir='ltr'>latina</span> <span class='ocrx_word' id='word_1_404' title='bbox 448 4851 653 4924; x_wconf 88' lang='lat' dir='ltr'>lingua</span> <span class='ocrx_word' id='word_1_405' title='bbox 684 4857 934 4924; x_wconf 86' lang='lat' dir='ltr'>utentes.</span> <span class='ocrx_word' id='word_1_406' title='bbox 962 4882 1029 4924; x_wconf 46' lang='lat'>7—</span> <span class='ocrx_word' id='word_1_407' title='bbox 1060 4852 1179 4905; x_wconf 89' lang='lat' dir='ltr'>Ista</span> <span class='ocrx_word' id='word_1_408' title='bbox 1206 4851 1465 4924; x_wconf 84' lang='lat' dir='ltr'>Ecclesia</span> <span class='ocrx_word' id='word_1_409' title='bbox 1492 4851 1878 4917; x_wconf 50' lang='lat' dir='ltr'>(Romanai-é</span> 
     </span>
    </p>
   </div>
   <div class='ocr_carea' id='block_1_57' title="bbox 220 4922 1876 4995">
    <p class='ocr_par' dir='ltr' id='par_1_57' title="bbox 220 4922 1876 4995">
     <span class='ocr_line' id='line_1_57' title="bbox 220 4922 1876 4995; baseline -0.004 -11"><span class='ocrx_word' id='word_1_410' title='bbox 220 4922 562 4991; x_wconf 58' lang='lat' dir='ltr'>videamus;</span> <span class='ocrx_word' id='word_1_411' title='bbox 595 4924 728 4995; x_wconf 88' lang='lat' dir='ltr'>quid</span> <span class='ocrx_word' id='word_1_412' title='bbox 754 4922 1042 4989; x_wconf 89' lang='lat' dir='ltr'>didicerit,</span> <span class='ocrx_word' id='word_1_413' title='bbox 1079 4923 1217 4993; x_wconf 90' lang='lat' dir='ltr'>quid</span> <span class='ocrx_word' id='word_1_414' title='bbox 1251 4924 1689 4995; x_wconf 90' lang='lat' dir='ltr'>docuerit,cum</span> <span class='ocrx_word' id='word_1_415' title='bbox 1724 4925 1876 4994; x_wconf 79' lang='lat' dir='ltr'>Afri-</span> 
     </span>
    </p>
   </div>
   <div class='ocr_carea' id='block_1_58' title="bbox 226 4994 1879 5070">
    <p class='ocr_par' dir='ltr' id='par_1_58' title="bbox 226 4994 1879 5070">
     <span class='ocr_line' id='line_1_58' title="bbox 226 4994 1879 5070; baseline -0.003 -15"><span class='ocrx_word' id='word_1_416' title='bbox 226 5003 383 5055; x_wconf 85' lang='lat' dir='ltr'>canis</span> <span class='ocrx_word' id='word_1_417' title='bbox 415 4994 630 5070; x_wconf 85' lang='lat' dir='ltr'>quoque</span> <span class='ocrx_word' id='word_1_418' title='bbox 659 4996 915 5070; x_wconf 81' lang='lat' dir='ltr'>Ecclesiis</span> <span class='ocrx_word' id='word_1_419' title='bbox 945 4997 1350 5070; x_wconf 64' lang='lat' dir='ltr'>contesseraritf</span> <span class='ocrx_word' id='word_1_420' title='bbox 1376 5016 1401 5070; x_wconf 62' lang='lat' dir='ltr'>s</span> <span class='ocrx_word' id='word_1_421' title='bbox 1427 4994 1528 5049; x_wconf 85' lang='lat' dir='ltr'>Hic</span> <span class='ocrx_word' id='word_1_422' title='bbox 1560 5001 1649 5049; x_wconf 88' lang='lat' dir='ltr'>est</span> <span class='ocrx_word' id='word_1_423' title='bbox 1698 4995 1879 5070; x_wconf 78' lang='lat' dir='ltr'>longe</span> 
     </span>
    </p>
   </div>
   <div class='ocr_carea' id='block_1_59' title="bbox 218 5066 1877 5137">
    <p class='ocr_par' dir='ltr' id='par_1_59' title="bbox 218 5066 1877 5137">
     <span class='ocr_line' id='line_1_59' title="bbox 218 5066 1877 5137; baseline -0.001 -14"><span class='ocrx_word' id='word_1_424' title='bbox 218 5066 997 5137; x_wconf 80' lang='lat' dir='ltr'>clarissimum,scriptorem</span> <span class='ocrx_word' id='word_1_425' title='bbox 1023 5067 1145 5136; x_wconf 90' lang='lat' dir='ltr'>jam</span> <span class='ocrx_word' id='word_1_426' title='bbox 1184 5066 1240 5119; x_wconf 92' lang='lat' dir='ltr'>in</span> <span class='ocrx_word' id='word_1_427' title='bbox 1278 5067 1461 5137; x_wconf 83' lang='lat' dir='ltr'>Africa</span> <span class='ocrx_word' id='word_1_428' title='bbox 1494 5066 1877 5131; x_wconf 86' lang='lat' dir='ltr'>versari,cum</span> 
     </span>
    </p>
   </div>
   <div class='ocr_carea' id='block_1_60' title="bbox 225 5137 1879 5208">
    <p class='ocr_par' dir='ltr' id='par_1_60' title="bbox 225 5137 1879 5208">
     <span class='ocr_line' id='line_1_60' title="bbox 225 5137 1879 5208; baseline -0.003 -9"><span class='ocrx_word' id='word_1_429' title='bbox 225 5144 353 5199; x_wconf 70' lang='lat' dir='ltr'>haec</span> <span class='ocrx_word' id='word_1_430' title='bbox 383 5141 612 5200; x_wconf 84' lang='lat' dir='ltr'>scribit;</span> <span class='ocrx_word' id='word_1_431' title='bbox 637 5155 768 5193; x_wconf 89' lang='lat' dir='ltr'>eum</span> <span class='ocrx_word' id='word_1_432' title='bbox 802 5137 982 5208; x_wconf 79' lang='lat' dir='ltr'>igitur</span> <span class='ocrx_word' id='word_1_433' title='bbox 1011 5143 1179 5192; x_wconf 87' lang='lat' dir='ltr'>antea</span> <span class='ocrx_word' id='word_1_434' title='bbox 1210 5141 1435 5207; x_wconf 83' lang='lat' dir='ltr'>oportet</span> <span class='ocrx_word' id='word_1_435' title='bbox 1457 5139 1645 5193; x_wconf 67' lang='lat' dir='ltr'>Romae</span> <span class='ocrx_word' id='word_1_436' title='bbox 1678 5139 1879 5206; x_wconf 79' lang='lat' dir='ltr'>fuisse,</span> 
     </span>
    </p>
   </div>
   <div class='ocr_carea' id='block_1_61' title="bbox 222 5208 1881 5282">
    <p class='ocr_par' dir='ltr' id='par_1_61' title="bbox 222 5208 1881 5282">
     <span class='ocr_line' id='line_1_61' title="bbox 222 5208 1881 5282; baseline -0.002 -13"><span class='ocrx_word' id='word_1_437' title='bbox 222 5216 284 5271; x_wconf 86' lang='lat' dir='ltr'>in</span> <span class='ocrx_word' id='word_1_438' title='bbox 319 5217 435 5270; x_wconf 86' lang='lat' dir='ltr'>ista</span> <span class='ocrx_word' id='word_1_439' title='bbox 466 5211 728 5269; x_wconf 87' lang='lat' dir='ltr'>Ecclesia</span> <span class='ocrx_word' id='word_1_440' title='bbox 759 5211 1106 5282; x_wconf 83' lang='lat' dir='ltr'>Romanensi,</span> <span class='ocrx_word' id='word_1_441' title='bbox 1159 5210 1311 5263; x_wconf 90' lang='lat' dir='ltr'>inter</span> <span class='ocrx_word' id='word_1_442' title='bbox 1349 5208 1628 5266; x_wconf 81' lang='lat' dir='ltr'>clericos:</span> <span class='ocrx_word' id='word_1_443' title='bbox 1690 5227 1881 5282; x_wconf 85' lang='lat' dir='ltr'>neque</span> 
     </span>
    </p>
   </div>
   <div class='ocr_carea' id='block_1_62' title="bbox 223 5280 1881 5353">
    <p class='ocr_par' dir='ltr' id='par_1_62' title="bbox 223 5280 1881 5353">
     <span class='ocr_line' id='line_1_62' title="bbox 223 5280 1881 5353; baseline -0.002 -12"><span class='ocrx_word' id='word_1_444' title='bbox 223 5288 378 5342; x_wconf 85' lang='lat' dir='ltr'>enim</span> <span class='ocrx_word' id='word_1_445' title='bbox 406 5285 562 5342; x_wconf 87' lang='lat' dir='ltr'>scire</span> <span class='ocrx_word' id='word_1_446' title='bbox 597 5284 740 5338; x_wconf 88' lang='lat' dir='ltr'>istas</span> <span class='ocrx_word' id='word_1_447' title='bbox 768 5280 1189 5353; x_wconf 86' lang='lat' dir='ltr'>ecclesiasticas</span> <span class='ocrx_word' id='word_1_448' title='bbox 1222 5282 1526 5353; x_wconf 82' lang='lat' dir='ltr'>interiores</span> <span class='ocrx_word' id='word_1_449' title='bbox 1570 5298 1661 5335; x_wconf 89' lang='lat' dir='ltr'>res</span> <span class='ocrx_word' id='word_1_450' title='bbox 1706 5280 1881 5353; x_wconf 85' lang='lat' dir='ltr'>atque</span> 
     </span>
    </p>
   </div>
   <div class='ocr_carea' id='block_1_63' title="bbox 226 5351 1880 5429">
    <p class='ocr_par' dir='ltr' id='par_1_63' title="bbox 226 5351 1880 5429">
     <span class='ocr_line' id='line_1_63' title="bbox 226 5351 1880 5429; baseline -0.011 -14"><span class='ocrx_word' id='word_1_451' title='bbox 226 5360 502 5415; x_wconf 73' lang='lat' dir='ltr'>historias</span> <span class='ocrx_word' id='word_1_452' title='bbox 537 5358 852 5429; x_wconf 76' lang='lat' dir='ltr'>potuerant</span> <span class='ocrx_word' id='word_1_453' title='bbox 881 5351 1002 5429; x_wconf 78' lang='lat' dir='ltr'>alii,</span> <span class='ocrx_word' id='word_1_454' title='bbox 1050 5369 1225 5429; x_wconf 71' lang='lat' dir='ltr'>quam</span> <span class='ocrx_word' id='word_1_455' title='bbox 1276 5351 1521 5429; x_wconf 87' lang='lat' dir='ltr'>Cleri_ci._</span> <span class='ocrx_word' id='word_1_456' title='bbox 1553 5353 1739 5429; x_wconf 73' lang='lat' dir='ltr'>Hujus</span> <span class='ocrx_word' id='word_1_457' title='bbox 1783 5351 1880 5425; x_wconf 66' lang='lat' dir='ltr'>ge-</span> 
     </span>
    </p>
   </div>
   <div class='ocr_carea' id='block_1_64' title="bbox 228 5423 1882 5497">
    <p class='ocr_par' dir='ltr' id='par_1_64' title="bbox 228 5423 1882 5497">
     <span class='ocr_line' id='line_1_64' title="bbox 228 5423 1882 5497; baseline -0.003 -11"><span class='ocrx_word' id='word_1_458' title='bbox 228 5433 375 5487; x_wconf 83' lang='lat' dir='ltr'>neris</span> <span class='ocrx_word' id='word_1_459' title='bbox 425 5423 572 5487; x_wconf 72' lang='lat' dir='ltr'>sunt</span> <span class='ocrx_word' id='word_1_460' title='bbox 631 5432 690 5481; x_wconf 83' lang='lat' dir='ltr'>et</span> <span class='ocrx_word' id='word_1_461' title='bbox 741 5423 996 5497; x_wconf 88' lang='lat' dir='ltr'>plurima</span> <span class='ocrx_word' id='word_1_462' title='bbox 1052 5424 1182 5497; x_wconf 83' lang='lat' dir='ltr'>alia.</span> <span class='ocrx_word' id='word_1_463' title='bbox 1243 5424 1448 5497; x_wconf 59' lang='lat' dir='ltr'>Tamiani</span> <span class='ocrx_word' id='word_1_464' title='bbox 1510 5423 1882 5481; x_wconf 26' lang='lat' dir='ltr'>historicavet</span> 
     </span>
    </p>
   </div>
   <div class='ocr_carea' id='block_1_65' title="bbox 229 5496 1879 5569">
    <p class='ocr_par' dir='ltr' id='par_1_65' title="bbox 229 5496 1879 5569">
     <span class='ocr_line' id='line_1_65' title="bbox 229 5496 1879 5569; baseline -0.003 -10"><span class='ocrx_word' id='word_1_465' title='bbox 229 5505 511 5567; x_wconf 82' lang='lat' dir='ltr'>pontifica,</span> <span class='ocrx_word' id='word_1_466' title='bbox 551 5517 682 5569; x_wconf 65' lang='lat' dir='ltr'>qua:</span> <span class='ocrx_word' id='word_1_467' title='bbox 714 5497 1015 5569; x_wconf 78' lang='lat' dir='ltr'>hominem</span> <span class='ocrx_word' id='word_1_468' title='bbox 1047 5496 1243 5550; x_wconf 62' lang='lat' dir='ltr'>Romae</span> <span class='ocrx_word' id='word_1_469' title='bbox 1276 5496 1523 5569; x_wconf 77' lang='lat' dir='ltr'>multum</span> <span class='ocrx_word' id='word_1_470' title='bbox 1585 5502 1879 5554; x_wconf 87' lang='lat' dir='ltr'>versatum</span> 
     </span>
    </p>
   </div>
   <div class='ocr_carea' id='block_1_66' title="bbox 226 5568 1881 5639">
    <p class='ocr_par' dir='ltr' id='par_1_66' title="bbox 226 5568 1881 5639">
     <span class='ocr_line' id='line_1_66' title="bbox 226 5568 1881 5639; baseline -0.004 -7"><span class='ocrx_word' id='word_1_471' title='bbox 226 5578 366 5634; x_wconf 87' lang='lat' dir='ltr'>inter</span> <span class='ocrx_word' id='word_1_472' title='bbox 393 5578 545 5635; x_wconf 88' lang='lat' dir='ltr'>alios</span> <span class='ocrx_word' id='word_1_473' title='bbox 571 5568 831 5630; x_wconf 85' lang='lat' dir='ltr'>Clericos</span> <span class='ocrx_word' id='word_1_474' title='bbox 888 5568 1063 5639; x_wconf 79' lang='lat' dir='ltr'>facile</span> <span class='ocrx_word' id='word_1_475' title='bbox 1112 5569 1384 5639; x_wconf 89' lang='lat' dir='ltr'>produnt.</span> <span class='ocrx_word' id='word_1_476' title='bbox 1416 5568 1543 5622; x_wconf 71' lang='lat' dir='ltr'>Haec</span> <span class='ocrx_word' id='word_1_477' title='bbox 1590 5570 1881 5625; x_wconf 84' lang='lat' dir='ltr'>Semlerus</span> 
     </span>
    </p>
   </div>
   <div class='ocr_carea' id='block_1_67' title="bbox 224 5638 1882 5724">
    <p class='ocr_par' dir='ltr' id='par_1_67' title="bbox 224 5638 1882 5724">
     <span class='ocr_line' id='line_1_67' title="bbox 224 5638 1882 5724; baseline -0.007 -16"><span class='ocrx_word' id='word_1_478' title='bbox 224 5668 316 5724; x_wconf 87' lang='lat' dir='ltr'>pro</span> <span class='ocrx_word' id='word_1_479' title='bbox 346 5647 776 5724; x_wconf 82' lang='lat' dir='ltr'>Presbyteratu</span> <span class='ocrx_word' id='word_1_480' title='bbox 823 5638 1166 5724; x_wconf 54' lang='lat' dir='ltr'>Tertulliani</span> <span class='ocrx_word' id='word_1_481' title='bbox 1210 5644 1490 5724; x_wconf 57' lang='lat' dir='ltr'>Romano:</span> <span class='ocrx_word' id='word_1_482' title='bbox 1570 5639 1882 5724; x_wconf 59' lang='lat' dir='ltr'>Papinius,</span> 
     </span>
    </p>
   </div>
   <div class='ocr_carea' id='block_1_68' title="bbox 217 5712 1884 5788">
    <p class='ocr_par' dir='ltr' id='par_1_68' title="bbox 217 5712 1884 5788">
     <span class='ocr_line' id='line_1_68' title="bbox 217 5712 1884 5788; baseline -0.011 -4"><span class='ocrx_word' id='word_1_483' title='bbox 217 5712 607 5784; x_wconf 62' lang='lat' dir='ltr'>Sclironclgius</span> <span class='ocrx_word' id='word_1_484' title='bbox 622 5712 964 5788; x_wconf 71' lang='lat' dir='ltr'>oppositam</span> <span class='ocrx_word' id='word_1_485' title='bbox 985 5713 1735 5788; x_wconf 81' lang='lat' dir='ltr'>pr0pugnantsententiam,</span> <span class='ocrx_word' id='word_1_486' title='bbox 1751 5715 1884 5785; x_wconf 79' lang='lat' dir='ltr'>Sed,</span> 
     </span>
    </p>
   </div>
   <div class='ocr_carea' id='block_1_69' title="bbox 213 5783 1886 5862">
    <p class='ocr_par' dir='ltr' id='par_1_69' title="bbox 213 5783 1886 5862">
     <span class='ocr_line' id='line_1_69' title="bbox 213 5783 1886 5862; baseline -0.013 2"><span class='ocrx_word' id='word_1_487' title='bbox 213 5783 268 5861; x_wconf 77' lang='lat' dir='ltr'>at</span> <span class='ocrx_word' id='word_1_488' title='bbox 296 5801 444 5862; x_wconf 85' lang='lat' dir='ltr'>mihi</span> <span class='ocrx_word' id='word_1_489' title='bbox 475 5783 868 5857; x_wconf 68' lang='lat' dir='ltr'>videturmec</span> <span class='ocrx_word' id='word_1_490' title='bbox 886 5783 1104 5843; x_wconf 72' lang='lat' dir='ltr'>horum</span> <span class='ocrx_word' id='word_1_491' title='bbox 1125 5784 1462 5844; x_wconf 85' lang='lat' dir='ltr'>criticorum</span> <span class='ocrx_word' id='word_1_492' title='bbox 1479 5786 1766 5843; x_wconf 83' lang='lat' dir='ltr'>sententia</span> <span class='ocrx_word' id='word_1_493' title='bbox 1792 5783 1886 5843; x_wconf 84' lang='lat' dir='ltr'>sat</span> 
     </span>
    </p>
   </div>
   <div class='ocr_carea' id='block_1_70' title="bbox 1942 596 3601 676">
    <p class='ocr_par' dir='ltr' id='par_1_70' title="bbox 1942 596 3601 676">
     <span class='ocr_line' id='line_1_70' title="bbox 1942 596 3601 676; baseline 0.005 -25"><span class='ocrx_word' id='word_1_494' title='bbox 1942 596 2125 651; x_wconf 88' lang='lat' dir='ltr'>libros</span> <span class='ocrx_word' id='word_1_495' title='bbox 2149 614 2218 651; x_wconf 79' lang='lat' dir='ltr'>ns</span> <span class='ocrx_word' id='word_1_496' title='bbox 2258 615 2607 653; x_wconf 75' lang='lat' dir='ltr'>PCBNITENTIA</span> <span class='ocrx_word' id='word_1_497' title='bbox 2646 616 2713 653; x_wconf 76' lang='grc' dir='ltr'>ετ</span> <span class='ocrx_word' id='word_1_498' title='bbox 2751 616 2819 653; x_wconf 82' lang='lat' dir='ltr'>ns</span> <span class='ocrx_word' id='word_1_499' title='bbox 2876 616 3154 655; x_wconf 73' lang='lat' dir='ltr'>ORATIONE</span> <span class='ocrx_word' id='word_1_500' title='bbox 3221 604 3601 676; x_wconf 88' lang='lat' dir='ltr'>conscripsit,</span> 
     </span>
    </p>
   </div>
   <div class='ocr_carea' id='block_1_71' title="bbox 1949 686 3597 764">
    <p class='ocr_par' dir='ltr' id='par_1_71' title="bbox 1949 686 3597 764">
     <span class='ocr_line' id='line_1_71' title="bbox 1949 686 3597 764; baseline 0.005 -25"><span class='ocrx_word' id='word_1_501' title='bbox 1949 686 2164 758; x_wconf 88' lang='lat' dir='ltr'>quibus</span> <span class='ocrx_word' id='word_1_502' title='bbox 2196 690 2251 740; x_wconf 88' lang='lat' dir='ltr'>et</span> <span class='ocrx_word' id='word_1_503' title='bbox 2310 687 2623 757; x_wconf 77' lang='lat' dir='ltr'>pcsnitendi</span> <span class='ocrx_word' id='word_1_504' title='bbox 2672 689 2910 743; x_wconf 89' lang='lat' dir='ltr'>modum</span> <span class='ocrx_word' id='word_1_505' title='bbox 2958 694 3081 744; x_wconf 90' lang='lat' dir='ltr'>tum</span> <span class='ocrx_word' id='word_1_506' title='bbox 3127 692 3597 764; x_wconf 88' lang='lat' dir='ltr'>Catecbumenis,</span> 
     </span>
    </p>
   </div>
   <div class='ocr_carea' id='block_1_72' title="bbox 1948 774 3609 847">
    <p class='ocr_par' dir='ltr' id='par_1_72' title="bbox 1948 774 3609 847">
     <span class='ocr_line' id='line_1_72' title="bbox 1948 774 3609 847; baseline 0.005 -18"><span class='ocrx_word' id='word_1_507' title='bbox 1948 780 2075 830; x_wconf 90' lang='lat' dir='ltr'>tum</span> <span class='ocrx_word' id='word_1_508' title='bbox 2108 774 2453 831; x_wconf 83' lang='lat' dir='ltr'>Christianis</span> <span class='ocrx_word' id='word_1_509' title='bbox 2500 776 2722 847; x_wconf 90' lang='lat' dir='ltr'>Lapsis,</span> <span class='ocrx_word' id='word_1_510' title='bbox 2775 781 2830 832; x_wconf 90' lang='lat' dir='ltr'>et</span> <span class='ocrx_word' id='word_1_511' title='bbox 2861 795 3002 847; x_wconf 88' lang='lat' dir='ltr'>quos</span> <span class='ocrx_word' id='word_1_512' title='bbox 3038 779 3185 834; x_wconf 88' lang='lat' dir='ltr'>ritus</span> <span class='ocrx_word' id='word_1_513' title='bbox 3227 797 3456 837; x_wconf 88' lang='lat' dir='ltr'>servare</span> <span class='ocrx_word' id='word_1_514' title='bbox 3512 784 3609 839; x_wconf 89' lang='lat' dir='ltr'>de-</span> 
     </span>
    </p>
   </div>
   <div class='ocr_carea' id='block_1_73' title="bbox 1948 866 3604 939">
    <p class='ocr_par' dir='ltr' id='par_1_73' title="bbox 1948 866 3604 939">
     <span class='ocr_line' id='line_1_73' title="bbox 1948 866 3604 939; baseline 0.007 -20"><span class='ocrx_word' id='word_1_515' title='bbox 1948 866 2125 921; x_wconf 88' lang='lat' dir='ltr'>beant</span> <span class='ocrx_word' id='word_1_516' title='bbox 2155 866 2211 920; x_wconf 90' lang='lat' dir='ltr'>in</span> <span class='ocrx_word' id='word_1_517' title='bbox 2233 866 2518 921; x_wconf 76' lang='lat' dir='ltr'>sacrificio</span> <span class='ocrx_word' id='word_1_518' title='bbox 2539 867 3109 939; x_wconf 70' lang='lat' dir='ltr'>ﬁdeles,praascribit.</span> <span class='ocrx_word' id='word_1_519' title='bbox 3146 869 3398 926; x_wconf 86' lang='lat' dir='ltr'>Possunt</span> <span class='ocrx_word' id='word_1_520' title='bbox 3430 874 3604 930; x_wconf 88' lang='lat' dir='ltr'>etiam</span> 
     </span>
    </p>
   </div>
   <div class='ocr_carea' id='block_1_74' title="bbox 1950 954 3598 1029">
    <p class='ocr_par' dir='ltr' id='par_1_74' title="bbox 1950 954 3598 1029">
     <span class='ocr_line' id='line_1_74' title="bbox 1950 954 3598 1029; baseline 0.006 -20"><span class='ocrx_word' id='word_1_521' title='bbox 1950 954 2007 1009; x_wconf 91' lang='lat' dir='ltr'>in</span> <span class='ocrx_word' id='word_1_522' title='bbox 2042 956 2198 1009; x_wconf 89' lang='lat' dir='ltr'>hunc</span> <span class='ocrx_word' id='word_1_523' title='bbox 2230 972 2445 1009; x_wconf 90' lang='lat' dir='ltr'>annum</span> <span class='ocrx_word' id='word_1_524' title='bbox 2502 956 2660 1026; x_wconf 84' lang='lat' dir='ltr'>rejici</span> <span class='ocrx_word' id='word_1_525' title='bbox 2708 957 2944 1028; x_wconf 90' lang='lat' dir='ltr'>scripta,</span> <span class='ocrx_word' id='word_1_526' title='bbox 2977 974 3223 1029; x_wconf 88' lang='lat' dir='ltr'>quorum</span> <span class='ocrx_word' id='word_1_527' title='bbox 3260 961 3315 1014; x_wconf 87' lang='grc' dir='ltr'><strong>Β.</strong></span> <span class='ocrx_word' id='word_1_528' title='bbox 3366 962 3598 1020; x_wconf 88' lang='lat' dir='ltr'>Hieron.</span> 
     </span>
    </p>
   </div>
   <div class='ocr_carea' id='block_1_75' title="bbox 1959 1044 3601 1118">
    <p class='ocr_par' dir='ltr' id='par_1_75' title="bbox 1959 1044 3601 1118">
     <span class='ocr_line' id='line_1_75' title="bbox 1959 1044 3601 1118; baseline 0.005 -19"><span class='ocrx_word' id='word_1_529' title='bbox 1959 1045 2226 1101; x_wconf 88' lang='lat' dir='ltr'>meminit</span> <span class='ocrx_word' id='word_1_530' title='bbox 2259 1044 2431 1100; x_wconf 88' lang='lat' dir='ltr'>hodie</span> <span class='ocrx_word' id='word_1_531' title='bbox 2458 1046 2785 1101; x_wconf 86' lang='lat' dir='ltr'>desiderata</span> <span class='ocrx_word' id='word_1_532' title='bbox 2815 1065 2832 1099; x_wconf 94' lang='lat'>:</span> <span class='ocrx_word' id='word_1_533' title='bbox 2878 1064 2948 1100; x_wconf 78' lang='lat' dir='ltr'>ne</span> <span class='ocrx_word' id='word_1_534' title='bbox 2994 1064 3487 1118; x_wconf 78' lang='lat' dir='ltr'>CIRCUMCILSIONE,</span> <span class='ocrx_word' id='word_1_535' title='bbox 3534 1070 3601 1107; x_wconf 83' lang='lat' dir='ltr'>ns</span> 
     </span>
    </p>
   </div>
   <div class='ocr_carea' id='block_1_76' title="bbox 1954 1151 3597 1211">
    <p class='ocr_par' dir='ltr' id='par_1_76' title="bbox 1954 1151 3597 1211">
     <span class='ocr_line' id='line_1_76' title="bbox 1954 1151 3597 1211; baseline 0.006 -23"><span class='ocrx_word' id='word_1_536' title='bbox 1954 1151 2230 1189; x_wconf 84' lang='lat' dir='ltr'>VESTIBUS</span> <span class='ocrx_word' id='word_1_537' title='bbox 2251 1151 2537 1200; x_wconf 74' lang='lat' dir='ltr'>AARON,DE</span> <span class='ocrx_word' id='word_1_538' title='bbox 2567 1152 2785 1191; x_wconf 76' lang='lat' dir='ltr'>MUNDIS</span> <span class='ocrx_word' id='word_1_539' title='bbox 2812 1154 2877 1190; x_wconf 82' lang='grc' dir='ltr'>ΕΤ</span> <span class='ocrx_word' id='word_1_540' title='bbox 2906 1154 3198 1193; x_wconf 76' lang='lat' dir='ltr'>IMMUNDIS</span> <span class='ocrx_word' id='word_1_541' title='bbox 3233 1156 3597 1211; x_wconf 74' lang='lat' dir='ltr'>ANIMALIBUs;</span> 
     </span>
    </p>
   </div>
   <div class='ocr_carea' id='block_1_77' title="bbox 1957 1224 3599 1295">
    <p class='ocr_par' dir='ltr' id='par_1_77' title="bbox 1957 1224 3599 1295">
     <span class='ocr_line' id='line_1_77' title="bbox 1957 1224 3599 1295; baseline 0.004 -15"><span class='ocrx_word' id='word_1_542' title='bbox 1957 1224 2207 1295; x_wconf 87' lang='lat' dir='ltr'>denique</span> <span class='ocrx_word' id='word_1_543' title='bbox 2262 1241 2332 1279; x_wconf 76' lang='lat' dir='ltr'>ns</span> <span class='ocrx_word' id='word_1_544' title='bbox 2368 1242 2668 1279; x_wconf 80' lang='lat' dir='ltr'>TRINITATE</span> <span class='ocrx_word' id='word_1_545' title='bbox 2712 1250 2726 1292; x_wconf 69' lang='grc' dir='ltr'>ς</span> <span class='ocrx_word' id='word_1_546' title='bbox 2772 1224 3037 1281; x_wconf 84' lang='lat' dir='ltr'>fortassis</span> <span class='ocrx_word' id='word_1_547' title='bbox 3099 1226 3274 1282; x_wconf 89' lang='lat' dir='ltr'>etiam</span> <span class='ocrx_word' id='word_1_548' title='bbox 3333 1227 3481 1285; x_wconf 90' lang='lat' dir='ltr'>liber</span> <span class='ocrx_word' id='word_1_549' title='bbox 3530 1250 3599 1287; x_wconf 76' lang='lat' dir='ltr'>ns</span> 
     </span>
    </p>
   </div>
   <div class='ocr_carea' id='block_1_78' title="bbox 1957 1315 3600 1391">
    <p class='ocr_par' dir='ltr' id='par_1_78' title="bbox 1957 1315 3600 1391">
     <span class='ocr_line' id='line_1_78' title="bbox 1957 1315 3600 1391; baseline 0.007 -26"><span class='ocrx_word' id='word_1_550' title='bbox 1957 1328 2237 1368; x_wconf 75' lang='lat' dir='ltr'>BAPTISMO</span> <span class='ocrx_word' id='word_1_551' title='bbox 2268 1330 2509 1384; x_wconf 80' lang='lat' dir='ltr'>graecus;</span> <span class='ocrx_word' id='word_1_552' title='bbox 2542 1318 2740 1385; x_wconf 89' lang='lat' dir='ltr'>utpote</span> <span class='ocrx_word' id='word_1_553' title='bbox 2771 1315 2868 1385; x_wconf 88' lang='lat' dir='ltr'>qui</span> <span class='ocrx_word' id='word_1_554' title='bbox 2919 1315 3185 1370; x_wconf 89' lang='lat' dir='ltr'>videatur</span> <span class='ocrx_word' id='word_1_555' title='bbox 3232 1320 3600 1391; x_wconf 87' lang='lat' dir='ltr'>conscriptus</span> 
     </span>
    </p>
   </div>
   <div class='ocr_carea' id='block_1_79' title="bbox 1959 1402 3599 1475">
    <p class='ocr_par' dir='ltr' id='par_1_79' title="bbox 1959 1402 3599 1475">
     <span class='ocr_line' id='line_1_79' title="bbox 1959 1402 3599 1475; baseline 0.005 -18"><span class='ocrx_word' id='word_1_556' title='bbox 1959 1408 2091 1473; x_wconf 92' lang='lat' dir='ltr'>post</span> <span class='ocrx_word' id='word_1_557' title='bbox 2117 1402 2439 1457; x_wconf 88' lang='lat' dir='ltr'>Concilium</span> <span class='ocrx_word' id='word_1_558' title='bbox 2467 1403 2791 1474; x_wconf 77' lang='lat' dir='ltr'>Agrippini.</span> <span class='ocrx_word' id='word_1_559' title='bbox 2825 1403 2968 1458; x_wconf 90' lang='lat' dir='ltr'>Nam</span> <span class='ocrx_word' id='word_1_560' title='bbox 3002 1406 3266 1475; x_wconf 80' lang='lat' dir='ltr'>ejusdem</span> <span class='ocrx_word' id='word_1_561' title='bbox 3290 1407 3469 1464; x_wconf 87' lang='lat' dir='ltr'>luisse</span> <span class='ocrx_word' id='word_1_562' title='bbox 3504 1427 3599 1465; x_wconf 89' lang='lat' dir='ltr'>ar-</span> 
     </span>
    </p>
   </div>
   <div class='ocr_carea' id='block_1_80' title="bbox 1956 1491 3601 1571">
    <p class='ocr_par' dir='ltr' id='par_1_80' title="bbox 1956 1491 3601 1571">
     <span class='ocr_line' id='line_1_80' title="bbox 1956 1491 3601 1571; baseline 0.007 -28"><span class='ocrx_word' id='word_1_563' title='bbox 1956 1491 2217 1558; x_wconf 81' lang='lat' dir='ltr'>gumenti</span> <span class='ocrx_word' id='word_1_564' title='bbox 2247 1492 2461 1545; x_wconf 81' lang='lat' dir='ltr'>Auctor</span> <span class='ocrx_word' id='word_1_565' title='bbox 2494 1492 2715 1546; x_wconf 89' lang='lat' dir='ltr'>indicat</span> <span class='ocrx_word' id='word_1_566' title='bbox 2748 1510 2760 1551; x_wconf 88' lang='lat'>:</span> <span class='ocrx_word' id='word_1_567' title='bbox 2791 1493 2896 1550; x_wconf 84' lang='lat' dir='ltr'>Sed</span> <span class='ocrx_word' id='word_1_568' title='bbox 2924 1495 3070 1548; x_wconf 88' lang='lat' dir='ltr'>circa</span> <span class='ocrx_word' id='word_1_569' title='bbox 3102 1494 3379 1551; x_wconf 72' lang='lat' dir='ltr'>haereticos</span> <span class='ocrx_word' id='word_1_570' title='bbox 3438 1501 3601 1571; x_wconf 73' lang='lat' dir='ltr'>sane,</span> 
     </span>
    </p>
   </div>
   <div class='ocr_carea' id='block_1_81' title="bbox 1958 1579 3601 1655">
    <p class='ocr_par' dir='ltr' id='par_1_81' title="bbox 1958 1579 3601 1655">
     <span class='ocr_line' id='line_1_81' title="bbox 1958 1579 3601 1655; baseline 0.007 -23"><span class='ocrx_word' id='word_1_571' title='bbox 1958 1579 2175 1650; x_wconf 87' lang='lat' dir='ltr'>inquit,</span> <span class='ocrx_word' id='word_1_572' title='bbox 2209 1580 2341 1650; x_wconf 85' lang='lat' dir='ltr'>quid</span> <span class='ocrx_word' id='word_1_573' title='bbox 2373 1580 2791 1636; x_wconf 84' lang='lat' dir='ltr'>custodiendum</span> <span class='ocrx_word' id='word_1_574' title='bbox 2820 1584 2915 1647; x_wconf 85' lang='lat' dir='ltr'>sit,</span> <span class='ocrx_word' id='word_1_575' title='bbox 2950 1583 3114 1652; x_wconf 84' lang='lat' dir='ltr'>digne</span> <span class='ocrx_word' id='word_1_576' title='bbox 3162 1584 3281 1655; x_wconf 87' lang='lat' dir='ltr'>quis</span> <span class='ocrx_word' id='word_1_577' title='bbox 3331 1592 3601 1644; x_wconf 85' lang='lat' dir='ltr'>retractet.</span> 
     </span>
    </p>
   </div>
   <div class='ocr_carea' id='block_1_82' title="bbox 1960 1668 3607 1733">
    <p class='ocr_par' dir='ltr' id='par_1_82' title="bbox 1960 1668 3607 1733">
     <span class='ocr_line' id='line_1_82' title="bbox 1960 1668 3607 1733; baseline 0.007 -12"><span class='ocrx_word' id='word_1_578' title='bbox 1960 1668 2049 1722; x_wconf 75' lang='lat' dir='ltr'>Ad</span> <span class='ocrx_word' id='word_1_579' title='bbox 2079 1684 2172 1724; x_wconf 88' lang='lat' dir='ltr'>nos</span> <span class='ocrx_word' id='word_1_580' title='bbox 2203 1671 2352 1724; x_wconf 87' lang='lat' dir='ltr'>enim</span> <span class='ocrx_word' id='word_1_581' title='bbox 2421 1670 2628 1725; x_wconf 89' lang='lat' dir='ltr'>editum</span> <span class='ocrx_word' id='word_1_582' title='bbox 2672 1675 2769 1726; x_wconf 86' lang='lat' dir='ltr'>est.</span> <span class='ocrx_word' id='word_1_583' title='bbox 2828 1672 3084 1727; x_wconf 58' lang='lat' dir='ltr'>[heretici</span> <span class='ocrx_word' id='word_1_584' title='bbox 3143 1678 3327 1728; x_wconf 89' lang='lat' dir='ltr'>autem</span> <span class='ocrx_word' id='word_1_585' title='bbox 3390 1678 3607 1733; x_wconf 87' lang='lat' dir='ltr'>nultum</span> 
     </span>
    </p>
   </div>
   <div class='ocr_carea' id='block_1_83' title="bbox 1961 1756 3605 1831">
    <p class='ocr_par' dir='ltr' id='par_1_83' title="bbox 1961 1756 3605 1831">
     <span class='ocr_line' id='line_1_83' title="bbox 1961 1756 3605 1831; baseline 0.007 -20"><span class='ocrx_word' id='word_1_586' title='bbox 1961 1756 2153 1812; x_wconf 79' lang='lat' dir='ltr'>habent</span> <span class='ocrx_word' id='word_1_587' title='bbox 2183 1759 2513 1813; x_wconf 86' lang='lat' dir='ltr'>consortium</span> <span class='ocrx_word' id='word_1_588' title='bbox 2544 1768 2746 1817; x_wconf 69' lang='lat' dir='ltr'>nostrae</span> <span class='ocrx_word' id='word_1_589' title='bbox 2775 1759 3101 1831; x_wconf 70' lang='lat' dir='ltr'>disciplinae,</span> <span class='ocrx_word' id='word_1_590' title='bbox 3128 1766 3235 1817; x_wconf 91' lang='lat' dir='ltr'>etc.</span> <span class='ocrx_word' id='word_1_591' title='bbox 3286 1763 3389 1819; x_wconf 87' lang='lat' dir='ltr'>Sed</span> <span class='ocrx_word' id='word_1_592' title='bbox 3413 1764 3476 1821; x_wconf 88' lang='lat' dir='ltr'>de</span> <span class='ocrx_word' id='word_1_593' title='bbox 3508 1768 3605 1822; x_wconf 91' lang='lat' dir='ltr'>isto</span> 
     </span>
    </p>
   </div>
   <div class='ocr_carea' id='block_1_84' title="bbox 1937 1845 3606 1920">
    <p class='ocr_par' dir='ltr' id='par_1_84' title="bbox 1937 1845 3606 1920">
     <span class='ocr_line' id='line_1_84' title="bbox 1937 1845 3606 1920; baseline 0.007 -20"><span class='ocrx_word' id='word_1_594' title='bbox 1937 1845 2187 1918; x_wconf 80' lang='lat' dir='ltr'>plenius</span> <span class='ocrx_word' id='word_1_595' title='bbox 2208 1850 2329 1919; x_wconf 90' lang='lat' dir='ltr'>jam</span> <span class='ocrx_word' id='word_1_596' title='bbox 2361 1850 2416 1902; x_wconf 89' lang='lat' dir='ltr'>in</span> <span class='ocrx_word' id='word_1_597' title='bbox 2446 1848 2628 1904; x_wconf 75' lang='lat' dir='ltr'>Graeco</span> <span class='ocrx_word' id='word_1_598' title='bbox 2656 1852 2928 1920; x_wconf 79' lang='lat' dir='ltr'>digestum</span> <span class='ocrx_word' id='word_1_599' title='bbox 2974 1859 3070 1904; x_wconf 90' lang='lat' dir='ltr'>est.</span> <span class='ocrx_word' id='word_1_600' title='bbox 3120 1850 3329 1906; x_wconf 92' lang='lat' dir='ltr'>Verum</span> <span class='ocrx_word' id='word_1_601' title='bbox 3385 1855 3455 1909; x_wconf 91' lang='lat' dir='ltr'>de</span> <span class='ocrx_word' id='word_1_602' title='bbox 3497 1856 3606 1912; x_wconf 91' lang='lat' dir='ltr'>hoc</span> 
     </span>
    </p>
   </div>
   <div class='ocr_carea' id='block_1_85' title="bbox 1958 1936 3608 2009">
    <p class='ocr_par' dir='ltr' id='par_1_85' title="bbox 1958 1936 3608 2009">
     <span class='ocr_line' id='line_1_85' title="bbox 1958 1936 3608 2009; baseline 0.006 -19"><span class='ocrx_word' id='word_1_603' title='bbox 1958 1940 2015 1990; x_wconf 87' lang='lat' dir='ltr'>et</span> <span class='ocrx_word' id='word_1_604' title='bbox 2045 1936 2371 2007; x_wconf 84' lang='lat' dir='ltr'>Agrippini,</span> <span class='ocrx_word' id='word_1_605' title='bbox 2400 1943 2455 1992; x_wconf 90' lang='lat' dir='ltr'>et</span> <span class='ocrx_word' id='word_1_606' title='bbox 2494 1938 2680 2009; x_wconf 79' lang='lat' dir='ltr'>ipsius</span> <span class='ocrx_word' id='word_1_607' title='bbox 2733 1939 3026 1994; x_wconf 86' lang='lat' dir='ltr'>Paradoxo</span> <span class='ocrx_word' id='word_1_608' title='bbox 3073 1940 3173 1995; x_wconf 77' lang='lat'>64</span> <span class='ocrx_word' id='word_1_609' title='bbox 3223 1941 3374 1997; x_wconf 89' lang='lat' dir='ltr'>inter</span> <span class='ocrx_word' id='word_1_610' title='bbox 3419 1944 3608 2001; x_wconf 85' lang='lat' dir='ltr'>Prole-</span> 
     </span>
    </p>
   </div>
   <div class='ocr_carea' id='block_1_86' title="bbox 1959 2025 3608 2102">
    <p class='ocr_par' dir='ltr' id='par_1_86' title="bbox 1959 2025 3608 2102">
     <span class='ocr_line' id='line_1_86' title="bbox 1959 2025 3608 2102; baseline 0.005 -23"><span class='ocrx_word' id='word_1_611' title='bbox 1959 2041 2206 2096; x_wconf 85' lang='lat' dir='ltr'>gomena</span> <span class='ocrx_word' id='word_1_612' title='bbox 2236 2025 2431 2080; x_wconf 89' lang='lat' dir='ltr'>latius.</span> <span class='ocrx_word' id='word_1_613' title='bbox 2470 2027 2639 2081; x_wconf 88' lang='lat' dir='ltr'>Porro</span> <span class='ocrx_word' id='word_1_614' title='bbox 2681 2026 2788 2082; x_wconf 89' lang='lat' dir='ltr'>hoc</span> <span class='ocrx_word' id='word_1_615' title='bbox 2819 2044 2972 2082; x_wconf 89' lang='lat' dir='ltr'>anno</span> <span class='ocrx_word' id='word_1_616' title='bbox 3005 2029 3176 2083; x_wconf 57' lang='lat' dir='ltr'>etiam</span> <span class='ocrx_word' id='word_1_617' title='bbox 3211 2036 3439 2102; x_wconf 90' lang='lat' dir='ltr'>oportet</span> <span class='ocrx_word' id='word_1_618' title='bbox 3468 2050 3608 2088; x_wconf 90' lang='lat' dir='ltr'>con-</span> 
     </span>
    </p>
   </div>
   <div class='ocr_carea' id='block_1_87' title="bbox 1958 2113 3605 2196">
    <p class='ocr_par' dir='ltr' id='par_1_87' title="bbox 1958 2113 3605 2196">
     <span class='ocr_line' id='line_1_87' title="bbox 1958 2113 3605 2196; baseline 0.006 -29"><span class='ocrx_word' id='word_1_619' title='bbox 1958 2113 2185 2184; x_wconf 86' lang='lat' dir='ltr'>tigisse,</span> <span class='ocrx_word' id='word_1_620' title='bbox 2219 2115 2370 2185; x_wconf 89' lang='lat' dir='ltr'>quod</span> <span class='ocrx_word' id='word_1_621' title='bbox 2405 2116 2640 2186; x_wconf 89' lang='lat' dir='ltr'>scripsit</span> <span class='ocrx_word' id='word_1_622' title='bbox 2688 2115 2787 2171; x_wconf 90' lang='lat' dir='ltr'>lib.</span> <span class='ocrx_word' id='word_1_623' title='bbox 2815 2117 2885 2171; x_wconf 90' lang='lat' dir='ltr'>ad</span> <span class='ocrx_word' id='word_1_624' title='bbox 2918 2119 3230 2188; x_wconf 90' lang='lat' dir='ltr'>Scapulam</span> <span class='ocrx_word' id='word_1_625' title='bbox 3285 2137 3435 2175; x_wconf 88' lang='lat' dir='ltr'>anno</span> <span class='ocrx_word' id='word_1_626' title='bbox 3481 2140 3605 2196; x_wconf 86' lang='lat' dir='ltr'>seq.</span> 
     </span>
    </p>
   </div>
   <div class='ocr_carea' id='block_1_88' title="bbox 1966 2203 3613 2276">
    <p class='ocr_par' dir='ltr' id='par_1_88' title="bbox 1966 2203 3613 2276">
     <span class='ocr_line' id='line_1_88' title="bbox 1966 2203 3613 2276; baseline 0.005 -19"><span class='ocrx_word' id='word_1_627' title='bbox 1966 2203 2236 2257; x_wconf 68' lang='lat' dir='ltr'>Caeterum</span> <span class='ocrx_word' id='word_1_628' title='bbox 2263 2210 2313 2257; x_wconf 83' lang='lat' dir='ltr'>et</span> <span class='ocrx_word' id='word_1_629' title='bbox 2335 2204 2506 2257; x_wconf 88' lang='lat' dir='ltr'>imbre</span> <span class='ocrx_word' id='word_1_630' title='bbox 2529 2206 2670 2258; x_wconf 85' lang='lat' dir='ltr'>anni</span> <span class='ocrx_word' id='word_1_631' title='bbox 2704 2206 3000 2273; x_wconf 67' lang='lat' dir='ltr'>praeteriti,</span> <span class='ocrx_word' id='word_1_632' title='bbox 3047 2206 3177 2276; x_wconf 88' lang='lat' dir='ltr'>quid</span> <span class='ocrx_word' id='word_1_633' title='bbox 3223 2213 3613 2266; x_wconf 87' lang='lat' dir='ltr'>commeruerit</span> 
     </span>
    </p>
   </div>
   <div class='ocr_carea' id='block_1_89' title="bbox 1962 2291 3612 2365">
    <p class='ocr_par' dir='ltr' id='par_1_89' title="bbox 1962 2291 3612 2365">
     <span class='ocr_line' id='line_1_89' title="bbox 1962 2291 3612 2365; baseline 0.005 -20"><span class='ocrx_word' id='word_1_634' title='bbox 1962 2307 2136 2363; x_wconf 82' lang='lat' dir='ltr'>genus</span> <span class='ocrx_word' id='word_1_635' title='bbox 2196 2291 2500 2347; x_wconf 83' lang='lat' dir='ltr'>humanum</span> <span class='ocrx_word' id='word_1_636' title='bbox 2531 2296 2831 2363; x_wconf 84' lang='lat' dir='ltr'>apparuit:</span> <span class='ocrx_word' id='word_1_637' title='bbox 2883 2294 3283 2365; x_wconf 78' lang='lat' dir='ltr'>cataclysmum</span> <span class='ocrx_word' id='word_1_638' title='bbox 3325 2298 3539 2353; x_wconf 80' lang='lat' dir='ltr'>scilicet</span> <span class='ocrx_word' id='word_1_639' title='bbox 3559 2314 3612 2355; x_wconf 87' lang='lat' dir='ltr'>et</span> 
     </span>
    </p>
   </div>
   <div class='ocr_carea' id='block_1_90' title="bbox 1962 2381 3608 2455">
    <p class='ocr_par' dir='ltr' id='par_1_90' title="bbox 1962 2381 3608 2455">
     <span class='ocr_line' id='line_1_90' title="bbox 1962 2381 3608 2455; baseline 0.007 -21"><span class='ocrx_word' id='word_1_640' title='bbox 1962 2385 2110 2436; x_wconf 87' lang='lat' dir='ltr'>retro</span> <span class='ocrx_word' id='word_1_641' title='bbox 2140 2383 2312 2451; x_wconf 80' lang='lat' dir='ltr'>fuisse</span> <span class='ocrx_word' id='word_1_642' title='bbox 2337 2385 2561 2452; x_wconf 86' lang='lat' dir='ltr'>propter</span> <span class='ocrx_word' id='word_1_643' title='bbox 2590 2381 3010 2437; x_wconf 84' lang='lat' dir='ltr'>incredulitates</span> <span class='ocrx_word' id='word_1_644' title='bbox 3056 2388 3105 2437; x_wconf 89' lang='lat' dir='ltr'>et</span> <span class='ocrx_word' id='word_1_645' title='bbox 3136 2386 3464 2455; x_wconf 83' lang='lat' dir='ltr'>iniquitates</span> <span class='ocrx_word' id='word_1_646' title='bbox 3513 2389 3608 2445; x_wconf 86' lang='lat' dir='ltr'>ho-</span> 
     </span>
    </p>
   </div>
   <div class='ocr_carea' id='block_1_91' title="bbox 1961 2470 3605 2547">
    <p class='ocr_par' dir='ltr' id='par_1_91' title="bbox 1961 2470 3605 2547">
     <span class='ocr_line' id='line_1_91' title="bbox 1961 2470 3605 2547; baseline 0.005 -24"><span class='ocrx_word' id='word_1_647' title='bbox 1961 2472 2192 2524; x_wconf 89' lang='lat' dir='ltr'>minum.</span> <span class='ocrx_word' id='word_1_648' title='bbox 2223 2471 2513 2525; x_wconf 87' lang='lat' dir='ltr'>Fortassis</span> <span class='ocrx_word' id='word_1_649' title='bbox 2544 2475 2600 2525; x_wconf 88' lang='lat' dir='ltr'>et</span> <span class='ocrx_word' id='word_1_650' title='bbox 2631 2470 2771 2525; x_wconf 92' lang='lat' dir='ltr'>illud</span> <span class='ocrx_word' id='word_1_651' title='bbox 2808 2489 2826 2527; x_wconf 91' lang='lat'>:</span> <span class='ocrx_word' id='word_1_652' title='bbox 2857 2474 2929 2525; x_wconf 87' lang='lat' dir='ltr'>Et</span> <span class='ocrx_word' id='word_1_653' title='bbox 2958 2488 3119 2544; x_wconf 80' lang='lat' dir='ltr'>ignes</span> <span class='ocrx_word' id='word_1_654' title='bbox 3142 2476 3238 2545; x_wconf 89' lang='lat' dir='ltr'>qui</span> <span class='ocrx_word' id='word_1_655' title='bbox 3272 2492 3437 2547; x_wconf 85' lang='lat' dir='ltr'>super</span> <span class='ocrx_word' id='word_1_656' title='bbox 3474 2494 3605 2532; x_wconf 77' lang='lat' dir='ltr'>mce-</span> 
     </span>
    </p>
   </div>
   <div class='ocr_carea' id='block_1_92' title="bbox 1962 2558 3610 2652">
    <p class='ocr_par' dir='ltr' id='par_1_92' title="bbox 1962 2558 3610 2652">
     <span class='ocr_line' id='line_1_92' title="bbox 1962 2558 3610 2652; baseline 0.004 -38"><span class='ocrx_word' id='word_1_657' title='bbox 1962 2562 2061 2615; x_wconf 86' lang='lat' dir='ltr'>nia</span> <span class='ocrx_word' id='word_1_658' title='bbox 2100 2558 2452 2630; x_wconf 82' lang='lat' dir='ltr'>Carthaginis</span> <span class='ocrx_word' id='word_1_659' title='bbox 2494 2562 2744 2630; x_wconf 71' lang='lat' dir='ltr'>proxime</span> <span class='ocrx_word' id='word_1_660' title='bbox 2793 2561 3163 2632; x_wconf 87' lang='lat' dir='ltr'>pependerunt</span> <span class='ocrx_word' id='word_1_661' title='bbox 3224 2581 3323 2635; x_wconf 90' lang='lat' dir='ltr'>per</span> <span class='ocrx_word' id='word_1_662' title='bbox 3378 2575 3610 2652; x_wconf 55' lang='lat' dir='ltr'>noctem,</span> 
     </span>
    </p>
   </div>
   <div class='ocr_carea' id='block_1_93' title="bbox 1964 2648 3613 2724">
    <p class='ocr_par' dir='ltr' id='par_1_93' title="bbox 1964 2648 3613 2724">
     <span class='ocr_line' id='line_1_93' title="bbox 1964 2648 3613 2724; baseline 0.005 -22"><span class='ocrx_word' id='word_1_663' title='bbox 1964 2648 2095 2722; x_wconf 84' lang='lat' dir='ltr'>quid</span> <span class='ocrx_word' id='word_1_664' title='bbox 2118 2650 2315 2702; x_wconf 86' lang='lat' dir='ltr'>minati</span> <span class='ocrx_word' id='word_1_665' title='bbox 2351 2650 2485 2719; x_wconf 87' lang='lat' dir='ltr'>sint,</span> <span class='ocrx_word' id='word_1_666' title='bbox 2511 2651 2690 2703; x_wconf 87' lang='lat' dir='ltr'>sciunt</span> <span class='ocrx_word' id='word_1_667' title='bbox 2730 2651 2826 2719; x_wconf 88' lang='lat' dir='ltr'>qui</span> <span class='ocrx_word' id='word_1_668' title='bbox 2872 2649 3149 2715; x_wconf 87' lang='lat' dir='ltr'>viderunt,</span> <span class='ocrx_word' id='word_1_669' title='bbox 3175 2656 3226 2707; x_wconf 90' lang='lat' dir='ltr'>et</span> <span class='ocrx_word' id='word_1_670' title='bbox 3269 2655 3510 2724; x_wconf 70' lang='lat' dir='ltr'>pristina</span> <span class='ocrx_word' id='word_1_671' title='bbox 3531 2648 3613 2711; x_wconf 55' lang='lat' dir='ltr'>to;</span> 
     </span>
    </p>
   </div>
   <div class='ocr_carea' id='block_1_94' title="bbox 1966 2737 3614 2809">
    <p class='ocr_par' dir='ltr' id='par_1_94' title="bbox 1966 2737 3614 2809">
     <span class='ocr_line' id='line_1_94' title="bbox 1966 2737 3614 2809; baseline 0.005 -17"><span class='ocrx_word' id='word_1_672' title='bbox 1966 2740 2156 2792; x_wconf 89' lang='lat' dir='ltr'>nitrua</span> <span class='ocrx_word' id='word_1_673' title='bbox 2174 2737 2304 2809; x_wconf 87' lang='lat' dir='ltr'>quid</span> <span class='ocrx_word' id='word_1_674' title='bbox 2333 2740 2610 2803; x_wconf 83' lang='lat' dir='ltr'>sonarint,</span> <span class='ocrx_word' id='word_1_675' title='bbox 2638 2740 2820 2792; x_wconf 84' lang='lat' dir='ltr'>sciunt</span> <span class='ocrx_word' id='word_1_676' title='bbox 2867 2741 2962 2809; x_wconf 89' lang='lat' dir='ltr'>qui</span> <span class='ocrx_word' id='word_1_677' title='bbox 2985 2739 3376 2797; x_wconf 86' lang='lat' dir='ltr'>obduruerunt.</span> <span class='ocrx_word' id='word_1_678' title='bbox 3409 2744 3614 2801; x_wconf 87' lang='lat' dir='ltr'>Omnia</span> 
     </span>
    </p>
   </div>
   <div class='ocr_carea' id='block_1_95' title="bbox 1968 2826 3616 2903">
    <p class='ocr_par' dir='ltr' id='par_1_95' title="bbox 1968 2826 3616 2903">
     <span class='ocr_line' id='line_1_95' title="bbox 1968 2826 3616 2903; baseline 0.005 -22"><span class='ocrx_word' id='word_1_679' title='bbox 1968 2826 2082 2881; x_wconf 67' lang='lat' dir='ltr'>haec</span> <span class='ocrx_word' id='word_1_680' title='bbox 2110 2829 2270 2895; x_wconf 88' lang='lat' dir='ltr'>signa</span> <span class='ocrx_word' id='word_1_681' title='bbox 2324 2832 2455 2881; x_wconf 90' lang='lat' dir='ltr'>sunt</span> <span class='ocrx_word' id='word_1_682' title='bbox 2502 2829 2848 2882; x_wconf 82' lang='lat' dir='ltr'>imminentis</span> <span class='ocrx_word' id='word_1_683' title='bbox 2887 2829 2991 2883; x_wconf 64' lang='lat' dir='ltr'>ira?</span> <span class='ocrx_word' id='word_1_684' title='bbox 3036 2829 3157 2899; x_wconf 89' lang='lat' dir='ltr'>Dei,</span> <span class='ocrx_word' id='word_1_685' title='bbox 3192 2848 3354 2903; x_wconf 89' lang='lat' dir='ltr'>quam</span> <span class='ocrx_word' id='word_1_686' title='bbox 3402 2850 3616 2890; x_wconf 84' lang='lat' dir='ltr'>necesse</span> 
     </span>
    </p>
   </div>
   <div class='ocr_carea' id='block_1_96' title="bbox 1966 2914 3614 2987">
    <p class='ocr_par' dir='ltr' id='par_1_96' title="bbox 1966 2914 3614 2987">
     <span class='ocr_line' id='line_1_96' title="bbox 1966 2914 3614 2987; baseline 0.004 -16"><span class='ocrx_word' id='word_1_687' title='bbox 1966 2925 2064 2983; x_wconf 80' lang='lat' dir='ltr'>est,</span> <span class='ocrx_word' id='word_1_688' title='bbox 2098 2931 2306 2987; x_wconf 90' lang='lat' dir='ltr'>quoquo</span> <span class='ocrx_word' id='word_1_689' title='bbox 2352 2914 2509 2969; x_wconf 86' lang='lat' dir='ltr'>modo</span> <span class='ocrx_word' id='word_1_690' title='bbox 2562 2931 2869 2986; x_wconf 87' lang='lat' dir='ltr'>possumus,</span> <span class='ocrx_word' id='word_1_691' title='bbox 2930 2920 2989 2970; x_wconf 88' lang='lat' dir='ltr'>ut</span> <span class='ocrx_word' id='word_1_692' title='bbox 3018 2922 3074 2971; x_wconf 91' lang='lat' dir='ltr'>et</span> <span class='ocrx_word' id='word_1_693' title='bbox 3119 2921 3517 2976; x_wconf 87' lang='lat' dir='ltr'>annuntiemus</span> <span class='ocrx_word' id='word_1_694' title='bbox 3564 2927 3614 2978; x_wconf 90' lang='lat' dir='ltr'>et</span> 
     </span>
    </p>
   </div>
   <div class='ocr_carea' id='block_1_97' title="bbox 1965 3004 3610 3077">
    <p class='ocr_par' dir='ltr' id='par_1_97' title="bbox 1965 3004 3610 3077">
     <span class='ocr_line' id='line_1_97' title="bbox 1965 3004 3610 3077; baseline 0.005 -18"><span class='ocrx_word' id='word_1_695' title='bbox 1965 3005 2349 3077; x_wconf 70' lang='lat' dir='ltr'>prtedicemus,</span> <span class='ocrx_word' id='word_1_696' title='bbox 2405 3007 2454 3059; x_wconf 86' lang='lat' dir='ltr'>et</span> <span class='ocrx_word' id='word_1_697' title='bbox 2500 3004 2847 3075; x_wconf 86' lang='lat' dir='ltr'>deprecemur</span> <span class='ocrx_word' id='word_1_698' title='bbox 2878 3006 3104 3061; x_wconf 84' lang='lat' dir='ltr'>tocalem</span> <span class='ocrx_word' id='word_1_699' title='bbox 3136 3024 3265 3075; x_wconf 88' lang='lat' dir='ltr'>esse,</span> <span class='ocrx_word' id='word_1_700' title='bbox 3322 3011 3610 3067; x_wconf 83' lang='lat' dir='ltr'>Universa-</span> 
     </span>
    </p>
   </div>
   <div class='ocr_carea' id='block_1_98' title="bbox 1973 3095 3615 3172">
    <p class='ocr_par' dir='ltr' id='par_1_98' title="bbox 1973 3095 3615 3172">
     <span class='ocr_line' id='line_1_98' title="bbox 1973 3095 3615 3172; baseline 0.003 -22"><span class='ocrx_word' id='word_1_701' title='bbox 1973 3095 2075 3150; x_wconf 89' lang='lat' dir='ltr'>lem</span> <span class='ocrx_word' id='word_1_702' title='bbox 2102 3096 2250 3148; x_wconf 90' lang='lat' dir='ltr'>enim</span> <span class='ocrx_word' id='word_1_703' title='bbox 2297 3103 2351 3147; x_wconf 91' lang='lat' dir='ltr'>et</span> <span class='ocrx_word' id='word_1_704' title='bbox 2388 3110 2699 3163; x_wconf 87' lang='lat' dir='ltr'>supremam</span> <span class='ocrx_word' id='word_1_705' title='bbox 2754 3110 2851 3149; x_wconf 87' lang='lat' dir='ltr'>suo</span> <span class='ocrx_word' id='word_1_706' title='bbox 2904 3104 3158 3166; x_wconf 89' lang='lat' dir='ltr'>tempore,</span> <span class='ocrx_word' id='word_1_707' title='bbox 3214 3100 3468 3167; x_wconf 85' lang='lat' dir='ltr'>sentient,</span> <span class='ocrx_word' id='word_1_708' title='bbox 3517 3102 3615 3172; x_wconf 86' lang='lat' dir='ltr'>qui</span> 
     </span>
    </p>
   </div>
   <div class='ocr_carea' id='block_1_99' title="bbox 1972 3183 3054 3255">
    <p class='ocr_par' dir='ltr' id='par_1_99' title="bbox 1972 3183 3054 3255">
     <span class='ocr_line' id='line_1_99' title="bbox 1972 3183 3054 3255; baseline -0.002 -16"><span class='ocrx_word' id='word_1_709' title='bbox 1972 3184 2225 3255; x_wconf 74' lang='lat' dir='ltr'>exempla</span> <span class='ocrx_word' id='word_1_710' title='bbox 2253 3183 2371 3253; x_wconf 85' lang='lat' dir='ltr'>ejus</span> <span class='ocrx_word' id='word_1_711' title='bbox 2400 3184 2567 3237; x_wconf 82' lang='lat' dir='ltr'>aliter</span> <span class='ocrx_word' id='word_1_712' title='bbox 2598 3187 3054 3253; x_wconf 85' lang='lat' dir='ltr'>interpretantur.</span> 
     </span>
    </p>
   </div>
   <div class='ocr_carea' id='block_1_100' title="bbox 2529 3288 3056 3328">
    <p class='ocr_par' dir='ltr' id='par_1_100' title="bbox 2529 3288 3056 3328">
     <span class='ocr_line' id='line_1_100' title="bbox 2529 3288 3056 3328; baseline 0.004 -3"><span class='ocrx_word' id='word_1_713' title='bbox 2529 3288 2679 3326; x_wconf 72' lang='lat' dir='ltr'>ANNO</span> <span class='ocrx_word' id='word_1_714' title='bbox 2703 3289 2905 3327; x_wconf 78' lang='lat' dir='ltr'>DOMINI</span> <span class='ocrx_word' id='word_1_715' title='bbox 2929 3289 3056 3328; x_wconf 84' lang='lat' dir='ltr'>CCII.</span> 
     </span>
    </p>
   </div>
   <div class='ocr_carea' id='block_1_101' title="bbox 2040 3361 3616 3437">
    <p class='ocr_par' dir='ltr' id='par_1_101' title="bbox 2040 3361 3616 3437">
     <span class='ocr_line' id='line_1_101' title="bbox 2040 3361 3616 3437; baseline 0.004 -21"><span class='ocrx_word' id='word_1_716' title='bbox 2040 3361 2186 3432; x_wconf 87' lang='lat' dir='ltr'>§XI.</span> <span class='ocrx_word' id='word_1_717' title='bbox 2223 3361 2294 3417; x_wconf 92' lang='lat' dir='ltr'>De</span> <span class='ocrx_word' id='word_1_718' title='bbox 2323 3362 2459 3416; x_wconf 88' lang='lat' dir='ltr'>aliis</span> <span class='ocrx_word' id='word_1_719' title='bbox 2500 3361 2638 3416; x_wconf 90' lang='lat' dir='ltr'>bona</span> <span class='ocrx_word' id='word_1_720' title='bbox 2668 3361 2773 3430; x_wconf 80' lang='lat' dir='ltr'>ﬁde</span> <span class='ocrx_word' id='word_1_721' title='bbox 2794 3364 3014 3433; x_wconf 85' lang='lat' dir='ltr'>scriptis</span> <span class='ocrx_word' id='word_1_722' title='bbox 3051 3363 3131 3418; x_wconf 83' lang='lat' dir='ltr'>ad</span> <span class='ocrx_word' id='word_1_723' title='bbox 3176 3362 3495 3437; x_wconf 82' lang='lat' dir='ltr'>Scapulam,</span> <span class='ocrx_word' id='word_1_724' title='bbox 3546 3368 3616 3423; x_wconf 91' lang='lat' dir='ltr'>ad</span> 
     </span>
    </p>
   </div>
   <div class='ocr_carea' id='block_1_102' title="bbox 1971 3487 3619 3559">
    <p class='ocr_par' dir='ltr' id='par_1_102' title="bbox 1971 3487 3619 3559">
     <span class='ocr_line' id='line_1_102' title="bbox 1971 3487 3619 3559; baseline 0.002 -15"><span class='ocrx_word' id='word_1_725' title='bbox 1971 3490 2136 3544; x_wconf 89' lang='lat' dir='ltr'>ﬁrma</span> <span class='ocrx_word' id='word_1_726' title='bbox 2159 3487 2472 3559; x_wconf 90' lang='lat' dir='ltr'>;siquidem</span> <span class='ocrx_word' id='word_1_727' title='bbox 2503 3488 2674 3541; x_wconf 87' lang='lat' dir='ltr'>unice</span> <span class='ocrx_word' id='word_1_728' title='bbox 2705 3488 2979 3544; x_wconf 91' lang='lat' dir='ltr'>innititur</span> <span class='ocrx_word' id='word_1_729' title='bbox 3007 3492 3343 3546; x_wconf 89' lang='lat' dir='ltr'>testimonio</span> <span class='ocrx_word' id='word_1_730' title='bbox 3392 3494 3619 3548; x_wconf 67' lang='lat' dir='ltr'>Praede-</span> 
     </span>
    </p>
   </div>
   <div class='ocr_carea' id='block_1_103' title="bbox 1970 3560 3621 3634">
    <p class='ocr_par' dir='ltr' id='par_1_103' title="bbox 1970 3560 3621 3634">
     <span class='ocr_line' id='line_1_103' title="bbox 1970 3560 3621 3634; baseline 0.003 -18"><span class='ocrx_word' id='word_1_731' title='bbox 1970 3562 2170 3617; x_wconf 88' lang='lat' dir='ltr'>stinati</span> <span class='ocrx_word' id='word_1_732' title='bbox 2195 3560 2470 3634; x_wconf 83' lang='lat' dir='ltr'>auctoris,</span> <span class='ocrx_word' id='word_1_733' title='bbox 2502 3561 2671 3628; x_wconf 85' lang='lat' dir='ltr'>cujus</span> <span class='ocrx_word' id='word_1_734' title='bbox 2699 3561 2853 3631; x_wconf 85' lang='lat' dir='ltr'>apud</span> <span class='ocrx_word' id='word_1_735' title='bbox 2904 3562 3209 3634; x_wconf 86' lang='lat' dir='ltr'>plerosque</span> <span class='ocrx_word' id='word_1_736' title='bbox 3238 3565 3621 3621; x_wconf 88' lang='lat' dir='ltr'>emunctioris</span> 
     </span>
    </p>
   </div>
   <div class='ocr_carea' id='block_1_104' title="bbox 1973 3632 3620 3703">
    <p class='ocr_par' dir='ltr' id='par_1_104' title="bbox 1973 3632 3620 3703">
     <span class='ocr_line' id='line_1_104' title="bbox 1973 3632 3620 3703; baseline 0.002 -15"><span class='ocrx_word' id='word_1_737' title='bbox 1973 3635 2133 3688; x_wconf 90' lang='lat' dir='ltr'>naris</span> <span class='ocrx_word' id='word_1_738' title='bbox 2159 3632 2411 3698; x_wconf 86' lang='lat' dir='ltr'>eriticos,</span> <span class='ocrx_word' id='word_1_739' title='bbox 2449 3639 2683 3703; x_wconf 84' lang='lat' dir='ltr'>propter</span> <span class='ocrx_word' id='word_1_740' title='bbox 2707 3634 3047 3687; x_wconf 89' lang='lat' dir='ltr'>innumeros</span> <span class='ocrx_word' id='word_1_741' title='bbox 3079 3632 3324 3703; x_wconf 81' lang='lat' dir='ltr'>errores,</span> <span class='ocrx_word' id='word_1_742' title='bbox 3358 3637 3449 3689; x_wconf 80' lang='lat' dir='ltr'>vix</span> <span class='ocrx_word' id='word_1_743' title='bbox 3502 3637 3620 3693; x_wconf 91' lang='lat' dir='ltr'>ulla</span> 
     </span>
    </p>
   </div>
   <div class='ocr_carea' id='block_1_105' title="bbox 1973 3704 3616 3776">
    <p class='ocr_par' dir='ltr' id='par_1_105' title="bbox 1973 3704 3616 3776">
     <span class='ocr_line' id='line_1_105' title="bbox 1973 3704 3616 3776; baseline 0.002 -16"><span class='ocrx_word' id='word_1_744' title='bbox 1973 3711 2062 3760; x_wconf 91' lang='lat' dir='ltr'>cst</span> <span class='ocrx_word' id='word_1_745' title='bbox 2091 3704 2430 3758; x_wconf 85' lang='lat' dir='ltr'>auctoritas.</span> <span class='ocrx_word' id='word_1_746' title='bbox 2491 3707 2699 3758; x_wconf 84' lang='lat' dir='ltr'>Verum</span> <span class='ocrx_word' id='word_1_747' title='bbox 2736 3709 2938 3757; x_wconf 86' lang='lat' dir='ltr'>nostra</span> <span class='ocrx_word' id='word_1_748' title='bbox 2972 3722 3175 3776; x_wconf 85' lang='lat' dir='ltr'>parum</span> <span class='ocrx_word' id='word_1_749' title='bbox 3222 3708 3485 3776; x_wconf 84' lang='lat' dir='ltr'>interest,</span> <span class='ocrx_word' id='word_1_750' title='bbox 3544 3727 3616 3764; x_wconf 86' lang='lat' dir='ltr'>an</span> 
     </span>
    </p>
   </div>
   <div class='ocr_carea' id='block_1_106' title="bbox 1976 3775 3618 3849">
    <p class='ocr_par' dir='ltr' id='par_1_106' title="bbox 1976 3775 3618 3849">
     <span class='ocr_line' id='line_1_106' title="bbox 1976 3775 3618 3849; baseline 0.003 -18"><span class='ocrx_word' id='word_1_751' title='bbox 1976 3783 2168 3849; x_wconf 65' lang='lat' dir='ltr'>Romae</span> <span class='ocrx_word' id='word_1_752' title='bbox 2196 3776 2286 3829; x_wconf 89' lang='lat' dir='ltr'>vel</span> <span class='ocrx_word' id='word_1_753' title='bbox 2316 3775 2683 3849; x_wconf 67' lang='lat' dir='ltr'>Carthagine,</span> <span class='ocrx_word' id='word_1_754' title='bbox 2708 3775 2804 3849; x_wconf 82' lang='lat' dir='ltr'>vel</span> <span class='ocrx_word' id='word_1_755' title='bbox 2838 3782 2904 3829; x_wconf 89' lang='lat' dir='ltr'>ut</span> <span class='ocrx_word' id='word_1_756' title='bbox 2934 3775 3153 3849; x_wconf 84' lang='lat' dir='ltr'>mavult</span> <span class='ocrx_word' id='word_1_757' title='bbox 3182 3777 3260 3832; x_wconf 82' lang='lat' dir='ltr'>Gl.</span> <span class='ocrx_word' id='word_1_758' title='bbox 3293 3780 3381 3834; x_wconf 90' lang='lat' dir='ltr'>Jo.</span> <span class='ocrx_word' id='word_1_759' title='bbox 3412 3775 3618 3849; x_wconf 73' lang='lat' dir='ltr'>Georg.</span> 
     </span>
    </p>
   </div>
   <div class='ocr_carea' id='block_1_107' title="bbox 1980 3846 3617 3918">
    <p class='ocr_par' dir='ltr' id='par_1_107' title="bbox 1980 3846 3617 3918">
     <span class='ocr_line' id='line_1_107' title="bbox 1980 3846 3617 3918; baseline 0 -13"><span class='ocrx_word' id='word_1_760' title='bbox 1980 3847 2263 3905; x_wconf 85' lang='lat' dir='ltr'>Wulchius</span> <span class='ocrx_word' id='word_1_761' title='bbox 2308 3848 2409 3918; x_wconf 80' lang='lat' dir='ltr'>(lo.</span> <span class='ocrx_word' id='word_1_762' title='bbox 2461 3846 2649 3915; x_wconf 86' lang='lat' dir='ltr'>Georg.</span> <span class='ocrx_word' id='word_1_763' title='bbox 2707 3848 2909 3901; x_wconf 79' lang='lat' dir='ltr'>Walc/i.</span> <span class='ocrx_word' id='word_1_764' title='bbox 2962 3848 3107 3903; x_wconf 87' lang='lat' dir='ltr'>Hist.</span> <span class='ocrx_word' id='word_1_765' title='bbox 3154 3851 3303 3905; x_wconf 90' lang='lat' dir='ltr'>Eccl.</span> <span class='ocrx_word' id='word_1_766' title='bbox 3375 3858 3513 3906; x_wconf 86' lang='lat' dir='ltr'>sect.</span> <span class='ocrx_word' id='word_1_767' title='bbox 3563 3846 3617 3907; x_wconf 80' lang='lat'>2.</span> 
     </span>
    </p>
   </div>
   <div class='ocr_carea' id='block_1_108' title="bbox 1976 3920 2608 3991">
    <p class='ocr_par' dir='ltr' id='par_1_108' title="bbox 1976 3920 2608 3991">
     <span class='ocr_line' id='line_1_108' title="bbox 1976 3920 2608 3991; baseline -0.005 -16"><span class='ocrx_word' id='word_1_768' title='bbox 1976 3937 2102 3991; x_wconf 86' lang='lat' dir='ltr'>cap.</span> <span class='ocrx_word' id='word_1_769' title='bbox 2162 3920 2212 3987; x_wconf 86' lang='grc'>1,</span> <span class='ocrx_word' id='word_1_770' title='bbox 2274 3935 2401 3989; x_wconf 78' lang='lat' dir='ltr'>pag.</span> <span class='ocrx_word' id='word_1_771' title='bbox 2460 3920 2608 3989; x_wconf 68' lang='lat'>643),</span> 
     </span>
    </p>
   </div>
   <div class='ocr_carea' id='block_1_109' title="bbox 1977 3991 2305 4062">
    <p class='ocr_par' dir='ltr' id='par_1_109' title="bbox 1977 3991 2305 4062">
     <span class='ocr_line' id='line_1_109' title="bbox 1977 3991 2305 4062; baseline -0.012 -16"><span class='ocrx_word' id='word_1_772' title='bbox 1977 3991 2305 4062; x_wconf 84' lang='lat' dir='ltr'>Presbyter.</span> 
     </span>
    </p>
   </div>
   <div class='ocr_carea' id='block_1_110' title="bbox 2048 4059 3623 4132">
    <p class='ocr_par' dir='ltr' id='par_1_110' title="bbox 2048 4059 3623 4132">
     <span class='ocr_line' id='line_1_110' title="bbox 2048 4059 3623 4132; baseline 0.003 -17"><span class='ocrx_word' id='word_1_773' title='bbox 2048 4059 2511 4132; x_wconf 52' lang='lat' dir='ltr'>(lif’l‘ertulliani</span> <span class='ocrx_word' id='word_1_774' title='bbox 2535 4059 2967 4115; x_wconf 88' lang='lat' dir='ltr'>Matrimonium</span> <span class='ocrx_word' id='word_1_775' title='bbox 2995 4079 3171 4132; x_wconf 85' lang='lat' dir='ltr'>supra</span> <span class='ocrx_word' id='word_1_776' title='bbox 3201 4062 3623 4119; x_wconf 89' lang='lat' dir='ltr'>dubitationem</span> 
     </span>
    </p>
   </div>
   <div class='ocr_carea' id='block_1_111' title="bbox 1979 4132 3628 4206">
    <p class='ocr_par' dir='ltr' id='par_1_111' title="bbox 1979 4132 3628 4206">
     <span class='ocr_line' id='line_1_111' title="bbox 1979 4132 3628 4206; baseline 0.001 -17"><span class='ocrx_word' id='word_1_777' title='bbox 1979 4136 2234 4206; x_wconf 90' lang='lat' dir='ltr'>positum</span> <span class='ocrx_word' id='word_1_778' title='bbox 2268 4139 2374 4187; x_wconf 85' lang='lat' dir='ltr'>est.</span> <span class='ocrx_word' id='word_1_779' title='bbox 2412 4132 2551 4186; x_wconf 77' lang='lat' dir='ltr'>Rem</span> <span class='ocrx_word' id='word_1_780' title='bbox 2583 4133 2919 4206; x_wconf 75' lang='lat' dir='ltr'>coniiciunt,</span> <span class='ocrx_word' id='word_1_781' title='bbox 2946 4134 3029 4188; x_wconf 91' lang='lat' dir='ltr'>uti</span> <span class='ocrx_word' id='word_1_782' title='bbox 3057 4137 3175 4202; x_wconf 87' lang='lat' dir='ltr'>jam</span> <span class='ocrx_word' id='word_1_783' title='bbox 3209 4136 3628 4205; x_wconf 84' lang='lat' dir='ltr'>diximus,libri</span> 
     </span>
    </p>
   </div>
   <div class='ocr_carea' id='block_1_112' title="bbox 1980 4205 3624 4275">
    <p class='ocr_par' dir='ltr' id='par_1_112' title="bbox 1980 4205 3624 4275">
     <span class='ocr_line' id='line_1_112' title="bbox 1980 4205 3624 4275; baseline 0.002 -14"><span class='ocrx_word' id='word_1_784' title='bbox 1980 4205 2108 4275; x_wconf 76' lang='lat' dir='ltr'>ejus</span> <span class='ocrx_word' id='word_1_785' title='bbox 2139 4206 2209 4259; x_wconf 87' lang='lat' dir='ltr'>ad</span> <span class='ocrx_word' id='word_1_786' title='bbox 2247 4209 2512 4269; x_wconf 87' lang='lat' dir='ltr'>Uxorem,</span> <span class='ocrx_word' id='word_1_787' title='bbox 2548 4220 2733 4275; x_wconf 89' lang='lat' dir='ltr'>usque</span> <span class='ocrx_word' id='word_1_788' title='bbox 2760 4205 2829 4258; x_wconf 91' lang='lat' dir='ltr'>ad</span> <span class='ocrx_word' id='word_1_789' title='bbox 2854 4206 3245 4261; x_wconf 71' lang='lat' dir='ltr'>hancaatatem</span> <span class='ocrx_word' id='word_1_790' title='bbox 3279 4209 3624 4264; x_wconf 85' lang='lat' dir='ltr'>conservati.</span> 
     </span>
    </p>
   </div>
   <div class='ocr_carea' id='block_1_113' title="bbox 1979 4276 3627 4359">
    <p class='ocr_par' dir='ltr' id='par_1_113' title="bbox 1979 4276 3627 4359">
     <span class='ocr_line' id='line_1_113' title="bbox 1979 4276 3627 4359; baseline 0 -27"><span class='ocrx_word' id='word_1_791' title='bbox 1979 4281 2063 4333; x_wconf 88' lang='lat' dir='ltr'>An</span> <span class='ocrx_word' id='word_1_792' title='bbox 2099 4283 2294 4331; x_wconf 83' lang='lat' dir='ltr'>autem</span> <span class='ocrx_word' id='word_1_793' title='bbox 2326 4276 2936 4359; x_wconf 74' lang='lat' dir='ltr'>sacerdotalimunere</span> <span class='ocrx_word' id='word_1_794' title='bbox 2984 4278 3325 4359; x_wconf 60' lang='lat' dir='ltr'>fungeretur</span> <span class='ocrx_word' id='word_1_795' title='bbox 3357 4296 3422 4334; x_wconf 88' lang='lat' dir='ltr'>eo</span> <span class='ocrx_word' id='word_1_796' title='bbox 3477 4286 3627 4359; x_wconf 75' lang='lat' dir='ltr'>tem-</span> 
     </span>
    </p>
   </div>
   <div class='ocr_carea' id='block_1_114' title="bbox 1982 4347 3627 4433">
    <p class='ocr_par' dir='ltr' id='par_1_114' title="bbox 1982 4347 3627 4433">
     <span class='ocr_line' id='line_1_114' title="bbox 1982 4347 3627 4433; baseline -0.001 -28"><span class='ocrx_word' id='word_1_797' title='bbox 1982 4366 2141 4433; x_wconf 63' lang='lat' dir='ltr'>pore1</span> <span class='ocrx_word' id='word_1_798' title='bbox 2175 4365 2289 4430; x_wconf 78' lang='lat' dir='ltr'>quo</span> <span class='ocrx_word' id='word_1_799' title='bbox 2312 4348 2380 4401; x_wconf 85' lang='lat' dir='ltr'>ad</span> <span class='ocrx_word' id='word_1_800' title='bbox 2414 4347 2829 4433; x_wconf 71' lang='lat' dir='ltr'>continentiam</span> <span class='ocrx_word' id='word_1_801' title='bbox 2866 4349 2931 4433; x_wconf 33' lang='lat' dir='ltr'>in.</span> <span class='ocrx_word' id='word_1_802' title='bbox 2954 4347 3234 4431; x_wconf 78' lang='lat' dir='ltr'>viduitate</span> <span class='ocrx_word' id='word_1_803' title='bbox 3281 4352 3627 4432; x_wconf 39' lang='lat' dir='ltr'>serv-audam</span> 
     </span>
    </p>
   </div>
   <div class='ocr_carea' id='block_1_115' title="bbox 1983 4419 3625 4492">
    <p class='ocr_par' dir='ltr' id='par_1_115' title="bbox 1983 4419 3625 4492">
     <span class='ocr_line' id='line_1_115' title="bbox 1983 4419 3625 4492; baseline 0 -17"><span class='ocrx_word' id='word_1_804' title='bbox 1983 4419 2055 4476; x_wconf 85' lang='lat' dir='ltr'>iis</span> <span class='ocrx_word' id='word_1_805' title='bbox 2087 4422 2249 4475; x_wconf 86' lang='lat' dir='ltr'>libris</span> <span class='ocrx_word' id='word_1_806' title='bbox 2285 4435 2521 4473; x_wconf 76' lang='lat' dir='ltr'>uxorem</span> <span class='ocrx_word' id='word_1_807' title='bbox 2545 4419 2812 4492; x_wconf 76' lang='lat' dir='ltr'>hortatus</span> <span class='ocrx_word' id='word_1_808' title='bbox 2850 4425 2959 4484; x_wconf 92' lang='lat' dir='ltr'>est,</span> <span class='ocrx_word' id='word_1_809' title='bbox 2994 4422 3147 4475; x_wconf 88' lang='lat' dir='ltr'>inter</span> <span class='ocrx_word' id='word_1_810' title='bbox 3204 4438 3265 4475; x_wconf 88' lang='lat' dir='ltr'>se</span> <span class='ocrx_word' id='word_1_811' title='bbox 3309 4424 3625 4492; x_wconf 89' lang='lat' dir='ltr'>scriptores</span> 
     </span>
    </p>
   </div>
   <div class='ocr_carea' id='block_1_116' title="bbox 1985 4490 3632 4549">
    <p class='ocr_par' dir='ltr' id='par_1_116' title="bbox 1985 4490 3632 4549">
     <span class='ocr_line' id='line_1_116' title="bbox 1985 4490 3632 4549; baseline -0.001 -1"><span class='ocrx_word' id='word_1_812' title='bbox 1985 4494 2291 4548; x_wconf 88' lang='lat' dir='ltr'>dissident.</span> <span class='ocrx_word' id='word_1_813' title='bbox 2332 4493 2376 4544; x_wconf 85' lang='lat' dir='ltr'>A</span> <span class='ocrx_word' id='word_1_814' title='bbox 2430 4490 2677 4544; x_wconf 86' lang='lat' dir='ltr'>maritali</span> <span class='ocrx_word' id='word_1_815' title='bbox 2702 4498 2891 4545; x_wconf 89' lang='lat' dir='ltr'>autem</span> <span class='ocrx_word' id='word_1_816' title='bbox 2925 4494 3116 4546; x_wconf 79' lang='lat' dir='ltr'>ofﬁcio</span> <span class='ocrx_word' id='word_1_817' title='bbox 3147 4509 3278 4546; x_wconf 91' lang='lat' dir='ltr'>eum</span> <span class='ocrx_word' id='word_1_818' title='bbox 3314 4490 3452 4547; x_wconf 81' lang='lat' dir='ltr'>tunc</span> <span class='ocrx_word' id='word_1_819' title='bbox 3500 4511 3632 4549; x_wconf 88' lang='lat' dir='ltr'>om-</span> 
     </span>
    </p>
   </div>
   <div class='ocr_carea' id='block_1_117' title="bbox 1986 4563 3629 4629">
    <p class='ocr_par' dir='ltr' id='par_1_117' title="bbox 1986 4563 3629 4629">
     <span class='ocr_line' id='line_1_117' title="bbox 1986 4563 3629 4629; baseline 0 -9"><span class='ocrx_word' id='word_1_820' title='bbox 1986 4566 2121 4620; x_wconf 89' lang='lat' dir='ltr'>nino</span> <span class='ocrx_word' id='word_1_821' title='bbox 2154 4581 2265 4618; x_wconf 89' lang='lat' dir='ltr'>non</span> <span class='ocrx_word' id='word_1_822' title='bbox 2294 4563 2690 4629; x_wconf 84' lang='lat' dir='ltr'>abhorruisse,</span> <span class='ocrx_word' id='word_1_823' title='bbox 2718 4563 2837 4617; x_wconf 73' lang='lat' dir='ltr'>hinc</span> <span class='ocrx_word' id='word_1_824' title='bbox 2864 4564 3035 4618; x_wconf 89' lang='lat' dir='ltr'>verba</span> <span class='ocrx_word' id='word_1_825' title='bbox 3085 4566 3381 4619; x_wconf 86' lang='lat' dir='ltr'>indicant:</span> <span class='ocrx_word' id='word_1_826' title='bbox 3443 4566 3629 4620; x_wconf 83' lang='lat' dir='ltr'>Facul-</span> 
     </span>
    </p>
   </div>
   <div class='ocr_carea' id='block_1_118' title="bbox 2663 3918 3620 3979">
    <p class='ocr_par' dir='ltr' id='par_1_118' title="bbox 2663 3918 3620 3979">
     <span class='ocr_line' id='line_1_118' title="bbox 2663 3918 3620 3979; baseline 0.007 -7"><span class='ocrx_word' id='word_1_827' title='bbox 2663 3918 2885 3974; x_wconf 88' lang='lat' dir='ltr'>nullius</span> <span class='ocrx_word' id='word_1_828' title='bbox 2925 3926 3093 3975; x_wconf 70' lang='lat' dir='ltr'>certis</span> <span class='ocrx_word' id='word_1_829' title='bbox 3136 3921 3405 3977; x_wconf 84' lang='lat' dir='ltr'>Ecclesiae</span> <span class='ocrx_word' id='word_1_830' title='bbox 3446 3924 3620 3979; x_wconf 82' lang='lat' dir='ltr'>fuerit</span> 
     </span>
    </p>
   </div>
   <div class='ocr_carea' id='block_1_119' title="bbox 1911 4636 3628 4740">
    <p class='ocr_par' dir='ltr' id='par_1_119' title="bbox 1911 4636 3628 4740">
     <span class='ocr_line' id='line_1_119' title="bbox 1911 4636 3628 4740; baseline -0.001 -47"><span class='ocrx_word' id='word_1_831' title='bbox 1911 4677 1955 4740; x_wconf 68' lang='grc' dir='ltr'>Β</span> <span class='ocrx_word' id='word_1_832' title='bbox 1986 4644 2152 4693; x_wconf 84' lang='lat' dir='ltr'>tatem</span> <span class='ocrx_word' id='word_1_833' title='bbox 2188 4636 2565 4740; x_wconf 51' lang='lat' dir='ltr'>continentiie,</span> <span class='ocrx_word' id='word_1_834' title='bbox 2618 4638 2883 4740; x_wconf 64' lang='lat' dir='ltr'>quantum</span> <span class='ocrx_word' id='word_1_835' title='bbox 2930 4652 3238 4704; x_wconf 81' lang='lat' dir='ltr'>possumus,</span> <span class='ocrx_word' id='word_1_836' title='bbox 3289 4639 3628 4740; x_wconf 46' lang='lat' dir='ltr'>diligamus:</span> 
     </span>
     <span class='ocr_line' id='line_1_120' title="bbox 1991 4707 3628 4740; baseline 0 0"><span class='ocrx_word' id='word_1_837' title='bbox 1991 4726 2149 4740; x_wconf 73' lang='grc' dir='ltr'>ηυηυνι</span> <span class='ocrx_word' id='word_1_838' title='bbox 2184 4709 2420 4740; x_wconf 61' lang='grc' dir='ltr'>τιμὴν-ἠν</span> <span class='ocrx_word' id='word_1_839' title='bbox 2455 4721 2481 4740; x_wconf 85' lang='lat' dir='ltr'>n</span> <span class='ocrx_word' id='word_1_840' title='bbox 2504 4707 2733 4740; x_wconf 59' lang='grc' dir='ltr'>ηωκρνιᾋ</span> <span class='ocrx_word' id='word_1_841' title='bbox 2776 4708 2848 4740; x_wconf 66' lang='lat' dir='ltr'>q&#39;m</span> <span class='ocrx_word' id='word_1_842' title='bbox 2876 4707 3104 4740; x_wconf 66' lang='grc' dir='ltr'>ηἸιηγνηιι-</span> <span class='ocrx_word' id='word_1_843' title='bbox 3161 4717 3218 4740; x_wconf 69' lang='grc' dir='ltr'><strong>ηρ</strong></span> <span class='ocrx_word' id='word_1_844' title='bbox 3250 4725 3350 4740; x_wconf 69' lang='lat' dir='ltr'>nun</span> <span class='ocrx_word' id='word_1_845' title='bbox 3408 4711 3461 4740; x_wconf 63' lang='grc' dir='ltr'>ἑκ</span> <span class='ocrx_word' id='word_1_846' title='bbox 3526 4710 3628 4740; x_wconf 60' lang='lat' dir='ltr'>Mn,</span> 
     </span>
    </p>
   </div>
   <div class='ocr_carea' id='block_1_120' title="bbox 1988 4706 3632 4781">
    <p class='ocr_par' dir='ltr' id='par_1_120' title="bbox 1988 4706 3632 4781">
     <span class='ocr_line' id='line_1_121' title="bbox 1988 4706 3632 4781; baseline 0.001 -19"><span class='ocrx_word' id='word_1_847' title='bbox 1988 4726 2149 4781; x_wconf 90' lang='lat' dir='ltr'>quam</span> <span class='ocrx_word' id='word_1_848' title='bbox 2180 4709 2424 4778; x_wconf 88' lang='lat' dir='ltr'>primum</span> <span class='ocrx_word' id='word_1_849' title='bbox 2453 4706 2759 4781; x_wconf 71' lang='lat' dir='ltr'>obvenerit,</span> <span class='ocrx_word' id='word_1_850' title='bbox 2776 4707 3121 4781; x_wconf 30' lang='lat' dir='ltr'>imbiba-mus.</span> <span class='ocrx_word' id='word_1_851' title='bbox 3161 4717 3218 4762; x_wconf 85' lang='lat' dir='ltr'>ut</span> <span class='ocrx_word' id='word_1_852' title='bbox 3248 4709 3465 4778; x_wconf 85' lang='lat' dir='ltr'>quodin</span> <span class='ocrx_word' id='word_1_853' title='bbox 3507 4710 3632 4781; x_wconf 77' lang='grc' dir='ltr'>Μα-</span> 
     </span>
    </p>
   </div>
   <div class='ocr_carea' id='block_1_121' title="bbox 1987 4777 3635 4851">
    <p class='ocr_par' dir='ltr' id='par_1_121' title="bbox 1987 4777 3635 4851">
     <span class='ocr_line' id='line_1_122' title="bbox 1987 4777 3635 4851; baseline -0.001 -15"><span class='ocrx_word' id='word_1_854' title='bbox 1987 4777 2246 4836; x_wconf 69' lang='lat' dir='ltr'>trimonia</span> <span class='ocrx_word' id='word_1_855' title='bbox 2278 4795 2383 4833; x_wconf 88' lang='lat' dir='ltr'>non</span> <span class='ocrx_word' id='word_1_856' title='bbox 2414 4779 2709 4851; x_wconf 81' lang='lat' dir='ltr'>valuimus,</span> <span class='ocrx_word' id='word_1_857' title='bbox 2739 4780 2797 4831; x_wconf 90' lang='lat' dir='ltr'>in</span> <span class='ocrx_word' id='word_1_858' title='bbox 2831 4777 3100 4833; x_wconf 83' lang='lat' dir='ltr'>viduitate</span> <span class='ocrx_word' id='word_1_859' title='bbox 3140 4777 3417 4835; x_wconf 75' lang='lat' dir='ltr'>sectemur</span> <span class='ocrx_word' id='word_1_860' title='bbox 3466 4780 3533 4851; x_wconf 82' lang='grc' dir='ltr'>(ἰ.</span> <span class='ocrx_word' id='word_1_861' title='bbox 3594 4798 3635 4835; x_wconf 88' lang='grc' dir='ltr'>Ῑ.</span> 
     </span>
    </p>
   </div>
   <div class='ocr_carea' id='block_1_122' title="bbox 1988 4850 3637 4923">
    <p class='ocr_par' dir='ltr' id='par_1_122' title="bbox 1988 4850 3637 4923">
     <span class='ocr_line' id='line_1_123' title="bbox 1988 4850 3637 4923; baseline -0.002 -15"><span class='ocrx_word' id='word_1_862' title='bbox 1988 4854 2067 4908; x_wconf 86' lang='lat' dir='ltr'>ad</span> <span class='ocrx_word' id='word_1_863' title='bbox 2114 4853 2371 4913; x_wconf 78' lang='lat' dir='ltr'>Uxorem,</span> <span class='ocrx_word' id='word_1_864' title='bbox 2424 4866 2473 4903; x_wconf 90' lang='lat' dir='ltr'>c.</span> <span class='ocrx_word' id='word_1_865' title='bbox 2525 4850 2602 4923; x_wconf 78' lang='lat'>7).</span> <span class='ocrx_word' id='word_1_866' title='bbox 2662 4856 2807 4903; x_wconf 74' lang='lat' dir='ltr'>Sane</span> <span class='ocrx_word' id='word_1_867' title='bbox 2868 4866 2977 4923; x_wconf 85' lang='lat' dir='ltr'>non</span> <span class='ocrx_word' id='word_1_868' title='bbox 3030 4853 3311 4907; x_wconf 83' lang='lat' dir='ltr'>dixisset:</span> <span class='ocrx_word' id='word_1_869' title='bbox 3378 4852 3522 4923; x_wconf 82' lang='lat' dir='ltr'>quod</span> <span class='ocrx_word' id='word_1_870' title='bbox 3574 4854 3637 4905; x_wconf 85' lang='lat' dir='ltr'>in</span> 
     </span>
    </p>
   </div>
   <div class='ocr_carea' id='block_1_123' title="bbox 1986 4921 3630 4992">
    <p class='ocr_par' dir='ltr' id='par_1_123' title="bbox 1986 4921 3630 4992">
     <span class='ocr_line' id='line_1_124' title="bbox 1986 4921 3630 4992; baseline -0.001 -14"><span class='ocrx_word' id='word_1_871' title='bbox 1986 4925 2341 4979; x_wconf 85' lang='lat' dir='ltr'>matrimonio</span> <span class='ocrx_word' id='word_1_872' title='bbox 2372 4937 2481 4975; x_wconf 89' lang='lat' dir='ltr'>non</span> <span class='ocrx_word' id='word_1_873' title='bbox 2512 4921 2810 4990; x_wconf 85' lang='lat' dir='ltr'>valuimus,</span> <span class='ocrx_word' id='word_1_874' title='bbox 2843 4921 2892 4975; x_wconf 89' lang='lat' dir='ltr'>si</span> <span class='ocrx_word' id='word_1_875' title='bbox 2925 4929 3261 4992; x_wconf 88' lang='lat' dir='ltr'>perpetuam</span> <span class='ocrx_word' id='word_1_876' title='bbox 3298 4926 3356 4978; x_wconf 90' lang='lat' dir='ltr'>in</span> <span class='ocrx_word' id='word_1_877' title='bbox 3380 4921 3445 4979; x_wconf 90' lang='lat' dir='ltr'>eo</span> <span class='ocrx_word' id='word_1_878' title='bbox 3495 4941 3630 4979; x_wconf 90' lang='lat' dir='ltr'>con-</span> 
     </span>
    </p>
   </div>
   <div class='ocr_carea' id='block_1_124' title="bbox 1990 4992 3637 5062">
    <p class='ocr_par' dir='ltr' id='par_1_124' title="bbox 1990 4992 3637 5062">
     <span class='ocr_line' id='line_1_125' title="bbox 1990 4992 3637 5062; baseline 0 -13"><span class='ocrx_word' id='word_1_879' title='bbox 1990 4995 2293 5051; x_wconf 88' lang='lat' dir='ltr'>tinentiam</span> <span class='ocrx_word' id='word_1_880' title='bbox 2332 4993 2441 5047; x_wconf 90' lang='lat' dir='ltr'>sibi</span> <span class='ocrx_word' id='word_1_881' title='bbox 2486 4992 2905 5062; x_wconf 84' lang='lat' dir='ltr'>injunxisscnt,</span> <span class='ocrx_word' id='word_1_882' title='bbox 2943 4998 3005 5049; x_wconf 85' lang='lat' dir='ltr'>ut</span> <span class='ocrx_word' id='word_1_883' title='bbox 3036 4997 3181 5049; x_wconf 87' lang='lat' dir='ltr'>bene</span> <span class='ocrx_word' id='word_1_884' title='bbox 3240 4997 3509 5051; x_wconf 84' lang='lat' dir='ltr'>observat</span> <span class='ocrx_word' id='word_1_885' title='bbox 3555 4994 3637 5049; x_wconf 81' lang='lat' dir='ltr'>Cl.</span> 
     </span>
    </p>
   </div>
   <div class='ocr_carea' id='block_1_125' title="bbox 1990 5065 3637 5138">
    <p class='ocr_par' dir='ltr' id='par_1_125' title="bbox 1990 5065 3637 5138">
     <span class='ocr_line' id='line_1_126' title="bbox 1990 5065 3637 5138; baseline -0.001 -16"><span class='ocrx_word' id='word_1_886' title='bbox 1990 5067 2218 5138; x_wconf 79' lang='lat' dir='ltr'>Samuel</span> <span class='ocrx_word' id='word_1_887' title='bbox 2243 5065 2549 5135; x_wconf 83' lang='lat' dir='ltr'>Basnagius</span> <span class='ocrx_word' id='word_1_888' title='bbox 2573 5065 2802 5138; x_wconf 81' lang='lat' dir='ltr'>_(.~lnnal.</span> <span class='ocrx_word' id='word_1_889' title='bbox 2842 5065 3309 5135; x_wconf 85' lang='lat' dir='ltr'>politico-eccles.,</span> <span class='ocrx_word' id='word_1_890' title='bbox 3356 5073 3397 5122; x_wconf 91' lang='lat' dir='ltr'>t.</span> <span class='ocrx_word' id='word_1_891' title='bbox 3453 5068 3518 5122; x_wconf 90' lang='lat' dir='ltr'>ll.</span> <span class='ocrx_word' id='word_1_892' title='bbox 3581 5084 3637 5138; x_wconf 92' lang='lat' dir='ltr'>p.</span> 
     </span>
    </p>
   </div>
   <div class='ocr_carea' id='block_1_126' title="bbox 1987 5136 3640 5210">
    <p class='ocr_par' dir='ltr' id='par_1_126' title="bbox 1987 5136 3640 5210">
     <span class='ocr_line' id='line_1_127' title="bbox 1987 5136 3640 5210; baseline -0.001 -17"><span class='ocrx_word' id='word_1_893' title='bbox 1987 5140 2135 5208; x_wconf 81' lang='lat'>215).</span> <span class='ocrx_word' id='word_1_894' title='bbox 2196 5137 2383 5199; x_wconf 88' lang='lat' dir='ltr'>Quare</span> <span class='ocrx_word' id='word_1_895' title='bbox 2431 5136 2800 5190; x_wconf 64' lang='lat' dir='ltr'>continentiae</span> <span class='ocrx_word' id='word_1_896' title='bbox 2857 5138 3107 5191; x_wconf 80' lang='lat' dir='ltr'>vinculis</span> <span class='ocrx_word' id='word_1_897' title='bbox 3162 5144 3301 5193; x_wconf 89' lang='lat' dir='ltr'>tunc</span> <span class='ocrx_word' id='word_1_898' title='bbox 3356 5136 3640 5210; x_wconf 79' lang='lat' dir='ltr'>temporis</span> 
     </span>
    </p>
   </div>
   <div class='ocr_carea' id='block_1_127' title="bbox 1988 5210 3640 5280">
    <p class='ocr_par' dir='ltr' id='par_1_127' title="bbox 1988 5210 3640 5280">
     <span class='ocr_line' id='line_1_128' title="bbox 1988 5210 3640 5280; baseline -0.001 -15"><span class='ocrx_word' id='word_1_899' title='bbox 1988 5214 2366 5280; x_wconf 87' lang='lat' dir='ltr'>Presbyteros</span> <span class='ocrx_word' id='word_1_900' title='bbox 2420 5210 2681 5261; x_wconf 89' lang='lat' dir='ltr'>nondum</span> <span class='ocrx_word' id='word_1_901' title='bbox 2747 5210 3020 5265; x_wconf 83' lang='lat' dir='ltr'>astrictos</span> <span class='ocrx_word' id='word_1_902' title='bbox 3075 5212 3300 5272; x_wconf 73' lang='lat' dir='ltr'>fuisse,</span> <span class='ocrx_word' id='word_1_903' title='bbox 3370 5210 3640 5264; x_wconf 85' lang='lat' dir='ltr'>nonnulli</span> 
     </span>
    </p>
   </div>
   <div class='ocr_carea' id='block_1_128' title="bbox 1989 5280 3637 5349">
    <p class='ocr_par' dir='ltr' id='par_1_128' title="bbox 1989 5280 3637 5349">
     <span class='ocr_line' id='line_1_129' title="bbox 1989 5280 3637 5349; baseline -0.002 -11"><span class='ocrx_word' id='word_1_904' title='bbox 1989 5282 2397 5338; x_wconf 85' lang='lat' dir='ltr'>contendunt:</span> <span class='ocrx_word' id='word_1_905' title='bbox 2433 5280 2533 5333; x_wconf 89' lang='lat' dir='ltr'>sed</span> <span class='ocrx_word' id='word_1_906' title='bbox 2568 5297 2837 5347; x_wconf 75' lang='lat' dir='ltr'>quamvns</span> <span class='ocrx_word' id='word_1_907' title='bbox 2882 5282 2939 5335; x_wconf 89' lang='lat' dir='ltr'>id</span> <span class='ocrx_word' id='word_1_908' title='bbox 2999 5299 3197 5337; x_wconf 88' lang='lat' dir='ltr'>verum</span> <span class='ocrx_word' id='word_1_909' title='bbox 3248 5288 3422 5345; x_wconf 83' lang='lat' dir='ltr'>esset,</span> <span class='ocrx_word' id='word_1_910' title='bbox 3482 5281 3637 5349; x_wconf 91' lang='lat' dir='ltr'>quod</span> 
     </span>
    </p>
   </div>
   <div class='ocr_carea' id='block_1_129' title="bbox 1988 5353 3641 5415">
    <p class='ocr_par' dir='ltr' id='par_1_129' title="bbox 1988 5353 3641 5415">
     <span class='ocr_line' id='line_1_130' title="bbox 1988 5353 3641 5415; baseline -0.004 -5"><span class='ocrx_word' id='word_1_911' title='bbox 1988 5356 2179 5410; x_wconf 87' lang='lat' dir='ltr'>adhuc</span> <span class='ocrx_word' id='word_1_912' title='bbox 2206 5370 2319 5407; x_wconf 90' lang='lat' dir='ltr'>non</span> <span class='ocrx_word' id='word_1_913' title='bbox 2354 5358 2595 5415; x_wconf 81' lang='lat' dir='ltr'>constat,</span> <span class='ocrx_word' id='word_1_914' title='bbox 2615 5353 2869 5407; x_wconf 87' lang='lat' dir='ltr'>inaniter</span> <span class='ocrx_word' id='word_1_915' title='bbox 2898 5358 3088 5408; x_wconf 88' lang='lat' dir='ltr'>tamen</span> <span class='ocrx_word' id='word_1_916' title='bbox 3110 5355 3641 5409; x_wconf 84' lang='lat' dir='ltr'>Tertullianiexem-</span> 
     </span>
    </p>
   </div>
   <div class='ocr_carea' id='block_1_130' title="bbox 2031 5422 3641 5496">
    <p class='ocr_par' dir='ltr' id='par_1_130' title="bbox 2031 5422 3641 5496">
     <span class='ocr_line' id='line_1_131' title="bbox 2031 5422 3641 5496; baseline -0.003 -15"><span class='ocrx_word' id='word_1_917' title='bbox 2031 5427 2083 5481; x_wconf 94' lang='lat' dir='ltr'>lo</span> <span class='ocrx_word' id='word_1_918' title='bbox 2134 5442 2266 5480; x_wconf 90' lang='lat' dir='ltr'>cum</span> <span class='ocrx_word' id='word_1_919' title='bbox 2296 5425 2509 5496; x_wconf 67' lang='lat' dir='ltr'>Dallaeo</span> <span class='ocrx_word' id='word_1_920' title='bbox 2530 5424 2847 5479; x_wconf 81' lang='lat' dir='ltr'>Novatorcs</span> <span class='ocrx_word' id='word_1_921' title='bbox 2869 5424 3319 5496; x_wconf 83' lang='lat' dir='ltr'>triumpharent.</span> <span class='ocrx_word' id='word_1_922' title='bbox 3347 5422 3641 5496; x_wconf 65' lang='lat' dir='ltr'>catholica:</span> 
     </span>
    </p>
   </div>
   <div class='ocr_carea' id='block_1_131' title="bbox 1991 5447 3642 5567">
    <p class='ocr_par' dir='ltr' id='par_1_131' title="bbox 1991 5447 3642 5567">
     <span class='ocr_line' id='line_1_132' title="bbox 2032 5447 3641 5496; baseline -0.002 -16"><span class='ocrx_word' id='word_1_923' title='bbox 2032 5447 2083 5481; x_wconf 81' lang='lat'>10</span> <span class='ocrx_word' id='word_1_924' title='bbox 2134 5447 2266 5480; x_wconf 72' lang='lat' dir='ltr'>CUI&quot;</span> <span class='ocrx_word' id='word_1_925' title='bbox 2296 5447 2509 5479; x_wconf 65' lang='lat' dir='ltr'>Udildt’U</span> <span class='ocrx_word' id='word_1_926' title='bbox 2533 5447 2847 5479; x_wconf 64' lang='lat' dir='ltr'>LVUVHLUI&#39;CS</span> <span class='ocrx_word' id='word_1_927' title='bbox 2872 5447 3319 5496; x_wconf 73' lang='lat' dir='ltr'>lFlUIDpﬂarCIlL,</span> <span class='ocrx_word' id='word_1_928' title='bbox 3347 5447 3641 5479; x_wconf 71' lang='grc' dir='ltr'>ωιυυιιυω</span> 
     </span>
     <span class='ocr_line' id='line_1_133' title="bbox 1991 5447 3642 5567; baseline -0.004 -14"><span class='ocrx_word' id='word_1_929' title='bbox 1991 5447 2261 5553; x_wconf 60' lang='lat' dir='ltr'>Ecclesia:</span> <span class='ocrx_word' id='word_1_930' title='bbox 2326 5495 2699 5555; x_wconf 82' lang='lat' dir='ltr'>insultantes.</span> <span class='ocrx_word' id='word_1_931' title='bbox 2762 5496 2913 5567; x_wconf 90' lang='lat' dir='ltr'>quod</span> <span class='ocrx_word' id='word_1_932' title='bbox 2991 5497 3396 5551; x_wconf 83' lang='lat' dir='ltr'>Sacerdotibus</span> <span class='ocrx_word' id='word_1_933' title='bbox 3458 5494 3642 5549; x_wconf 84' lang='lat' dir='ltr'>conti-</span> 
     </span>
    </p>
   </div>
   <div class='ocr_carea' id='block_1_132' title="bbox 1990 5568 3646 5638">
    <p class='ocr_par' dir='ltr' id='par_1_132' title="bbox 1990 5568 3646 5638">
     <span class='ocr_line' id='line_1_134' title="bbox 1990 5568 3646 5638; baseline -0.002 -13"><span class='ocrx_word' id='word_1_934' title='bbox 1990 5570 2250 5625; x_wconf 89' lang='lat' dir='ltr'>nentiam</span> <span class='ocrx_word' id='word_1_935' title='bbox 2298 5568 2611 5638; x_wconf 76' lang='lat' dir='ltr'>prascipiat.</span> <span class='ocrx_word' id='word_1_936' title='bbox 2662 5568 2805 5622; x_wconf 74' lang='lat' dir='ltr'>Nam</span> <span class='ocrx_word' id='word_1_937' title='bbox 2839 5584 2971 5622; x_wconf 89' lang='lat' dir='ltr'>cum</span> <span class='ocrx_word' id='word_1_938' title='bbox 3003 5569 3264 5622; x_wconf 89' lang='lat' dir='ltr'>moribus</span> <span class='ocrx_word' id='word_1_939' title='bbox 3321 5568 3534 5635; x_wconf 77' lang='lat' dir='ltr'>magis,</span> <span class='ocrx_word' id='word_1_940' title='bbox 3591 5574 3646 5621; x_wconf 84' lang='lat' dir='ltr'>et</span> 
     </span>
    </p>
   </div>
   <div class='ocr_carea' id='block_1_133' title="bbox 1991 5639 3645 5711">
    <p class='ocr_par' dir='ltr' id='par_1_133' title="bbox 1991 5639 3645 5711">
     <span class='ocr_line' id='line_1_135' title="bbox 1991 5639 3645 5711; baseline -0.002 -13"><span class='ocrx_word' id='word_1_941' title='bbox 1991 5660 2125 5704; x_wconf 88' lang='lat' dir='ltr'>usu.</span> <span class='ocrx_word' id='word_1_942' title='bbox 2172 5658 2346 5711; x_wconf 85' lang='lat' dir='ltr'>quam</span> <span class='ocrx_word' id='word_1_943' title='bbox 2376 5640 2604 5711; x_wconf 83' lang='lat' dir='ltr'>legibus</span> <span class='ocrx_word' id='word_1_944' title='bbox 2636 5639 3007 5694; x_wconf 65' lang='lat' dir='ltr'>continentia:</span> <span class='ocrx_word' id='word_1_945' title='bbox 3051 5639 3363 5710; x_wconf 88' lang='lat' dir='ltr'>disciplina</span> <span class='ocrx_word' id='word_1_946' title='bbox 3402 5640 3645 5695; x_wconf 87' lang='lat' dir='ltr'>inducta</span> 
     </span>
    </p>
   </div>
   <div class='ocr_carea' id='block_1_134' title="bbox 1990 5709 3641 5785">
    <p class='ocr_par' dir='ltr' id='par_1_134' title="bbox 1990 5709 3641 5785">
     <span class='ocr_line' id='line_1_136' title="bbox 1990 5709 3641 5785; baseline 0 -16"><span class='ocrx_word' id='word_1_947' title='bbox 1990 5709 2356 5785; x_wconf 27' lang='lat' dir='ltr'>fueritiuno,</span> <span class='ocrx_word' id='word_1_948' title='bbox 2387 5709 2487 5767; x_wconf 79' lang='lat' dir='ltr'>aut</span> <span class='ocrx_word' id='word_1_949' title='bbox 2518 5709 2699 5767; x_wconf 88' lang='lat' dir='ltr'>altero</span> <span class='ocrx_word' id='word_1_950' title='bbox 2730 5711 2857 5780; x_wconf 82' lang='lat' dir='ltr'>ejus</span> <span class='ocrx_word' id='word_1_951' title='bbox 2915 5711 3097 5767; x_wconf 69' lang='lat' dir='ltr'>sitatis</span> <span class='ocrx_word' id='word_1_952' title='bbox 3128 5709 3393 5785; x_wconf 80' lang='lat' dir='ltr'>exemplo</span> <span class='ocrx_word' id='word_1_953' title='bbox 3451 5711 3641 5770; x_wconf 81' lang='lat' dir='ltr'>nulla-</span> 
     </span>
    </p>
   </div>
   <div class='ocr_carea' id='block_1_135' title="bbox 1988 5783 2594 5855">
    <p class='ocr_par' dir='ltr' id='par_1_135' title="bbox 1988 5783 2594 5855">
     <span class='ocr_line' id='line_1_137' title="bbox 1988 5783 2594 5855; baseline -0.008 -14"><span class='ocrx_word' id='word_1_954' title='bbox 1988 5791 2161 5841; x_wconf 88' lang='lat' dir='ltr'>tenus</span> <span class='ocrx_word' id='word_1_955' title='bbox 2192 5783 2594 5855; x_wconf 69' lang='lat' dir='ltr'>imponuntur.</span> 
     </span>
    </p>
   </div>
  </div>
