4060 6340
414 360 535 425 103

411 492 681 563 Martyres
708 483 774 540 de
801 478 1101 545 Patientia,

411 560 719 639 haereticos.
757 604 827 614 —
851 570 936 626 19.
970 586 1019 623 ι..
1052 578 1225 620 mmo
1257 571 1521 621 saeuae,
1575 568 1642 607 ετ
1663 567 1725 606 ιι.
1761 562 1936 602 nomo
1997 560 2064 598 M.

412 690 465 729 F.
518 681 782 725 MUTIANO
833 674 985 717 coss.
1031 659 1089 708 8.
1139 646 1411 722 Zephrini
1462 638 1757 699 Pontiﬁcis
1819 630 2067 690 Romani

414 776 573 818 anno
593 774 679 823 III,
712 746 1136 817 Severiimper.
1178 757 1259 804 1x,
1311 752 1442 792 cum
1488 729 1739 803 Scapula
1782 725 1870 780 vir
1916 723 2065 779 Con-

414 811 632 905 satis;
662 811 918 908 Ordinis,
964 811 1187 889 Praeses
1251 821 1646 894 Carthaginis,
1711 821 1769 871 et
1824 811 2067 887 proinde

412 902 697 995 aviricanm
723 902 1331 988 Proco'nsul,nondum
1365 913 1557 970 adhuc
1589 910 1820 964 decreta
1851 902 1923 958 ab
1955 902 2067 956 im-

414 1030 680 1102 peratore
712 1015 1139 1093 persecutione,
1168 1009 1287 1063 imo
1318 1001 1581 1060 fortassis
1613 999 1807 1052 Romaa
1867 989 2064 1064 prohi-

412 1087 555 1186 bita,
590 1108 890 1169 crudelius
922 1110 1122 1159 tamen
1164 1094 1387 1154 caeteris
1434 1087 1789 1158 Carthagine
1831 1096 2065 1155 grassa-

600 1167 608 1169 .

413 1210 572 1262 retur
601 1202 659 1256 in
691 1195 1078 1259 Christianos,
1111 1187 1329 1243 librum
1380 1198 1453 1236 an
1495 1190 1793 1235 scaevum
1829 1167 2068 1241 scripsit

409 1302 841 1350 TERTULLIANUS
890 1281 1001 1355 (Ad
1032 1278 1191 1349 Scap.
1244 1291 1294 1329 ο.
1327 1272 1384 1326 3.
1417 1268 1553 1324 ibid.
1593 1282 1643 1321 c.
1697 1264 1769 1336 4).
1826 1262 1889 1315 ln
1950 1273 2066 1355 quo

414 1380 709 1456 imprimis
738 1369 1208 1433 benevolentiam
1230 1364 1476 1435 captata
1506 1355 1948 1412 Cbristanorum
1972 1346 2066 1401 in-

1288 1442 1293 1447 '
1334 1451 1346 1456 -
1605 1446 1615 1456 .
1702 1447 1712 1456 .
1897 1435 2065 1456 ,ιιι-ς,Δ

416 1435 586 1456 __,--

416 1469 705 1536 nocentia,
739 1470 796 1521 et
826 1479 938 1518 non
979 1458 1170 1515 solum
1204 1442 1484 1519 oratione,
1519 1446 1617 1501 sed
1665 1447 1722 1497 et
1764 1435 2067 1496 sacrificiis

417 1526 547 1620 suis
575 1526 902 1633 pro'salute
948 1542 1339 1620 imperatoris,
1389 1556 1458 1594 ex
1507 1551 1617 1607 quo
1655 1533 1781 1604 jam
1825 1526 2067 1601 presby-

419 1658 611 1709 terum
647 1646 829 1702 fuisse
854 1641 1104 1698 constat.
1142 1631 1354 1689 Deinde
1401 1623 1708 1698 sanguinis
1755 1614 2070 1675 Christiani

419 1705 690 1799 eliusioni
715 1733 973 1806 imputut
1007 1729 1263 1800 portenta
1311 1720 1437 1791 ejus
1469 1710 1834 1785 temporibus
1866 1714 1916 1761 et
1944 1705 2066 1759 exi-

419 1834 561 1887 tium
580 1824 1226 1898 Byzantinum,quorum
1252 1814 1383 1865 ante
1414 1803 1768 1861 mentionem
1799 1795 2068 1860 fecimus,
2099 1826 2147 1892 Β

423 1883 776 1986 cit—exempla
808 1883 1134 1984 punitionis
1166 1901 1351 1969 aﬂ‘ert,
1383 1901 1506 1951 tum
1551 1888 1735 1960 Valgii
1757 1883 2068 1949 Saturnini,

428 1980 734 2082 Hilarian‘i,
766 1980 826 2066 et
852 2006 1039 2077 ipsius
1072 1998 1319 2073 Scapulae
1349 1996 1406 2052 in
1428 1992 1658 2063 Africa;
1685 1992 1811 2041 tum
1845 1980 2069 2039 Claudii

424 2102 774 2164 Herminiani
845 2100 903 2153 in
980 2088 1355 2163 Cappadocia,
1422 2080 1858 2155 persecutorum
1938 2068 2072 2124 ﬁdei

426 2159 788 2254 Christiana.
821 2187 959 2243 Post
986 2159 1110 2237 haec
1142 2179 1407 2235 hortatur
1435 2170 1506 2226 ad
1540 2159 2070 2224 dissimulationem

423 2248 866 2351 awbmhujusmodi
900 2271 1116 2337 causis,
1150 2261 1429 2337 exemplis
1459 2263 1585 2314 tum
1615 2253 1801 2310 Severi
1821 2254 1872 2306 et
1904 2248 2073 2303 Anto-

423 2340 759 2440 ninilmpp.
809 2378 990 2436 supra
1020 2354 1310 2419 adductis,
1343 2352 1410 2408 Μ.
1437 2346 1622 2404 Aurel.
1682 2344 1818 2405 imp.
1860 2340 1917 2395 in
1976 2353 2071 2393 em-

427 2436 721 2535 peditione'
758 2451 1120 2516 Germanica;
1178 2452 1301 2500 tum
1363 2437 1672 2512 praesidum
1729 2436 1785 2487 et
1828 2443 2071 2502 procon-

428 2522 628 2608 sulum
663 2543 889 2603 Servilii
910 2535 1204 2596 Prudentis
1230 2531 1338 2589 sub
1370 2525 1665 2584 Antonino
1694 2524 1845 2576 Vero
1898 2522 2072 2589 Imp.,

428 2605 710 2711 l’espronii
758 2628 988 2689 Candidi
1033 2624 1143 2682 sub
1177 2622 1320 2693 imp.
1354 2613 1696 2677 Commodo,
1756 2606 1931 2664 Cincii
1977 2605 2074 2660 Se-

424 2729 568 2795 veri,
601 2724 699 2799 qui
734 2717 1107 2795 postmodum
1130 2712 1385 2768 aSevero
1415 2705 1557 2776 imp.
1590 2698 1930 2756 interfectus
1961 2697 2070 2764 est,

617 2782 853 2887 quoque
908 2810 958 2863 et
1015 2804 1141 2862 Arii
1188 2789 1451 2856 Antonini
1507 2790 1623 2863 (hic
1655 2806 1689 2844 a
1742 2782 2071 2857 Lampridio

433 2874 902 2972 A‘rius,.ab.aliis
932 2892 1179 2952 Brusius
1204 2891 1419 2946 Ρνωεθε
1448 2879 1801 2955 appellatur)
1833 2874 1930 2946 qui
1962 2874 2071 2928 sub

432 2968 645 3053 Anton.
670 2994 885 3064 Imper.
916 2982 1188 3042 consules
1234 2978 1486 3033 fuerunt.
1521 2968 1778 3041 Denique
1817 2978 2069 3036 conque-

430 3052 580 3143 ritur
621 3052 798 3156 quod,
826 3094 957 3134 cum
992 3092 1024 3131 a
1054 3068 1356 3141 primordio
1406 3060 1727 3118 mandatum
1778 3058 1850 3113 sit
1888 3052 2069 3127 gladio

429 3187 583 3235 tenus
603 3166 993 3232 animadverti,
1025 3167 1081 3218 et
1119 3161 1173 3216 id
1206 3156 1617 3214 observaretur
1666 3165 1697 3204 a
1734 3143 2069 3202 Praesidibus

430 3232 681 3338 legionis
701 3270 752 3317 et
777 3253 1144 3319 Jlauritariae,
1180 3249 1356 3319 jussu
1386 3242 1575 3316 ipsius
1604 3235 1865 3308 Scapulae
1890 3232 2066 3288 etiam

433 3323 814 3413 cremarentur
868 3340 1207 3404 Christiani.
1238 3337 1360 3403 Quo
1387 3330 1637 3405 pertinet
1666 3329 1722 3383 et
1749 3323 1891 3381 illud
1935 3328 2073 3393 Apo-

584 3436 967 3496 Sarmentitios
1011 3436 1068 3488 et
1117 3426 1396 3484 Semaxios
1445 3416 1733 3492 appellatis
1785 3414 1937 3483 quia,
2004 3408 2075 3463 ad

429 3536 671 3609 stipitem
696 3527 924 3587 dimidii
951 3524 1076 3579 axis
1118 3517 1351 3576 revincti
1402 3515 1807 3568 sarmentorum
1866 3500 2076 3558 ambitu

434 3588 746 3684 exrurimur.
781 3614 899 3674 Ubi
948 3613 1127 3670 etiam
1169 3606 1430 3664 recenset
1475 3598 1620 3654 illud
1680 3588 2077 3649 damnationis

436 3738 642 3799 genus,
677 3716 833 3791 quod
879 3712 951 3771 ad
1002 3715 1276 3766 Lenonem
1311 3700 1571 3758 damnata
1598 3693 1711 3769 fuit
1742 3690 1940 3746 Christ.
1981 3670 2075 3759 p0;

782 3803 853 3862 ad
884 3803 1096 3859 leonem
1126 3795 1294 3870 (Apol,
1334 3807 1462 3861 cap.
1522 3784 1673 3855 ult.).
1717 3780 1873 3837 Idem
1928 3776 2077 3883 li‘bro

433 3921 507 3962 an
539 3893 919 3959 ﬂammasin
972 3902 1200 3947 carcere
1241 3879 1615 3941 constitutes,
1659 3886 1831 3943 quem
1878 3865 2078 3923 eadem

392 4062 401 4072 ο
433 3993 782 4065 tempestate
813 3977 1164 4053 conscripsit
1195 3975 1402 4048 praeter
1420 3965 1672 4041 gladium
1701 3964 1751 4016 ct
1809 3971 2080 4014 summam

676 4091 913 4151 pernam,
942 4047 1102 4128 add-it
1130 4047 1307 4122 etiam
1333 4068 1574 4115 :trucem
1603 4052 1815 4109 rabiem
1873 4047 2080 4104 bestia-

437 4188 580 4239 rum,
605 4172 656 4225 et
677 4180 835 4223 omne
851 4159 1136 4230 carniﬁcis
1183 4150 1473 4223 ingenium
1498 4148 1558 4201 in
1594 4139 1883 4200 tormentis
1943 4135 2085 4208 (Lib.

726 4272 777 4311 ο.
805 4255 881 4321 4).
912 4223 1025 4305 ΗΜ.
1050 4245 1225 4302 etiam
1281 4234 1550 4295 meminit
1604 4223 2074 4289 consuetudinis,

710 4311 899 4417 pacem
928 4342 991 4395 in
1015 4333 1257 4392 Ecclesia
1284 4344 1393 4384 non
1425 4319 1913 4389 habentes,utpote
1936 4311 2085 4385 lapsi

446 4404 547 4424 τη
710 4404 722 4417 .

440 4458 474 4496 a
506 4434 844 4507 Martyribus
867 4432 924 4487 in
954 4439 1177 4484 carcere
1205 4430 1434 4476 exorare
1469 4412 1863 4469 consueverunt
1895 4408 1963 4467 (c.
1999 4404 2084 4468 ιλ,

443 4553 620 4611 quam
674 4534 786 4589 etsi
864 4529 975 4585 sub
1024 4525 1201 4580 ﬁnem
1255 4518 1383 4573 vitae
1415 4514 1540 4585 jam
1588 4505 1898 4564 haereticus
1970 4516 2085 4555 non

443 4678 727 4785 tte—mpera,
767 4710 935 4780 juxta
982 4678 1138 4775 quod
1182 4692 1568 4753 tractavimus
1616 4686 1676 4740 in
1725 4682 1878 4782 .Vita
1934 4678 2096 4733 illius

916 4765 1119 4849 omnia
1168 4789 1488 4851 Martyrum
1541 4770 1837 4847 supplicia
1889 4765 2098 4839 repetit

444 4856 595 4949 libro
625 4888 687 4944 de
716 4884 1018 4948 Patientia,
1041 4878 1115 4951 (c.
1149 4876 1254 4943 13;
1291 4873 1326 4926 ι.
1360 4868 1428 4924 ad
1458 4868 1616 4937 Scep.
1676 4878 1728 4916 c.
1786 4860 1862 4928 3',
2032 4856 2099 4951 de

452 4943 596 5038 ligari
624 4943 783 5033 mult.
818 4991 866 5028 c.
896 4972 975 5043 7].
1006 4943 1185 5040 quem
1238 4961 1415 5019 etiam
1445 4955 1627 5024 hujus
1670 4943 2097 5022 persecutionis

452 5068 759 5128 occasione
789 5057 1156 5129 conscripsit.
1190 5049 1297 5108 Ubi
1334 5050 1527 5119 fugam
1560 5053 1796 5114 quoque
1859 5034 1920 5089 in
1968 5050 2098 5105 per-

452 5126 754 5217 secutione
785 5126 1077 5225 patientiae
1109 5145 1258 5198 bono
1293 5134 1747 5208 imputat,atque
1775 5126 1918 5180 adeo
1955 5137 2098 5178 non-

452 5209 995 5305 du'm‘hiontanistis
1013 5232 1282 5289 addictus
1304 5226 1509 5293 fuit,ex
1534 5231 1782 5292 quorum
1810 5209 2102 5269 sententia

453 5339 672 5395 librum
706 5334 776 5388 de
807 5326 1039 5400 Fugain
1065 5316 1464 5394 persecutione
1486 5304 1842 5366 contrarium
1875 5304 2098 5374 postea,

458 5388 843 5484 s-evdwirustra
890 5388 1144 5485 scripsit.
1178 5409 1248 5463 Et
1292 5420 1424 5459 vero
1473 5399 1584 5456 sub
1642 5389 1885 5485 Scapula
1945 5388 2102 5444 dam-

457 5480 654 5571 natum
693 5510 872 5565 fuisse
893 5504 971 5560 ad
1001 5480 1200 5557 bestias
1229 5497 1285 5551 S.
1328 5489 1634 5549 Manilium
1676 5480 2102 5545 Adrumeticum,

458 5609 695 5669 disertis
722 5604 915 5662 verbis
951 5601 1262 5657 attestatur
1303 5592 1526 5646 auctor.
1561 5588 1734 5637 Porro
1765 5579 1959 5635 Romus
1995 5575 2105 5630 hoc

460 5717 615 5759 anno
672 5695 853 5754 fuisse
908 5694 1205 5748 auctorem
1263 5697 1333 5739 ex
1395 5676 1512 5733 illis
1556 5670 1751 5729 verbis
1821 5666 2100 5741 apparet:

1726 319 2257 389 TEBTULLIANI
2297 318 2509 380 VITA.

1122 473 1189 529 de
1226 462 1739 537 Pra'scriptionibus
1793 455 2051 512 adversus
2080 451 2135 519 Α
2163 454 2515 507 Gemmarum
2566 459 2775 518 quoque
2825 439 3165 498 nobilitatem
3198 435 3447 511 vidimus
3517 430 3727 495 Romae,
3757 425 3828 482 de

3698 296 3823 357 104

2173 540 2397 611 fastidio
2464 535 2800 594 Parthorum
2877 534 2929 587 et
3013 526 3307 591 Medorum,
3396 524 3826 589 caeterorumque

2173 630 2463 701 gentilium
2520 640 2745 681 suorum
2806 636 2988 677 coram
3050 615 3319 672 matronis
3395 610 3823 671 erubescentem,

2174 697 2290 775 nisi
2318 717 2457 790 quod
2482 732 2581 770 nec
2619 713 2690 769 ad
2723 712 3088 767 ostensionem
3112 708 3232 777 fere
3262 702 3538 758 habentur
3560 737 3572 750 .
3632 697 3828 752 Latent

2174 811 2234 865 in
2256 806 2489 878 singulis
2509 801 2813 871 smaragdi,
2832 808 2882 856 et
2930 795 3208 871 cylindros
3249 793 3467 863 vaginae
3508 800 3628 843 suae
3674 784 3828 840 solus

2172 897 2396 971 gladius
2432 894 2529 949 sub
2558 894 2687 949 sinu
2716 891 2887 955 novit,
2910 897 2963 943 et
2984 888 3045 942 in
3063 883 3358 958 peronibus
3389 879 3618 934 uniones
3644 889 3824 931 emer-

2174 962 2298 1057 gere
2318 985 2382 1042 de
2407 983 2523 1039 luto
2551 983 2805 1054 cupiunt.
2840 976 3002 1043 Quod
3038 976 3254 1031 factum
3280 970 3736 1040 interpretamur
3756 962 3823 1019 in

2174 1052 2476 1147 triumpho
2505 1052 2696 1128 Severi
2718 1067 3009 1141 lmper.de
3024 1080 3136 1137 quo
3168 1063 3227 1117 in
3259 1060 3460 1116 Festos
3477 1052 3828 1111 Consulares

2174 1165 2355 1235 hujus
2386 1161 2524 1219 anni
2573 1159 2658 1216 sic
2697 1157 2944 1214 relatum
2997 1150 3367 1209 invenimus:
3401 1163 3524 1202 IMP.
3572 1159 3711 1199 ams.
3772 1158 3827 1197 ι.

2176 1269 2478 1310 SEPTIMIUS
2507 1267 2572 1305 Μ.
2606 1266 2657 1304 F.
2692 1261 2966 1313 SEVERUS,
2999 1259 3152 1308 PIUS,
3177 1255 3336 1296 PERT.
3369 1247 3821 1298 AUG.ABABICUS,

2174 1357 2571 1406 ADIABENICUS,
2606 1352 2940 1402 PARTHICUS,
2973 1346 3262 1395 MAXIMUS,
3294 1343 3460 1382 PONT.
3505 1340 3646 1380 MAX.
3666 1338 3819 1376 TRIB.

2178 1451 2301 1489 POT.
2327 1448 2447 1487 νιιι.
2481 1445 2603 1485 COS.
2636 1444 2700 1484 II.
2743 1444 2799 1482 Ρ.
2869 1442 2924 1479 Ρ.
2992 1436 3224 1488 PROCOS,
3259 1434 3385 1473 IMP.
3442 1431 3521 1470 X1.
3567 1429 3635 1467 ET
3696 1427 3823 1465 IMP.

2176 1539 2312 1579 CIES.
2346 1538 2410 1577 Μ.
2469 1533 2769 1583 Αυειειιυε,
2813 1530 2934 1570 BEV.
2978 1528 3113 1568 ΑΗΘ.
3174 1526 3228 1565 F.
3275 1519 3618 1569 ANTONINUS,
3671 1515 3833 1568 PIUS,

2176 1629 2355 1679 FELIX,
2399 1625 2533 1666 AUG.
2586 1622 2741 1662 TRIB.
2801 1620 2923 1659 POT.
3000 1617 3084 1655 III.
3135 1614 3255 1654 COS.
3316 1606 3666 1651 DESIGNATUS
3699 1605 3823 1643 IMP.

2177 1719 2292 1758 UNA
2323 1717 2391 1756 DE
2418 1712 2719 1761 ARABIBUS,
2768 1707 3060 1759 PARTHEIS,
3104 1700 3438 1744 ADIABENBIS
3478 1699 3532 1744 Ο.
3586 1696 3655 1734 ετ
3684 1694 3831 1733 REGE

2178 1805 2494 1855 ARTABANO,
2553 1797 3023 1842 rmvurnanux‘r.
3095 1778 3275 1847 Cujus
3296 1768 3584 1844 triumphi
3640 1767 3823 1824 etiam

2182 1880 2577 1937 meminerunt
2606 1873 2952 1947 Spartianus
2989 1872 3046 1924 et
3075 1865 3462 1923 Herodianus.
3520 1857 3682 1915 Facit
3728 1872 3834 1929 pro

2180 1971 2289 2027 hac
2317 1971 2518 2024 nostra
2546 1965 2855 2029 sententia,
2876 1958 3030 2032 quod
3062 1955 3239 2012 etiam
3273 1967 3496 2009 morem
3529 1948 3586 2003 in
3620 1946 3834 2002 trium-

2181 2059 2312 2132 phis
2360 2056 2644 2113 usitatum
2698 2049 2991 2107 describat
3065 2048 3271 2100 auctor
3326 2046 3609 2111 tanquam
3665 2035 3838 2090 testis

2181 2149 2491 2207 oculatus:
2521 2145 2820 2211 Hominem,
2870 2136 3085 2210 inquit,
3131 2150 3189 2189 se
3218 2147 3336 2188 esse
3404 2130 3575 2186 etiam
3625 2126 3829 2182 trium-

2176 2240 2361 2313 phans
2382 2238 2438 2291 in
2470 2234 2570 2290 illo
2613 2229 3005 2288 sublimissimo
3068 2239 3256 2290 curru,
3310 2219 3650 2282 admonetur,
3702 2212 3839 2285 Sug-

2181 2305 2397 2401 geritur
2422 2325 2574 2381 enim
2603 2322 2659 2378 ei
2704 2337 2737 2375 a
2765 2322 2952 2388 tergo:
3006 2314 3223 2386 Respice
3245 2312 3367 2384 post
3424 2313 3492 2378 te,
3554 2305 3838 2360 hominem

2183 2427 2238 2475 te
2265 2417 2529 2473 memento
2556 2411 2600 2483 (1
2638 2410 2794 2483 Apol.
2817 2424 2867 2463 c.
2898 2405 3011 2475 33).

2729 2648 2797 2689 ΔΝ
2805 2645 2879 2687 NO
2908 2642 3114 2685 DOMINI
3142 2640 3299 2683 CCIII-

2250 2811 2340 2867 20.
2374 2826 2503 2866 IMP.
2543 2820 2678 2862 ams.
2707 2820 2758 2858 L.
2786 2814 2937 2856 ssp'r.
2996 2812 3061 2851 ω.
3103 2811 3155 2851 Ρ.
3187 2807 3352 2849 mas.
3391 2804 3582 2846 ADIAB.
3631 2801 3839 2842 nam.

2182 2918 2267 2957 III.
2300 2917 2367 2955 ET
2394 2914 2517 2953 IMP.
2547 2911 2678 2951 (λεδ.
2733 2907 2798 2946 Μ.
2874 2901 3081 2943 ΔυΒΕΙ..
3134 2897 3250 2938 θεν.
3296 2895 3418 2936 AVG.
3450 2893 3503 2933 Ρ.
3557 2890 3840 2931 ΛΝΤΟΝΙΝ.

2179 3005 2309 3046 we.
2341 3003 2462 3043 cos.
2487 2980 2682 3041 Sancti
2705 2974 3014 3048 Zephyrini
3064 2972 3230 3043 Papae
3254 2964 3503 3024 Romani
3534 2980 3689 3019 anno
3749 2978 3835 3033 ιν,

2177 3077 2368 3151 ipsius
2396 3071 2585 3131 Severi
2618 3076 2828 3141 Imper.
2855 3081 2912 3131 ι,
2964 3066 3065 3119 aut
3090 3063 3245 3115 certe
3305 3053 3675 3128 praecedenti,
3701 3052 3838 3122 jam

2178 3139 2587 3240 grassantibus
2616 3139 2733 3214 non
2774 3154 2965 3211 solum
2996 3148 3281 3221 antiquis,
3312 3144 3414 3203 sed
3445 3148 3502 3199 et
3549 3139 3840 3197 recentio-

2181 3229 2344 3313 ribus
2375 3252 2602 3324 aliquot
2630 3243 2951 3303 haeresibus
2997 3239 3081 3295 vel
3118 3239 3176 3292 in
3209 3237 3338 3308 ipsa
3368 3233 3585 3297 Africa,
3640 3229 3837 3285 edidit

2179 3355 2598 3403 TERTULLIANUS
2615 3352 2747 3393 vere
2770 3345 3014 3390 aureum
3038 3326 3183 3383 illud
3206 3340 3353 3397 opus
3392 3339 3464 3378 Ds
3481 3335 3835 3376 PRESCRIPT.

2181 3450 2414 3491 anvsas.
2450 3440 2795 3494 HERETICOS,
2846 3424 3046 3493 utpote
3098 3415 3256 3489 quod
3288 3416 3424 3470 ante
3442 3409 3585 3467 alios
3617 3423 3838 3464 omnes

2184 3522 2469 3595 scriptum
2500 3516 2765 3589 ejusdem
2784 3506 3118 3582 argumenti
3147 3504 3350 3569 libros,
3375 3518 3445 3557 ex
3474 3498 3566 3555 his
3614 3499 3837 3552 Aucto-

2186 3614 2266 3672 ris
2304 3586 2814 3669 .verbis-constat:
2871 3599 2972 3657 Sed
3029 3610 3179 3653 nunc
3227 3592 3448 3665 quidem
3503 3586 3848 3660 generaliter

2185 3708 2369 3760 actum
2396 3702 2476 3755 est
2504 3714 2537 3753 a
2583 3695 2741 3750 nobis
2778 3689 3035 3745 adversus
3097 3682 3347 3739 hareseis
3392 3678 3627 3745 amreis,
3676 3676 3854 3730 certis

2187 3804 2238 3851 et
2258 3794 2426 3867 justzs
2453 3798 2503 3846 et
2551 3782 2872 3842 necessariis
2909 3771 3440 3850 praescriptiOnibus
3491 3765 3854 3839 repellendos

2187 3902 2221 3941 a
2242 3855 2534 3940 collatione
2563 3876 2997 3945 Scripturarum.
3050 3866 3124 3921 De
3162 3864 3399 3934 reliquo,
3428 3860 3479 3915 si
3507 3858 3612 3913 Dei
3658 3855 3857 3925 gratia

2189 3972 2475 4040 annuerit,
2498 3968 2669 4024 etiam
2696 3960 3011 4034 specialiter
3034 3952 3368 4027 quibusdam
3396 3945 3856 4020 respondebimus

2190 4064 2271 4137 (L.
2303 4061 2369 4117 de
2417 4033 2654 4114 nam.
2696 4033 2820 4107 adv.
2872 4048 3007 4103 ιιεεν.
3057 4060 3107 4099 c.
3140 4043 3231 4110 45,
3280 4058 3339 4096 n.
3373 4039 3479 4093 293
3510 4042 3567 4093 et
3593 4034 3744 4106 294).
3782 4033 3854 4089 In

2192 4128 2398 4210 eosub
2452 4148 2625 4203 ﬁnem
2683 4138 3030 4209 Catalogum
3078 4130 3485 4188 haereticorum
3562 4128 3853 4193 recenset,

2194 4240 2292 4313 qui
2325 4238 2397 4294 ad
2456 4233 2514 4289 id
2557 4226 2836 4302 temporis
2884 4222 3201 4280 Ecclesiam
3238 4217 3652 4282 dilacerarunt,
3716 4211 3857 4266 bea-

2194 4333 2324 4384 tum
2354 4327 2633 4380 Irenaeum
2659 4318 2759 4374 60
2784 4312 3071 4381 imitatus,
3097 4321 3438 4382 quanquam
3469 4304 3673 4359 ordine
3703 4304 3857 4355 tem-

2197 4429 2405 4488 porum
2438 4427 2553 4466 non
2580 4406 2723 4464 satis
2755 4404 3085 4468 observato,
3110 4412 3284 4470 quem
3319 4410 3425 4450 nos
3455 4393 3621 4459 adeo,
3668 4405 3860 4460 quan-

2198 4478 2324 4560 tum
2358 4500 2479 4556 fieri
2512 4494 2723 4571 potuit,
2764 4488 3181 4562 expressimus.
3234 4480 3531 4556 Imprimis
3577 4478 3864 4536 Judaismi

1353 4567 1396 4659 it
1415 4567 1489 4657 ad
1518 4612 1708 4670 usque
1731 4596 1791 4650 Β.
1814 4586 2085 4665 Cypriani
2118 4578 2160 4641 Ι)
2194 4595 2267 4663 1.)
2316 4567 2700 4647 hwreticorum
2749 4595 2964 4670 genera
3019 4581 3294 4648 quatuor,
3353 4570 3670 4627 Dositheum
3744 4567 3862 4623 Sa-

2200 4682 2567 4744 maritanum,
2632 4669 2981 4735 Saddncazos,
3049 4664 3364 4720 Phariszos
3422 4668 3473 4715 et
3508 4657 3859 4715 Herodianos

2204 4768 2423 4826 Deinde
2451 4780 2551 4821 eos
2591 4763 2670 4834 5.)
2718 4760 2814 4832 qui
2859 4773 2930 4813 ea:
2979 4752 3265 4825 Evangelia
3325 4748 3578 4806 haeretici
3622 4760 3736 4800 esse
3773 4760 3869 4799 vo-

2207 4858 2427 4914 luerunt
2453 4858 2526 4925 (c.
2557 4832 2659 4922 te,
2703 4849 2841 4906 hear.
2883 4847 2933 4912 1,
2964 4845 3021 4911 2,
3053 4844 3112 4914 5,
3163 4841 3229 4895 1ο
3257 4838 3461 4910 etii),
3511 4838 3570 4891 in
3626 4832 3866 4889 univer-

2208 4963 2339 5004 sum
2372 4958 2617 4999 numero
2663 4940 2754 5010 25,
2813 4936 3087 4993 Simonem
3169 4930 3406 5001 Magum,
3461 4923 3863 4991 Menandrum,

2207 5035 2519 5099 Nicolaum,
2555 5026 2877 5087 Cerinthum
2912 5030 2964 5078 et
2992 5020 3287 5077 Hebionem
3309 5017 3381 5089 (c.
3418 5015 3505 5083 46,
3538 5014 3679 5070 hter.
3712 5011 3768 5078 3,
3801 5015 3869 5067 et

2210 5125 2309 5198 qui
2358 5123 2470 5180 sub
2549 5114 2836 5192 Apostolis
2910 5127 3051 5168 suas
3143 5109 3488 5180 sparserunt
3560 5101 3867 5166 hmreseis,

2210 5192 2385 5286 atque
2440 5210 2585 5264 adeo
2660 5206 2769 5262 sub
2848 5198 3101 5265 Tiberio,
3167 5195 3428 5261 Claudio,
3487 5192 3734 5261 Nerone,
3808 5196 3867 5245 et

2214 5278 2487 5373 Trajano.
2572 5298 2716 5351 Item
2814 5290 2896 5362 3.)
2964 5287 3331 5344 Saturninum
3432 5287 3487 5339 et
3559 5278 3874 5336 Basiliden:

2213 5392 2465 5465 Ophitas,
2518 5385 2773 5451 Caineos,
2835 5378 3127 5444 Sethoitas,
3172 5383 3225 5432 et
3272 5373 3677 5445 Carpocratem,
3745 5373 3865 5423 sub

2211 5459 2624 5553 A'postolm'um
2657 5468 2967 5542 discipulis
2997 5480 3183 5536 usque
3215 5463 3284 5520 ad
3340 5459 3691 5517 Hadrianum
3751 5460 3876 5510 lm-

2212 5546 2562 5642 peratorem.
2632 5562 2710 5633 4,)
2792 5557 3138 5615 Valentinum
3223 5552 3518 5622 deinceps,
3627 5546 3883 5619 ejusque

2217 5637 2471 5715 asseclas
2527 5650 2893 5709 Ptolomaeum
2948 5661 3017 5701 ac
3052 5646 3055 5649 λ
3088 5641 3424 5710 Secundum,
3455 5637 3880 5706 Heracleonem,
