4060 6366
237 391 345 451 105

239 724 425 764 nenses
454 711 753 767 credidisse
782 713 881 765 sub
943 714 1161 783 Hygino
1219 715 1399 784 Papa,
1461 714 1727 770 Antonini
1781 719 1897 786 fere
2007 723 2239 780 natione
2270 743 2336 782 ea
2366 711 2537 788 susse

238 799 557 870 principatu
605 800 786 856 tradit
816 808 1035 870 auctor,
1068 804 1118 856 et
1145 802 1244 856 sub
1274 804 1586 873 episcopatu
1617 806 1896 861 Eleutheri

1562 400 1661 459 TE
1672 400 2091 466 RTULLIANI
2134 406 2341 472 VITA.

239 535 291 583 et
335 533 587 586 Marcum
647 548 716 587 ac
773 530 1154 601 Colorbasum,
1213 549 1460 604 quorum
1518 535 2197 608 oorypbaaumAlatum
2231 564 2363 605 cum
2418 552 2534 611 {ilio
2588 558 2647 613 in

243 616 401 673 illum
461 621 521 674 in
577 620 921 677 Catholicam
966 624 1146 691 primo
1177 623 1486 678 doctrinam
1517 625 1661 695 apud
1694 628 1891 683 Roma-

3534 448 3652 507 106

2704 561 2868 635 Syria
2926 568 3136 627 initum
3195 575 3319 648 (qui
3371 577 3431 633 in
3489 579 3648 639 hunc

2567 647 2975 743 Alexandriam
3009 647 3355 734 profectum,
3392 672 3645 743 peregri~

2544 741 2642 805 pta
2669 748 2900 812 propter
2930 748 3270 821 religionem
3330 757 3421 811 dei
3481 741 3651 818 sera-

2295 817 2351 871 in
2411 838 2522 889 quo
2576 824 2810 901 (inquit)
2871 817 3078 893 itinere
3115 841 3344 909 judasos
3379 846 3501 903 ﬁeri
3534 817 3646 907 sub

2006 648 2224 690 annum
2286 638 2513 714 incidit)

2005 811 2158 881 pidis
2222 830 2233 867 :

240 888 302 941 ob
335 890 637 960 inquietam
664 907 878 961 semper
906 890 1419 957 curiositatem,una
1453 910 1577 947 cum
1615 897 1895 951 Marcione
2004 902 2161 970 gravi
2222 920 2391 974 poena
2430 888 2697 981 vetuit;
2729 888 2880 975 idem
2940 888 3139 983 etiam“
3170 931 3239 985 de
3297 888 3646 998 Christliajn‘i;

840 989 872 998 -.
1040 997 1047 998 ,
1099 997 1105 998 ,
1190 981 1279 998 ..η
1352 982 1386 998 ,ν
1439 984 1447 993 .
1802 986 1866 998 η,
2159 990 2191 998 .,
2265 994 2288 998 _

240 979 403 1032 semel
432 984 484 1032 et
509 978 707 1034 iterum
736 980 971 1050 ejectum
998 997 1109 1035 esse
1139 981 1211 1035 ab
1238 982 1479 1037 Ecclesia
1534 983 1633 1051 (Ib.
1688 1000 1736 1037 c.
1801 986 1889 1048 30,

240 1081 288 1119 c.
320 1067 407 1135 49,
444 1067 580 1121 δίεν.
616 1070 703 1133 12,
740 1072 822 1137 13,
855 1071 939 1134 14,
972 1071 1062 1137 50,
1096 1070 1231 1125 ῘἹὲΒΓ.
1267 1072 1359 1137 l3;
1394 1071 1589 1126 Ibide
1622 1072 1711 1138 51,
1747 1073 1883 1129 haer.

242 1156 493 1223 16,17,18
524 1162 580 1211 et
612 1159 756 1226 19,6;
778 1159 1365 1229 Ibid.c.52,ha3r.10,7;
1388 1161 1885 1232 lb.hzer.2l,c.53,

236 1244 641 1315 haer.22,23,24
676 1264 739 1301 ac
768 1250 931 1315 25,9;
964 1250 1269 1317 lb.c.3,lO;
1305 1250 1381 1304 Ib.
1414 1252 1540 1305 0.30
1573 1268 1584 1305 :
1616 1252 1680 1306 de
1710 1253 1882 1323 Spect.

234 1350 283 1388 ο.
318 1335 423 1401 27;
456 1335 595 1390 Ibid.
627 1335 669 1391 Ι.
702 1335 770 1391 de
797 1336 934 1393 Idol.
967 1354 1015 1391 c.
1046 1338 1171 1409 25);
1207 1342 1523 1394 sectatores
1563 1356 1696 1396 vero
1755 1344 1884 1413 ejus

231 1425 341 1477 sub
378 1423 492 1479 Piis
524 1429 686 1482 Pont.
720 1432 778 1481 et
809 1427 1017 1498 lmper.
1049 1428 1128 1495 5.)
1161 1427 1456 1483 Cerdonem
1486 1429 1695 1485 deinde
1727 1431 1885 1501 ejus-

235 1528 347 1581 que
379 1511 698 1569 discentem
732 1514 1080 1582 Marcionem,
1116 1515 1391 1586 illiusque
1451 1534 1517 1572 ex
1575 1518 1884 1591 discipulis

2005 990 2219 1047 sanxit.
2256 994 2378 1057 Qua
2408 1004 2809 1068 persecutione
2842 1015 2995 1081 passi
3030 1023 3167 1072 sunt
3197 1037 3371 1091 quam
3404 1026 3644 1097 plurimi

1998 1083 2719 1179 m‘arty‘resi-Alexundrim
2779 1101 2890 1154 sub
2952 1108 3099 1161 Larte
3158 1083 3424 1179 prmfecto
3487 1083 3642 1175 ac

1996 1167 2561 1279 :Egapt‘oLLibyaet
2596 1182 2888 1244 Thebaide
2935 1194 3045 1248 sub
3106 1167 3315 1270 Aquila
3370 1167 3640 1279 tpran‘nb:

1997 1255 2053 1310 in
2113 1258 2315 1359 Galliis
2350 1263 2617 1359 denique
2676 1274 2773 1331 SS.
2818 1278 3088 1352 lrenaeus,
3120 1255 3445 1359 Andeolug,

1995 1360 2181 1415 gnus,
2240 1349 2653 1444 Andochianus
2712 1367 2768 1418 et
2826 1349 3082 1440 Tyrsuse
3128 1376 3301 1434 Porro
3358 1349 3439 1436 ad,
3486 1349 3645 1444 hunc

1996 1450 2216 1492 annum
2275 1441 2532 1499 referunt
2591 1449 2852 1525 plerique
2910 1458 3354 1535 inscriptionem
3421 1472 3635 1533 illam:

1994 1540 2057 1577 M.
2090 1542 2329 1583 AGRIPPA
2364 1550 2412 1587 Ι..
2447 1551 2495 1588 F.
2532 1554 2651 1593 COL.
2687 1558 2771 1596 III.
2806 1561 2983 1617 FECIT,
3014 1568 3139 1609 IMP.
3174 1572 3309 1612 (ΗΕΒ.
3361 1577 3430 1617 Μ.
3498 1580 3638 1621 AUR.

231 1602 546 1674 magistros
575 1606 855 1659 Lucanum
887 1609 938 1659 et
968 1605 1523 1676 Appeltem,quorum
1559 1608 1718 1678 prior
1748 1625 1881 1665 cum
1991 1630 2195 1669 ANTON.
2257 1634 2376 1674 cos.
2433 1639 2728 1685 PANTIIEON
2776 1602 3101 1695 verusrsrs
3132 1602 3638 1711 consumunt

231 1690 529 1711 1YA‘-A1!,_
582 1694 733 1711 ,A,,,'s
803 1693 853 1711 ll
963 1694 972 1704 ·
1123 1698 1131 1711 ι
1206 1694 1263 1711 1H
1374 1697 1386 1711 ι
1480 1697 1493 1711 Α
1558 1696 1569 1708 ι
1649 1702 1657 1711 .
1783 1704 1812 1711 η

228 1690 538 1746 Valentino
570 1694 763 1764 coepit,
798 1693 1052 1749 Marcion
1085 1698 1141 1749 et
1170 1694 1266 1750 alii
1298 1697 1410 1751 sub
1464 1696 1724 1767 Aniceto,
1782 1704 1881 1754 So-

228 1785 372 1849 tere,
401 1786 458 1835 et
488 1781 819 1851 Eleuthero,
848 1784 1279 1855 Imperantibus
1313 1786 1411 1841 Pio
1443 1790 1500 1841 et
1529 1786 1782 1858 Aurelio,
1801 1790 1883 1857 6.)

1992 1717 2135 1756 OMNI
2166 1721 2349 1764 CUL'I‘U
2381 1726 3001 1789 ansrtrusnuxrﬂuod
3036 1746 3191 1788 nunc
3221 1736 3633 1798 adducendum

1992 1794 2325 1861 putavimus
2356 1801 2424 1855 ad
2455 1809 2797 1866 memoriam
2830 1814 3138 1891 Ecclesium;

230 1879 524 1935 Tatianum
555 1882 869 1953 posthaec,
930 1899 1102 1955 quem
1156 1884 1330 1939 etiam
1392 1884 1652 1988 schlolam
1710 1903 1878 1943 suam
1911 1923 1958 1988 Β

226 1968 487 2025 erexisse
542 1971 749 2026 scribit
796 1971 1061 2028 Clemens
1094 1975 1373 2029 Alexand.
1410 1974 1518 2030 sub
1549 1992 1767 2032 annum
1800 1994 1878 2031 xu

222 2057 510 2113 Antonini
545 2060 647 2115 Pii.
688 2059 836 2125 Quid
864 2064 887 2116 Ρ
916 2062 1070 2133 quod
1103 2064 1480 2135 Cataphrygas
1529 2082 1758 2137 quoque
1816 2066 1877 2121 in

226 2163 485 2217 quorum
514 2148 780 2205 haeresim
814 2157 1014 2222 postea
1044 2152 1315 2207 incautus
1344 2152 1569 2221 incidit,
1594 2154 1879 2212 haereticos

225 2237 579 2293 nominatim
597 2238 950 2311 appellet;7,)
966 2257 1192 2311 quorum
1214 2244 1446 2313 quidam
1469 2243 1728 2299 dicuntur
1740 2244 1875 2298 κοιτά

219 2326 483 2381 Proclum
512 2328 607 2398 (de
632 2345 745 2399 quo
775 2329 947 2384 infra.
982 2330 1201 2401 latius),
1241 2332 1344 2387 alii
1399 2333 1697 2389 secundum
1750 2337 1869 2390 ίΕδ-

216 2418 458 2489 chinem,
491 2420 707 2490 quibus
736 2437 849 2475 non
883 2422 1054 2478 modo
1086 2423 1374 2491 haeresim,
1408 2425 1506 2479 sed
1537 2428 1586 2480 et
1626 2427 1871 2498 blasphe-

216 2510 391 2561 mium
422 2508 717 2579 impingit,
751 2527 855 2580 qua
888 2513 945 2565 in
971 2513 1242 2582 Apostolis
1293 2514 1546 2570 dicebant
1600 2516 1874 2586 Spiritum

216 2600 474 2651 sanctum
531 2599 725 2667 fuisse,
775 2600 1122 2656 Paracletum
1178 2618 1290 2657 non
1344 2604 1548 2676 fuisse,
1604 2615 1656 2661 et
1705 2608 1872 2661 Para-

213 2686 418 2739 cletum
472 2686 663 2758 plura,
714 2688 943 2743 meliora
1000 2700 1167 2760 atque
1222 2693 1439 2763 majora
1500 2696 1554 2747 in
1614 2696 1870 2750 Montano

214 2773 460 2841 dixisse,
516 2792 681 2848 quam
740 2776 1017 2834 Christum
1075 2782 1130 2834 in
1188 2782 1488 2853 Evangelio
1552 2786 1867 2854 protulisse,

215 2864 285 2918 de
342 2865 520 2934 cujus
552 2867 914 2935 temporibus
947 2884 1079 2922 mox
1108 2868 1286 2924 latius
1318 2872 1393 2941 8).
1430 2873 1672 2927 Blastum
1703 2875 1868 2929 deni-

215 2953 416 3023 nique,
462 2954 533 3009 de
586 2971 701 3026 quo
754 2972 965 3026 supra,
1028 2958 1357 3014 Theodotum
1416 2961 1755 3032 Byzantium
1804 2980 1869 3019 ac

216 3042 543 3098 Theodotum
592 3043 905 3100 Coriarium
978 3046 1561 3105 Melchicedechianum
1618 3052 1748 3107 sub.
1810 3058 1865 3107 S.

214 3132 450 3187 Victore
481 3132 779 3196 Pontifice,
815 3140 870 3189 et
898 3138 1213 3191 Commodo
1244 3142 1615 3210 Imperatore,
1649 3148 1707 3196 et
1735 3144 1869 3197 Pra-

209 3237 377 3276 xeam
410 3223 481 3276 de
512 3238 627 3293 quo
656 3229 877 3293 postea,
911 3242 976 3280 ac
1014 3228 1306 3282 Victoriam
1336 3228 1434 3299 qui
1471 3228 1631 3285 illius
1684 3232 1863 3285 haere-

210 3312 297 3366 sin
360 3313 737 3368 corroborare
786 3321 1028 3370 conatus
1059 3321 1165 3371 est.
1202 3317 1289 3371 Fit
1318 3319 1519 3374 eodem
1551 3319 1651 3375 lib.
1687 3320 1860 3376 etiam

213 3403 434 3455 mentio
492 3418 560 3456 ex
615 3404 827 3473 Apost.
892 3404 1065 3459 Paulo
1123 3406 1371 3461 aliorum
1428 3407 1860 3480 haereticorum,

210 3507 423 3561 nempe
452 3491 533 3560 9.)
586 3491 881 3561 Phyggelli
935 3498 985 3548 et
1041 3496 1415 3565 Hermogenis,
1475 3499 1755 3569 llymenazi
1812 3502 1862 3553 et

210 3581 440 3635 Phileti.
506 3581 643 3635 Item
702 3582 814 3651 40).
876 3583 1103 3652 Nigidii,
1139 3587 1314 3640 nescio
1345 3588 1519 3655 cuius,
1552 3592 1604 3641 et
1635 3590 1855 3643 Hermo-

206 3685 360 3740 genis
394 3711 408 3723 .
467 3670 578 3725 Sed
634 3671 704 3725 de
757 3670 865 3725 hoc
923 3688 1155 3744 quoque
1214 3676 1388 3745 paulo
1448 3682 1580 3747 post
1636 3678 1854 3733 latius.

212 3770 389 3821 Porro
448 3767 521 3820 ad
580 3767 778 3823 eodem
837 3785 989 3824 anno
1047 3770 1325 3826 indictam
1388 3774 1856 3844 persecutionem

210 3855 679 3910 Christianorum
710 3875 740 3910 a
761 3858 964 3912 Severo
992 3859 1386 3930 Imp.a|ludit;
1421 3867 1623 3917 auctor
1652 3864 1710 3917 in
1738 3864 1860 3920 haec

207 3945 383 4000 verba
415 3945 486 3999 de
512 3945 951 4015 Amphitheatro
980 3948 1227 4019 loquens
1278 3966 1290 4003 :
1340 3952 1447 4023 12),
1504 3954 1625 4007 Illic
1680 3956 1857 4024 quoti-

208 4034 367 4088 diani
397 4036 458 4088 in
486 4050 585 4089 nos
616 4035 798 4091 leones
826 4038 1259 4107 expostulantur,
1296 4041 1422 4094 inde
1450 4045 1857 4111 persecutiones

206 4123 602 4192 decernuntur,
634 4124 765 4179 inde
797 4129 1121 4182 tentationes
1152 4130 1649 4186 emittuntur.ltem
1682 4132 1849 4188 illud:

208 4212 357 4268 Scire
387 4214 575 4268 volunt
603 4215 815 4269 scilicet
840 4224 1047 4287 tempus
1095 4222 1514 4288 persecutionis,
1573 4230 1624 4277 et
1677 4223 1854 4279 locum

205 4302 543 4367 tribunalis,
602 4307 652 4357 et
706 4320 995 4374 personam
1040 4308 1324 4377 praesidis.
1386 4308 1627 4382 Aliaque
1688 4328 1851 4367 com-

207 4391 378 4460 plura
434 4392 493 4445 in
528 4388 655 4457 lib.
719 4409 865 4464 quos
895 4393 1047 4450 infra
1077 4397 1528 4454 recensebimus.
1565 4399 1667 4455 Hic
1697 4401 1852 4456 dun-

206 4486 366 4535 taxat
396 4481 790 4551 probavimus,
823 4500 936 4538 non
970 4482 1027 4538 in
1054 4502 1273 4541 annum
1321 4503 1399 4543 vn
1454 4494 1556 4543 aut
1613 4506 1691 4554 x1,
1748 4492 1849 4546 scd

207 4569 263 4623 in
326 4571 424 4624 67
479 4570 635 4625 hunc
680 4572 874 4642 potius
903 4591 939 4627 x
970 4574 1197 4645 imperii
1229 4576 1420 4631 Severi
1450 4595 1669 4633 annum
1705 4581 1848 4635 refe-

210 4660 460 4714 rendum
522 4659 684 4715 dictas
746 4664 1172 4732 persecutionis
1230 4665 1498 4721 initium.
1560 4669 1932 4739 ImprimisD
1967 4701 2120 4751 mus,
2179 4687 2238 4742 in
2289 4706 2410 4745 com

208 4754 269 4803 B.
333 4748 568 4804 Hieron.
621 4753 741 4805 Cat.
774 4751 979 4822 Script.
1016 4753 1230 4809 Eccles.
1266 4755 1323 4808 in
1360 4755 1605 4826 Origene
1634 4762 1690 4812 et
1722 4764 1852 4829 post

205 4856 336 4894 eum
370 4838 739 4910 Sophronius
766 4855 829 4894 ac
862 4840 1222 4913 Nicephorus
1272 4844 1506 4900 Graecus
1563 4847 1845 4914 scribunt,

206 4946 237 4982 x
294 4928 493 4983 Severi
552 4927 871 4984 Pertinacis
940 4947 1093 4985 anno
1155 4933 1436 4989 adversus
1485 4934 1848 4993 Christianos

206 5016 606 5088 persecutione
672 5024 1001 5087 commota,
1072 5020 1383 5076 Leonidam
1470 5024 1659 5095 ipsius
1726 5043 1845 5097 pa-

204 5113 371 5171 trem,
402 5105 615 5159 Cbristi
649 5107 924 5179 martyrio
956 5115 1295 5164 coronatum
1328 5128 1340 5177 ;
1377 5111 1474 5167 ille
1521 5129 1656 5168 vero
1698 5115 1848 5170 inter

204 5197 421 5267 primos
489 5200 774 5266 martyres
841 5203 1177 5252 recensetur
1243 5200 1315 5254 ab
1384 5202 1630 5257 Eusebio
1700 5205 1841 5260 Hist.

202 5296 406 5349 Eccles.
469 5292 572 5347 lib.
616 5310 667 5359 ν,
703 5293 799 5363 qui
827 5293 1206 5363 Alexandriae,
1236 5298 1334 5352 ubi
1369 5299 1614 5354 maxime
1648 5317 1843 5371 perse-

202 5386 350 5439 cutio
402 5382 764 5451 abundabat,
826 5384 982 5454 passi
1043 5392 1199 5440 sunt.
1267 5388 1479 5443 Deinde
1526 5389 1712 5445 Judas
1771 5392 1843 5446 ad

204 5474 351 5529 hunc
418 5489 606 5543 usque
665 5489 885 5527 annum
947 5474 1485 5548 Chronographiam
1549 5480 1839 5549 perduxit,

203 5572 349 5642 quod
433 5570 651 5625 instare
710 5573 942 5642 putaret
998 5572 1311 5628 adventum
1373 5575 1708 5633 Antichristi
1770 5581 1841 5635 ob

204 5660 345 5717 hanc
380 5661 846 5731 persecutionem
879 5659 1577 5737 gravissimam.Denique
1608 5667 1842 5726 disertis

204 5751 387 5807 verbis
416 5749 762 5822 Spartianus
796 5748 1105 5822 signiﬁcat,
1139 5768 1252 5808 non
1287 5752 1398 5809 nisi
1452 5760 1585 5827 post
1625 5773 1841 5815 consu-

478 5880 736 5938 Pauor“
786 5877 831 5936 Ι.

2528 2029 2675 2070 ANNO
2710 2034 2917 2079 DOMINI
2948 2040 3092 2082 CCIV.

2058 2187 2238 2259 §XII.
2272 2195 2346 2250 De
2375 2198 2652 2270 Baptismo
2691 2207 2950 2266 adversus
3009 2216 3355 2283 Quintilium.
3414 2254 3483 2267 -—
3538 2228 3633 2287 21.

1990 2292 2041 2330 Ρ.
2099 2296 2364 2339 εεΡΤιΜιο
2423 2306 2486 2344 Μ.
2546 2309 2597 2347 F.
2630 2311 2791 2363 GETA,
2824 2316 2898 2354 ΕΤ
2931 2318 2980 2359 L.
3014 2320 3277 2365 SEPTIMIO
3310 2329 3631 2372 PLAUTIANO

1985 2382 2025 2474 ξι
2052 2385 2202 2468 coss.
2231 2388 2287 2474 ξ.
2337 2376 2646 2451 Zephyrini
2700 2390 3001 2447 Pontificis
3053 2398 3299 2454 Romani
3355 2418 3509 2459 anno
3569 2422 3625 2474 ν,

1981 2455 2165 2512 Severi
2228 2462 2437 2535 Impar.
2498 2486 2574 2539 x1,
2634 2475 2739 2530 etsi
2800 2482 3201 2547 persecutione
3220 2488 3346 2557 jam
3379 2455 3628 2565 vigente:

1984 2561 2094 2640 non
2156 2552 2349 2607 tamen
2411 2556 2638 2616 destitit
2713 2565 3153 2629 TERTULLIANUS
3209 2594 3243 2631 a
3299 2552 3627 2640 scribendis

1982 2636 2562 2737 adversushzereseis
2590 2648 2778 2709 libris.
2832 2657 2988 2714 Inter
3044 2678 3193 2733 quos
3252 2636 3629 2737 primoloco

1981 2724 2385 2787 collocandum
2418 2750 2729 2796 censemus
2748 2743 2829 2799 DE
2846 2764 3121 2807 BAPTISMO
3150 2724 3443 2815 ADV‘ERSUS
3472 2777 3640 2823 QUIN-

1978 2830 2206 2919 TipLAM,
2243 2826 2442 2919 utpote
2473 2843 2643 2897 quem
2694 2834 2977 2905 scriptum
3040 2847 3271 2899 constat
3327 2852 3637 2919 antequam

1981 2903 2177 2975 aliquo
2216 2912 2409 3007 modo
2440 2916 2511 3007 ad
2546 2903 2830 2976 haeresim
2849 2930 3210 2998 propendere
3241 2903 3638 3007 coepisse-tie:

1979 3008 2045 3046 eo
2077 2997 2232 3063 quod
2261 2999 2535 3098 iactionis
2569 3006 2743 3064 fuerit
2774 2997 3267 3076 Montanistarum
3330 2997 3628 3098 buintilla,

1978 3096 2012 3179 a
2067 3098 2184 3179 qua
2243 3087 2429 3145 dictos
2478 3093 2887 3156 Quintillianos
2919 3121 2985 3159 ex
3017 3087 3492 3179 Epiphanio‘illic
3526 3087 3633 3173 de;

1977 3170 2274 3273 duaimus.
2307 3179 2392 3231 An
2422 3180 2580 3237 aliud
2613 3187 2753 3256 quid
2784 3190 3040 3249 adversus
3065 3170 3389 3257 llontanum
3430 3170 3625 3276 ipsum

1894 3292 1937 3359 ρ
1978 3260 2277 3361 scripserit
2306 3273 2525 3361 auctor,
2570 3289 2682 3329 non
2743 3294 2906 3350 aque
2964 3286 3197 3353 probari
3255 3260 3468 3361 potest:

1974 3350 2289 3448 verisimile
2350 3356 2435 3425 ﬁt,
2497 3368 2619 3416 tum
2679 3380 2748 3419 ex
2804 3350 3053 3428 illius—B.
3086 3350 3400 3448 Augustini
3433 3350 3625 3441 verbis

1974 3435 2074 3544 libi.
2108 3440 2191 3544 de.
2223 3441 2423 3544 hilares:
2462 3463 2475 3502 :
2510 3472 2537 3498 ι(
2576 3453 2651 3505 Ad
2712 3459 3100 3533 cataphrygas
3156 3435 3414 3535 transiit,

1972 3532 2104 3581 ante
2134 3531 2464 3635 "destruxit,
2527 3562 2548 3590 ι
2616 3545 2742 3598 tum
2785 3531 3035 3606 maxime
3065 3569 3133 3608 ex
3163 3531 3409 3629 Niceph;
3433 3531 3535 3616 lib.
3569 3564 3622 3635 4,

1970 3632 2095 3687 cap.
2131 3620 2221 3687 34,
2255 3624 2357 3692 qui
2389 3627 2568 3682 tradit
2599 3637 2895 3690 auctorem
2928 3639 2999 3693 ad
3061 3647 3275 3699 statam
3306 3620 3626 3706 -mediam:

1970 3970 2149 4026 libros
2182 3990 2283 4045 pro
2316 3977 2415 4033 illo
2447 3987 2867 4055 composuisse.
2903 3993 3009 4057 Qui
3042 3970 3459 4056 cum-Montani
3510 4002 3622 4059 hae-

1965 4063 2527 4164 :eseos‘_bistoriam
2581 4072 2683 4129 lib.
2744 4078 3009 4147 ejusdem
3067 4102 3115 4139 ο.
3162 4088 3247 4154 18,
3279 4090 3371 4159 20,
3402 4092 3493 4161 22,
3524 4094 3618 4164 23,

1963 4329 2242 4387 adversus
2273 4333 2438 4389 illum
2474 4340 2709 4410 scriptis
2740 4344 2864 4401 suis
2924 4329 3316 4421 disputarant,
3375 4329 3613 4417 saeuius

1960 4418 2172 4514 Euseb.
2234 4421 2333 4478 lib.
2392 4442 2446 4491 ν,
2499 4443 2624 4499 cap.
2658 4431 2710 4497 3,
2745 4434 2798 4495 4,
2836 4436 2919 4504 14,
2955 4418 3040 4508 15,
3074 4441 3160 4509 16,
3196 4443 3265 4496 17
3292 4418 3350 4499 et
3381 4447 3465 4514 18,
3504 4464 3611 4504 nos

1960 4508 2189 4577 (praeter
2218 4527 2284 4565 ea
2315 4528 2441 4583 quae
2475 4517 2544 4570 ad
2578 4517 2679 4573 lib.
2715 4522 2783 4576 de
2817 4522 3145 4599 Praescript.
3206 4508 3462 4590 adverse
3497 4536 3613 4592 bss-

1958 4600 2065 4650 ret.
2103 4602 2536 4674 annotavimus)
2570 4621 2720 4673 eam,
2775 4610 2856 4664 uti
2919 4617 3228 4684 promissis
3285 4623 3616 4683 satisfacia-

2422 4694 2698 4763 pendium
2733 4697 2827 4755 hic
2855 4702 3237 4775 redigendum
3272 4714 3614 4781 putavimus

1961 4775 2088 4844 (lib.
2122 4778 2188 4831 de
2215 4780 2421 4850 Raptis.
2456 4799 2513 4837 n.
2545 4785 2618 4855 2).

2031 4864 2131 4920 88
2164 4868 2436 4925 Excursus
2472 4873 2535 4941 ﬁt
2591 4876 2652 4929 in
2698 4877 3122 4939 Montanismum
3172 4904 3331 4959 quem
3388 4894 3611 4965 scriptis

1953 4958 2143 5025 primo
2202 4958 2416 5015 lacessit

1958 5221 2058 5277 lib.
2118 5224 2183 5279 de
2230 5226 2463 5283 Prarscr.
2510 5230 2631 5285 adv.
2688 5232 2818 5288 her.
2883 5254 2933 5292 c.
2986 5241 3075 5312 52,
3140 5244 3279 5303 liter.
3336 5250 3450 5321 21),
3507 5253 3606 5321 qui

1956 5328 2142 5383 nuper
2173 5314 2242 5368 ad
2293 5315 2463 5407 ﬁdem
2522 5328 2777 5391 venerat,
2838 5326 3013 5383 Grato
3072 5335 3197 5388 tum
3258 5314 3607 5407 proconsule

1953 5402 2120 5467 Asiae,
2147 5404 2400 5473 primum
2434 5406 2755 5466 insatiabili
2789 5417 3040 5484 quadam
3076 5402 3609 5496 animi—cupiditate

1953 5490 2009 5544 in
2046 5494 2301 5563 primatu
2334 5496 2638 5555 ambiendo
2670 5501 2999 5571 incensum,
3035 5509 3212 5565 simul
3248 5490 3422 5586 atque
3481 5519 3612 5573 adi-

1952 5583 2073 5635 tum
2109 5582 2337 5639 diabolo
2387 5587 2457 5640 ad
2518 5602 2578 5642 se
2637 5591 3010 5664 patefecerat,
3072 5598 3286 5669 spiritu
3327 5582 3615 5676 vquodam

1954 5670 2212 5743 maligno
2245 5673 2574 5745 abreptum,
2603 5682 2659 5732 et
2686 5686 2918 5751 repente
2952 5683 3145 5742 furore
3175 5693 3233 5744 et
3263 5670 3478 5752 mentis
3518 5698 3614 5755 in-

1953 5760 2119 5815 sania
2146 5763 2525 5836 exagitatam,
2561 5768 2897 5839 peregrinas
2930 5776 3215 5845 quasdam
3268 5798 3435 5840 voces
3484 5785 3613 5845 tun-

3281 5912 3319 5966 4
