4060 6370
477 375 597 441 107

1790 355 2050 415 TERTU
2063 354 2177 414 [.Ll
2189 358 2228 413 A
2243 355 2317 414 Nl
2361 353 2547 414 VITA
2566 397 2580 413 .

3772 353 3882 412 108

475 505 653 570 dere,
707 503 766 555 et
822 499 1022 554 contra
1079 509 1256 566 quam
1314 489 1577 547 Ecclesiae
1627 487 1986 543 consuetudo
2043 504 2112 543 ex
2154 486 2437 558 AIIEPT.
2471 489 2765 544 KAPTAI‘.
2802 486 3354 555 MHTPOHOAIOZ;
3387 489 3587 559 utpote
3649 501 3762 558 qua
3816 483 3888 540 si-

473 591 789 650 traditione
850 589 906 642 et
969 582 1337 639 successione
1395 578 1794 652 apostolorum
1867 577 2132 632 derivata

479 679 817 756 postulabat
847 674 1192 747 prophetare
1224 669 1485 741 coepisse.
1518 670 1673 734 Quas
1707 667 1816 756 etsi
1848 665 2128 756 adulteri-

481 755 591 830 nas
617 784 786 825 voces
835 763 1074 837 quidam
1127 762 1533 832 agnoscentes,
1596 773 1667 812 ne
1721 755 1995 826 deinceps
2053 755 2134 810 ita

487 860 750 933 garriret,
810 854 1197 924 increparent,
1258 850 1406 903 inter
1437 863 1583 918 quos
1612 845 1867 918 episcopi
1901 843 2132 899 Zoticus

488 953 753 1006 Comanae
785 944 904 999 sive
933 941 1239 1004 Ostrenus,
1284 941 1340 992 et
1394 936 1669 992 Julianus
1727 936 2016 1006 Apameae,
2079 937 2137 987 et

489 1042 772 1108 martyres
830 1046 1061 1102 quoque
1119 1027 1296 1082 Gaius
1355 1030 1411 1080 et
1467 1024 1789 1079 Alexander
1841 1039 1973 1077 cum
2033 1021 2132 1076 illo

489 1143 664 1184 sensu
721 1124 968 1194 ejusque
1025 1116 1251 1172 insanis
1304 1113 1535 1169 vatibus
1593 1111 1897 1168 Maximilla
1926 1113 1974 1165 et
2005 1111 2133 1164 Pri-

487 1216 666 1283 scilla,
701 1227 849 1284 quas
879 1212 1052 1264 antea
1094 1203 1430 1260 meretrices
1486 1203 1686 1257 eodem
1748 1200 1954 1272 spiritu
2015 1201 2134 1255 dae-

490 1321 625 1360 mon
684 1296 1049 1372 impleverat,
1109 1296 1178 1349 ad
1238 1297 1561 1349 extremum
1623 1307 1808 1361 usque
1861 1290 2135 1361 spiritum

490 1390 927 1450 communicare
958 1387 1297 1440 recusarent
1330 1399 1342 1438 :
1374 1381 1541 1454 pauci
1573 1385 1769 1435 tamen
1829 1397 1896 1436 ex
1950 1380 2134 1452 Phry-

492 1482 665 1555 gibus
695 1477 780 1532 illi
814 1478 1111 1546 coeperunt
1150 1472 1464 1536 adhaerere,
1524 1474 1579 1524 et
1631 1469 1965 1524 Theodotus
2020 1468 2136 1534 ille,

496 1581 568 1634 de
623 1592 738 1648 quo
787 1589 984 1645 supra,
1016 1572 1142 1642 ejus
1174 1568 1588 1624 commentitim
1622 1566 1936 1638 prophetiae
1971 1567 2139 1636 quasi

496 1667 966 1741 procurationem
1010 1659 1288 1730 suscepit.
1351 1656 1456 1722 Qui
1517 1656 1653 1711 inde
1712 1655 1767 1708 in
1829 1653 2140 1724 Galatiam,

498 1759 748 1814 Pontum
805 1756 862 1807 et
914 1750 1111 1805 Asiam
1168 1746 1482 1818 progressi,
1542 1745 1719 1800 etiam
1749 1744 2142 1800 Alexandrum

504 1843 818 1919 quemdam
853 1840 963 1896 sibi
1012 1839 1425 1908 adjunxerunt,
1459 1834 1718 1890 convivio
1777 1833 2147 1888 familiariter

507 1954 542 1991 a
572 1929 894 1990 Maximilla
924 1927 1106 1998 excipi
1140 1926 1401 1990 solitum,
1435 1923 1792 1978 Alcibiadem
1839 1922 2153 1993 quemdam

507 2028 564 2080 et
594 2018 1046 2084 Themisionem,
1081 2016 1179 2087 qui
1232 2014 1376 2069 falso
1420 2029 1481 2068 se
1513 2013 1874 2067 confessores
1905 2015 1962 2066 et
2002 2028 2153 2066 mar-

505 2117 664 2185 tyras
692 2107 909 2166 Christi
960 2103 1329 2176 jactitabant.
1392 2103 1573 2172 quue
1629 2100 1737 2171 (vel
1795 2101 1857 2155 B.
1918 2100 2152 2156 Hieron.

490 2218 639 2258 .cum
692 2198 809 2253 illis
861 2192 1279 2262 consentiente)
1339 2191 1447 2246 sub
1508 2189 1753 2262 imperio
1809 2193 1880 2244 M.
1933 2190 2153 2246 Aurelii

502 2286 900 2362 Imperatoris,
947 2282 1112 2339 initio
1147 2282 1520 2353 pontiﬁcatus
1551 2285 1606 2335 S.
1641 2279 1975 2335 Eleutherii.
2010 2285 2152 2337 Nam

502 2381 572 2436 ad
603 2379 761 2433 hunc
789 2392 857 2431 ex
884 2373 1087 2429 Galliis
1117 2371 1345 2426 litteras
1391 2369 1608 2426 tulerat
1665 2370 1726 2423 Β.
1787 2369 2060 2437 Irenaaus,
2121 2387 2154 2426 a

503 2464 994 2540 Lugdunensibus
1028 2477 1161 2517 cum
1191 2459 1401 2515 litteris
1431 2463 1486 2513 S.
1538 2458 1736 2524 Attali,
1787 2458 2153 2530 aliorumque

508 2561 831 2627 martyrum
890 2557 1015 2607 tum
1074 2550 1264 2605 adhuc
1324 2565 1553 2604 carcere
1609 2547 2042 2616 conclusorum,
2092 2549 2152 2604 in

508 2646 707 2703 Asiam
739 2648 798 2699 et
825 2640 1137 2713 Phrygiam
1173 2639 1413 2706 missus,
1447 2637 1531 2691 uti
1563 2637 1857 2707 judicium
1883 2637 2154 2693 Ecclesiae

512 2733 824 2791 Gallicanae
854 2731 924 2785 de
957 2726 1484 2801 pseudoprophetia
1523 2725 1757 2780 illorum
1816 2743 1882 2782 eo
1942 2728 2156 2798 perfer-

511 2829 616 2880 ret.
675 2823 835 2877 Idem
882 2819 1080 2884 etiam,
1112 2833 1238 2872 mea
1269 2816 1505 2888 quidem
1539 2817 1844 2884 sententia,
1877 2817 2155 2873 Romanus

509 2915 791 2986 episcopus
857 2911 1066 2965 litteras
1129 2909 1282 2978 pacis
1316 2949 1329 2974 ,
1409 2905 1867 2977 praedecessorum
1931 2923 2155 2962 suorum

510 3001 836 3059 auctoritate
893 3000 1082 3065 nixus,
1142 2997 1256 3052 illis
1313 2998 1582 3051 recusavit
1621 2996 1786 3067 (tom.
1821 2996 1917 3066 ΙΙΙ,
1951 2996 2051 3051 lib.
2085 2996 2156 3052 ad

506 3094 806 3157 Praxeam,
837 3105 887 3144 c.
923 3089 996 3159 1).
1029 3088 1116 3142 An
1146 3086 1217 3141 ad
1252 3085 1360 3140 hoc
1390 3089 1733 3156 cooperatus
1791 3086 1965 3140 fuerit
2021 3086 2154 3141 Pra-

506 3199 643 3238 xeas
697 3184 837 3236 tunc
875 3176 1067 3234 adhuc
1097 3174 1440 3240 catholicus,
1474 3191 1651 3246 penes
1684 3179 1980 3231 auctorem
2010 3175 2155 3231 ﬁdes

507 3269 831 3328 esto.Certe
859 3284 974 3322 non
1006 3265 1198 3322 solum
1229 3265 1422 3321 Romae
1453 3269 1510 3320 et
1539 3265 1598 3320 in
1629 3265 1834 3321 Galliis
1871 3265 2151 3338 episcopi,
2183 3258 2227 3326 C

510 3369 611 3423 sed
659 3367 837 3422 etiam
895 3365 995 3436 qui
1049 3365 1247 3420 Asiam
1307 3363 1640 3419 incolebant
1673 3381 2071 3437 sapenumero
2103 3369 2160 3420 et

513 3455 710 3512 multis
739 3455 798 3509 in
832 3453 973 3510 locis
1006 3453 1064 3508 in
1097 3470 1280 3508 unum
1312 3454 1740 3524 convenientes,
1789 3454 2157 3526 prophetiam

514 3545 751 3601 illorum
783 3543 991 3599 falsam
1024 3543 1417 3614 explorarunt,
1450 3542 1855 3598 detestabilem
1889 3545 2158 3600 ostende-

519 3639 676 3701 runt,
710 3637 766 3688 et
794 3631 1178 3687 Montanistas
1235 3631 1648 3687 communione
1707 3633 2033 3704 privarunt.
2094 3638 2161 3690 Et

519 3740 652 3778 vero
709 3726 1018 3776 Montanus
1074 3720 1410 3792 insanaque
1471 3723 1598 3792 ejus
1674 3723 2045 3795 prophetides
2098 3726 2158 3780 in

517 3813 679 3868 Judae
712 3816 958 3867 mortem
991 3810 1310 3882 suspendio
1335 3811 1824 3877 interierunt,non
1858 3815 2157 3883 martyrio;

517 3915 573 3966 et
597 3910 923 3966 Alexander
950 3908 1048 3963 ille
1077 3908 1287 3979 Ephesi
1319 3910 1390 3963 ab
1426 3909 1651 3965 .‘Emilio
1700 3911 1978 3967 Frontino
2033 3930 2160 3984 pro-

517 3999 752 4055 consule
782 4003 1018 4070 proptor
1047 3997 1351 4052 latrocinia
1381 3997 1437 4052 in
1463 3999 1686 4069 judicio
1709 4002 2157 4069 condemnatus,

516 4104 651 4143 cum
709 4086 855 4142 falso
914 4103 976 4140 se
1033 4090 1347 4158 martyrem
1407 4089 1835 4158 praetexuisset,
1869 4091 2159 4147 neasuis

516 4177 778 4248 quidem,
809 4175 908 4245 qui
939 4173 1109 4242 latro,
1170 4181 1435 4247 receptus
1492 4185 1600 4233 est.
1660 4179 1922 4250 Denique
1979 4181 2160 4236 Theo-

517 4267 690 4321 dotus
746 4262 864 4331 ille,
925 4263 1197 4319 sublimis
1253 4265 1314 4319 in
1353 4265 1560 4321 coelum
1594 4285 1627 4322 a
1657 4271 1917 4324 dazmone
1949 4270 2156 4341 elatus,

513 4353 768 4410 Simonis
797 4352 947 4424 Magi
978 4353 1183 4422 instar,
1216 4353 1526 4425 derepente
1557 4373 1811 4428 praeceps
1856 4358 2154 4430 delapsus,

513 4445 595 4500 ita
626 4444 837 4499 misere
861 4442 1041 4497 vitam
1075 4443 1244 4496 ﬁniit.
1279 4445 1459 4515 Atqui
1516 4445 1586 4500 de
1638 4447 1934 4502 erroribus
1992 4449 2156 4504 Mon-

511 4534 656 4601 tani,
691 4533 750 4587 in
783 4549 928 4604 quos
960 4538 1160 4603 postea
1189 4539 1406 4588 Auctor
1435 4534 1662 4600 incidit,
1695 4537 1847 4591 inter
1866 4538 2159 4608 paradoxa

2244 577 2554 650 gniﬁcetur
2616 578 2923 635 institutos
2980 578 3153 635 ludos
3202 575 3337 634 illos
3367 573 3714 648 Carthagine
3743 592 3775 630 a
3799 578 3890 630 Se-

2245 684 2376 722 vero
2407 671 2462 722 et
2491 667 2786 724 Antonino
2819 667 3008 740 Impp.

2794 853 2941 893 ANNO
2984 854 3187 893 DOMINI
3227 853 3350 893 CCV.

2315 999 2342 1065 §
2393 997 2542 1053 XIII.
2594 1000 2668 1054 De
2723 998 3050 1072 quibusdam
3110 999 3369 1054 sublesta:
3413 995 3544 1067 ﬁdei
3600 995 3774 1062 libris,
3832 994 3893 1051 de

2246 1086 2606 1157 Spectaculis,
2639 1087 2702 1143 de
2737 1087 3072 1152 ldololalria,
3129 1088 3192 1140 de
3241 1087 3443 1141 Habitu
3471 1085 3733 1140 muliebri
3758 1093 3808 1139 et
3834 1083 3895 1139 de

2243 1177 2397 1230 cultu
2424 1178 2780 1246 feminarum,
2813 1176 3021 1231 duobus
3046 1175 3119 1230 ad
3148 1177 3402 1244 Uxorem,
3436 1174 3699 1229 adversus
3737 1174 3890 1244 Apel-

2247 1266 2510 1329 letianos,
2581 1265 2842 1320 adrersns
2906 1266 3311 1334 Hermogenem,
3373 1263 3437 1318 de
3501 1264 3728 1318 Materia
3791 1263 3891 1317 Deo

2247 1360 2538 1416 coazterna,
2595 1354 2660 1409 de
2718 1353 2891 1408 Censu
2947 1356 3150 1408 anima;-
3187 1369 3257 1408 επ)
3285 1352 3474 1408 eadem
3504 1353 3758 1420 materia,
3793 1350 3894 1406 ad-

2246 1459 2432 1498 versus
2497 1443 2928 1508 Valenti-nianos,
2960 1443 3023 1498 de
3053 1445 3269 1513 Anima,
3303 1442 3366 1497 de
3393 1446 3498 1513 Spe
3528 1441 3794 1510 ﬁdelium.
3826 1471 3890 1480 —

2396 1549 2446 1587 L.
2506 1548 2668 1586 FABIO
2726 1549 3069 1588 SEPTIMIANO
3127 1549 3187 1586 ll.
3248 1548 3314 1586 ET
3370 1548 3434 1586 Μ.
3497 1547 3674 1585 ANNIO
3734 1547 3800 1586 M.
3854 1545 3884 1583 Ρ

2251 1637 2455 1676 LIBONE
2509 1637 2664 1676 coss.
2726 1638 2774 1676 s.
2838 1621 3146 1693 Zephyrini
3181 1625 3346 1692 Papae
3377 1619 3619 1675 Romani
3654 1635 3805 1673 anno
3834 1634 3888 1686 v,

2251 1711 2440 1764 Severi
2475 1709 2686 1782 imper.
2719 1727 2819 1775 xu,
2851 1709 3062 1782 partim
3126 1709 3431 1764 occasione
3489 1708 3629 1763 dicti
3687 1705 3905 1780 Pythici

2260 1799 2487 1868 agonis,
2540 1798 2909 1870 aliorumque
2940 1798 3329 1853 certaminum
3363 1797 3714 1869 Carthagine
3748 1794 3906 1850 exhi-

2183 1890 2230 1954 B
2261 1888 2541 1957 bitorum,
2577 1887 2791 1959 partim
2830 1889 2984 1959 quod
3011 1888 3135 1957 jam
3171 1887 3379 1941 indicti
3410 1892 3607 1941 essent
3641 1885 3784 1941 Ludi
3815 1889 3910 1939 Se-

2265 1978 2493 2033 culares
2523 1977 2740 2046 Romae,
2776 1978 2846 2031 ad
2908 1993 3056 2047 quos
3114 1992 3216 2048 per
3263 1991 3557 2046 praecones
3615 1970 3914 2029 convocari

2263 2067 2530 2119 solebant
2580 2082 2806 2130 omnes,
2858 2070 3057 2136 utpote
3089 2081 3189 2136 qui
3223 2080 3329 2118 nec
3360 2062 3607 2135 spectati
3641 2079 3748 2118 nec
3778 2078 3909 2134 spe-

2263 2155 2459 2210 ctandi
2492 2154 2704 2210 iterum
2741 2156 2951 2226 forent,
2985 2160 3049 2209 ut
3077 2153 3443 2210 Christianos
3486 2153 3558 2207 ab
3611 2168 3680 2208 ea
3738 2151 3918 2223 profe-

2262 2244 2451 2299 ctione
2509 2245 2846 2312 deterreret,
2907 2243 3144 2315 scripsit
3198 2247 3483 2298 TERTULL.
3536 2245 3593 2297 et
3639 2240 3834 2296 Grece
3861 2244 3918 2296 et

2263 2333 2465 2388 Latine
2495 2333 2790 2404 insignem
2823 2331 2988 2386 illum
3022 2332 3238 2387 librum
3265 2337 3342 2387 Ds
3373 2347 3744 2387 srscrscuus
3774 2330 3915 2402 (Lib.

2260 2421 2324 2476 de
2352 2422 2530 2492 Spect.
2564 2440 2621 2477 η.
2684 2423 2710 2476 1
2771 2431 2825 2477 et
2881 2421 3150 2493 deinceps)
3204 2438 3319 2492 quo
3366 2420 3761 2492 pulcherrime
3821 2419 3917 2474 de-

2263 2511 2445 2575 ducit,
2506 2511 2792 2582 quidquid
2855 2511 2924 2565 ad
2976 2509 3514 2582 IrSpectaculorum
3547 2524 3765 2579 genera
3793 2523 3918 2580 per-

2260 2599 2429 2669 tinet,
2464 2601 2537 2654 ab
2569 2599 2900 2655 idololatria
2934 2617 3104 2655 suam
3136 2600 3348 2654 habere
3375 2599 3680 2667 originem,
3744 2602 3918 2668 atque

2261 2689 2405 2743 adeo
2436 2687 2787 2744 Christianis
2819 2689 3151 2744 interdicta.
3184 2689 3347 2744 Certe
3403 2688 3514 2743 hoc
3573 2704 3730 2743 anno
3764 2692 3916 2742 octa-

2262 2794 2465 2832 vorum
2499 2779 2786 2833 Ludorum
2821 2777 3192 2833 saecularium
3242 2795 3276 2833 a
3330 2782 3536 2832 Severo
3593 2776 3915 2832 celebrato-

2263 2883 2394 2921 rum
2453 2883 2568 2922 non
2631 2868 2804 2922 modo
2862 2867 3262 2922 meminerunt
3316 2865 3671 2922 Censorinus
3715 2865 3816 2921 lib.
3853 2865 3924 2919 de

2264 2954 2364 3010 Die
2397 2954 2600 3023 natali,
2634 2961 2690 3010 et
2722 2955 2864 3011 Dion
2899 2961 2955 3010 et
2985 2956 3371 3025 Herodianus,
3403 2971 3655 3027 quorum
3689 2954 3786 3010 hic
3826 2969 3924 3008 eos

2260 3045 2480 3100 vidisse
2511 3061 2572 3100 se
2603 3044 2826 3114 scribit,
2861 3045 2961 3100 sed
2999 3045 3201 3114 etiam,
3234 3044 3488 3100 testibus
3539 3043 3727 3100 Fastis
3774 3045 3920 3099 Con-

2263 3132 2566 3189 sularibus
2602 3150 2615 3188 :
2651 3151 2781 3189 sum
2815 3149 3155 3189 smcuunss
3185 3150 3380 3190 oc'rsvr
3412 3151 3500 3189 sx.
3535 3149 3618 3189 sc.
3651 3150 3834 3198 mc'rr,
3869 3136 3925 3188 et

2265 3223 2562 3278 invenitur
2587 3223 2707 3276 haec
2740 3223 2968 3277 nummi
3001 3222 3308 3294 inscriptio
3341 3238 3355 3276 :
3390 3240 3456 3277 Μ.
3489 3238 3626 3278 sua.
3678 3236 3924 3280 amom-

2269 3327 2380 3367 uus
2411 3328 2543 3367 pros
2572 3328 3043 3367 suosmcumau
3073 3328 3245 3366 SACRA
3269 3311 3721 3366 sc.Existimant
3750 3312 3928 3366 etiam

2267 3417 2466 3455 arcum
2501 3401 2694 3455 Severi
2726 3401 3170 3472 triumphalem,
3205 3399 3304 3468 qui
3335 3401 3662 3455 etiamnum
3720 3403 3932 3470 exstat,

2265 3505 2333 3544 ea
2363 3489 2667 3544 occasione
2697 3489 2806 3544 hoc
2837 3505 2990 3544 anno
3021 3493 3302 3555 erectum,
3328 3488 3652 3544 Politianus
3685 3495 3745 3545 et
3775 3489 3936 3544 Onu-

2267 3578 2496 3649 phrius,
2533 3579 2705 3648 cujus
2736 3578 3178 3649 inscriptionem
3214 3579 3392 3634 habes
3425 3594 3626 3648 supra,
3674 3594 3932 3649 quorum

2268 3671 2514 3738 uterque
2575 3667 2862 3723 latissime
2907 3672 2965 3721 et
2993 3668 3279 3738 originem
3311 3673 3367 3722 et
3399 3683 3606 3722 omnes
3636 3668 3790 3723 ritus
3821 3668 3934 3722 Sae-

2267 3755 2552 3810 cularium
2591 3757 2886 3812 Ludorum
2920 3756 3316 3828 prosequitur.
3350 3760 3419 3810 Et
3447 3773 3580 3811 vero
3633 3763 3759 3811 tam
3820 3756 3934 3811 late

2268 3846 2338 3900 de
2395 3846 2670 3901 omnibus
2729 3845 3005 3900 ludorum
3038 3845 3388 3917 spectaculis
3419 3847 3480 3900 in
3510 3845 3631 3900 illis
3660 3845 3930 3900 exhiberi

2268 3933 2460 3990 solitis
2487 3940 2689 3989 auctor
2716 3940 2946 4001 tractat,
2983 3941 3047 3990 ut
3075 3935 3187 3990 alio
3235 3936 3662 3990 Commentario
3721 3934 3927 3990 lectori

2267 4025 2496 4078 curioso
2525 4041 2639 4079 non
2674 4025 2752 4078 sit
2781 4041 2947 4094 opus,
2981 4025 3235 4079 maxime
3259 4026 3307 4079 si
3338 4023 3605 4080 consulat
3636 4029 3694 4079 et
3727 4031 3932 4080 Anno-

2266 4112 2518 4168 tationes
2550 4114 3022 4168 nostras.Eodem
3057 4129 3204 4184 pene
3235 4119 3498 4184 tempore
3516 4113 3929 4184 conscriptum

2267 4207 2499 4256 constat
2523 4202 2735 4256 librum
2761 4203 2842 4256 Ds
2862 4219 3182 4268 IDOLATRIA,
3216 4208 3418 4275 utpote
3439 4202 3496 4256 in
3525 4219 3641 4275 quo
3664 4208 3724 4258 et
3746 4203 3932 4274 hujus

2269 4291 2400 4346 libri
2421 4307 2484 4346 ac
2500 4293 2893 4362 persecutionis
2916 4293 3250 4346 meminerit
3270 4293 3408 4360 (Lib.
3433 4309 3494 4347 ιι.
3521 4293 3585 4348 de
3599 4292 3735 4348 Idol.
3762 4309 3819 4349 c.
3837 4293 3928 4359 13,

2267 4381 2566 4450 n.164;|.1,
2589 4381 2660 4435 ad
2693 4383 2854 4437 Uxor.
2881 4397 2931 4434 c.
2952 4382 3005 4436 7.
3033 4398 3093 4435 n.
3122 4382 3210 4448 liii;
3235 4381 3273 4435 1.
3295 4397 3334 4435 ιι
3365 4381 3436 4436 ad
3464 4382 3663 4438 vaor.
3690 4398 3740 4436 c.
3773 4382 3850 4451 1);
3874 4386 3931 4436 et

2265 4470 2541 4525 Solemnia
2560 4472 2834 4525 Caesarum
2856 4471 2926 4524 ad
2949 4469 3337 4526 idololatriam
3362 4471 3650 4541 pertinere
3682 4471 3925 4537 astruit,

2267 4558 2438 4612 sicuti
2472 4559 2645 4613 etiam
2679 4557 2870 4612 multa
2899 4559 3036 4622 alia,
3069 4560 3126 4613 in
3161 4558 3376 4630 quibus
3407 4559 3628 4614 directe
3649 4559 3931 4614 consistit

513 4623 641 4693 elus
670 4620 866 4676 Ῑθλῖίυε·
903 4623 1072 4720 ΡΨΓο
1105 4621 1214 4676 hoc
1243 4640 1395 4678 anno
1421 4629 1557 4679 ante
1589 4625 1878 4681 Kalendas
1927 4628 2156 4699 Junius:
2189 4633 2236 4698 D
2268 4647 2557 4702 idolorum
2585 4647 2798 4703 cultus.
2835 4648 2895 4702 In
2928 4620 3200 4704 eumdem
3236 4665 3472 4720 quoque
3502 4665 3723 4704 annum
3777 4649 3924 4704 refe-

511 4720 584 4774 ad
641 4734 788 4789 quas
845 4718 1159 4788 incipiebat
1206 4736 1396 4775 annus
1428 4721 1497 4775 XI
1530 4722 1744 4787 Severi,
1772 4740 1977 4780 censeo
2010 4726 2157 4780 acci-

510 4810 668 4864 disse
699 4809 849 4880 quod
891 4809 1094 4864 scribit
1147 4813 1404 4866 Auctor:
1463 4813 1674 4882 Agonas
1728 4817 1875 4880 istos,
1933 4821 2155 4872 conten-

508 4899 645 4954 tiosa
696 4899 966 4953 solemnia
1021 4908 1071 4953 et
1099 4901 1476 4968 superstitiosa
1503 4906 1807 4958 certamina
1843 4904 2153 4963 Graecarum

506 4997 558 5044 et
614 4988 949 5058 religionum
1007 4995 1059 5042 et
1118 4989 1455 5058 voluptatum
1527 4998 1736 5062 quanta
1805 4998 1996 5065 gratia
2051 4998 2149 5052 69

507 5077 653 5132 istud
680 5077 938 5131 saeculum
967 5078 1216 5144 celebret,
1249 5079 1412 5132 etiam
1455 5081 1663 5150 Africa:
1720 5084 1899 5153 liquit,
1957 5087 2153 5144 Adhuc

509 5166 902 5235 Carthaginem
951 5168 1191 5233 singulae
1241 5170 1485 5223 civitates
1533 5173 1870 5240 gratulando
1926 5177 2151 5245 inquie-

506 5259 624 5311 tant
675 5256 936 5311 donatam
963 5255 1194 5325 Pyt/iico
1241 5274 1411 5326 agone
1461 5269 1581 5328 post
1631 5263 1797 5318 stadii
1822 5269 2150 5321 senectutem

503 5345 666 5417 (Ibid.
704 5345 801 5399 lib.
838 5344 906 5398 ad
936 5345 1116 5400 Gnost.
1151 5361 1200 5398 c.
1232 5346 1311 5414 6.)
1343 5351 1487 5402 Nam
1538 5366 1604 5403 eo
1654 5352 1943 5421 pertinere
1991 5353 2146 5410 vide-

502 5440 600 5490 tur
628 5434 728 5490 illa
759 5434 986 5489 nummi
1017 5439 1181 5489 vetus
1209 5434 1514 5508 inscriptio
1549 5455 1561 5492 :
1597 5455 1793 5494 ssvsa.
1827 5457 1960 5496 PIUS
2007 5459 2142 5498 AUG.

501 5540 666 5578 PONT.
704 5541 839 5577 ΜΑΧ.
866 5539 1015 5577 TRIB.
1055 5541 1175 5577 POT.
1212 5542 1263 5578 Χ.
1298 5526 1416 5580 sive
1451 5544 1464 5580 ἒ
1497 5544 1702 5583 ANTON.
1734 5546 1888 5599 PIUS,
1920 5548 2037 5586 una
2078 5549 2146 5588 ΘΧ

499 5617 684 5684 parte,
745 5617 802 5667 et
857 5628 923 5668 ex
954 5611 1169 5683 altera;
1207 5631 1594 5672 INDULGENTIA
1625 5634 1760 5674 suo.
1795 5635 1878 5674 sc.
1915 5638 1970 5675 IN
2003 5639 2144 5677 CAR-

499 5718 776 5772 TIIAGINE;
813 5703 950 5757 item
984 5708 1039 5760 et
1083 5702 1278 5761 Graeca
1318 5705 1418 5761 illa
1453 5722 1464 5761 :
1499 5710 1589 5761 Al‘
1621 5708 1735 5763 ΚΑΙ
1774 5710 2140 5769 ΣΕΟΥΑΡΟΣ

2267 4736 2766 4802 rimuslibros,Ds
2798 4753 3002 4792 manu
3031 4754 3296 4793 MELIEBRI
3327 4744 3386 4793 et
3418 4739 3498 4793 Ds
3529 4754 3714 4794 CULTU
3748 4755 3926 4794 ansu-

2265 4843 2488 4892 NARUM,
2522 4843 2770 4896 quorum
2808 4825 2984 4897 priori
3022 4827 3269 4882 nimium
3303 4827 3926 4899 ornatum,posteriori

2264 4915 2450 4982 magis
2482 4914 2674 4986 capilli
2707 4920 2763 4969 et
2792 4916 2942 4971 cutis
2971 4932 3170 4970 curam
3204 4916 3560 4988 superﬂuam
3598 4917 3926 4988 reprehen-

2262 5002 2662 5058 dit.Videntur
2692 5004 2895 5058 eodem
2929 5021 3080 5059 anno
3111 5005 3286 5060 etiam
3321 5005 3636 5077 conscripti
3665 5007 3764 5060 70
3789 5006 3927 5062 libri

2258 5109 2332 5147 AD
2363 5108 2597 5146 UXOREM
2629 5093 2914 5148 duo.Nam
2949 5109 3083 5148 cum
3117 5093 3294 5164 priori
3324 5111 3358 5149 a
3387 5095 3610 5166 nuptiis
3639 5097 3926 5152 secundis

2259 5187 2490 5236 tantum
2522 5183 2880 5251 dehortetur,
2928 5187 2986 5238 et
3038 5184 3345 5254 posteriori
3405 5185 3615 5239 saltem
3675 5187 3926 5256 nuptias

2258 5287 2390 5324 cum
2423 5269 2742 5341 gentilibus
2773 5271 3104 5337 interdicat,
3135 5277 3378 5344 apparet
3402 5289 3502 5329 eos
3550 5278 3926 5347 conscriptos

2258 5364 2391 5414 ante
2418 5359 2661 5414 haeresin
2694 5362 2969 5430 auctoris,
3024 5362 3292 5417 fortassis
3347 5362 3564 5430 Romae,
3627 5380 3745 5435 quo
3803 5367 3927 5420 fre-

2255 5453 2501 5519 quenter
2556 5448 2884 5505 discurrere
2942 5450 3090 5505 solet
3139 5451 3348 5507 saltem
3391 5454 3462 5507 ad
3495 5453 3828 5516 absentem.
3863 5459 3925 5511 et

2255 5544 2542 5610 quantum
2573 5545 2814 5610 apparet
2846 5557 2878 5594 a
2907 5539 3352 5609 valetudinario,
3387 5541 3604 5615 quippe
3634 5543 3735 5614 qui
3797 5546 3925 5615 pri-

2253 5645 2412 5683 orem
2439 5629 2899 5685 admonitionem
2933 5635 3213 5702 tanquam
3244 5631 3366 5702 jam
3399 5633 3719 5690 moriturus
3755 5635 3922 5705 lega-

2254 5726 2372 5774 tum
2400 5733 2464 5773 ac
2494 5717 2622 5788 ﬁdei
2648 5722 3001 5777 commissum
3024 5726 3343 5794 nuncupet.
