4060 6358
192 359 306 421 109

741 520 896 560 ANNO
933 521 1139 563 DOMINI
1178 529 1322 568 CCVI.

259 626 350 681 24.
379 643 509 683 IMP.
544 645 682 685 0E8.
719 646 785 684 M.
817 647 950 687 ΔΗΒ.
987 649 1247 692 BASSIANO
1277 654 1392 692 BEV.
1437 655 1572 694 AUG.
1600 656 1650 694 F.
1683 656 1857 694 ANTO-

205 732 332 771 NINO
367 732 505 772 AUG.
541 735 608 772 II.
655 735 725 774 ET
756 737 810 774 P.
848 737 997 778 SEPT.
1037 739 1154 778 SEV.
1199 742 1333 781 AUG.
1370 743 1418 781 F.
1455 743 1595 782 GETA
1637 746 1776 784 COSS.
1809 747 1854 784 8.

202 803 504 876 Zephyrini
537 807 793 862 Romani
842 809 1133 879 pontiﬁcis
1164 827 1264 877 vu,
1314 815 1504 869 Severi
1556 815 1699 886 imp.
1734 831 1856 881 xm,

206 908 337 947 cum
367 893 622 950 haereses
653 897 828 950 varice
856 905 1264 968 grassarentur
1293 900 1351 955 in
1385 903 1577 959 Africa
1609 905 1680 958 ad
1713 904 1855 959 scri-

205 981 458 1038 bendum
520 985 808 1042 adversus
865 1003 962 1042 eos
1019 991 1168 1045 serio
1225 1007 1287 1046 se
1369 993 1638 1049 contulit.
1703 995 1859 1048 lnter

208 1087 350 1142 quos
383 1072 610 1142 primus
643 1076 897 1132 occurrit
929 1076 1075 1132 liber
1099 1095 1395 1136 anvsasus
1426 1099 1852 1154 APBLLETIANOS,

205 1162 308 1215 etsi
341 1161 517 1218 hodie
548 1163 1004 1232 desideratus,id
1038 1173 1146 1238 est,
1180 1170 1387 1236 Apellis
1414 1171 1678 1239 discipuli
1708 1173 1854 1226 Mar-

205 1252 374 1304 cionis
403 1255 721 1318 sectatores,
754 1254 826 1310 de
851 1255 1068 1326 quibus
1099 1262 1302 1313 auctor
1337 1276 1348 1313 :
1383 1260 1586 1330 Adhuc,
1637 1261 1854 1333 inquit,

203 1341 258 1392 in
287 1342 490 1396 saeculo
536 1347 849 1412 supersunt,
880 1346 976 1415 qui
1021 1348 1376 1403 meminerint
1423 1365 1631 1419 eorum,
1682 1353 1854 1407 etiam

198 1429 414 1498 proprii
445 1432 718 1486 discentes
748 1437 798 1487 et
828 1449 1156 1490 successores
1188 1438 1435 1506 ipsorum
1454 1455 1476 1501 ;
1495 1455 1563 1494 ne
1587 1442 1850 1510 posterio-

201 1533 284 1571 res
313 1535 520 1588 negare
543 1523 778 1590 possint.
814 1523 1027 1578 Eodem
1076 1541 1230 1580 anno
1262 1527 1624 1598 conscriptos
1677 1534 1852 1600 puta-

203 1623 331 1660 mus
364 1607 547 1662 libros
570 1626 854 1666 snvsnsus
887 1627 1278 1668 HERMOGENEM
1303 1617 1472 1682 duos,
1507 1634 1576 1672 ns
1609 1636 1851 1674 MATERIA

199 1711 305 1749 ΠΕΟ
335 1712 646 1752 ΟΟίΕἿἮΒΝΑ
677 1715 884 1765 unum,
915 1716 983 1754 DE
1012 1717 1190 1757 CENSU
1213 1721 1410 1759 ANIMrE
1439 1722 1508 1759 EX
1537 1723 1720 1761 EADEM
1744 1724 1851 1762 ΜΛ·

197 1801 363 1839 τειιιΑ
395 1787 668 1840 alterum.
701 1788 807 1852 Qui
841 1805 953 1860 quo
984 1795 1243 1862 tempore
1295 1793 1682 1850 disseminare
1713 1812 1852 1850 suas

1517 377 2045 442 TERTULLIANI
2088 381 2268 447 VITA
2283 428 2300 448 .

1887 514 1944 581 Α
1980 514 2181 573 Valent.
2210 534 2260 575 c.
2291 520 2345 574 5.
2380 521 2521 578 Ibid.
2577 525 2672 580 lib.
2704 523 2770 580 de
2819 528 2986 583 Prses.
3027 530 3100 586 ad
3144 531 3281 591 liter.
3314 553 3364 592 c.
3389 538 3444 593 3.
3476 540 3619 596 Ibid.

3507 405 3625 467 110

1969 619 2014 657 c.
2044 605 2115 658 52
2143 607 2282 662 hwr.
2314 609 2405 680 52,
2453 629 2509 664 n.
2559 613 2681 668 327.
2716 615 2812 671 lib.
2845 616 2911 672 de
2937 617 3139 676 Anima
3182 639 3304 692 cap.
3353 626 3465 699 55).
3511 629 3620 686 Ne-

1971 708 2086 763 que
2134 696 2290 751 enim
2323 697 2400 752 ibi
2451 701 2561 772 legi
2604 719 2776 773 posse
2826 709 3064 776 Procles,
3097 713 3250 781 quod
3285 721 3409 770 erat
3426 696 3496 772 in
3525 735 3621 774 ex-

1969 783 2129 838 cusis
2181 786 2503 858 codicibus,
2539 796 2922 863 prseterquam
2952 799 3120 867 quod
3151 817 3258 856 suo
3303 803 3428 860 loco
3459 823 3618 863 com-

1969 873 2431 943 probaverimus,
2465 878 2555 934 vel
2602 896 2668 935 eo
2729 886 3093 942 convincitur
3149 892 3302 960 quod
3362 897 3614 967 Proclus,

1967 977 2070 1015 seu
2105 963 2378 1020 Proculus
2423 983 2536 1022 non
2566 967 3009 1030 Valentinianus
3062 978 3256 1044 fuerit,
3306 983 3407 1036 sed
3455 987 3616 1040 Mon-

1970 1051 2211 1118 tanista,
2242 1073 2276 1108 a
2303 1071 2417 1126 quo
2454 1055 2593 1113 dicti
2622 1057 2758 1112 κατὰ
2786 1061 3049 1119 Proclum
3078 1067 3320 1137 quidam
3354 1071 3616 1130 Montani

1967 1145 2306 1212 sectatores,
2367 1161 2502 1200 cum
2562 1152 2734 1202 antea
2790 1151 2980 1207 adhuc
3037 1155 3356 1214 catholicus
3413 1163 3614 1219 adver-

1965 1245 2069 1284 sus
2116 1230 2490 1288 Valentinum
2520 1237 2841 1308 scripserit.
2877 1240 2944 1295 Et
2971 1259 3102 1298 vero
3153 1261 3287 1302 cum
3331 1256 3494 1307 vocet
3545 1252 3616 1307 il-

1965 1318 2088 1374 lum
2143 1326 2345 1376 auctor
2374 1325 2608 1393 virginis
2635 1338 2867 1385 senectae
2895 1335 2946 1385 et
2998 1332 3325 1394 Christianae
3355 1341 3613 1412 eloquen-

1961 1411 2054 1464 tia:
2110 1409 2462 1481 dignitatem,
2495 1415 2762 1471 videmur
2820 1419 2987 1475 nobis
3038 1425 3303 1496 attigisse
3362 1409 3614 1499 primum

1961 1500 2116 1568 quod
2169 1500 2336 1555 aiunt
2401 1501 2658 1574 lapidem
2719 1507 3090 1576 offensionis,
3143 1513 3203 1568 in
3260 1531 3435 1587 quem
3490 1519 3615 1591 ipse

1960 1585 2228 1659 impegit,
2262 1591 2403 1645 dum
2458 1593 2726 1662 partibus
2776 1596 3036 1653 Montani
3085 1585 3616 1678 favereﬁcmpit,-se-

1962 1677 2199 1742 ductus,
2250 1684 2538 1749 quantum
2601 1689 2863 1755 apparet,
2916 1688 3299 1747 admiratione
3358 1677 3610 1767 quadam

1957 1767 2085 1819 tum
2136 1767 2372 1837 virginis
2418 1775 2643 1826 senecta:
2689 1775 2933 1844 Proculi,
2989 1794 3162 1848 quem
3216 1785 3354 1837 tunc
3408 1801 3609 1842 senem

200 1874 477 1929 δεηθείς,
533 1877 793 1944 cuipam.
849 1853 963 1932 1'10“
1023 1853 1121 1934 ηε·
1164 1887 1431 1948 constat;
1471 1888 1729 1938 attamen
1786 1899 1854 1938 ex
1885 1889 1927 1954 Ο
1961 1853 2147 1954 fuisse
2176 1857 2454 1954 oportuit,
2480 1864 2680 1931 utpote
2701 1863 2798 1954 vel
2830 1867 3032 1921 eodem
3065 1871 3212 1926 teste
3241 1877 3616 1946 contempora-

199 1968 364 2032 parte
389 1963 449 2017 id
475 1964 806 2035 signiﬁcare
828 1967 1058 2022 videtur
1081 1970 1142 2024 B.
1183 1970 1417 2026 Hieron.
1451 1972 1631 2030 Calal.
1663 1975 1846 2042 Scrip.

196 2049 418 2107 Ecoles.
455 2053 595 2107 dum
645 2059 848 2110 contra
897 2057 1144 2112 Haeresin
1184 2063 1545 2128 Hermogenis
1594 2062 1851 2133 primum

195 2139 511 2210 scripsisse
568 2143 748 2197 tradit
792 2144 1178 2215 TbeOphilum
1241 2149 1848 2220 Antiochenam.Qui,

194 2228 304 2283 etsi
339 2229 452 2283 sub
504 2229 648 2300 imp.
677 2231 825 2286 Vero
857 2232 1137 2298 ﬂoruerit,
1169 2236 1357 2291 eidem
1407 2242 1605 2292 tamen
1647 2256 1852 2311 super-

193 2317 435 2383 vixisse,
461 2334 529 2372 ex
558 2319 688 2389 ejus
719 2320 820 2374 lib.
845 2337 909 2374 ιιι
935 2322 1004 2376 ad
1038 2325 1382 2394 Autolycum
1416 2329 1852 2399 comprobatur,

196 2406 296 2460 ubi
359 2423 548 2461 annos
605 2411 662 2462 et
716 2409 942 2477 mundi,
976 2418 1029 2464 et
1087 2413 1332 2467 Romani
1390 2415 1753 2484 consulatus,
1796 2421 1856 2472 et

195 2495 494 2551 Casurum
529 2512 716 2567 usque
748 2498 816 2552 ad
852 2499 1074 2554 obitum
1109 2499 1242 2555 Veri
1287 2502 1495 2574 imper.
1531 2509 1850 2576 computat.

199 2585 447 2639 Proinde
488 2586 600 2639 sub
621 2585 940 2641 Commodo
963 2588 1158 2659 potius
1182 2588 1388 2655 imper.
1423 2608 1646 2648 errores
1681 2594 1852 2650 illum

197 2690 339 2729 suos
393 2676 687 2745 sparsisse
717 2691 1061 2744 censemus;
1097 2679 1196 2749 qui
1229 2682 1422 2735 tamen
1456 2687 1624 2738 aetate
1654 2689 1854 2738 aucto-

196 2763 277 2817 ris
312 2763 511 2818 adhuc
559 2764 788 2829 vixerit,
821 2767 905 2820 vel
939 2781 1004 2820 eo
1037 2769 1184 2821 teste
1231 2767 1290 2822 in
1327 2769 1444 2824 haec
1493 2771 1670 2826 verba
1702 2787 1714 2826 :
1751 2774 1854 2828 Hos

194 2851 415 2922 (inquit
464 2852 533 2907 de
580 2852 891 2919 Marciane,
926 2853 1230 2911 Valentino
1280 2862 1337 2912 et
1363 2859 1563 2930 Apelle
1605 2859 1854 2932 loquens

189 2941 315 3008 jam
352 2939 626 3011 mortuis)
658 2945 716 2996 ut
747 2944 1078 3012 insigniores
1108 2950 1158 2998 et
1198 2946 1604 3016 frequentiores
1636 2951 1852 3005 adulte-

195 3045 283 3084 ros
311 3031 569 3084 veritatis
616 3032 986 3086 nominamus.
1038 3034 1313 3089 Caeterum
1359 3037 1638 3107 Nigidius,
1672 3042 1852 3095 nescio

195 3119 339 3188 quis,
373 3121 428 3172 et
457 3123 851 3188 Hermogenes,
885 3124 934 3174 et
970 3122 1136 3176 multi
1174 3122 1307 3189 alii,
1340 3124 1516 3181 adhuc
1563 3127 1854 3182 ambulant

192 3208 568 3263 subvertentes
613 3209 734 3262 vias
777 3209 1000 3264 Domini
1048 3211 1109 3281 (l.
1143 3211 1208 3266 de
1253 3213 1490 3270 Praescr.
1541 3215 1662 3270 adv.
1711 3217 1846 3273 haer.

1961 1943 2065 1996 lem
2129 1943 2630 2004 hieresiarcharum
2699 1953 3252 2027 Valentinianorum,
3319 1943 3466 2017 tumi
3500 1965 3611 2020 elo-

1958 2035 2200 2103 quentiae
2253 2034 2602 2108 Christianum,
2637 2057 2814 2110 quam
2867 2043 2925 2098 in
2959 2048 3197 2117 scriptis
3226 2051 3356 2120 ejus
3404 2053 3611 2124 depre-

1959 2121 2166 2177 hendit
2215 2141 2228 2178 :
2291 2141 2497 2196 parum
2557 2145 2784 2185 memor
2843 2133 3022 2189 miser
3067 2135 3184 2203 ille,
3245 2139 3385 2209 quid
3436 2121 3610 2198 antea

1961 2213 2317 2284 scripsisset,
2363 2216 2626 2273 fortassis
2673 2220 2852 2292 hujus
2900 2225 3045 2280 tanti
3095 2227 3202 2282 viri
3253 2231 3604 2290 occasione:

1961 2301 2167 2372 Solent,
2219 2302 2430 2376 inquit,
2482 2308 2748 2363 miriones
2798 2312 2894 2365 isti
2937 2314 3108 2368 etiam
3154 2316 3219 2370 de
3287 2320 3613 2388 quibusdam

1958 2392 2206 2460 personis
2237 2392 2304 2446 ab
2334 2393 2537 2450 haeresi
2562 2399 2736 2468 captis
2763 2398 3033 2468 aediﬁcari
3061 2405 3121 2458 in
3159 2405 3381 2462 ruinam
3410 2425 3430 2463 :
3463 2411 3610 2477 Qua-

1963 2495 2020 2533 re
2062 2480 2185 2548 illa,
2217 2482 2304 2536 vel
2335 2483 2457 2554 ille,
2507 2485 2831 2557 ﬁdelissimi,
2872 2490 3291 2560 prudentissimi
3334 2501 3388 2552 et
3433 2501 3613 2555 usita-

1964 2567 2164 2623 tissimi
2212 2572 2270 2624 in
2301 2572 2579 2641 ,Ecclesia,
2629 2576 2687 2630 in
2739 2577 2896 2633 illam
2940 2584 3160 2651 partem
3212 2588 3623 2645 transierunt?

1964 2658 2105 2728 Quis
2152 2659 2250 2713 hoc
2299 2660 2501 2733 dicens,
2554 2681 2662 2719 non
2706 2666 2818 2736 ipse
2876 2670 2985 2722 sibi
3030 2673 3318 2741 respondet
3372 2694 3391 2732 :
3445 2694 3621 2750 neque

1956 2747 2281 2818 prudentes,
2315 2766 2488 2822 neque
2516 2752 2717 2822 ﬁdeles,
2749 2773 2929 2827 neque
2968 2761 3198 2816 usitatos
3244 2747 3619 2834 aestimandos,

1962 2851 2096 2904 quos
2145 2835 2374 2894 hwreses
2418 2844 2701 2911 potuerint
2751 2845 3093 2901 immutare?
3145 2850 3286 2917 Quid
3335 2855 3528 2924 igitur,
3573 2857 3624 2912 si

1960 2925 2268 2995 episcopus,
2303 2929 2354 2981 si
2381 2929 2665 2995 diaconus,
2697 2934 2749 2986 si
2777 2934 2962 3004 vidua,
2994 2939 3046 2991 si
3090 2939 3276 3008 virgo,
3308 2945 3361 2996 si
3398 2944 3615 3014 doctor,

1959 3015 2011 3066 si
2038 3015 2205 3068 etiam
2247 3031 2466 3088 martyr
2499 3018 2686 3089 lapsus
2716 3038 2749 3075 a
2779 3025 2971 3091 regula
3013 3028 3202 3096 fuerit,
3236 3030 3354 3087 ideo
3382 3031 3616 3089 haereses

1960 3103 2246 3157 veritatem
2272 3105 2602 3161 videbuntur
2630 3110 2878 3165 obtinere
2939 3115 3022 3167 Ex
3044 3119 3298 3185 personis
3315 3123 3614 3189 probemus

1959 3190 2141 3260 ﬁdem,
2172 3208 2243 3245 an
2295 3208 2364 3247 ex
2404 3195 2519 3263 ﬁde
2563 3203 2898 3266 personam!
2923 3201 3152 3275 Alioqui
3180 3211 3332 3262 certe
3375 3226 3488 3263 non
3523 3215 3614 3268 est

1879 3259 1923 3328 C
1960 3259 2278 3336 verisimile
2326 3281 2384 3335 in
2418 3288 2536 3338 tam
2587 3285 2902 3343 absurdam
2956 3289 3201 3348 hteresiu
3249 3296 3483 3368 lapsum
3536 3300 3611 3355 iri

196 3387 310 3441 stis
341 3392 434 3442 est
466 3385 816 3441 Philastrius
850 3387 950 3442 lib.
983 3390 1053 3444 de
1089 3391 1297 3446 Heres.
1333 3392 1425 3446 cui
1459 3399 1662 3449 auctor
1691 3395 1856 3452 addit

193 3481 488 3546 tanquam
513 3475 859 3546 magistrum
884 3476 1141 3548 aliquem
1165 3479 1464 3550 Nigidium.
1499 3482 1643 3539 Cum
1676 3485 1853 3540 etiam

198 3568 581 3634 superessent
636 3565 829 3619 adhuc
889 3567 1412 3624 Valentinianorum
1467 3575 1856 3629 haereticorum

197 3654 489 3717 examina,
523 3653 772 3708 ducibus
807 3659 1014 3724 praeter
1044 3657 1267 3726 primos
1299 3658 1432 3714 illos
1463 3677 1643 3732 supra
1674 3664 1855 3717 addu-

182 3749 306 3798 ctos
364 3743 666 3813 Theotimo,
702 3745 969 3799 Axionico
1027 3747 1341 3802 Alexandro
1390 3752 1440 3803 et
1481 3751 1742 3817 Prodico,
1776 3757 1837 3805 Β.

183 3832 474 3886 Irenaeum
498 3831 766 3886 imitatus
787 3832 858 3886 ad
879 3834 1122 3888 verbum
1150 3851 1316 3905 pene,
1338 3853 1559 3893 LIBRUM
1585 3840 1840 3895 conscri-

176 3921 296 3988 psit
322 3936 623 3974 ADVERSUS
653 3937 1114 3977 VALENTINIANOS.
1151 3928 1227 3978 De
1262 3925 1558 3996 prioribus
1591 3929 1675 3983 sic
1707 3946 1842 3984 auc-

177 4017 312 4064 tor:
351 4009 579 4063 Multum
626 4010 785 4066 circa
835 4011 1101 4082 imagines
1147 4015 1305 4083 Legis
1351 4014 1662 4072 Theotimus
1712 4034 1841 4089 ope-

176 4106 337 4152 ratus
393 4100 492 4152 est.
551 4098 634 4153 Ita
706 4115 978 4169 nusquam
1058 4100 1398 4157 Valentinus
1456 4121 1469 4159 :
1533 4109 1585 4160 et
1657 4114 1842 4162 tamen

186 4187 588 4254 Valentiniani,
621 4189 719 4258 qui
759 4203 864 4258 per
897 4189 1275 4245 Valentinum.
1308 4192 1466 4248 Solus
1513 4195 1583 4249 ad
1619 4196 1841 4251 hodier-
1923 4239 1930 4246 .

176 4293 314 4330 num
347 4276 658 4332 Antiochiae
692 4278 1002 4333 Axionicus
1031 4283 1354 4336 memoriam
1386 4284 1681 4342 Valentini
1700 4287 1839 4342 inte-

175 4380 276 4434 gra
304 4365 552 4420 custodia
603 4365 940 4436 regularum
979 4368 1094 4437 ejus
1138 4371 1464 4427 consolatur
1491 4380 1534 4428 t.
1568 4374 1664 4440 IlI,
1699 4374 1736 4429 l.
1772 4375 1842 4430 ad

186 4455 393 4509 Valent.
445 4470 495 4507 c.
531 4455 582 4519 4,
638 4471 696 4508 ιι.
731 4455 820 4521 32,
873 4455 942 4509 33
981 4473 1046 4511 ac
1094 4458 1186 4512 34.
1238 4459 1373 4514 Ibid.
1424 4461 1463 4514 l.
1515 4463 1581 4517 de
1630 4464 1836 4520 Charit.

175 4542 404 4612 Christi,
439 4559 492 4597 c.
524 4543 610 4598 15.
643 4560 702 4598 ιι.
739 4545 872 4610 127;
909 4545 1044 4600 Ibid.
1079 4562 1128 4601 c.
1163 4547 1248 4614 16,
1283 4565 1341 4602 ιι.
1380 4550 1522 4622 131).
1557 4551 1635 4608 De
1668 4555 1838 4610 tertio

1963 3373 2295 3440 Auctorem,
2339 3371 2452 3426 nisi
2487 3389 2554 3428 ex
2584 3375 2686 3430 tali
2717 3379 2991 3449 quapiam
3037 3385 3361 3453 occasione,
3396 3389 3614 3446 fortas-

1963 3457 2046 3512 sis
2075 3458 2251 3514 etiam
2301 3477 2370 3515 ex
2408 3461 2875 3534 frequentatione
2905 3468 3092 3541 ipsius
3143 3474 3436 3544 familiari,
3469 3479 3612 3534 dum

1963 3547 2216 3603 subinde
2270 3548 2514 3606 Romam
2560 3553 2876 3623 inviseret;
2929 3575 3065 3615 nam
3113 3561 3308 3619 Roma
3354 3567 3616 3623 Proclum

1964 3634 2261 3692 habitasse
2311 3645 2512 3709 postea
2558 3643 2940 3712 deducemus,
2975 3651 3229 3707 maxime
3258 3669 3392 3709 cum
3443 3663 3616 3712 antea

1963 3723 2388 3794 blasphemiam
2437 3730 2672 3797 dixerit,
2718 3735 3072 3792 Purac/etum
3120 3757 3293 3811 quem
3340 3743 3609 3802 Christus

1950 3814 2244 3884 promisit,
2279 3816 2336 3870 in
2370 3817 2645 3875 Montano
2673 3821 2928 3891 primum
2960 3830 3385 3900 apparuisse,et
3406 3838 3604 3890 tamen

1950 3902 2009 3956 in
2053 3904 2434 3973 sequentibus
2485 3908 2723 3980 scriptis
2773 3929 2888 3967 non
2934 3921 3204 3974 vereatur
3250 3919 3335 3975 illi
3385 3939 3600 3979 nomen
3695 3967 3698 3971 λ

1949 3991 2231 4048 Paracleti
2262 3993 2598 4066 frequenter
2628 4001 2940 4057 ascribere.

2466 4236 2620 4275 ANNO
2659 4239 2865 4279 DOMINI
2906 4241 3073 4284 CCVII.

2017 4383 2108 4438 25.
2136 4387 2383 4441 NUMMIO
2415 4405 2645 4445 SENECIO
2689 4409 2891 4448 ALBINO
2939 4411 3007 4450 ET
3056 4414 3260 4454 FULVIO
3311 4417 3604 4460 EMILIANO

1948 4488 2101 4527 coss.
2135 4477 2190 4527 S.
2226 4474 2519 4546 Zephirini
2566 4482 2738 4549 Papa
2787 4481 3026 4539 Romani
3075 4503 3178 4542 VIII
3210 4489 3400 4544 Severi
3450 4492 3598 4566 Imp.

1945 4577 2063 4627 xw,
2097 4561 2360 4633 plerique
2413 4582 2616 4637 passas
2647 4569 2915 4625 scribunt
2964 4576 3312 4646 Perpetuam
3345 4583 3402 4634 et
3449 4561 3600 4637 Feli-

178 4634 235 4686 in
270 4632 397 4686 haec
427 4633 639 4686 verba:
692 4633 849 4701 Nam,
881 4639 943 4686 ut
989 4650 1150 4704 penes
1198 4637 1482 4708 quemdam
1527 4657 1602 4695 ea:
1654 4644 1840 4698 Valen-
1869 4634 1917 4699 D
1950 4632 2392 4723 citatemﬁdique
2413 4632 2587 4724 iuxta
2616 4660 2759 4712 Ven.
2797 4659 3008 4716 Bedam
3042 4632 3134 4719 die
3168 4632 3599 4742 natali'Se—veri,

178 4723 286 4775 tini
311 4722 557 4791 factione
584 4722 712 4791 legi,
742 4723 921 4791 primo
950 4737 1059 4777 non
1107 4730 1306 4793 putant
1335 4735 1609 4784 teerenam
1648 4739 1698 4786 et
1728 4733 1832 4787 Im-

175 4826 404 4864 manam
451 4809 653 4865 Christi
698 4811 1069 4867 substantiam
1117 4816 1475 4886 informatum
1524 4820 1622 4889 (Ib.
1658 4836 1706 4874 c.
1744 4823 1833 4892 17,

181 4906 319 4955 tom.
358 4899 454 4965 III,
493 4899 529 4952 I.
562 4898 684 4954 adv.
718 4898 898 4956 Gnost.
929 4917 979 4956 c.
1014 4904 1162 4973 ult.).
1201 4909 1274 4959 De
1308 4921 1423 4976 quo
1454 4923 1590 4962 vero
1631 4908 1836 4980 loqua-

180 4992 276 5041 tur
306 4987 566 5054 subjecit
595 5003 609 5040 :
644 4992 879 5059 Insuper
906 4994 1330 5060 argumentandi
1379 4996 1610 5052 libidine
1641 5014 1704 5052 ac
1739 5001 1830 5054 71

182 5075 368 5147 forma
417 5077 632 5142 ingenii
679 5078 924 5133 heretici
979 5080 1154 5134 locum
1199 5081 1306 5136 sibi
1349 5085 1480 5153 fecit
1527 5087 1839 5143 Alexander

194 5164 302 5219 ille.
337 5164 410 5219 Et
457 5181 694 5219 rursum
731 5181 745 5221 :
779 5164 880 5222 Sed
925 5170 1148 5224 remisso
1197 5170 1506 5227 Alexandro
1555 5191 1677 5229 cum
1725 5178 1838 5232 suis

188 5253 530 5324 syllogismis
581 5254 739 5325 (Ibid.
801 5253 839 5308 1.
880 5256 1004 5310 adv.
1064 5259 1234 5313 Prom.
1291 5277 1340 5315 c.
1391 5262 1445 5316 3.
1497 5264 1640 5319 Ibid.
1684 5265 1722 5319 Ι.
1772 5268 1840 5322 de

197 5347 367 5399 Prses.
404 5343 529 5397 adv.
564 5344 696 5398 hair.
729 5360 776 5398 c.
808 5344 919 5415 21).
955 5345 1217 5418 Denique
1264 5349 1334 5404 de
1376 5355 1669 5421 postremo
1721 5355 1836 5412 duo

189 5438 545 5488 concurrunt
590 5433 724 5501 loci,
759 5449 913 5488 unus
949 5452 961 5489 :
1005 5436 1155 5503 Quod
1200 5439 1250 5492 si
1296 5441 1409 5502 iam
1461 5443 1588 5496 tunc
1638 5445 1838 5500 Prodi-

185 5537 273 5576 cus
329 5531 427 5576 aut
493 5523 818 5578 Valentinus
868 5524 1188 5587 assisteret;
1248 5527 1436 5584 alter:
1495 5531 1628 5587 Cum
1685 5534 1839 5590 alius

187 5613 317 5667 Deus
366 5613 613 5683 infertur
643 5612 919 5667 adversus
960 5617 1286 5683 creatorem,
1338 5619 1468 5672 tunc
1522 5621 1670 5676 male
1713 5638 1837 5678 cum

188 5703 382 5774 plures,
411 5702 718 5762 secundum
776 5700 1081 5759 Valentinos
1107 5707 1162 5759 et
1213 5705 1470 5764 Prodico:
1503 5709 1602 5780 (Ib.
1638 5709 1675 5764 l.
1709 5712 1832 5767 adu.

1947 4756 2116 4809 quem
2146 4741 2452 4814 assignant
2476 4743 2887 4818 Martyrologia
2921 4749 3162 4808 Usuardi
3196 4760 3252 4810 et
3270 4741 3601 4818 Romanum

1945 4827 2124 4883 Nonis
2148 4830 2394 4895 Martiis,
2429 4831 2543 4888 illis
2569 4840 2844 4904 praeterea
2881 4847 3334 4902 annumerantia
3354 4849 3602 4907 Revoca-

1946 4921 2094 4984 tum,
2136 4919 2517 4976 Saturninum
2572 4928 2629 4979 et
2673 4928 3112 5000 Secundiolum,
3167 4934 3344 4991 simul
3395 4955 3600 5010 passos

1945 5004 2001 5058 in
2074 5007 2428 5064 Mauritania
2486 5011 2718 5069 civitate
2783 5004 3413 5081 Thuburbitanorum:
3454 5032 3598 5088 Cum

1949 5099 2141 5150 autem
2192 5102 2483 5169 Perpetua?
2531 5101 2853 5169 fortissimae
2894 5113 3161 5181 martyris
3193 5130 3259 5168 eo
3290 5114 3440 5172 libro
3473 5135 3598 5174 me-

1947 5185 2186 5239 minerit
2230 5188 2465 5255 Auctor,
2499 5194 2725 5259 oportet
2772 5210 2890 5250 non
2923 5203 3056 5254 ante
3085 5202 3370 5275 scriptum
3418 5205 3601 5263 fuisse

1947 5273 2163 5328 librum
2199 5291 2268 5329 DE
2298 5277 2513 5344 ΑΝιΜΑ,
2564 5295 2738 5349 quem
2773 5284 3012 5356 scripsit
3057 5273 3360 5348 Anvansus
3390 5297 3600 5350 PHILO-

1947 5379 2163 5418 sopaos
2213 5382 2280 5419 E'l‘
2329 5369 2682 5423 HERETICOS.
2718 5371 2778 5425 In
2814 5389 2928 5444 quo
2960 5376 3132 5432 etiam
3168 5379 3376 5435 alludit
3417 5383 3488 5436 ad
3523 5383 3600 5437 li-

1947 5451 2118 5506 brum
2152 5469 2222 5507 ns
2249 5455 2551 5510 PARADISO.
2585 5457 2765 5520 Quem
2799 5462 3147 5534 conjicimus
3195 5469 3290 5524 72
3338 5473 3598 5528 conscri-

1947 5545 2114 5613 ptum
2148 5543 2334 5600 fuisse
2383 5545 2687 5604 occasione
2737 5566 2960 5619 eorum,
2991 5571 3115 5625 quas
3145 5556 3364 5613 vidisse
3395 5562 3599 5621 scribit

1946 5631 2004 5686 S.
2037 5636 2388 5704 Perpetuam
2412 5634 2471 5689 in
2493 5637 2786 5706 paradiso.
2812 5644 2882 5695 Et
2900 5657 3033 5698 vero
3058 5645 3143 5698 uti
3167 5644 3225 5700 in
3258 5645 3366 5704 hac
3395 5650 3593 5708 Chris-

1945 5719 2240 5777 tianorum
2291 5737 2394 5792 per
2435 5721 2688 5779 Africam
2736 5743 2967 5799 quoque
3013 5736 3421 5803 persecutione
3463 5741 3590 5796 ani-
