4060 6354
483 331 592 392 Hi

1789 320 2182 382 TERTULLI
2195 321 2231 377 Α
2247 320 2322 379 Νι
2369 319 2548 380 νιτΑ
2566 366 2579 380 .

3774 329 3881 390 112

478 481 610 521 mos
640 463 914 520 ﬁdelibus
943 464 1184 519 adderet
1223 475 1529 518 censemus
1562 457 1764 513 eodem
1797 471 1943 528 pene
1975 458 2124 510 tem-
2157 455 2209 521 Α
2239 451 2394 509 dicta
2415 457 2618 510 nostra
2647 456 3004 528 conjectura.
3031 455 3337 513 Conciliari
3368 455 3606 528 quidem
3645 465 3885 529 possunt

481 571 618 627 pore
648 553 932 625 scriptum
967 553 1181 607 librum
1215 568 1280 607 na
1325 551 1426 604 Sps
1458 549 1743 603 FIDBLIUM.
1778 548 2129 615 Quanquam

479 643 715 698 interim
740 641 1112 697 verissimum
1161 638 1595 711 comperiamus
1627 635 1772 690 illud
1817 632 2130 706 proverbii,

483 733 640 804 quod
673 748 835 787 error
861 747 1014 784 unus
1054 729 1232 784 alium
1283 729 1498 792 trahat,
1533 730 1732 797 utpote
1780 741 1914 778 cum
1960 738 2132 794 para-

483 823 674 877 doxon
726 821 803 875 sit
847 818 1155 889 utriusque
1203 816 1338 871 libri
1389 815 1549 870 illius
1599 817 2036 885 argumentum,
2079 813 2135 865 et

483 909 637 964 haud
672 923 888 979 paucas
919 911 1197 977 praeterea
1246 904 1498 976 reperire
1537 903 1614 959 sit
1661 900 1965 972 opiniones
2016 915 2133 953 non

483 997 627 1053 satis
680 1012 857 1052 sanas
910 994 971 1049 in
1022 995 1177 1050 dicto
1229 993 1378 1048 libro
1432 993 1502 1047 de
1548 989 1767 1055 anima,
1801 989 1871 1043 de
1921 987 2138 1060 quibus

481 1087 634 1142 inter
686 1084 981 1140 Paradoxa
1009 1081 1280 1138 Auctoris
1312 1097 1441 1136 cum
1489 1080 1755 1134 Antidoto
1787 1076 1986 1132 latius.
2021 1076 2139 1130 Hoc

483 1191 672 1232 unum
706 1173 802 1228 hic
833 1166 1968 1244 addimus,scriptumillumlibrum,Ds
1997 1168 2140 1221 Osm

479 1267 650 1321 Sum
681 1264 905 1329 Asinus,
934 1260 1022 1317 vel
1074 1261 1204 1333 ipso
1233 1265 1402 1326 teste,
1436 1260 1535 1330 qui
1585 1258 1728 1313 adeo
1758 1255 1935 1312 etiam
1980 1255 2140 1311 Com-

484 1355 833 1410 mentarium
862 1353 1064 1407 animae
1106 1353 1434 1421 nuncupat,
1466 1351 1667 1419 utpote
1690 1345 1748 1401 in
1782 1362 1899 1419 quo
1929 1349 2142 1400 tracte-

483 1447 584 1498 tur
613 1440 904 1514 quidquid
926 1439 1066 1496 olim
1099 1456 1132 1494 a
1165 1437 1532 1510 philosophis
1563 1441 1618 1491 et
1657 1435 1728 1490 ab
1754 1433 2042 1490 haereticis
2072 1433 2144 1488 de

489 1532 690 1588 anima
741 1531 1052 1584 tractatum
1089 1527 1288 1595 fuit,ut
1319 1541 1510 1596 neque
1555 1522 1922 1596 philosophis
1952 1537 2144 1593 neque

490 1618 781 1690 theologis
813 1616 925 1673 alio
956 1617 1130 1671 hodie
1160 1612 1580 1670 commentario
1614 1612 1692 1668 sit
1723 1628 1894 1684 opus.

1000 1795 1154 1834 ANNO
1192 1793 1400 1834 DOMINI
1441 1791 1632 1832 CCVIII.

565 1926 592 1992 §
622 1921 768 1978 XIV.
822 1923 893 1976 De
939 1922 1102 1977 libris
1132 1919 1564 1977 Montanismum
1579 1921 1711 1989 jam
1755 1915 2148 1984 redolentibus,

495 2012 567 2070 de
595 2027 760 2068 carne
807 2011 1016 2066 Christi
1062 2011 1322 2066 adversus
1353 2009 1427 2062 ιν
1459 2009 1712 2073 haereses,
1759 2006 1823 2061 de
1861 2007 2150 2062 Resurrec-

498 2103 647 2157 tione
699 2100 902 2170 carnis,
960 2099 1220 2154 adversus
1275 2100 1606 2153 Marcionem
1664 2095 1752 2165 V,
1821 2094 1883 2150 de
1942 2094 2152 2150 Corona

499 2190 711 2254 Militis,
767 2190 1121 2261 Scorpiacum
1189 2188 1449 2243 adversus
1523 2185 1819 2254 Gnasticos,
1886 2185 2152 2240 adversus

497 2280 794 2334 Praxeam.
845 2307 914 2318 —
955 2278 1042 2332 26.
1099 2277 1157 2331 S.
1209 2274 1502 2346 Zephirini
1556 2272 1805 2329 Romani
1851 2271 2152 2328 Pontificis

496 2384 573 2436 iv,
607 2365 798 2422 Severi
831 2365 978 2437 Imp.
1001 2382 1098 2433 xv,
1129 2382 1193 2419 Μ.
1229 2380 1426 2419 sumo
1467 2379 1532 2418 Μ.
1566 2379 1618 2416 ιε’.
1642 2379 1708 2417 ιιι.
1742 2379 1799 2418 Ν.
1824 2379 1966 2417 anno
1998 2378 2067 2416 ET
2095 2378 2148 2424 ο.

492 2473 658 2512 ALLIO
684 2472 849 2511 FABIO
878 2471 1195 2510 CATULLINO
1225 2469 1451 2509 MAXIMO
1483 2468 1639 2507 coss.
1670 2451 1952 2523 scriptum
1972 2449 2153 2507 fuisse

493 2561 526 2601 a
555 2545 935 2601 TERTULLIANO
966 2542 1183 2598 librum
1219 2543 1477 2613 primum
1501 2541 1781 2595 adversus
1800 2539 2150 2594 Marcionem

491 2649 562 2689 ex
619 2632 781 2688 hisce
839 2631 1032 2688 verbis
1086 2635 1315 2686 constat
1364 2647 1377 2684 :
1434 2631 1503 2684 At
1559 2645 1709 2684 nunc
1745 2629 1908 2699 quale
1963 2632 2041 2682 est
2091 2637 2153 2683 ut

489 2722 758 2778 Dominus
788 2735 822 2776 a
866 2736 944 2774 xu
995 2720 1204 2774 Tiberii
1251 2718 1484 2774 Cwsaris
1528 2717 1800 2773 revelatus
1846 2718 1938 2788 sit,
1987 2717 2152 2774 subs-

494 2812 674 2867 tantia
721 2825 842 2866 vero
900 2808 970 2864 ad
1025 2826 1097 2866 xv
1129 2809 1252 2880 jam
1300 2808 1485 2864 Severi
1530 2807 1886 2879 Imperatoris
1939 2823 2152 2862 annum

495 2901 653 2956 nulla
706 2904 989 2970 comperta.
1035 2898 1263 2970 sit?(L.
1309 2897 1375 2952 de
1422 2901 1616 2952 Resur.
1665 2912 1779 2951 car.
1831 2912 1878 2951 c.
1923 2897 1979 2964 2,
2027 2912 2146 2967 cap.

492 2990 580 3062 45,
615 2990 656 3044 ι.
687 3005 733 3044 c.
763 2989 893 3044 adv.
947 2987 1082 3042 Mar.
1118 2988 1168 3041 1.
1216 2988 1300 3041 1.3.
1337 2986 1419 3041 To.
1473 2987 1526 3041 3.
1561 2985 1658 3040 lib.
1710 2985 1776 3040 de
1822 3002 1934 3040 car.
1986 2985 2146 3040 Chri-

494 3081 588 3150 sti,
621 3095 669 3136 c.
701 3079 780 3149 7.)
829 3081 1018 3149 Atque
1062 3077 1204 3132 adeo
1258 3075 1365 3132 hoc
1418 3080 1680 3146 tempore
1730 3073 1907 3130 simul
1956 3073 2146 3130 editos

2238 541 2650 615 inscriptiones
2701 549 2755 600 et
2790 546 2925 601 fasti
2957 545 3294 601 consulares
3335 562 3467 601 cum
3500 545 3802 618 Onuphrio
3833 553 3887 606 et

2241 630 2422 685 altera
2453 636 2702 702 quadam
2737 633 3118 706 inscriptione
3161 634 3259 688 ubi
3293 633 3624 706 appellatur
3654 638 3882 694 Antoni-

2242 737 2354 774 nus
2385 722 2530 792 Aug.
2580 723 2740 777 Trib.
2802 728 2922 778 Pot.
2955 741 3010 792 x,
3049 727 3175 780 Cos.
3210 741 3274 779 ιιι
3321 723 3506 795 desig.
3551 730 3614 779 ut
3664 726 3886 784 dicatur

2242 815 2467 880 cceptus
2507 811 2635 880 ejus
2684 829 2872 868 annus
2901 831 2936 868 x
2967 813 3060 868 his
3110 816 3270 870 Coss.
3305 814 3375 868 ad
3428 814 3554 870 Kal.
3604 816 3804 881 Maias,
3834 821 3887 874 et

2243 897 2448 953 finitus
2494 915 2646 954 anno
2697 901 2962 972 sequenti
2996 900 3120 957 Kal.
3155 901 3324 958 Maiis
3359 919 3372 956 :
3407 903 3505 958 sed
3547 920 3654 959 nos
3687 905 3751 958 ad
3788 920 3886 960 an-

2250 1002 2390 1040 num
2423 993 2758 1058 sequentem
2792 989 3007 1047 referre
3039 989 3380 1062 maluimus,
3403 1007 3474 1048 ne
3506 991 3600 1048 hic
3631 992 3892 1064 prolixio-

2249 1090 2342 1130 1‘68
2374 1091 2422 1131 8|
2432 1092 2586 1132 mus.

2781 1239 2934 1278 ANNO
2973 1239 3178 1279 DOMlNl
3211 1240 3356 1281 CCIX.

2321 1381 2410 1435 27.
2441 1384 2497 1435 S.
2530 1381 2824 1454 Zephirini
2872 1383 3040 1455 Papae
3072 1385 3318 1440 Romani
3349 1404 3408 1453 ι,
3444 1387 3636 1444 Severi
3686 1388 3893 1460 Imper.

2252 1485 2369 1539 XVI,
2579 1487 2716 1526 (ΖΕΒ.
2749 1489 2814 1527 Μ.
2853 1489 3064 1527 AUREL.
3116 1490 3314 1530 SEVERI
3355 1492 3494 1532 AUG.
3529 1494 3581 1531 F.
3612 1493 3896 1534 ANTONINO

2251 1575 2385 1613 AUG.
2420 1576 2503 1628 ιιι,
2545 1576 2609 1614 ET
2656 1577 2710 1615 P.
2759 1577 3025 1616 SEPTIMIO
3074 1579 3265 1618 IEVEB.
3321 1581 3455 1620 AUG.
3502 1583 3554 1620 F.
3601 1583 3742 1622 GETA
3779 1582 3897 1623 C08.

2254 1653 2386 1719 post
2416 1648 2706 1704 celebrata
2757 1650 3104 1707 Decennalia
3148 1653 3429 1708 Antonini
3479 1655 3672 1711 Romae
3700 1673 3735 1711 a
3762 1655 3899 1712 Tan-

2251 1753 2512 1793 ruaauso
2572 1739 2859 1810 scriptum
2919 1756 3229 1796 censemus
3285 1741 3502 1798 librum
3561 1762 3630 1800 na
3687 1744 3903 1800 Conom

2178 1835 2225 1900 Β
2256 1826 2490 1882 Μιιιτιε.
2527 1827 2721 1883 Romae
2770 1829 2927 1884 enim
2975 1829 3259 1902 scriptum
3309 1837 3550 1904 apparet
3599 1849 3669 1888 ex
3716 1833 3904 1890 verbis

2260 1913 2378 1970 illis
2414 1931 2426 1971 :
2460 1917 2789 1983 Erubescite,
2842 1919 3100 1989 Romani,
3149 1921 3543 1976 commilitones
3580 1924 3719 1993 ejus,
3752 1927 3809 1978 et
3838 1922 3905 1978 ad

2261 2003 2614 2061 Decennalia
2661 2005 2891 2062 videtur
2940 2008 3310 2065 referendum
3369 2009 3511 2065 illud
3569 2011 3704 2066 libri
3764 2012 3909 2068 fron-

2260 2093 2560 2164 tipiscium
2596 2111 2610 2154 :
2643 2097 2902 2152 Proxime
2931 2102 3077 2168 facta
3105 2107 3182 2154 est
3235 2099 3589 2156 LIBERALI’I‘AS
3628 2107 3910 2158 Praestan-

2262 2183 2601 2239 tissimorum
2656 2184 3096 2254 Iupaauoaum;
3130 2187 3220 2242 cui
3271 2187 3641 2258 subjicienda
3684 2188 3910 2261 putavi-

2263 2287 2396 2327 mus
2427 2289 2554 2344 quae
2604 2279 2950 2344 sequuntur,
2984 2292 3050 2330 eo
3101 2277 3253 2349 quod
3289 2263 3655 2334 occasionem
3706 2277 3910 2350 scripti

2261 2359 2440 2430 hujus
2487 2361 2621 2416 libri
2674 2362 2956 2429 indicent,
2992 2369 3193 2434 utpote
3244 2366 3302 2420 in
3355 2382 3491 2438 quo,
3525 2373 3909 2440 contraquam

2261 2448 2359 2504 alii
2393 2449 2806 2517 mussitabant,
2840 2452 3192 2508 Christianis
3237 2470 3461 2510 coronae
3508 2472 3682 2511 usum
3733 2457 3911 2512 inter-

2260 2538 2483 2593 dictum
2534 2540 2790 2595 deducit.
2827 2541 3315 2613 Expungebantur,
3365 2543 3579 2615 inquit,
3612 2547 3672 2600 in
3718 2550 3912 2601 castris

2257 2627 2463 2681 milites
2512 2626 2781 2683 laureati.
2818 2629 3131 2685 Adhibetur
3173 2632 3400 2704 quidam
3446 2633 3568 2689 illic
3595 2637 3775 2706 magis
3818 2635 3913 2689 Dei

2259 2716 2416 2770 miles
2453 2733 2474 2777 ;
2531 2717 2679 2772 solus
2722 2719 2893 2774 libero
2949 2722 3148 2791 capite,
3200 2727 3592 2790 coronamentq
3631 2725 3688 2778 in
3743 2739 3911 2778 manu

2261 2807 2450 2859 otioso.
2504 2805 2729 2876 Singuli
2771 2806 3082 2877 designare,
3133 2809 3352 2864 eludere
3408 2812 3644 2878 eminus,
3694 2813 3908 2880 infren-

2257 2895 2391 2949 dere
2437 2897 2706 2950 cominus.
2742 2897 2990 2951 Μαι-τηαν
3035 2897 3260 2954 tribuno
3289 2899 3550 2969 defertur,
3582 2909 3632 2955 et
3677 2917 3912 2972 persona

2247 2984 2368 3054 jam
2422 3000 2492 3039 ex
2547 2985 2741 3040 ordine
2797 2995 3115 3042 accesserat.
3179 2987 3376 3043 Statim
3435 2989 3690 3045 tribunus
3737 3008 3754 3044 :
3802 2989 3911 3045 Cur

2259 3072 2496 3144 [inquit]
2527 3078 2642 3129 tam
2684 3073 2930 3130 diversus
2978 3075 3174 3130 habitu
3195 3079 3220 3129 .9
3248 3077 3474 3148 Negavit
3506 3078 3600 3133 ille
3648 3095 3778 3134 cum
3809 3094 3911 3136 ca-

495 3168 679 3226 luisse
710 3172 937 3240 oportet
994 3166 1174 3222 libros
1220 3183 1290 3220 ne
1336 3166 1530 3221 Canus
1571 3167 1803 3222 CHRISTI
1852 3169 2148 3220 Anvaasus
2176 3193 2219 3260 Ο
2258 3164 2397 3217 ieris
2416 3163 2522 3218 sibi
2545 3164 2938 3220 licere.Causas
2961 3166 3362 3236 expostulatus,
3391 3167 3737 3224 Christianus
3768 3184 3912 3236 sum,

498 3277 552 3314 xv
582 3263 878 3326 Mensas,
903 3274 974 3312 nn
1004 3260 1478 3312 RESURRECTIONE
1508 3259 1735 3321 CARNLS,
1768 3272 1834 3310 ET
1853 3271 2148 3310 snvnssus

496 3347 832 3405 Macronem
883 3346 1144 3418 quinque
1191 3345 1330 3417 (Lib.
1363 3346 1427 3400 de
1474 3347 1594 3400 Res.
1627 3361 1740 3400 car.
1773 3361 1820 3399 c.
1852 3345 1907 3399 2.
1963 3345 2081 3401 Lib.
2115 3347 2149 3399 5

491 3437 588 3492 ad.
640 3436 809 3490 Marc.
839 3451 887 3488 c.
935 3436 1019 3504 10,
1053 3452 1108 3489 n.
1148 3435 1267 3488 150.
1305 3443 1342 3488 t.
1392 3434 1460 3489 de
1514 3432 1634 3488 Cor.
1685 3431 1860 3488 milii.
1911 3449 1960 3487 c.
1994 3432 2143 3502 ult.),

490 3529 689 3598 utpote
737 3523 939 3580 eodem
971 3523 1225 3596 scriptos
1282 3527 1561 3593 tempore.
1597 3521 1743 3576 Nam
1786 3522 1939 3576 sicut
1969 3521 2146 3576 etiam

489 3614 628 3672 alibi
675 3613 952 3680 diximus,
988 3612 1136 3668 libro
1183 3615 1252 3667 de
1282 3615 1465 3666 Carne
1491 3609 1705 3667 Christi
1754 3610 1970 3666 citatur
2002 3609 2148 3665 liber

491 3707 739 3777 quartus
771 3703 1050 3758 adversus
1081 3701 1455 3766 Marcionem,
1506 3698 1657 3755 libro
1709 3700 1780 3754 de
1830 3699 2142 3755 Resurrec-

485 3794 641 3850 tione
685 3791 880 3849 carnis
911 3809 951 3847 ιι
983 3795 1039 3848 et
1069 3809 1132 3847 ιιι
1164 3791 1292 3846 adv.
1346 3789 1526 3844 Mar-.3.
1560 3793 1618 3844 et
1648 3789 1687 3844 l.
1725 3790 1744 3845 l
1795 3790 1924 3844 adv.
1960 3789 2138 3845 Marc.

487 3881 775 3955 allegatur
828 3880 977 3936 liber
1039 3881 1110 3934 de
1172 3879 1504 3934 Resurrect.
1539 3879 1749 3946 carnis,
1786 3895 1899 3949 quo
1961 3879 2024 3932 fit
2080 3881 2146 3933 ut

486 3971 819 4027 existimem
872 3968 1127 4042 primum
1175 3967 1426 4037 scriptos
1457 3967 1739 4022 adversus
1784 3967 2142 4021 Marcionem

487 4064 778 4131 quatuor;
815 4057 1198 4114 intermedios
1249 4056 1460 4111 deinde
1507 4057 1655 4112 duos
1703 4055 1877 4111 illos:
1911 4062 1968 4110 et
2015 4072 2144 4127 pos-

486 4151 676 4203 tremo
737 4147 1020 4202 adversus
1077 4146 1431 4201 Marcioncm
1493 4146 1786 4217 quintum.
1849 4144 2023 4200 Porro
2091 4144 2142 4200 si

485 4235 596 4292 hoc
653 4251 826 4303 anno,
860 4234 970 4305 ,ιιίί
1029 4233 1371 4306 Onuphrius
1426 4235 1616 4302 tradit,
1677 4232 1968 4290 celebrata
2022 4233 2143 4290 sint

485 4323 839 4381 Decennalia
892 4323 1186 4380 Antonino
1239 4323 1448 4394 lmper.
1485 4323 1678 4379 Severi
1711 4322 1839 4389 filii,
1875 4321 2140 4378 lortassis

483 4418 892 4487 praeoccupate
922 4430 1076 4469 anno
1108 4412 1333 4483 integro
1365 4413 1436 4467 ob
1471 4411 1796 4468 discessum
1831 4411 1885 4465 in
1920 4411 2140 4467 bellum

481 4502 908 4573 Britannicum,
938 4519 1110 4573 quem
1155 4500 1541 4556 Cassiodorus
1571 4501 1666 4556 his
1703 4505 1862 4556 Coss.
1895 4499 2139 4556 accidis-

2258 3251 2559 3323 respondit.
2593 3252 2878 3323 Su/fragia
2907 3253 3128 3324 exinde,
3158 3258 3210 3310 et
3239 3271 3324 3310 res
3354 3257 3673 3328 amplicata,
3700 3263 3755 3314 et
3785 3272 3914 3313 reus

2257 3343 2330 3396 ad
2376 3343 2682 3412 praefectos.
2718 3343 2921 3397 Ibidem
2965 3344 3196 3413 penulas
3242 3346 3445 3414 posuit,
3489 3347 3916 3418 speculatoriam

2255 3429 2324 3484 de
2351 3429 2584 3497 pedibus
2613 3431 2869 3496 absolvit,
2901 3432 3148 3502 gladium
3178 3433 3414 3489 reddidit
3443 3437 3603 3501 (nam
3634 3435 3915 3490 militaria

2257 3519 2455 3574 omnia
2477 3517 2737 3589 insignia
2769 3520 2826 3574 in
2859 3521 3331 3576 exauctoratione
3362 3521 3618 3578 militum
3649 3524 3785 3580 exui
3819 3539 3918 3578 so-

2256 3607 2394 3674 lere,
2433 3609 2520 3663 vel
2552 3625 2620 3663 ex
2650 3608 2979 3664 Herodiano
3012 3608 3111 3664 lib.
3147 3627 3208 3679 ιι,
3241 3611 3622 3666 manifestum
3655 3618 3774 3680 est,
3810 3611 3918 3666 ini-

2256 3698 2332 3752 tio
2366 3697 2603 3768 Imperii
2635 3698 2872 3768 Severi).
2909 3701 2981 3754 Et
3030 3716 3178 3754 nunc
3206 3708 3456 3755 russatus
3494 3704 3790 3770 sanguinis
3829 3703 3922 3757 sui

2252 3804 2366 3859 sps,
2399 3789 2722 3845 donativum
2770 3788 2975 3844 Christi
3003 3791 3062 3844 in
3109 3806 3324 3845 carcere
3373 3795 3665 3862 exspectat.
3701 3790 3918 3846 Exinde

2252 3880 2546 3934 sententiae
2592 3893 2757 3947 super
2805 3878 2923 3945 illo,
2955 3880 3140 3934 nescio
3170 3896 3244 3933 an
3295 3879 3743 3935 Christianorum
3782 3881 3916 3951 (non

2251 3969 2400 4022 enim
2445 3967 2583 4023 aliae
2626 3967 3006 4038 ethnicorum),
3048 3972 3106 4021 ut
3154 3967 3219 4022 de
3249 3967 3479 4039 abrupto
3525 3971 3575 4024 et
3619 3969 3913 4040 praecipiti

2251 4065 2305 4111 et
2332 4057 2479 4110 mori
2519 4055 2734 4125 cupido,
2767 4057 2865 4126 qui
2910 4056 2982 4111 de
3029 4055 3218 4112 habitu
3266 4058 3635 4128 interrogatus
3684 4058 3916 4112 nomini

2252 4147 2532 4213 negotium
2556 4146 2767 4216 fecerit.
2802 4145 2915 4200 Nec
2944 4161 3077 4201 vero
3107 4145 3499 4201 omittendum
3549 4145 3692 4201 illud
3733 4166 3747 4204 :
3783 4148 3914 4202 Pla-

2250 4250 2317 4289 ne
2345 4238 2606 4304 superest,
2639 4243 2699 4289 ut
2745 4236 2916 4288 etiam
2948 4236 3219 4304 martyria
3260 4250 3516 4290 recusare
3543 4234 3911 4303 meditentur,

2249 4323 2532 4378 Mussitant
2579 4323 2811 4394 denique
2844 4331 2958 4378 tam
3013 4322 3208 4378 bonam
3238 4331 3291 4378 et
3321 4323 3537 4394 longam
3567 4323 3671 4378 sibi
3710 4341 3916 4394 pacem

2245 4414 2582 4483 periclitari.
2615 4413 2719 4467 Nec
2747 4412 2941 4466 dubito
2971 4411 3230 4482 quosdam
3259 4417 3564 4482 scripturas
3605 4415 3914 4482 emigrare,

2247 4503 2502 4556 sarcinas
2545 4501 2822 4571 expedire,
2851 4502 2995 4572 fuga
3041 4502 3261 4572 accingi
3287 4501 3350 4557 de
3396 4502 3614 4556 civitate
3653 4503 3718 4556 in
3770 4503 3915 4558 civi-

486 4608 550 4648 se
579 4592 821 4647 scribit:
854 4592 962 4646 hoc
995 4590 1169 4646 etiam
1221 4607 1372 4645 anno
1423 4589 1678 4662 scriptus
1711 4595 1800 4644 est
1851 4589 2025 4644 LIBER
2073 4607 2143 4645 nn
2171 4573 2218 4638 D
2247 4594 2431 4647 tatem.
2491 4591 2625 4646 Novi
2665 4595 2716 4646 et
2760 4594 3002 4662 pastores
3050 4606 3241 4646 eorum
3289 4592 3350 4645 in
3397 4606 3530 4661 pace
3576 4591 3785 4655 leones,
3851 4593 3913 4646 in

479 4683 699 4738 Conon
759 4682 1012 4749 MILITIS,
1065 4681 1156 4736 sin
1217 4697 1369 4735 anno
1429 4680 1697 4751 sequenti
1758 4680 1936 4751 (quod
1995 4679 2140 4734 mihi

481 4773 671 4843 magis
704 4772 766 4827 fit
815 4771 1132 4828 verisimile
1173 4787 1240 4826 ex
1288 4769 1388 4824 illa
1438 4769 1661 4824 nummi
1713 4768 2133 4839 inscriptione:

481 4865 752 4918 ANTONIUS
804 4866 937 4916 plL‘S
994 4866 1158 4930 Auo.,
1220 4861 1343 4914 Cos.
1389 4875 1471 4914 ιιι.
1537 4859 1677 4914 νου
1735 4860 1946 4913 δοιυτΑ
2009 4858 2136 4928 Deo)

482 4953 800 5021 utrumque
850 4949 1181 5020 contigerit,
1215 4947 1355 5002 illuc
1405 4947 1614 5003 referre
1647 4950 1864 5020 poterit
1914 4948 2136 5015 Lector,

482 5039 803 5094 dummodo
857 5039 1167 5095 nobiscum
1227 5036 1460 5102 sentiat,
1523 5042 1657 5092 ante
1714 5037 2138 5108 expeditionem

479 5127 898 5184 Britannicam.
943 5127 1026 5181 Ad
1078 5142 1253 5196 quam
1307 5125 1556 5197 pertinet
1607 5125 1782 5182 etiam
1833 5125 2136 5198 inscriptio

480 5233 658 5289 supra
706 5217 919 5289 posita,
953 5231 1088 5271 cum
1134 5213 1324 5284 effigie
1375 5215 1590 5286 equitis
1641 5233 1818 5271 manu
1869 5215 2136 5286 jaculum

475 5305 732 5362 tenentis
767 5324 779 5362 :
813 5307 1117 5362 Paorscno
1167 5308 1342 5358 Anco.
1395 5321 1527 5360 nam
1575 5310 1893 5376 utrumque
1945 5303 2135 5358 ﬁlium

475 5409 674 5450 secum
721 5394 886 5450 duxit
933 5394 1197 5458 Severus,
1251 5409 1284 5445 a
1333 5409 1448 5463 quo
1517 5411 1647 5448 cum
1701 5399 1761 5448 P.
1814 5391 2134 5463 Septimius

475 5483 618 5538 Geta
649 5501 802 5540 anno
851 5483 1107 5554 primum
1143 5482 1408 5550 sequenti
1456 5486 1672 5553 Imper.
1706 5487 1844 5537 Ctes.
1879 5484 2024 5551 Aug.
2060 5481 2137 5536 sit

475 5572 806 5643 appellatus
863 5579 919 5628 ct
974 5570 1363 5626 Tribunitiam
1426 5577 1772 5640 potestatem
1823 5570 2131 5640 acceperit,

476 5659 648 5715 sicuti
706 5662 857 5718 Fasti
912 5662 1130 5718 habent
1187 5661 1284 5715 78
1333 5660 1702 5731 Consulares,
1753 5659 2136 5717 conﬁrmatur

2245 4682 2434 4751 przetio
2464 4695 2660 4734 cervos.
2679 4678 2780 4734 Sed
2808 4679 2871 4734 de
2902 4680 3296 4750 quaestionibus
3329 4681 3730 4751 confessionum
3765 4680 3916 4735 alibi

2247 4770 2574 4826 docebimus.
2613 4769 2857 4823 Denotat
2903 4769 3058 4824 enim
3093 4768 3172 4824 ibi
3205 4773 3305 4823 aut
3351 4769 3568 4824 librum
3621 4769 3691 4823 de
3749 4769 3914 4841 Fuga

2248 4859 2307 4914 in
2342 4858 2762 4931 persecutione,
2798 4862 2900 4912 aut
2950 4859 3106 4928 quod
3155 4857 3342 4930 magis
3388 4857 3595 4930 placet,
3635 4859 3910 4914 Scoapn-

2248 4965 2350 5003 cos
2398 4962 2668 5003 Anvaasns
2718 4951 3034 5002 Gnomcos.
3086 4948 3207 5018 (lib.
3256 4947 3336 5002 ad
3389 4947 3575 5003 Gnost.
3629 4952 3686 5003 et
3735 4964 3789 5002 e.
3831 4949 3908 5019 1).

2248 5053 2457 5108 nempe
2486 5037 2784 5092 Prodicum
2825 5035 3184 5107 Scorpianum
3214 5040 3269 5091 et
3300 5036 3446 5092 alios
3483 5035 3912 5092 Valentinianos

2245 5127 2646 5198 martyriorum
2696 5125 3088 5198 refragatores,
3127 5125 3227 5196 qui
3250 5127 3378 5197 jam
3423 5125 3481 5180 in
3531 5125 3791 5180 Africam
3829 5127 3910 5180 ir-

2247 5232 2516 5287 rumpere
2563 5220 2860 5286 cosperant
2907 5215 3000 5286 (de
3049 5215 3266 5286 quibus
3296 5212 3489 5270 videat
3538 5213 3738 5269 Lector
3788 5216 3911 5268 An-

2247 5312 2363 5360 not.
2414 5305 2665 5374 nostras)
2717 5303 2881 5374 [lbid.
2923 5320 2972 5359 ο.
3027 5305 3099 5374 1].
3149 5303 3434 5360 Fortassis
3483 5302 3660 5358 etiam
3706 5303 3910 5359 Rome

2245 5394 2552 5465 scriptum.
2589 5398 2651 5447 In
2683 5410 2748 5448 eo
2798 5395 2953 5449 enim
2989 5398 3044 5447 et
3071 5393 3138 5448 de
3179 5393 3574 5466 quaestionibus
3603 5393 3914 5461 confessio-

2243 5499 2400 5548 num,
2432 5483 2488 5537 id
2523 5488 2632 5552 sst,
2665 5483 2820 5552 quod
2873 5484 3136 5538 conﬁteri
3169 5483 3468 5538 Christum
3521 5498 3758 5536 necesse
3809 5483 3911 5555 sit,

2246 5572 2530 5628 latissime
2579 5573 2836 5637 deducit,
2870 5576 2926 5626 et
2959 5573 3425 5642 persecutionem
3471 5571 3735 5626 omnium
3769 5589 3911 5644 gra-

2243 5661 2715 5734 vissimam,quas
2749 5660 2904 5716 dicta
2933 5660 3238 5717 occasione
3268 5665 3400 5733 post
3427 5659 3662 5734 longam
3693 5677 3909 5733 pacem
