4060 6350
198 374 307 433 113

180 595 347 666 pauci
380 592 664 666 leguntur
694 596 810 651 sub
842 598 1048 653 Severo
1082 600 1240 670 passi
1302 604 1610 675 martyres)
1644 622 1839 660 recru-

183 684 380 738 duisse
411 684 662 753 videtur,
690 686 784 741 his
830 687 1026 743 verbis
1076 690 1371 745 describat
1401 710 1412 747 :
1447 694 1543 748 74
1599 698 1665 748 In
1698 712 1841 766 pra:-

183 776 491 828 senliurum
550 778 631 829 est
683 777 896 831 medius
953 778 1140 846 ardor,
1202 782 1323 847 ipsa
1375 784 1634 837 canicula
1660 801 1837 855 perse-

181 865 417 917 cutionis
448 864 519 918 ab
552 866 656 919 isto
686 867 901 921 scilicet
931 871 1297 939 cynocephalo
1345 871 1462 939 (ubi
1507 878 1607 928 aut
1665 874 1835 930 Save-

185 969 313 1006 rum
348 953 787 1025 imperatorem,
823 963 923 1011 aut
956 958 1149 1029 potius
1190 959 1352 1015 urbis
1410 964 1604 1018 Romae
1634 965 1835 1034 praefe-

188 1040 425 1096 ctumin
460 1043 725 1099 absentia
749 1044 910 1101 illius
952 1048 1075 1117 jam
1112 1047 1169 1103 in
1232 1049 1591 1108 Britanniam
1650 1055 1842 1125 profe-

186 1130 284 1198 cti,
316 1130 617 1204 intelligit)
657 1158 670 1199 ;
703 1134 846 1189 alios
864 1136 1034 1204 ignis,
1068 1138 1208 1194 alios
1236 1138 1455 1209 gladius
1484 1142 1622 1197 alios
1654 1143 1847 1200 bestiae

189 1218 531 1275 Christianos
592 1221 983 1295 probaverunt,
1042 1226 1166 1296 alii,
1224 1229 1464 1299 [ustibus
1526 1232 1750 1303 insuper
1797 1237 1849 1288 et

184 1308 407 1378 ungulis
467 1310 748 1379 degustato
810 1316 1105 1385 martyrio,
1177 1316 1233 1370 in
1304 1334 1518 1374 carcere
1572 1322 1845 1377 esuriant.

182 1401 358 1451 Porro
394 1398 674 1455 Severum
709 1406 1019 1473 propterea
1070 1404 1376 1462 absentem
1437 1408 1494 1462 in
1548 1410 1850 1466 Britannia

182 1486 462 1556 diximus,
500 1490 654 1561 quod
686 1491 1074 1562 expeditionis
1105 1494 1462 1553 Britannicas
1511 1498 1619 1554 hoc
1672 1517 1847 1576 anno,

185 1576 264 1631 uti
297 1580 473 1632 antea
503 1578 902 1649 probavimus,
931 1582 1091 1637 l'actaa
1124 1585 1505 1642 meminerint
1544 1588 1753 1645 Euseb.
1789 1589 1849 1643 in

186 1665 458 1721 Chronic.
497 1684 510 1733 ;
544 1667 708 1724 Oros.
744 1668 843 1725 lib.
870 1688 972 1738 v11,
998 1689 1127 1744 cap.
1160 1676 1194 1728 2
1227 1692 1240 1741 ;
1284 1675 1500 1732 Paulus
1565 1678 1850 1735 Diaconus

190 1754 292 1808 lib.
318 1771 444 1825 vm,
476 1772 605 1828 cap.
641 1759 691 1826 1,
718 1763 853 1814 ante
909 1777 1007 1816 eos
1039 1761 1411 1833 Spartianus,
1464 1766 1847 1839 Herodianus,

195 1850 251 1899 et
281 1844 390 1899 Dio
421 1844 481 1899 in
513 1849 740 1902 Severo.
770 1850 1043 1905 Nondum
1066 1852 1221 1907 enim
1255 1854 1613 1911 Britanniam
1640 1861 1849 1913 Roma-

197 1932 290 1988 nis
322 1934 595 2004 paruisse
624 1936 696 1991 ad
738 1936 795 1991 id
821 1954 1005 2009 usque
1025 1943 1327 2013 temporis,
1363 1945 1538 2000 etiam
1574 1945 1695 2017 ipse
1721 1964 1854 2002 ver-

203 2022 293 2076 bis
319 2022 415 2077 bis
446 2040 625 2095 supra
652 2024 846 2081 citatis
868 2027 1086 2083 indicat
1120 2046 1132 2084 :
1159 2032 1221 2086 Et
1268 2034 1663 2090 Britannorum
1702 2038 1852 2090 inac-

200 2127 347 2165 cessa
383 2112 635 2168 Romanis
667 2116 816 2183 loca,
852 2116 1071 2173 Christo
1105 2137 1227 2175 vero
1249 2124 1469 2178 subdita
1501 2126 1694 2197 (Ladv.
1726 2126 1849 2183 Jud.

200 2217 247 2254 c.
268 2202 346 2271 7),
382 2204 585 2274 utpote
615 2204 787 2259 Lucio
814 2206 1252 2265 Britanniarum
1313 2228 1446 2285 rege
1498 2214 1671 2286 paulo
1719 2222 1855 2271 ante

200 2306 306 2361 ope
328 2291 390 2346 S.
436 2291 726 2348 Eleutheri
773 2298 943 2367 Papa;
991 2299 1062 2353 ad
1123 2300 1297 2357 ﬁdem
1355 2320 1653 2373 converso,
1713 2306 1852 2361 item

200 2379 379 2434 etiam
414 2380 566 2436 illis:
601 2384 928 2444 Britannia
964 2388 1123 2444 intra
1154 2389 1360 2447 Oceani
1396 2394 1532 2464 ﬁnes
1588 2396 1855 2453 conclusae

201 2478 353 2522 sunt.

775 2632 924 2673 ANNO
943 2636 1141 2676 DOMINI
1161 2638 1279 2677 CCX.

270 2774 362 2828 28.
407 2777 464 2828 S.
528 2774 835 2847 Zephyrini
894 2781 1141 2836 Romani
1188 2782 1488 2840 Pontificis
1534 2803 1611 2851 ιιι,
1662 2787 1855 2843 Severi

201 2864 414 2933 imper,
447 2880 583 2918 xvu.
616 2881 682 2919 M.
705 2884 945 2922 sesamo
968 2885 1200 2925 CLAUDIO
1222 2888 1286 2926 M.
1338 2890 1389 2927 Ρ.
1423 2891 1755 2943 POMPEIANO,
1786 2896 1853 2933 ET

201 2969 466 3007 LOLLIANO
503 2970 668 3009 avrro
716 2972 866 3012 coss.
911 2962 1104 3013 Romae
1164 2960 1355 3016 adhuc
1386 2964 1672 3020 exsistens
1703 2968 1850 3021 Tea-

199 3058 499 3096 rcuumus
540 3043 848 3115 scripsisse
907 3046 1052 3101 mihi
1091 3048 1321 3105 videtur
1368 3052 1583 3108 librum
1633 3072 1704 3110 ns
1743 3060 1851 3111 Vs-

202 3147 409 3184 umnis
438 3129 791 3200 Vinclmsus,
824 3150 999 3203 quem
1048 3137 1239 3193 Graece
1294 3155 1526 3212 quoque
1564 3145 1852 3215 scriptum

198 3234 329 3273 esse
370 3218 468 3274 his
527 3220 740 3275 fatetur
788 3222 1021 3278 verbis:
1064 3227 1363 3297 Pr0prium
1410 3231 1531 3300 jam
1576 3235 1853 3304 negotium

197 3324 393 3377 passus
415 3324 550 3363 mem
575 3310 872 3379 opinionis,
906 3313 1100 3369 Latine
1158 3331 1369 3387 quoque
1424 3322 1707 3377 ostendam
1734 3326 1847 3378 vir-

198 3399 356 3467 gines
414 3402 629 3453 nostras
682 3401 860 3455 velari
906 3412 1152 3473 oportere
1208 3406 1348 3477 (Lib.
1420 3408 1488 3464 de
1547 3412 1651 3467 Vel.
1708 3414 1845 3485 virg.

198 3502 326 3558 cap.
366 3488 439 3555 1).
468 3492 545 3543 De
573 3505 686 3558 quo
724 3497 1069 3561 argumento
1124 3510 1276 3550 anno
1322 3501 1587 3569 sequenti
1646 3502 1847 3559 latius.

194 3575 519 3647 Scripsisse
549 3578 729 3633 etiam
787 3580 1103 3637 verisimile
1158 3588 1245 3639 est
1300 3587 1476 3656 paulo
1522 3596 1673 3659 post,
1719 3592 1845 3662 jam

198 3664 614 3738 Carthaginem
646 3683 972 3735 reversum,
1014 3670 1229 3727 librum
1262 3691 1542 3733 ADVERSUS
1574 3696 1846 3749 pausans,

199 3755 269 3809 de
300 3771 418 3825 quo
462 3759 705 3811 auctor:
754 3759 876 3828 Iste,
928 3759 1136 3830 inquit,
1190 3764 1410 3832 primus
1465 3784 1537 3822 ea:
1583 3770 1716 3824 Asia
1756 3772 1853 3827 hoc

197 3860 365 3914 genus
381 3846 755 3915 perversitatis
784 3848 975 3903 intulit
1001 3849 1220 3917 Romae;
1255 3852 1414 3908 homo
1470 3859 1520 3911 et
1576 3859 1721 3914 alias
1761 3862 1851 3914 in-

201 3936 443 4003 quietus.
476 3938 702 4005 insuper
727 3945 781 3990 et
806 3937 869 3992 de
889 3938 1201 4008 jactatione
1229 3945 1492 4013 martyrii
1519 3946 1743 4016 inﬂatus
1786 3951 1849 4005 ob

198 4024 376 4077 solum
399 4031 452 4077 et
478 4022 725 4094 simplex
773 4034 823 4080 et
884 4026 1041 4082 breve
1092 4032 1331 4086 carceris
1369 4033 1619 4091 taedium.
1646 4038 1854 4094 Fructi-

198 4121 468 4167 caverant
508 4128 701 4169 avenae
751 4115 1054 4171 Praxeance
1103 4118 1192 4172 hic
1238 4136 1448 4191 quoque
1511 4124 1743 4198 (nempe
1791 4128 1850 4182 in

196 4201 413 4271 Africa)
446 4205 918 4275 superseminalw,
973 4208 1249 4264 traducta
1298 4209 1495 4267 dehinc
1540 4230 1640 4284 per
1694 4232 1853 4287 quem

200 4295 344 4347 Deus
369 4292 545 4346 voluit
574 4294 882 4362 (quantum
905 4300 1166 4367 apparet,
1203 4298 1578 4371 Zephyriuum
1610 4308 1848 4377 Papam,

198 4385 399 4453 utpote
418 4381 488 4436 de
511 4396 626 4452 quo
658 4382 771 4438 tale
795 4382 935 4455 quid
966 4386 1157 4440 tradat
1180 4386 1240 4441 B.
1267 4387 1396 4460 Opt.
1428 4390 1688 4461 Milevit.,
1722 4394 1762 4450 l.
1799 4398 1850 4466 1,

200 4475 403 4526 contra
436 4469 852 4543 Parmenian.),
896 4475 1065 4529 etiam
1121 4477 1327 4533 evulsa?
1364 4479 1703 4538 videbantur.
1757 4485 1855 4540 De-

200 4561 365 4632 nique
394 4565 614 4616 caverat
641 4563 944 4633 pristinum
965 4563 1154 4619 doctor
1192 4566 1257 4622 de
1302 4569 1679 4628 emendatione
1727 4590 1850 4645 sua,

1514 384 2041 451 TERTULLIANI
2088 393 2295 453 Vl'l‘A.

183 492 403 575 (utpote
435 520 573 560 cum
603 507 804 562 Romae
856 510 916 563 et
970 507 1027 563 in
1085 508 1273 566 Africa
1330 512 1402 567 ad
1444 512 1499 567 id
1564 516 1844 588 temporis
1875 521 1929 587 Α
1967 526 2074 589 est,
2110 526 2333 582 auctori
2364 528 2400 583 fi

3506 417 3619 475 “4

2407 530 2535 587 dem
2553 534 2947 595 adhibendam
2964 546 3244 612 putamus
3271 562 3284 612 ;
3306 548 3434 601 tum
3462 549 3618 619 quod

1954 614 2009 665 S.
2067 614 2357 673 Pacianus
2416 619 2535 675 haec
2574 641 2710 680 vera
2753 628 2973 685 scribat
3021 633 3091 686 de
3149 633 3436 690 haereticis
3469 646 3618 693 cala-

1953 702 2272 776 phrygibus
2302 726 2363 765 ;‹‹
2391 711 2458 766 Et
2490 713 2747 783 primum
2780 719 2838 773 hi
2873 719 3140 791 pluribus
3190 724 3461 780 nituntur
3502 745 3606 782 au-

1949 793 2209 885 ctoribus
2237 822 2249 863 ;
2286 815 2417 853 nam
2450 807 2594 871 puta
2647 805 2881 863 Graecus
2915 810 3148 866 Blastus
3181 812 3443 885 ipsorum
3476 820 3565 871 est
3597 841 3611 883 ;

1948 881 2283 975 'l‘heodotue
2316 905 2547 961 quoque
2586 900 2643 948 et
2696 902 2952 953 Praxeas
2998 881 3222 957 vestros
3282 902 3600 975 aliquando

1946 970 2269 1030 docuerunt
2301 994 2312 1031 :
2348 1000 2375 1026 υ
2412 983 2558 1051 tum,
2592 985 2746 1053 quod
2782 988 2905 1057 ipse
2955 995 3178 1058 auctor,
3224 992 3319 1046 ’τῦ
3356 970 3604 1063 praster-

1955 1076 2131 1153 quam
2183 1067 2337 1136 quod
2394 1067 2511 1124 illic
2570 1073 2889 1147 subjungat
2944 1082 3225 1150 tanquam
3276 1081 3601 1153 discipulos

1955 1152 2224 1225 Blastum,
2256 1161 2309 1210 et
2342 1158 2683 1229 Theodotum,
2716 1174 2766 1219 et
2814 1167 3107 1239 Praxeam,
3142 1186 3275 1224 cum
3314 1152 3604 1240 Victorino,

1956 1238 2076 1296 illis
2103 1243 2203 1313 qui
2234 1247 2531 1303 secundum
2551 1252 2865 1309 disc/tinem
2910 1238 3421 1328 pronuntiabantur
3447 1277 3605 1318 eam-

1959 1330 2091 1387 dem
2122 1332 2366 1391 hceresin
2400 1338 2692 1407 attribuit,
2718 1347 2776 1398 et
2809 1344 2914 1400 hoc
2938 1346 3086 1402 libro
3119 1348 3448 1421 impugnat.

2508 1516 2643 1555 ANNO
2689 1520 2879 1559 DOIINI
2912 1521 3057 1563 CCXI.

2031 1635 2203 1702 §XV.
2248 1639 2377 1710 Ejus
2415 1641 2743 1711 defectionis
2789 1651 3005 1720 tempus
3051 1653 3104 1706 et
3152 1667 3340 1707 causa.
3393 1683 3462 1693 —
3519 1654 3609 1709 29.

1960 1724 2016 1779 S.
2048 1725 2340 1797 Zephirini
2360 1734 2527 1801 Papae
2560 1737 2800 1791 Romani
2832 1739 3135 1804 xn,Severi
3164 1757 3323 1796 xvm.
3359 1758 3608 1799 M..icruo

1961 1829 2099 1867 M.F.
2135 1832 2197 1871 Μ.
2238 1835 2287 1873 Ν.
2346 1835 2607 1878 FAUSTI‘NO
2666 1842 2731 1879 ΕΤ
2771 1845 2818 1881 C.
2866 1844 3118 1884 ΟίῈΞΟΝΙΟ
3163 1846 3209 1886 C.
3265 1847 3316 1885 F.
3377 1848 3604 1887 TRIARIO

1889 1907 1932 1972 Β
1963 1920 2185 1958 nummo
2217 1922 2364 1961 coss.
2404 1910 2757 1980 completum
2792 1914 2919 1984 fuit,
2965 1918 3119 1988 quod
3181 1918 3449 1974 scribunt
3480 1924 3613 1991 post

1967 1995 2235 2048 auctores
2260 1998 2649 2067 supracitatos
2678 2002 3060 2060 Cassiodorus
3118 2006 3176 2061 in
3222 2007 3525 2074 Chronico,
3560 2011 3617 2064 et

1964 2080 2103 2136 Ven.
2130 2082 2284 2137 Beda
2315 2084 2518 2141 histor.
2556 2089 2769 2146 Eccles.
2804 2091 2906 2147 lib.
2937 2110 2980 2162 ι,
3031 2110 3157 2167 cap.
3190 2096 3245 2163 5,
3279 2097 3349 2151 de
3381 2096 3612 2167 Severo,

1966 2172 2120 2241 quod
2152 2172 2370 2229 vallum
2390 2176 2609 2233 crebris
2639 2180 2904 2237 turribus
2937 2184 3369 2240 communitum
3397 2185 3455 2240 in
3487 2186 3617 2239 Bri-

1964 2260 2186 2327 tannia,
2222 2279 2322 2333 per
2352 2270 2585 2321 centum
2617 2272 2674 2323 et
2705 2270 2963 2342 amplius
3018 2271 3205 2328 millia
3225 2290 3510 2344 passuum
3543 2275 3615 2331 de

1967 2349 2115 2404 mari
2138 2350 2207 2404 ad
2242 2369 2402 2409 mare
2426 2356 2780 2425 perduxerit,
2813 2365 2876 2414 ut
2898 2365 3122 2431 partem
3146 2363 3456 2432 provincias
3476 2379 3614 2435 gra-

1964 2438 2099 2494 viss.
2134 2441 2349 2510 proeliis
2392 2451 2683 2516 receptam
2736 2464 2770 2503 a
2812 2449 3037 2504 caeteris
3092 2450 3306 2506 faceret
3357 2451 3614 2507 securio-

1964 2544 2109 2598 rem,
2144 2546 2244 2598 pro
2276 2546 2391 2601 quo
2450 2532 2588 2588 facit
2634 2536 2811 2591 etiam
2852 2536 2941 2592 lex
2997 2539 3186 2593 Severi
3244 2543 3302 2594 et
3340 2539 3616 2596 Antonini

1962 2619 2149 2688 Augg.
2179 2619 2418 2675 Eboraci
2452 2620 2569 2678 lata
2600 2623 2707 2679 hoc
2739 2628 3051 2682 consulatu
3086 2627 3233 2682 Non.
3276 2628 3432 2695 Maii,
3486 2646 3613 2701 quis

1964 2711 2153 2763 exstat
2175 2709 2435 2765 Cod.lib.
2464 2728 2547 2779 ιιι,
2572 2712 2683 2769 Tit.
2742 2714 2833 2781 32,
2890 2714 2994 2771 lib.
3045 2733 3085 2772 ι.
3128 2718 3292 2772 Certe
3339 2722 3479 2773 tunc
3502 2718 3614 2791 pri-

1966 2811 2128 2851 mum
2156 2795 2433 2869 leguntur
2458 2799 2873 2875 inscriptiones
2899 2805 3116 2875 quibus
3164 2805 3494 2878 appellatur
3515 2807 3614 2863 Se-

1965 2900 2135 2941 verus
2166 2903 2535 2944 sarramucus
2566 2908 2704 2947 max.
2760 2909 2886 2948 ram
2933 2911 3053 2949 po'r.
3102 2911 3262 2962 xvm,
3316 2911 3383 2950 ac
3430 2898 3615 2951 Anto-

1964 2973 2141 3029 ninus
2174 2992 2589 3034 BRITANN.TRIB.
2620 2997 2737 3036 νοτ.
2761 2997 2883 3048 χιιι,
2950 3000 3063 3038 me.
3118 3000 3181 3051 ιι,
3207 3000 3357 3039 coss.
3393 3001 3475 3051 ιιι,
3512 2985 3612 3039 de-

1963 3061 2141 3132 nique
2209 3069 2265 3119 et
2333 3065 2483 3121 illa:
2551 3083 2604 3122 p.
2652 3086 2806 3124 supr.
2862 3087 3001 3125 can
3056 3088 3177 3126 pws
3255 3089 3378 3127 auc.
3454 3090 3606 3128 BRIT.

1960 3167 2113 3208 ram.
2145 3170 2267 3208 por.
2305 3172 2388 3224 ιιι,
2422 3172 2540 3211 cos.
2577 3175 2641 3224 ιι,
2674 3175 2790 3213 uno
2821 3175 2890 3213 ex
2912 3158 3109 3229 latere,
3142 3164 3199 3215 et
3241 3176 3311 3215 ex
3366 3161 3615 3217 adversa

1962 3244 2163 3311 parte;
2195 3259 2470 3298 Vicroam
2491 3262 2715 3301 BamN.
2750 3246 2955 3319 Utpcte
3013 3264 3147 3303 cum
3198 3249 3407 3306 tertius
3438 3250 3617 3305 fuerit

1961 3330 2247 3386 duntaxat
2276 3332 2386 3388 iste
2410 3350 2622 3401 annus,
2656 3351 2724 3390 ex
2754 3352 2869 3406 quo
2928 3337 3071 3392 Geta
3107 3338 3479 3393 tribunitiam
3512 3356 3615 3410 po-

1957 3421 2227 3474 testatem
2259 3437 2393 3475 cum
2421 3422 2639 3478 caeteris
2658 3423 2889 3495 imperii
2919 3424 3255 3497 insignibus
3286 3432 3609 3499 acceperat.

1958 3511 2135 3563 Porro
2162 3508 2270 3564 hoc
2305 3512 2420 3566 fere
2454 3529 2607 3567 anno
2640 3514 2958 3584 contigisse
2989 3529 3317 3583 censemus,
3350 3517 3505 3586 quod
3539 3517 3612 3573 de

1960 3598 2346 3654 TERTULLIANO
2380 3602 2648 3656 scribunt
2680 3607 2741 3655 B.
2776 3602 3411 3675 Hieron.,Sophronius
3428 3605 3607 3660 Catal‘

1958 3686 2238 3758 Scriptor.
2264 3688 2415 3744 Eccl.
2453 3706 2518 3744 ac
2548 3690 2790 3762 Niceph.
2824 3691 2926 3746 lib.
2980 3708 3057 3758 1v,
3118 3709 3243 3764 cap.
3301 3694 3369 3747 12
3424 3710 3490 3749 ac
3518 3694 3609 3762 34,

1962 3790 2095 3829 cum
2124 3793 2312 3847 usque
2343 3779 2412 3833 ad
2448 3779 2700 3834 mediam
2734 3784 2963 3835 aetatem
2993 3780 3052 3836 in
3110 3780 3263 3836 Eccl.
3325 3782 3616 3839 catholica

1961 3866 2263 3936 presbyter
2289 3868 2712 3937 permansit,ad
2749 3869 3009 3924 Montani
3042 3871 3254 3941 dogma
3283 3869 3615 3942 delapsum.

1962 3952 2379 4011 Verumtamen
2407 3973 2621 4029 magna
2652 3962 2741 4012 est
2771 3957 3113 4027 difﬁcultas,
3154 3960 3444 4030 quomodo
3471 3960 3616 4014 scri-

1962 4041 2064 4095 bat
2092 4044 2156 4095 B.
2190 4042 2421 4099 Hieron.
2466 4044 2523 4099 id
2583 4045 2801 4099 factum
2858 4044 3079 4099 invidia
3136 4050 3193 4100 et
3244 4045 3619 4102 contumeliis

1963 4128 2307 4187 clericorum
2342 4133 2509 4189 Rom.
2534 4134 2712 4200 Eccl.,
2743 4151 2809 4189 ac
2840 4134 3201 4205 Sophronias
3236 4152 3249 4191 :
3300 4128 3496 4205 Φθόνῳ
3523 4135 3615 4190 καὶ

1961 4217 2449 4292 προπηλακισμοῖς
2496 4226 2602 4274 τῶν
2653 4219 2935 4293 κληρικῶν
2994 4224 3095 4286 τῆς
3150 4220 3200 4276 ἐν
3243 4223 3428 4297 Ῥώμῃ
3489 4225 3616 4279 Ἐκ-

1961 4303 2213 4377 κλησίας,
2273 4316 2331 4365 et
2378 4311 2667 4382 interpres
2714 4312 3023 4383 Nicephori
3057 4328 3069 4367 :
3102 4334 3130 4361 ‹‹
3190 4318 3427 4383 propter
3473 4312 3617 4367 cleri

1962 4399 2209 4453 Romani
2240 4400 2555 4468 invidiam;
2583 4422 2609 4450 ››
2635 4402 2957 4473 praesertim
2981 4418 3107 4456 cum
3129 4402 3198 4456 de
3220 4418 3286 4456 eo
3318 4418 3613 4472 nusquam

1964 4494 2357 4557 conqueratur
2413 4493 2621 4545 auctor
2674 4490 2849 4545 etiam
2911 4488 2971 4543 in
3013 4489 3115 4544 lib.
3177 4492 3370 4546 adver.
3430 4489 3618 4545 Eccle-

1964 4574 2113 4631 siam
2144 4576 2400 4648 scriptis,
2434 4580 2685 4633 maxime
2715 4595 2848 4633 cum
2879 4595 3115 4633 causam
3147 4578 3311 4634 illam
3364 4576 3617 4637 reticens

199 4657 249 4704 et
272 4657 463 4704 manet
487 4650 911 4722 chirographum
969 4652 1113 4724 apud
1167 4656 1480 4727 Psychicos,
1533 4661 1678 4732 apud
1726 4680 1853 4735 quos
1882 4652 1929 4717 Ι)
1962 4664 2302 4724 Vincentius
2348 4667 2690 4737 Lirinensis,
2741 4667 2850 4723 etsi
2899 4673 2963 4721 B.
3008 4667 3241 4723 Hieron.
3305 4669 3615 4740 posterior,

201 4747 327 4793 tunc
357 4756 446 4795 res
473 4744 620 4811 gesta
643 4745 740 4807 est,
771 4742 971 4797 exinde
1004 4743 1310 4801 silentium.
1345 4747 1540 4804 Avenw
1585 4768 1709 4807 vero
1739 4753 1855 4809 illa:

202 4828 402 4899 ubique
433 4832 565 4884 tunc
588 4845 773 4886 semen
801 4842 1177 4889 excusserant.
1237 4837 1321 4891 Ita
1377 4839 1709 4910 aliquandiu
1756 4860 1854 4915 per

205 4918 527 4989 hypocrisin
555 4920 779 4977 subdola
810 4923 1100 4981 vivacitate
1131 4924 1400 4996 latitavit,
1456 4938 1507 4985 et
1560 4948 1709 4987 nunc
1753 4936 1852 4990 de-

202 5022 307 5063 nuo
327 5008 513 5079 erupit
543 5007 687 5079 (adv.
720 5015 917 5082 Prax.,
942 5027 990 5067 c.
1022 5013 1093 5083 1).
1130 5013 1209 5069 Ex
1255 5016 1472 5086 quibus
1528 5021 1719 5079 verbis
1758 5041 1851 5080 sa-

204 5098 275 5153 tis
329 5102 513 5169 patet,
555 5105 612 5156 et
647 5118 949 5158 revocasse
993 5119 1161 5160 suam
1218 5103 1466 5165 haeresim
1525 5110 1842 5183 aliquando

202 5191 478 5244 Praxeam
539 5190 936 5264 disputatione
995 5193 1249 5265 alicujus
1296 5201 1691 5269 emendatum,
1752 5207 1852 5262 sed

201 5278 415 5334 iterum
438 5278 732 5353 relapsum
759 5283 948 5338 denuo
979 5284 1262 5356 erupisse,
1297 5292 1352 5343 et
1409 5291 1548 5346 dum
1583 5292 1675 5348 hic
1704 5292 1853 5350 liber

204 5369 775 5442 scriberetur,adhuc
801 5374 1560 5451 supervixisse.Quanquam
1592 5382 1847 5453 interim,

205 5460 249 5514 si
279 5477 479 5515 verum
516 5460 592 5517 sit
619 5462 774 5534 quod
800 5462 960 5517 addit
990 5464 1059 5519 de
1110 5468 1363 5522 Montani
1387 5470 1693 5542 prophetia
1721 5475 1849 5545 ejus

205 5564 305 5619 ope
334 5548 597 5623 expulsa,
625 5551 1107 5625 quandoquidem
1130 5553 1293 5611 illum
1326 5559 1593 5617 ﬂoruisse
1624 5568 1852 5619 constet

208 5639 309 5693 sub
335 5640 391 5695 S.
428 5640 735 5699 Eleuthero
770 5640 946 5714 Papa,
998 5648 1259 5713 Oporteat
1285 5646 1412 5717 jam
1435 5665 1635 5706 senem
1670 5652 1851 5709 fuisse

205 5725 492 5788 Praxeam.
526 5735 645 5790 Nos
706 5733 867 5787 certe
898 5728 1136 5789 vixdum
1181 5732 1241 5787 in
1303 5750 1370 5790 eo
1417 5739 1576 5809 quod
1625 5740 1848 5798 dictum

1963 4772 2077 4809 non
2106 4754 2264 4810 aliud
2284 4756 2457 4827 dicat,
2483 4774 2661 4828 quam
2691 4758 3147 4813 TERTULLIANUM
3174 4757 3444 4815 catholici
3465 4759 3617 4831 dog-

1962 4845 2137 4900 matis
2163 4849 2220 4900 et
2249 4850 2487 4902 vetustae
2518 4847 2653 4902 ﬁdei
2686 4864 2892 4918 parum
2928 4854 3212 4921 tenacem,
3255 4865 3321 4905 ac
3353 4848 3620 4905 disertio-

1961 4951 2084 4990 rem
2118 4935 2304 4991 multo
2336 4953 2513 5007 quam
2555 4936 2899 5007 feliciorem,
2950 4942 3176 4995 mutata
3232 4939 3524 4995 sententia
3556 4939 3615 4994 in

1963 5041 2217 5081 errorem
2249 5024 2866 5099 delapsum,magnam
2896 5028 3080 5085 fuisse
3104 5030 3163 5084 in
3197 5029 3450 5086 Ecclesia
3482 5034 3614 5085 ten«

1960 5113 2257 5171 tationem.
2294 5118 2475 5182 Quem
2506 5116 2775 5172 imitatur
2794 5116 2988 5172 Abbas
3014 5117 3395 5175 Trithemius.

2030 5204 2119 5257 30.
2151 5209 2253 5259 Est
2282 5204 2522 5277 quidam
2555 5207 2657 5277 qui
2698 5206 2927 5262 invidie:
2963 5223 3202 5263 causam
3235 5208 3415 5264 fuisse
3447 5210 3616 5279 putet

1960 5294 2181 5349 auctori
2213 5292 2630 5366 eloquentiam.
2662 5295 2927 5351 Rhenani
2959 5297 3382 5367 conjecturam,
3416 5312 3602 5366 quan-

1958 5384 2176 5439 tumvis
2208 5391 2561 5457 suspectam,
2591 5390 2925 5459 sequuntur
2954 5386 3132 5442 etiam
3164 5384 3435 5442 catholici
3477 5384 3615 5453 qui-

1961 5473 2117 5543 dam,
2153 5474 2250 5545 qui
2282 5475 2659 5547 suspicantur
2688 5474 2855 5531 illum
2902 5492 3036 5532 cum
3083 5475 3249 5530 initio
3278 5475 3466 5529 favere
3497 5490 3604 5528 cm-

1959 5563 2146 5633 pisset
2176 5565 2380 5621 haeresi
2411 5564 2895 5633 Montani,statim
2914 5564 3176 5619 Ecclesiae
3191 5563 3613 5619 communione

1959 5653 2248 5723 privatum
2280 5655 2445 5727 prius
2469 5671 2644 5727 quam
2677 5669 2738 5709 se
2761 5658 2949 5709 totum
2970 5652 3344 5725 dederet,qua
3365 5671 3426 5712 re
3451 5668 3611 5710 com-

1960 5745 2123 5798 motu
2156 5741 2253 5799 ille
2268 5761 2511 5815 prorsus
2538 5743 2597 5798 in
2634 5741 2893 5798 Montani
2927 5746 3124 5815 partes
3154 5744 3469 5802 transierit.
3503 5745 3613 5799 Ve-
