4060 6338
417 340 533 401 115

1717 338 2246 404 TERTULLIANI
2294 340 2500 400 Vl'l‘A.

3699 338 3820 397 116

420 487 553 528 rum
586 488 701 528 non
731 472 896 529 video
925 474 1217 545 quomodo
1275 473 1934 531 excemmunicationem
1959 490 2054 529 cc-
2084 472 2141 540 Α
2168 476 2263 527 tur
2286 470 2657 545 interpretari
2680 469 2957 527 invidiam
2981 466 3351 541 illam,quasi
3384 467 3595 525 fuisset
3624 468 3818 541 ipsius

419 559 832 629 clasiaeticam,
867 578 1044 634 quam
1072 570 1271 618 auctor
1298 562 1546 618 divinam
1574 579 1864 620 censuram
1880 567 1930 619 et
1958 565 2049 634 fu-

418 649 1161 723 turijudiciipratjudicium
1217 651 1474 725 appellat
1514 654 1783 725 (Apolog.,
1843 670 1891 707 c.
1940 652 2052 723 39),

416 741 481 793 B.
507 754 639 795 vero
670 739 900 796 Hieron.
934 740 1114 812 Epist.
1136 741 1208 797 ad
1240 740 1462 797 Heliod.
1497 764 1526 793 ‹‹
1577 747 1710 799 ante
1758 742 1911 797 diem
1952 741 2054 812 ju-

418 826 552 883 dicii
575 828 866 899 judicium
898 845 1013 901 quo
1039 829 1260 900 ejectus
1291 830 1361 886 de
1412 830 1667 887 Ecclesia
1713 830 1917 887 rabido
1947 829 2053 884 dae-

417 917 608 973 monis
637 934 735 974 ore
763 917 1137 990 discerpitur,
1198 941 1228 969 »
1286 936 1399 976 non
1459 920 1650 976 solum
1695 919 1923 975 invidia:
1959 919 2057 975 76

416 1004 613 1077 (quam
646 1023 749 1079 pro
779 1005 902 1063 zelo
932 1007 1107 1063 etiam
1142 1008 1201 1063 in
1225 1008 1443 1064 sanctis
1494 1009 1758 1082 agnoscit
1803 1008 1957 1063 idem
1991 1013 2053 1062 B.

414 1093 799 1168 Hieronymus
820 1094 1005 1167 Epist.
1040 1097 1110 1152 ad
1143 1096 1377 1153 Damas.
1407 1097 1477 1153 de
1509 1097 1752 1171 prodigo
1805 1101 1861 1154 et
1904 1095 2057 1169 frugi

414 1180 702 1253 ﬁliis),sed
730 1187 788 1239 et
817 1184 1303 1242 contumeliarum
1336 1185 1775 1243 nomenclatura
1806 1186 1931 1258 ipse
1946 1190 2059 1241 tra-

417 1269 672 1327 duceret.
704 1271 822 1330 Nos
842 1273 1060 1346 itaque,
1086 1275 1135 1329 si
1176 1275 1313 1347 quid
1349 1275 1409 1330 in
1440 1291 1500 1330 re
1533 1275 1757 1330 incerta
1798 1274 2059 1330 divinare

415 1357 605 1426 liceat,
637 1362 985 1433 conjicimus
1005 1364 1423 1433 Tertullianum,
1453 1368 1583 1437 post
1605 1363 1828 1420 obitum
1848 1364 2058 1438 Agrip-

413 1447 561 1519 pini,
591 1446 652 1503 in
691 1449 1006 1506 obtinendo
1057 1452 1392 1525 episcopatu
1454 1452 1911 1526 carthaginiensi
1968 1468 2057 1507 re-

416 1534 648 1607 pulsam
679 1555 923 1610 passum
951 1540 1217 1598 fortassis
1262 1542 1482 1598 invidia
1509 1541 1864 1598 Clericorum
1907 1556 2057 1614 quo-

416 1626 689 1682 rumdam
715 1626 1291 1699 EcclesiaeRomanss,
1323 1632 1583 1702 aquibus
1615 1632 1857 1703 proinde
1879 1631 2057 1687 etiam

417 1715 790 1772 contumeliis
819 1718 1080 1791 affectus,
1113 1720 1181 1775 ad
1216 1725 1411 1793 partes
1432 1721 1695 1777 Montani
1725 1719 2054 1777 desciverit.

415 1815 871 1918 Ferte‘tomitem
901 1816 1028 1918 illis
1055 1818 1284 1874 invidiae
1315 1820 1728 1878 administrare
1749 1825 2060 1893 potuerunt
2089 1851 2138 1918 B

415 1900 527 1959 loci
559 1902 781 1977 aliquot
813 1906 871 1961 in
901 1906 1069 1965 libris
1098 1910 1602 1981 pracedentibus:
1639 1911 1856 1983 quibus
1886 1910 2060 1966 tacite

419 1998 809 2068 quorumdam
868 1997 1236 2073 clericorum,
1296 2002 1561 2059 fortassis
1636 2006 2058 2070 Romanorum,

416 2084 558 2142 vitia
586 2086 979 2160 reprehendit,
999 2106 1114 2146 non
1141 2090 1308 2147 aliter
1337 2095 1511 2164 atque
1541 2092 1915 2164 postmodum
1947 2090 2056 2146 BB.

420 2173 769 2248 Hieronymo
798 2180 857 2233 et
885 2176 1125 2236 Paulino
1157 2180 1367 2236 accidit
1407 2182 1610 2237 eadem
1669 2180 1741 2236 de
1792 2197 1973 2237 causa
1998 2179 2058 2247 (1.

416 2263 482 2320 de
508 2265 711 2338 Spect.,
744 2282 793 2323 c.
824 2267 917 2340 25)
946 2284 961 2336 ;
992 2267 1051 2323 in
1084 2268 1293 2341 primis
1317 2270 1387 2325 de
1428 2270 1895 2342 frequentatione
1924 2285 2061 2341 spe-

414 2353 834 2412 ctaculorum:
896 2356 1000 2413 Sed
1069 2358 1329 2429 tragaedo,
1415 2358 1629 2431 inquit,
1698 2360 2059 2431 vociferante,

412 2443 846 2500 exclamationes
875 2444 981 2500 ille
1008 2445 1244 2519 (nempe
1271 2446 1486 2519 aliquis
1510 2449 1581 2504 de
1609 2448 1796 2519 Claro)
1827 2448 2065 2519 alicujus

410 2531 697 2603 prophetae
741 2535 1091 2591 retractabit.
1151 2537 1304 2592 Inter
1371 2539 1804 2609 eﬂ‘eminationis
1858 2537 2061 2603 modos,

416 2620 701 2677 Psalmum
746 2639 929 2679 secum
975 2626 1423 2681 comminiscetur
1467 2646 1487 2693 ;
1560 2631 1615 2684 et
1669 2643 1793 2682 cum
1840 2626 2067 2682 athleta

420 2712 604 2779 agent,
635 2711 731 2768 ille
774 2711 1029 2768 dicturus
1080 2717 1161 2769 est
1212 2716 1693 2786 repercutiendum
1743 2732 1852 2773 non
1905 2731 2062 2783 esse;

421 2808 621 2878 poterit
646 2816 698 2865 et
725 2808 790 2865 de
818 2810 1201 2867 misericordia
1246 2815 1454 2869 moveri
1467 2814 1681 2885 deﬁxus
1739 2813 1799 2869 in
1852 2829 2065 2869 morsus

424 2910 683 2953 ursorum
711 2903 767 2954 et
821 2902 1077 2972 spongias
1128 2903 1502 2958 retiariorum.
1563 2904 1783 2959 Avertat
1838 2905 1978 2959 Deus
2032 2918 2068 2956 a

419 2987 540 3041 suis
569 2991 779 3043 tantam
834 2990 1130 3061 voluptatis
1183 2976 1433 3048 seditiosae
1486 2993 1862 3064 cupiditatem.
1901 2992 2068 3060 Quale

419 3079 497 3130 est
525 3077 697 3145 enim,
730 3077 795 3133 de
825 3078 1063 3135 Ecclesia
1108 3080 1205 3134 Dei
1258 3082 1313 3135 in
1368 3081 1657 3137 ecclesiam
1705 3080 1925 3137 diaboli
1954 3085 2067 3136 ten-

423 3162 548 3221 dere
578 3169 607 3221 ?
634 3165 703 3222 de
731 3166 868 3224 caelo
900 3168 1060 3240 (quod
1089 3170 1269 3241 aiunt)
1302 3172 1364 3225 in
1414 3186 1628 3227 cwnum
1658 3170 1685 3225 ?
1714 3172 1842 3227 illas
1868 3187 2067 3225 manus

2166 560 2422 616 auctoris
2463 559 2521 615 in
2553 558 2774 615 olerum
2826 558 3177 614 Romanum.
3240 558 3333 613 Sic
3375 556 3555 628 enim,
3615 557 3817 630 inquit

2165 666 2268 721 per
2306 649 2583 704 invidiam
2617 648 2966 704 charitatem
2999 650 3466 719 corrumpentes,
3502 646 3815 704 scientiam

2165 739 2233 793 ad
2265 736 2515 793 nihilum
2546 738 2934 793 deduxerunt.
2992 737 3140 792 Nam
3200 740 3255 791 et
3309 735 3705 792 Tertullianus
3760 739 3822 793 et

2164 826 2522 883 Novatianus
2554 844 2667 883 non
2703 844 2893 899 parvae
2916 826 3171 882 scientia
3204 825 3444 882 fuerunt
3477 843 3491 886 :
3524 827 3620 882 sed
3674 826 3822 899 quia

2165 934 2266 990 per
2295 915 2483 972 zelum
2514 916 2819 972 cbaritatis
2877 917 3089 971 fmdera
3128 915 3531 987 perdiderunt,
3562 915 3622 970 in
3662 915 3822 971 schi-

2167 1022 2295 1061 sma
2323 1006 2495 1073 versi,
2532 1006 2600 1061 ad
2626 1004 3013 1078 perditionem
3047 1004 3137 1061 sui
3171 1004 3419 1060 haereses
3451 1009 3819 1061 creaverunt.

2166 1094 2245 1149 Ex
2277 1094 2493 1167 quibus
2521 1095 2714 1151 verbis
2750 1094 2813 1149 fit
2866 1094 3042 1150 etiam
3074 1092 3450 1149 verisimilior
3503 1110 3631 1150 mea
3678 1111 3824 1150 con-

2158 1185 2388 1255 jectura
2416 1200 2484 1241 ex
2515 1201 2601 1251 eo,
2641 1185 2731 1240 77
2770 1184 2919 1256 quod
2973 1184 3046 1238 ob
3088 1182 3383 1255 repulsam
3442 1183 3822 1257 episcopatus

2167 1273 2336 1329 Rom.
2368 1273 2426 1329 in
2460 1273 2720 1329 schisma
2740 1278 2798 1329 et
2828 1272 3099 1329 haeresim
3130 1270 3404 1328 inciderit
3433 1272 3821 1329 Novatianus.

2165 1367 2344 1419 Porro
2374 1363 2421 1420 si
2446 1363 2990 1419 excommunicatus
3029 1361 3219 1419 fuerat
3259 1362 3617 1434 justissimis
3677 1379 3824 1436 pro-

2166 1452 2315 1509 fecto
2345 1454 2417 1508 de
2446 1453 2664 1522 causis,
2698 1452 2873 1509 etiam
2909 1451 3175 1509 fortassis
3234 1451 3294 1508 in
3350 1452 3653 1508 absentem
3686 1467 3822 1509 eam

2169 1541 2302 1597 tulit
2330 1543 2678 1598 sententiam
2707 1542 2767 1596 B.
2816 1540 3178 1615 Zephyrinus
3238 1541 3519 1597 Pontifex.
3553 1540 3822 1597 Primum

2167 1630 2323 1687 enim
2353 1630 2413 1685 in
2445 1631 2546 1687 lib.
2581 1630 2858 1686 omnibus
2888 1628 3121 1701 scriptis
3153 1629 3300 1685 citra
3332 1630 3396 1685 14
3451 1628 3682 1701 imperii
3713 1629 3820 1686 Se-

2165 1719 2284 1775 veri
2317 1736 2560 1792 annum,
2594 1720 2881 1776 Paracleti
2918 1734 3068 1774 nova
3120 1718 3431 1791 prophetia:
3472 1723 3816 1790 frequenter,

2169 1808 2407 1875 Spiritus
2436 1812 2615 1865 sancti
2642 1809 2821 1865 etiam
2881 1807 3137 1864 Montani
3193 1808 3387 1863 verbis
3431 1807 3556 1879 jam
3618 1806 3817 1863 citatis

2169 1898 2457 1967 meminit,
2490 1898 2664 1954 sicuti
2690 1899 2863 1955 etiam
2893 1898 3154 1953 mulieris
3181 1896 3518 1970 prophetidis
3538 1896 3817 1968 subinde,

2170 1989 2344 2045 modo
2367 1989 2712 2060 Priscillam,
2747 1988 2919 2043 modo
2948 1986 3323 2043 Maximillam
3354 1985 3698 2059 signiﬁcans
3718 2002 3734 2054 ;
3757 1990 3821 2040 et

2171 2077 2441 2135 similiter
2470 2078 2541 2133 de
2572 2078 2794 2133 Exstasi
2822 2076 2999 2133 habet
3028 2092 3143 2132 non
3176 2092 3383 2148 pauca,
3437 2074 3580 2132 locis
3626 2076 3827 2131 citatis

2169 2166 2322 2223 inter
2352 2168 2650 2223 Paradoxa
2680 2166 2951 2222 Auctoris
2993 2165 3040 2237 (Ι
3070 2165 3143 2221 ad
3171 2170 3369 2233 Praei,
3397 2182 3447 2221 c.
3492 2165 3567 2237 1).
3601 2164 3829 2220 Deinde

2172 2255 2461 2328 Psychicos
2492 2272 2741 2329 quoque,
2776 2255 2833 2311 id
2857 2259 2947 2311 est
2979 2256 3252 2311 animales
3309 2252 3604 2327 appellare
3650 2253 3833 2327 coepit

2172 2345 2641 2415 catholicos,tum
2676 2346 2903 2401 advers.
2935 2347 3109 2400 Marc.
3129 2348 3256 2400 tum
3282 2344 3832 2413 advers.Pra:ceam,

2173 2435 2347 2492 sicuti
2378 2435 2555 2491 etiam
2586 2434 2665 2490 ibi
2697 2434 2898 2491 latius.
2931 2438 3232 2490 Postremo
3255 2433 3456 2507 omnia
3508 2431 3612 2488 illa
3646 2430 3834 2488 simul

2174 2525 2538 2596 conjungens
2568 2522 2671 2579 lib.
2715 2524 2845 2579 adv.
2905 2528 3203 2591 Praxeam,
3263 2525 3576 2579 Romanum
3622 2523 3835 2594 episco-

2172 2630 2324 2687 pum,
2354 2618 2640 2686 quantum
2674 2616 2936 2685 apparet.
2971 2613 3351 2668 Eleuther-ium
3406 2610 3830 2683 calumniatur,

2173 2708 2455 2775 tanquam
2489 2702 2588 2775 qui
2621 2718 2942 2771 agnoscens
2999 2702 3118 2770 iam
3172 2701 3503 2774 prophetia:
3557 2700 3831 2773 Montani,

2173 2794 2379 2850 Priscae
2406 2797 2456 2847 et
2485 2792 2830 2860 Maximillae,
2861 2807 2932 2848 ea:
2958 2807 3023 2848 ea
3077 2793 3364 2863 agnitione
3413 2807 3597 2863 pacem
3639 2790 3832 2847 Eccle-

2175 2883 2274 2938 siis
2324 2882 2464 2937 Asiae
2518 2888 2570 2937 et
2620 2881 2879 2954 Phrygiae
2923 2882 3135 2951 inferre
3179 2886 3418 2953 paratus
3460 2881 3654 2953 fuerit,
3711 2880 3836 2936 nisi

2175 2973 2418 3027 Praxeas
2445 2972 2599 3043 falsa
2627 2971 2950 3043 (perperam
2984 2969 3198 3042 inquit)
3242 2971 3307 3026 de
3351 2970 3490 3040 ipsis
3540 2968 3834 3042 prophetis

2175 3064 2227 3117 et
2298 3062 2548 3118 Ecclesiis
2616 3076 2802 3117 eorum
2855 3060 3233 3125 asseverando,
3283 3061 3542 3128 coegisset
3610 3058 3835 3116 litteras

2173 3152 2333 3221 pacis
2360 3166 2613 3207 revocare
2631 3151 2755 3222 jam
2782 3152 3036 3218 emissas,
3066 3152 3117 3206 et
3154 3167 3188 3205 a
3239 3151 3520 3222 proposito
3549 3150 3834 3220 recipien-

387 3248 391 3257 ί
420 3268 556 3325 quas
583 3254 656 3310 ad
710 3222 1012 3313 οοητέηξῆέ
2180 3239 2374 3296 dorum
2404 3240 2800 3295 charismatum
2845 3254 3178 3295 concessure.
3215 3238 3286 3293 Et
3342 3238 3588 3329 insuper
3617 3237 3840 3329 diaboli

426 3341 757 3401 histrionem
785 3345 1093 3418 defatigare
1122 3347 1150 3404 ‘t
1176 3364 1247 3403 ex
1270 3365 1368 3403 ore
1400 3365 1505 3420 quo
1534 3350 1704 3404 Amen
1732 3352 1793 3404 in
1819 3356 2070 3406 sanctum

416 3433 751 3504 protuleris,
781 3435 1089 3504 gladiatori
1134 3439 1507 3493 testimonium
1528 3438 1750 3494 reddere
1778 3442 1804 3492 γ
1832 3435 1906 3499 ἐις
1940 3437 2077 3490 αἰῶ-

422 3539 517 3581 νας
545 3522 679 3577 aliis
705 3526 929 3580 omnino
975 3525 1183 3595 dicere,
1234 3528 1351 3581 nisi
1376 3527 1479 3583 Deo
1536 3527 1800 3583 Christo?
1837 3528 1960 3583 Lib.
2010 3526 2076 3583 de

425 3606 558 3667 Idol.
593 3627 719 3684 cap.
751 3613 807 3669 7.
840 3613 906 3668 L.
967 3614 1032 3669 de
1081 3614 1201 3671 Cor.
1252 3616 1442 3686 milit.,
1501 3618 1552 3673 1.
1612 3621 1758 3672 Item
1809 3615 1955 3672 illud
2012 3615 2073 3671 in

426 3699 682 3756 artifices
717 3700 1040 3758 idolorum:
1079 3704 1224 3771 Tota,
1258 3702 1469 3775 inquit,
1501 3705 1590 3761 die
1632 3705 1702 3761 ad
1747 3707 1889 3762 hanc
1932 3722 2067 3778 par-

426 3790 535 3843 tem
561 3788 711 3846 zelus
758 3789 888 3861 ﬁdei
924 3790 1207 3863 perorabit
1252 3794 1531 3863 ingemens
1579 3793 1955 3851 Christianum
1995 3794 2067 3852 ab

425 3876 588 3934 idolis
619 3878 679 3933 in
705 3879 993 3936 ecclesiam
1022 3881 1229 3948 venire,
1259 3881 1345 3937 his
1391 3883 1649 3940 manibus
1696 3885 1926 3942 adorare
1945 3899 2069 3957 qua

423 3967 561 4037 foris
617 3966 882 4025 adversus
938 3969 1108 4025 Deum
1157 3970 1482 4045 adorantur,
1539 3990 1737 4032 manus
1782 3975 2070 4033 admovere

422 4058 649 4126 corpori
675 4057 920 4129 Domini,
950 4073 1074 4129 quae
1131 4058 1420 4117 daemoniis
1468 4078 1694 4135 corpora
1753 4065 2065 4139 conferunt.

422 4154 536 4208 Nec
562 4154 663 4211 hoc
687 4156 914 4228 sufﬁcit.
944 4158 1153 4213 Parum
1171 4160 1263 4229 sit,
1322 4162 1375 4215 si
1400 4162 1467 4217 ab
1498 4163 1634 4218 aliis
1663 4164 1919 4220 manibus
1972 4181 2067 4220 ac-

423 4241 639 4310 cipiant
674 4246 819 4315 quod
871 4246 1270 4319 contaminant,
1330 4251 1431 4305 sed
1479 4252 1620 4323 ipsa:
1663 4252 1884 4309 tradant
1938 4254 2069 4310 aliis

427 4330 569 4401 quod
595 4334 1131 4391 contaminaverunt.
1163 4335 1493 4409 Alleguntur
1514 4341 1575 4395 in
1604 4341 1853 4398 ordinem
1896 4343 2067 4399 eccle-

426 4420 712 4478 siasticum
763 4425 1001 4497 artiﬁces
1065 4423 1373 4484 idolorum.
1429 4428 1574 4486 Proh
1618 4431 1839 4487 scelus!
1894 4431 2071 4488 Semel

428 4510 621 4570 Judaei
646 4529 844 4571 manus
871 4514 1089 4571 Christo
1107 4516 1436 4588 intulerunt,
1495 4521 1588 4575 isti
1617 4521 1854 4592 quotidie
1880 4536 2073 4593 corpus

2179 3331 2463 3399 negotium
2490 3343 2817 3401 procurasse
2847 3329 3010 3395 dicit,
3059 3330 3158 3401 qui
3201 3326 3542 3401 prophetiam
3589 3327 3836 3400 expulit,

2180 3422 2232 3475 et
2256 3419 2599 3491 paracletum
2626 3418 2866 3492 fugavit.
2900 3419 3061 3474 Certe
3094 3417 3218 3488 ipse
3258 3420 3459 3473 auctor
3487 3432 3832 3472 excommu-

2182 3508 2537 3565 nicationem
2570 3508 2625 3563 in
2659 3507 2962 3563 haereticos
2992 3507 3278 3580 approbat
3308 3523 3423 3565 non
3454 3522 3571 3563 uno
3618 3505 3679 3562 in
3700 3504 3835 3562 loco

2182 3597 2395 3671 (Scorp.
2430 3597 2554 3654 adv.
2588 3596 2767 3654 Gnost.
2801 3613 2849 3653 c.
2888 3597 2960 3668 1).

2699 3775 2840 3817 Αιγκο
2882 3773 3084 3815 ΒΟΜῙΝῙ
3121 3772 3289 3815 CCXII.

2245 3904 2451 3974 §XV[.
2489 3906 2565 3962 De
2592 3904 2809 3961 ultimis
2854 3902 3182 3960 Tertulliani
3230 3904 3590 3962 montanisue
3640 3901 3835 3975 libris,

2175 3994 2242 4051 de
2270 3997 2419 4067 Fuga
2440 3997 2500 4051 in
2526 3995 2928 4067 persecutione,
2977 3993 3042 4049 de
3096 3992 3498 4049 Ezhortatione
3540 3993 3839 4065 castitatis,

2175 4088 2243 4145 de
2268 4087 2639 4158 Monogamia,
2689 4084 2756 4141 de
2807 4083 3053 4157 Jejuniis
3108 4084 3365 4140 adversus
3418 4084 3730 4156 Psychicos,
3773 4085 3848 4144 de

2177 4174 2477 4243 Pudicitia,
2525 4174 2594 4231 de
2648 4174 2886 4244 Exstasi,
2943 4172 3203 4230 adversus
3247 4172 3610 4244 Apollonium
3655 4171 3845 4246 Septi-

2174 4279 2352 4320 mum.
2382 4264 2566 4320 -31,
2608 4262 2668 4320 S.
2716 4260 3033 4335 Zephyrini
3078 4262 3246 4334 Papa
3295 4260 3543 4319 Romani
3594 4277 3719 4331 xm,
3754 4262 3844 4323 M.

2178 4350 2401 4408 Aurelii
2422 4350 2705 4408 Antonini
2730 4349 3001 4408 Bassiani
3030 4349 3116 4407 Pii
3168 4349 3377 4408 Felicis
3433 4350 3686 4424 Augusti
3707 4353 3846 4408 Bri-

2179 4440 2401 4496 tannici
2431 4439 2764 4499 Germanici
2820 4439 3055 4513 imperii
3082 4457 3122 4505 ι,
3151 4457 3208 4503 o.
3268 4455 3488 4497 summ
3517 4456 3570 4495 L.
3596 4456 3647 4496 ε’.
3680 4456 3847 4499 ιωεο

2183 4547 2441 4587 ιοιιιΔΝο
2474 4546 2776 4597 ΘΕΝΤΙΔΝΟ,
2832 4546 2901 4585 ΕΤ
2952 4545 3230 4585 POIPONIO
3274 4544 3447 4587 ΒΑιεο
3501 4545 3651 4585 COSS.
3702 4544 3852 4586 con-

430 4601 872 4692 ἵζω-19⁸⁸³³³⁷⁸⁸
924 4603 964 4660 θ
1022 4620 1219 4660 mam“
1266 4608 1756 4679 Ρνωδοίηάεηάιϊῐ
1815 4614 2073 4666 Rursum
2102 4599 2152 4664 Β
2185 4619 2469 4692 scriptum
2529 4634 2843 4675 censemus
2900 4619 3292 4675 TERTULLIANI
3341 4616 3558 4675 librum
3587 4634 3659 4674 na
3684 4635 3851 4677 mea

431 4687 581 4746 illud
611 4691 682 4747 dc
721 4692 1057 4766 pastoribus
1099 4697 1160 4752 in
1211 4699 1614 4771 persecutione
1671 4699 2071 4774 fugientibus:

433 4791 606 4846 Plane
627 4800 873 4863 superest
900 4800 961 4849 ut
982 4800 1148 4850 etiam
1175 4797 1451 4869 martyrio
1476 4813 1733 4855 recusare
1761 4797 2075 4867 meditetur,

432 4879 529 4949 qui
535 4879 862 4951 prophetias
890 4882 1105 4954 ejudem
1161 4884 1403 4958 Spiritus
1457 4888 1640 4943 sancti
1667 4886 1873 4957 respuit
1903 4905 1921 4941 :
1948 4887 2079 4942 novi

429 4972 485 5024 et
504 4973 955 5041 pastoresqetiam
992 4988 1179 5030 eorum
1236 4977 1298 5029 in
1351 4992 1487 5047 pace
1542 4976 1740 5045 leones,
1785 4976 1847 5030 in
1884 4975 2078 5047 praelia

426 5070 628 5114 cervos.
659 5059 923 5133 Denique
960 5062 1030 5118 de
1060 5063 1321 5121 velandis
1355 5064 1727 5136 Virginibus:
1761 5065 1924 5120 Illam
1951 5081 2078 5120 con-

425 5148 770 5206 suetudinem
803 5168 929 5223 quse
951 5135 1196 5224 virgines
1216 5166 1402 5226 negat,
1451 5135 1583 5210 dum
1632 5157 1892 5222 ostendit,
1918 5170 2079 5210 nemo

423 5239 722 5310 probasset,
750 5243 864 5297 nisi
893 5243 1071 5315 aliqui
1092 5244 1226 5299 tales
1252 5245 1442 5317 quales
1470 5246 1718 5315 virgines
1746 5245 1898 5315 ipsis.
1936 5244 2081 5301 Tales

427 5330 573 5384 enim
590 5331 737 5385 oculi
767 5332 945 5387 volent
972 5335 1243 5403 virginem
1269 5334 1465 5405 visam,
1516 5333 1706 5405 quales
1736 5334 1897 5389 habet
1926 5335 2080 5404 virgo

430 5432 558 5490 qua:
583 5419 762 5475 videri
791 5422 954 5477 volet.
978 5422 1217 5477 Invicem
1244 5438 1300 5477 se
1319 5420 1506 5477 eadem
1563 5423 1841 5478 oculorum
1879 5439 2083 5493 genera

432 5507 769 5565 desiderant.
819 5510 1077 5582 Ejusdem
1132 5511 1384 5566 libidinis
1432 5518 1512 5567 est
1567 5511 1746 5566 videri
1798 5515 1850 5567 et
1900 5512 2083 5569 videre

436 5595 622 5667 (Ibid.,
653 5596 693 5653 Ι.
733 5599 799 5655 de
860 5598 1076 5656 Veland.
1127 5600 1269 5671 virg.
1322 5614 1449 5672 cap.
1511 5599 1588 5672 2).
1644 5602 1861 5658 Auctor
1918 5617 2081 5660 com«

438 5688 710 5745 mentarii
741 5689 799 5745 S.
829 5688 1135 5745 Ambrosio
1165 5688 1405 5762 ascripti
1429 5690 1487 5746 in
1517 5691 1695 5765 Epist.
1727 5690 1893 5747 Pauli
1923 5690 2080 5748 vide-

2187 4726 2239 4765 ιη
2271 4725 2715 4775 essenon-noun,
2747 4708 2928 4780 idque
2958 4712 3094 4764 ante
3133 4709 3446 4765 decessum
3496 4708 3711 4780 Imper.
3772 4712 3843 4765 L.

2187 4799 2345 4872 Sept.
2377 4798 2569 4854 Severi
2592 4798 2808 4854 Pertin.
2841 4797 3114 4870 Augusti,
3172 4796 3273 4870 qui
3321 4813 3389 4854 eo
3439 4813 3592 4853 anno
3651 4798 3851 4871 pridie

2185 4887 2381 4943 Nonas
2410 4887 2572 4943 Febr.
2603 4886 2846 4943 Eboraci
2867 4902 3115 4943 mmrore
3159 4886 3349 4961 magis
3397 4903 3577 4959 quam
3628 4886 3846 4944 morbo

2188 4980 2455 5033 mortuus
2488 4980 2576 5032 est
2604 4976 2685 5048 (in
2707 4974 2815 5030 hoc
2843 4975 2987 5031 adeo
3016 4975 3259 5048 punitus
3291 4993 3325 5031 a
3365 4976 3481 5032 Deo
3501 4977 3675 5048 juxta
3703 4977 3849 5031 Oro-

2188 5065 2342 5122 sium
2375 5064 2476 5122 lib.
2508 5082 2606 5132 vn,
2638 5081 2767 5137 cap.
2793 5066 2873 5136 2),
2906 5064 3170 5120 nondum
3200 5064 3399 5138 elapso
3430 5080 3585 5121 anno
3605 5063 3848 5136 imperii

2190 5153 2279 5209 sui
2315 5156 2397 5225 18,
2430 5159 2491 5209 ut
2519 5159 2649 5226 pote
2674 5171 2809 5210 cum
2837 5154 2907 5208 ab
2959 5153 3158 5210 Idibus
3212 5153 3379 5210 Maiis
3429 5152 3567 5209 anni
3608 5152 3853 5210 Domini

2191 5244 2626 5309 194,addictum
2650 5259 2839 5315 usque
2853 5242 3035 5314 hujus
3063 5242 3201 5298 anni
3232 5242 3389 5298 diem
3421 5246 3855 5313 computantur

2190 5333 2474 5388 duntaxat
2504 5333 2643 5389 anni
2674 5333 2764 5401 l7,
2788 5348 3024 5389 menses
3079 5333 3133 5394 8.
3190 5332 3318 5388 dies
3345 5324 3429 5388 ’21
3470 5348 3621 5404 ;quo
3678 5331 3745 5386 ﬁt
3775 5337 3855 5389 ut.

2190 5422 2349 5478 hunc
2379 5423 2515 5478 anni
2540 5423 2566 5477 1
2598 5425 2815 5478 Anton.
2850 5422 3158 5493 faciamus,
3191 5426 3294 5479 aut
3332 5420 3540 5478 saltem
3591 5425 3723 5476 ante
3756 5438 3855 5477 re-

2191 5511 2377 5568 ditum
2406 5511 2683 5569 Antonini
2714 5527 2785 5568 ex
2813 5510 3136 5567 Britanniis
3191 5528 3328 5567 cum
3386 5512 3565 5569 fratre
3614 5526 3722 5566 suo
3774 5510 3848 5568 P.

2191 5600 2348 5672 Sept.
2371 5603 2516 5658 Geta
2544 5600 2714 5658 Felici
2746 5602 3007 5672 Augusto
3061 5599 3392 5659 Britannico
3437 5597 3669 5673 imperii
3699 5614 3847 5655 con-

2191 5694 2367 5759 sorte,
2421 5690 2614 5748 adbuc
2663 5690 2912 5746 durante
2965 5691 3372 5762 persecutione
3419 5689 3482 5763 (l.
3544 5690 3636 5747 ad.
3654 5693 3843 5762 ,Scap.
