4060 6350
206 324 320 382 H7

1523 317 2056 382 TER'l‘Ul.LlANl
2104 318 2311 378 VITA.

3510 329 3624 387 118

199 473 248 513 c.
282 456 356 525 4),
392 470 575 527 quam
610 454 741 527 ipse
770 456 1000 527 [utpote
1035 456 1177 511 lacte
1208 454 1527 512 Christiano
1561 453 1846 520 imbutus,
1881 450 1931 516 Α
1966 466 1998 504 a
2037 450 2366 521 Spartiano,
2402 456 2456 507 et
2484 454 2894 510 Sammonicus
2927 455 3201 524 Serenus,
3236 458 3402 527 cujus
3434 459 3619 517 libros

210 546 380 601 sicuti
411 562 593 617 snpra
625 562 693 600 ex
746 550 980 601 auctore
1030 546 1305 618 diximus]
1347 545 1430 601 vel
1480 549 1682 601 Severo
1729 539 1862 595 Sul-

204 637 341 709 pitio
393 640 543 691 teste
593 636 802 705 (Sacrae
846 637 979 691 Hist.
1038 635 1139 691 lib.
1220 640 1304 707 ιι),
1362 652 1590 691 cessare
1643 631 1859 697 fecerit,

205 731 399 798 utpote
425 726 526 797 qui
551 726 775 781 scribat
801 726 870 780 ab
896 726 1055 781 obitu
1098 728 1286 782 Severi
1322 727 1390 781 ad
1419 725 1653 781 Decium
1674 737 1861 793 usque

204 833 401 888 pacem
438 815 712 870 Ecclesiis
743 816 946 881 fuisse,
995 822 1379 887 prieterquam
1415 816 1565 887 quod
1618 832 1650 869 a
1679 814 1857 865 Maxi-

205 907 362 960 mino
424 905 482 959 in
546 906 856 977 episcopos
906 905 1170 960 saevitum
1236 905 1447 973 fuerit;
1491 921 1664 977 quam
1719 904 1857 957 adeo

202 995 435 1067 longam
470 1011 671 1066 pacem
704 994 958 1067 appellat
996 1001 1056 1049 Β.
1093 996 1365 1068 Cyprian.
1395 994 1494 1050 lib.
1551 994 1613 1049 de
1645 994 1853 1063 Lapsis.

202 1085 547 1155 Quanquam
580 1083 820 1140 interim
851 1084 1037 1140 edicta
1067 1085 1253 1141 Severi
1292 1085 1480 1140 adhuc
1512 1082 1855 1155 aliquandiu

199 1174 457 1245 viguisse
515 1190 583 1229 ex
640 1173 734 1229 bis
794 1174 1048 1230 auctoris
1106 1175 1298 1230 verbis
1358 1174 1622 1229 videatur
1672 1188 1684 1226 :
1735 1173 1858 1229 Nisi

198 1266 339 1332 forte
368 1265 429 1318 in
461 1264 952 1319 senastusconsulta
991 1267 1041 1318 et
1084 1264 1400 1335 principum
1442 1262 1706 1318 mandata
1745 1277 1853 1316 co:-

199 1353 449 1409 tionibus
480 1352 576 1407 78
608 1355 856 1423 opposita
884 1353 1264 1424 delinquimus
1287 1353 1325 1425 (l
1372 1353 1436 1407 de
1456 1354 1634 1423 Jejun.
1671 1368 1715 1405 c.
1748 1352 1812 1404 13
1839 1369 1850 1417 ;

198 1445 236 1498 Ι.
267 1442 335 1497 de
375 1449 519 1514 ruga
569 1444 629 1497 in
682 1458 887 1513 persec.
945 1443 1021 1514 5).
1084 1443 1250 1498 Hunc
1310 1460 1442 1498 cum
1489 1445 1690 1497 contra
1749 1441 1853 1495 Ec-

196 1532 436 1587 clesiam
484 1531 771 1604 scriptum
810 1536 1097 1599 asserant,
1133 1532 1231 1586 ubi
1285 1547 1486 1603 supra,
1539 1532 1599 1585 Β.
1655 1530 1850 1585 Hiero-

198 1639 431 1693 nymus,
492 1621 859 1690 Sophronius
914 1626 969 1675 et
1018 1620 1401 1692 Nicephorus,
1450 1618 1743 1674 versimile
1790 1619 1853 1671 tit

196 1713 430 1766 Fabium
456 1709 622 1765 illum
659 1710 986 1765 Romanum
1023 1708 1205 1765 fuisse
1243 1708 1853 1781 presbyterum.Certe

196 1800 349 1869 quod
383 1799 581 1870 aliquo
616 1798 944 1852 ministerio
988 1798 1393 1853 Ecclesiastico
1446 1800 1698 1864 functus,
1735 1795 1845 1851 col-
1882 1831 1929 1894 B

191 1888 373 1960 ligare
405 1892 495 1942 est
546 1904 613 1943 ex
667 1887 862 1942 verbis
921 1886 1038 1943 illis
1089 1887 1239 1942 :Sed
1293 1904 1411 1942 cum
1445 1888 1551 1957 ipsi
1582 1890 1845 1951 auctores,

192 1978 248 2031 id
277 1984 380 2040 est,
417 1978 687 2044 Diaconi,
714 1976 1033 2048 Presbyteri
1061 1987 1113 2032 et
1146 1978 1413 2047 Episcopi,
1446 1979 1690 2047 fugiunt,
1721 1992 1850 2047 quo-

191 2067 347 2121 modo
409 2068 582 2121 lacius
630 2066 942 2134 intelligere
1002 2068 1267 2138 poterit?
1330 2067 1553 2130 Quibus
1613 2066 1847 2120 interim

192 2155 430 2227 quando
463 2157 865 2227 (contraquam
901 2156 1079 2211 sentit
1122 2156 1364 2227 Auctor)
1412 2156 1610 2227 fugere
1658 2154 1847 2220 liceat,

195 2246 252 2300 in
287 2245 778 2300 Annotationibus
827 2244 1044 2301 nostris
1091 2244 1290 2300 latius.
1343 2245 1611 2300 Meminit
1665 2244 1724 2298 in
1784 2261 1849 2299 eo

194 2336 373 2390 etiam
408 2334 605 2389 Rutilii
632 2336 967 2389 sanctissimi
994 2336 1257 2407 martyris
1284 2352 1302 2388 ,ο
1334 2351 1505 2406 porro
1537 2340 1593 2389 et
1624 2335 1732 2389 sub
1751 2338 1848 2388 Se-

192 2442 328 2479 vero
362 2424 519 2479 haud
555 2424 733 2479 dubie
782 2423 979 2479 ret‘erri
1030 2424 1219 2494 debet,
1253 2426 1405 2496 quod
1443 2424 1708 2479 scribunt
1740 2424 1848 2477 Eu-

192 2514 313 2569 seb.
342 2518 400 2569 st
440 2512 751 2585 Nicephor,
784 2513 855 2568 de
893 2513 1157 2585 Origenis
1207 2513 1398 2584 prima
1448 2512 1851 2584 persecutione

192 2603 456 2657 maxima
489 2603 639 2674 apud
694 2601 1125 2666 Alexandriam,
1177 2606 1492 2674 antequam
1546 2620 1673 2657 sese
1726 2602 1852 2673 ipse

192 2696 501 2747 castraret.
540 2690 711 2763 Atqui
744 2693 815 2746 ad
849 2691 1210 2747 intellectum
1242 2692 1513 2746 Auctoris
1562 2692 1714 2757 facit,
1752 2691 1851 2746 ubi

190 2770 382 2837 dicit:
432 2781 787 2837 Maledictum
834 2797 946 2836 esse
991 2785 1117 2836 ante
1173 2778 1471 2842 ἀποθέωσιν
1521 2781 1683 2835 deum
1741 2782 1853 2836 Ca:-

189 2890 376 2929 sarem
413 2889 739 2944 nuncupare
771 2873 815 2943 (l
857 2873 1101 2943 Apolog.,
1158 2888 1205 2926 c.
1258 2874 1386 2944 34);
1435 2873 1491 2926 id
1542 2873 1697 2943 quod
1742 2870 1856 2925 late

191 2968 457 3018 recenset
507 2962 713 3017 Herod.
773 2960 875 3015 lib.
934 2961 1105 3016 tertio
1151 2962 1221 3015 de
1280 2960 1395 3016 ritu
1457 2962 1762 3016 observato
1793 2960 1853 3013 in

191 3051 470 3108 relatione
500 3050 688 3106 Severi
728 3051 939 3121 Imper.
982 3053 1115 3121 post
1165 3054 1412 3105 mortem
1446 3050 1505 3105 in
1558 3050 1720 3104 divos
1752 3063 1858 3121 per

198 3142 353 3197 ﬁlios
387 3144 581 3196 Romae
614 3140 788 3204 facta,
816 3143 1124 3211 postquam
1158 3140 1382 3194 cineres
1434 3156 1501 3194 ex
1552 3138 1857 3193 Britannia

1976 540 2261 612 plurimos
2306 551 2527 600 exstare
2571 545 2667 599 ille
2690 547 2914 616 scribit,
2946 547 3225 603 Gordiani
3266 554 3469 621 postea
3498 556 3617 605 Cae-

1972 631 2119 687 saris
2153 634 2517 705 paedagogus.
2546 636 2605 689 In
2628 636 2783 691 hunc
2816 655 3034 693 annum
3070 639 3615 699 referimuslibrum

1967 738 2340 778 TERTUI.LIANI
2404 743 2470 779 ne
2536 744 2957 782 EXHORTATIONE
3012 746 3347 797 (ZAS'I‘ITATIS,
3415 735 3615 803 utpote

1969 829 2137 883 quem
2180 812 2560 885 Nicephorus,
2592 816 2691 870 lib.
2728 823 2955 886 quarto,
2993 819 3178 889 capite
3208 820 3296 885 54,
3335 820 3484 874 inter
3515 837 3612 875 eos

1965 908 2246 969 recenset,
2280 904 2377 974 qui
2409 911 2613 960 contra
2644 906 2957 961 Ecclesiam
2991 909 3333 963 catholicam
3358 910 3616 965 conscri-

1967 993 2047 1064 pti
2077 998 2235 1060 sunt,
2267 998 2323 1049 et
2369 993 2427 1049 in
2475 1012 2591 1067 quo
2644 1013 2709 1052 eo
2757 997 3061 1052 dementias
3109 997 3334 1053 videtur
3363 999 3615 1064 venisse,

1966 1090 2027 1136 ut
2056 1084 2203 1155 apud
2235 1088 2345 1139 tres
2392 1086 2561 1139 etiam
2598 1085 2785 1154 (uicos,
2839 1091 3035 1159 utpote
3068 1088 3406 1143 Montanum
3441 1092 3496 1143 et
3527 1088 3616 1142 in-

1967 1190 2141 1228 sanas
2201 1175 2327 1245 ejus
2389 1175 2762 1247 prophetides
2821 1176 3075 1232 Priscam
3135 1182 3190 1232 et
3237 1176 3615 1233 Maximillam

1966 1278 2094 1318 esse
2155 1263 2465 1319 Ecclesiam
2514 1265 2823 1336 existimet,
2892 1268 3389 1338 quemadmodum
3439 1266 3617 1322 latius

1966 1351 2223 1423 idipsum
2268 1354 2403 1408 alibi
2432 1354 2685 1410 inculcat
2714 1355 2841 1424 (lib.
2874 1356 2937 1411 de
2970 1356 3202 1412 Exhort.
3247 1359 3448 1425 castit.,
3476 1374 3525 1411 c.
3557 1358 3613 1424 7;

1966 1440 2065 1495 lib.
2102 1442 2173 1496 De
2208 1442 2415 1511 pudic.,
2469 1460 2515 1497 c.
2564 1445 2674 1515 21).
2728 1445 2873 1499 Huic
2913 1445 3090 1500 etiam
3141 1463 3293 1501 anno
3351 1446 3611 1517 applica-

1964 1546 2097 1585 mus
2132 1532 2691 1603 79disputationem
2724 1533 2886 1588 illam
2939 1535 3057 1589 Caii
3098 1534 3401 1607 scriptoris
3432 1534 3613 1589 eccle-

1962 1618 2182 1675 siastici
2214 1622 2495 1677 adversus
2528 1622 2816 1688 Proclum,
2850 1624 3019 1695 cujus
3070 1624 3464 1679 meminerunt
3494 1624 3611 1678 Eu-

1963 1710 2187 1765 seblib.
2224 1716 2406 1778 sexto,
2441 1712 2628 1784 capite
2678 1713 2902 1769 decimo
2953 1718 3183 1785 quarto,
3225 1714 3429 1769 beatus
3478 1712 3611 1766 Hie-

1962 1816 2263 1869 ronymus,
2290 1800 2345 1854 in
2377 1800 2555 1855 Catel.
2590 1818 2699 1855 scr.
2728 1800 2891 1869 eccl.,
2921 1807 2977 1857 et
3007 1802 3180 1857 latius
3213 1803 3270 1857 in
3299 1802 3419 1856 haec
3440 1802 3616 1855 verba

1961 1887 2195 1958 Nicepb.
2229 1888 2353 1943 loco
2394 1890 2519 1959 jam
2579 1889 2800 1945 citato:
2854 1914 2881 1939 «
2939 1890 3173 1956 Floruit,
3232 1890 3447 1961 inquit,
3504 1889 3614 1944 sub

1959 1977 2283 2049 Zepbyrino
2318 1978 2507 2033 Romae
2553 1980 2825 2052 episcopo
2874 1982 3061 2046 Caius,
3102 1981 3391 2036 Antonino
3423 1976 3617 2033 Severi

1961 2066 2080 2122 ﬁlio
2131 2068 2476 2139 imperante.
2531 2092 2557 2117 »
2614 2070 2662 2123 Is
2712 2071 2990 2126 adversus
3038 2070 3305 2125 Proclum
3359 2065 3620 2123 Montani

1964 2161 2456 2228 propugnatorem
2511 2157 2978 2215 dissertationem
3013 2159 3481 2231 copiosissimam
3514 2158 3618 2211 ba-

1961 2246 2089 2300 buit
2111 2252 2167 2301 et
2189 2246 2542 2317 composuit,
2564 2248 2885 2303 temerarias
2910 2250 3187 2315 audaciae,
3219 2250 3374 2321 quod
3410 2263 3617 2303 novam

1958 2335 2347 2391 introduxerit
2380 2338 2769 2408 prophetiam,
2794 2337 2962 2392 illum
3000 2340 3359 2410 redarguens
3395 2341 3451 2391 et
3477 2352 3616 2390 con-

1962 2426 2175 2480 futans.
2210 2426 2392 2489 Quam
2445 2427 2682 2496 quidem
2728 2443 2833 2481 nos
2882 2426 3196 2498 aliquando
3258 2425 3615 2480 existimavi-

1962 2531 2095 2570 mus
2129 2531 2333 2570 ansam
2368 2516 2601 2570 dedisse
2632 2515 2864 2570 Auctori
2897 2517 2963 2569 ad
2998 2514 3250 2570 Montani
3286 2518 3481 2586 partes
3514 2514 3614 2568 de-

1964 2605 2194 2659 ﬁciendi
2222 2622 2235 2671 ;
2270 2605 2424 2676 quod
2458 2605 2748 2660 versimile
2781 2606 2843 2659 ﬁt
2872 2606 2931 2659 in
2964 2606 3250 2673 Proetum,
3283 2604 3391 2659 hac
3417 2604 3619 2674 dispu-

1964 2694 2181 2749 tatione
2213 2694 2566 2764 convictum,
2602 2710 2703 2749 nec
2734 2694 3192 2764 resipiscentem,
3234 2711 3265 2749 a
3296 2692 3616 2765 Zephyrino

1964 2784 2626 2839 excommunicationem
2660 2783 2835 2839 latam
2892 2784 3093 2849 fuisse,
3138 2787 3195 2837 et
3237 2799 3440 2838 omnes
3490 2784 3619 2851 ejus

1966 2872 2241 2937 asseclas,
2290 2872 2442 2927 inter
2490 2890 2637 2944 quos
2686 2873 2842 2927 haud
2898 2873 3074 2927 dubie
3126 2876 3359 2939 Auctor,
3419 2875 3620 2943 utpote

1965 2962 2449 3017 Montanistarum
2492 2960 2625 3014 κατᾶ
2670 2963 2930 3017 Proclum
2961 2966 3231 3031 sectator,
3268 2978 3381 3015 non
3415 2976 3617 3015 eorum

1968 3051 2067 3119 qui
2101 3051 2425 3105 secundum
2458 3051 2791 3106 Eschinem
2843 3052 3208 3120 dicebantur,
3242 3054 3440 3104 contra
3473 3065 3618 3119 quos

1969 3138 2087 3210 egit
2115 3138 2264 3193 libro
2299 3140 2581 3195 adversus
2613 3140 2912 3195 Praxeam.
2946 3139 3160 3194 Verum
3184 3139 3311 3210 jam
3344 3142 3515 3193 antea
3544 3138 3619 3191 il-

197 3247 399 3285 secum
429 3229 590 3284 allati
640 3230 698 3283 in
746 3245 895 3283 urna
943 3228 1300 3284 alabastrina
1332 3230 1497 3300 juxta
1527 3228 1715 3291 illum,
1750 3234 1849 3281 aut
1883 3210 1924 3276 C
1967 3228 2087 3283 lum
2121 3229 2364 3284 deﬁcere
2403 3230 2665 3299 cmpisse,
2702 3229 2819 3283 imo
2870 3234 3071 3283 contra
3118 3227 3433 3283 Ecclesiam
3468 3226 3615 3281 scri-

192 3337 341 3375 ierea
364 3321 540 3389 juxta
558 3318 956 3389 Spartianum,
980 3318 1038 3372 in
1059 3316 1394 3389 sepulcrum
1420 3318 1694 3373 Antonini
1717 3321 1856 3371 sunt

194 3409 363 3464 illati.
402 3409 505 3463 Hic
537 3414 813 3479 praeterea
848 3408 1317 3478 praetereundum
1344 3424 1456 3463 non
1492 3406 1849 3478 putavimus,

194 3499 349 3570 quod
393 3514 525 3553 cum
560 3497 748 3569 pridie
779 3501 919 3552 Non.
973 3496 1247 3552 Februar.
1298 3497 1537 3569 perierit
1588 3502 1853 3553 Severus,

195 3586 471 3659 castigari
501 3586 780 3642 deberent
810 3584 967 3657 leges
999 3586 1123 3640 dua;
1153 3586 1399 3656 Codicis,
1426 3585 1609 3641 altera
1638 3585 1743 3640 lib.
1776 3602 1853 3655 vx,

190 3679 282 3733 tit.
323 3678 418 3746 45,
467 3676 506 3743 l,
560 3693 599 3745 ι,
652 3680 716 3730 ut
756 3674 985 3747 legatur
1012 3691 1048 3728 v
1076 3675 1202 3730 Kal.
1238 3675 1560 3740 Februarii,
1594 3691 1719 3747 pro,
1754 3673 1855 3729 Ja-

191 3765 385 3821 nuarii
420 3782 433 3819 :
471 3764 653 3821 altera
685 3764 950 3835 ejusdem
991 3763 1027 3818 l.
1065 3763 1155 3819 tit.
1206 3765 1297 3833 37,
1329 3763 1432 3819 lib.
1486 3780 1571 3827 ιιι,
1626 3765 1713 3817 uti
1744 3759 1854 3817 soli

188 3854 482 3910 Antonino
512 3856 657 3925 Aug.
716 3852 1065 3921 ascribatur,
1107 3870 1221 3908 non
1271 3858 1475 3908 Severo
1521 3857 1576 3908 et
1632 3854 1853 3909 Anton.

190 3946 368 4016 Augg.
404 3948 605 4015 utpote
635 3958 768 3999 cum
791 3942 910 3998 lata
940 3942 1018 3997 sit
1044 3958 1102 3997 vr
1134 3942 1259 3997 Kal.
1292 3942 1445 3997 Maii.
1479 3940 1577 3997 diu
1613 3946 1743 4012 post
1784 3940 1850 3994 il.

191 4032 304 4088 lius
323 4033 576 4098 obitum,
602 4031 857 4087 maxime
878 4046 1012 4086 cum
1037 4036 1221 4087 exstet
1244 4031 1334 4086 lex
1359 4030 1634 4086 Antonini
1666 4029 1851 4085 solius

189 4120 435 4179 Kalend.
482 4120 651 4178 Maiis
681 4120 821 4192 lata,
865 4124 922 4176 et
971 4118 1097 4176 alias
1147 4119 1344 4192 plures
1376 4120 1469 4176 bis
1503 4121 1665 4177 Coss.
1698 4118 1846 4174 lata.

690 4298 845 4339 ANNO
897 4297 1102 4338 DOMINI
1139 4296 1339 4339 CCXIII.

261 4430 352 4484 32.
386 4428 446 4484 S.
481 4425 789 4499 Zephyrini
819 4426 1066 4482 Romani
1095 4425 1389 4483 Pontiﬁcis
1419 4442 1533 4496 xiv,
1564 4426 1845 4482 Antonini

192 4521 406 4591 Imper.
440 4535 505 4584 II,
531 4534 592 4573 M.
620 4533 913 4573 POMPONIO
938 4533 1003 4573 Μ.
1033 4534 1088 4575 F.
1108 4532 1295 4572 ASPRO
1326 4532 1368 4571 ιι
1396 4533 1464 4572 ET
1492 4532 1672 4572 ASPRO
1689 4532 1840 4573 COSB.

199 4590 321 4665 sive
353 4608 589 4663 duobus
618 4606 845 4679 Aspris,
906 4606 1121 4677 quibus
1178 4609 1338 4662 Coss.
1390 4605 1546 4679 leges
1583 4598 1860 4661 Antonini
1888 4590 1937 4655 D

193 4699 368 4753 varie
401 4697 547 4752 datae
576 4696 857 4769 leguntur
915 4697 1183 4768 (quorum
1234 4695 1522 4751 seniorem
1571 4696 1843 4751 eumdem

193 4786 367 4842 illum
401 4800 711 4840 censemus
750 4784 820 4839 de
848 4800 959 4854 quo
990 4800 1170 4855 supra
1195 4783 1266 4838 ad
1299 4799 1519 4838 annum
1549 4785 1703 4853 ccu),
1751 4800 1845 4839 so-

195 4874 291 4931 Ins
337 4873 671 4929 Antoninus
724 4872 999 4945 (testibus
1046 4872 1371 4929 Herodiano
1401 4876 1459 4928 et
1492 4872 1843 4945 Spartiano),

200 4965 377 5020 fratre
416 4963 559 5019 Geta
589 4964 659 5019 ad
708 4966 912 5036 pectus
944 4980 1061 5019 suis
1095 4962 1299 5019 matris
1328 4963 1649 5031 interfecto,
1684 4966 1846 5035 post-

205 5072 384 5127 quam
416 5054 725 5127 imperavit
757 5071 979 5109 annum
1029 5070 1237 5120 unum,
1270 5054 1394 5109 dies
1422 5057 1511 5122 2t,
1547 5071 1611 5109 ac
1658 5053 1849 5126 sepul-

200 5150 257 5200 to
314 5144 375 5200 in
423 5143 742 5216 septizonio
794 5144 969 5215 (quod
1028 5161 1061 5199 a
1109 5153 1330 5216 septem
1386 5144 1548 5199 zonis
1596 5144 1724 5199 coeli
1770 5145 1852 5200 ita

202 5236 423 5290 dictum
454 5239 719 5300 Severus,
751 5234 838 5288 vel
872 5234 1079 5289 Euseb.
1114 5238 1279 5304 teste,
1348 5234 1757 5304 zedilicaverat)
1786 5250 1851 5288 ac

203 5326 257 5379 in
290 5326 455 5380 divos
514 5325 714 5397 relato,
744 5324 1060 5396 imperium
1117 5325 1449 5396 usurpavit.
1512 5325 1758 5395 Insuper
1797 5327 1852 5378 et

206 5418 348 5475 alios
382 5418 689 5489 plurimos,
709 5416 1085 5488 quantumvis
1110 5417 1257 5487 patri
1281 5417 1508 5489 sibique
1527 5422 1698 5471 antea
1715 5416 1852 5470 cha-

206 5509 492 5581 rissimos,
527 5507 654 5563 neci
686 5505 840 5562 tradi
868 5505 1071 5576 jussit,
1104 5506 1257 5561 inter
1302 5523 1448 5579 quos
1494 5521 1853 5561 commemo-

210 5599 377 5654 randi
407 5600 651 5655 veniunt
674 5596 968 5667 Papianus
999 5594 1117 5663 ille,
1142 5596 1269 5666 ejus
1302 5613 1365 5651 ac
1394 5594 1613 5651 Juliani
1645 5599 1702 5650 et
1722 5595 1855 5649 Ter-

210 5686 409 5760 tyliani
445 5688 539 5748 JG.
573 5688 920 5762 praeceptor,
945 5681 1098 5756 juris
1136 5683 1375 5757 Asylum
1410 5682 1855 5757 cognominatus

1968 3319 2176 3389 psisse,
2215 3334 2283 3372 ex
2326 3319 2728 3389 superioribus
2780 3319 3150 3373 manifestum
3193 3318 3277 3371 fit.
3328 3316 3615 3371 Fortassis

1966 3410 2140 3462 etiam
2178 3408 2284 3462 hoc
2314 3413 2572 3477 tempore
2605 3408 2851 3479 contigit
2882 3407 3147 3474 Origenis
3180 3406 3451 3476 discipuli
3485 3406 3614 3460 Cle-

1967 3496 2180 3551 mentis
2212 3496 2587 3551 Alexandrini
2638 3502 2693 3552 et
2736 3496 3032 3551 Ammonii
3080 3496 3342 3551 Romana
3371 3494 3481 3549 sub
3510 3494 3611 3549 Ze-

1966 3585 2212 3658 phyrino
2245 3587 2544 3658 profectio,
2577 3588 2746 3658 cujus
2795 3586 3192 3642 meminerunt
3241 3584 3527 3640 Eusebius
3558 3588 3614 3638 et

1965 3674 2344 3746 Nicephorus,
2389 3692 2640 3746 quorum
2684 3674 2778 3730 ille
2808 3674 2907 3730 lib.
2960 3692 3036 3743 v1,
3096 3691 3219 3746 cap.
3254 3674 3343 3739 42,
3373 3688 3611 3727 causam

1966 3763 2127 3818 illius
2157 3779 2287 3818 eam
2337 3765 2560 3828 scribit,
2607 3766 2761 3835 quod
2807 3765 2862 3818 in
2914 3763 3125 3836 optatis
3168 3762 3248 3817 illi
3279 3767 3433 3817 esset
3463 3760 3614 3816 anti-

1967 3852 2315 3924 quissimam
2346 3852 2507 3908 illam
2547 3853 2861 3909 Ecclesiam
2896 3853 3164 3908 invisere.
3200 3854 3321 3916 Quo
3350 3854 3615 3921 tempore

1967 3942 2140 3997 etiam
2190 3941 2287 3997 alii
2329 3942 2708 3998 ecclesiastici
2756 3943 3069 4014 scriptores
3116 3942 3186 3996 ab
3231 3939 3349 3995 illis
3381 3954 3617 3993 enume-

1966 4036 2191 4098 rantur,
2250 4031 2513 4103 Beryllus
2569 4032 2789 4086 Arabia:
2859 4036 3197 4100 Bostrenus,
3266 4027 3612 4100 Hippolytus

1959 4121 2124 4192 juxta
2157 4121 2442 4192 quosdam
2477 4120 2834 4187 Portuensis,
2856 4120 3173 4176 Alexander
3192 4118 3447 4191 primum
3472 4117 3615 4187 Cap-

1960 4210 2236 4282 padociae,
2290 4210 2502 4265 deinde
2553 4210 3089 4282 Hierosolymorum
3139 4209 3447 4281 episc0pus
3480 4205 3610 4276 qui-

1958 4300 2069 4355 bus
2122 4300 2419 4355 interserit
2464 4302 2525 4356 B.
2572 4300 2723 4355 Hier.
2766 4300 2940 4355 etiam
2990 4298 3307 4354 Minucium
3344 4295 3608 4363 Felicem,

1956 4389 2055 4461 qui
2091 4388 2531 4461 Apologeticum
2560 4389 2827 4445 Auctoris
2860 4406 2961 4462 per
2990 4389 3176 4444 multa
3204 4386 3469 4442 imitatus
3500 4388 3610 4442 est.

2486 4568 2637 4607 ANNO
2675 4566 2878 4607 DOMINI
2917 4567 3092 4607 CCXIV.

2023 4696 2113 4751 35.
2171 4699 2226 4750 S.
2282 4694 2594 4767 Zephyrini
2656 4695 2820 4767 Papae
2874 4693 3120 4751 Romani
3176 4710 3268 4763 xv,
3330 4693 3611 4750 Antonini

1951 4782 2163 4857 Imper.
2197 4802 2280 4853 III,
2317 4802 2441 4840 IMP.
2493 4802 2627 4841 (ΗΕΒ.
2670 4803 2731 4840 Μ.
2778 4802 2983 4842 AUREL.
3028 4801 3141 4840 DIVI
3182 4800 3377 4840 SEVERI
3416 4802 3467 4839 F.
3508 4801 3613 4839 ΑΝ·-

1953 4892 2162 4931 TONINO
2201 4892 2334 4931 AUG.
2380 4892 2605 4931 BRITAN.
2650 4892 2897 4932 GERMAN.
2934 4893 3007 4943 IV,
3050 4893 3116 4931 ΕΤ
3148 4892 3197 4930 Ρ.
3243 4890 3419 4930 CAELIO
3459 4892 3511 4930 P.
3552 4892 3607 4932 Ρ.

1958 4982 2199 5021 BALBINO
2230 4983 2290 5021 II.
2326 4982 2475 5035 coss,
2502 4966 2627 5037 ipse
2653 4966 2984 5022 Antoninus
3042 4971 3189 5037 Imp.
3224 4966 3359 5021 trib.
3394 4968 3606 5037 potest.

1958 5073 2068 5126 xvr,
2098 5056 2167 5111 de
2198 5056 2496 5111 Britannis
2526 5055 2933 5127 triumphavit.
2959 5060 3080 5123 Quo
3105 5072 3257 5112 anno
3287 5070 3604 5110 aTERTULL.

1963 5145 2247 5217 scriptum
2281 5145 2686 5200 existimamus
2739 5146 2912 5201 etiam
2962 5147 3241 5201 adversus
3290 5142 3606 5199 Ecclesiam

1960 5234 2175 5290 librum
2209 5252 2279 5289 nr:
2310 5252 2671 5291 MONOGAMIA.
2709 5235 2772 5291 In
2821 5253 2886 5291 eo
2936 5236 3099 5315 intra
3123 5240 3326 5291 caetera
3356 5235 3438 5288 sic
3469 5232 3606 5301 legi-

1963 5330 2104 5381 tur:
2172 5327 2304 5381 Cum
2352 5328 2531 5395 magis
2579 5342 2729 5381 nunc
2776 5329 2983 5398 tempus
3038 5329 3095 5380 in
3144 5327 3357 5379 collecto
3400 5324 3607 5392 factum

1962 5416 2051 5483 sit,
2085 5418 2249 5470 annis
2278 5418 2498 5470 circiter
2524 5417 2615 5469 cla:
2645 5417 2841 5470 exinde
2886 5416 3160 5487 productis
3194 5416 3237 5484 (I
3273 5414 3341 5467 de
3365 5416 3605 5481 MonOg.,

1965 5521 2013 5559 c.
2049 5505 2124 5577 3).
2166 5506 2319 5569 Quos
2368 5505 2464 5575 qui
2514 5522 2546 5561 a
2588 5505 2861 5561 Passione
2910 5504 3133 5559 Domini
3182 5501 3607 5570 computandos

1963 5593 2230 5663 voluerit,
2265 5598 2386 5650 tota
2423 5596 2514 5650 via
2565 5595 2872 5649 abberrare
2921 5610 2988 5649 ex
3043 5590 3443 5664 superioribus
3475 5589 3608 5662 plus

1964 5684 2107 5741 satis
2137 5683 2517 5740 manifestum
2547 5688 2658 5754 est,
2687 5682 2941 5751 etiamsi,
2966 5683 3133 5754 juxta
3157 5698 3465 5739 erroneum
3497 5681 3615 5738 cal:
