4060 6374
347 307 462 368 119

1649 299 2176 360 TERTULLIANI
2224 298 2432 358 Vl'l‘A.

3636 306 3757 365 120

347 437 550 493 culum
572 438 843 495 Auctoris
875 455 905 493 a
939 454 1112 510 passo
1140 435 1369 492 Christo
1402 450 1589 506 usque
1621 433 1692 490 ad
1724 434 1994 488 devasta-
2025 431 2080 499 Α
2111 449 2262 488 anno
2308 433 2593 504 scriptum
2652 449 2961 490 censemus
3023 451 3055 490 a
3114 437 3517 493 TERTULLIANO
3577 439 3756 497 etiam

346 525 567 582 tionem
602 527 1134 600 Hierosolymorum
1175 526 1311 580 anni
1360 526 1643 580 duntaxat
1687 527 1992 595 computa-

349 625 554 672 rentur
579 618 670 685 22,
704 635 849 689 quos
877 617 974 672 alii
1015 619 1365 673 enumerant
1391 616 1499 681 25;
1535 614 1673 686 quia
1704 629 1890 684 usque
1922 611 1991 667 ad

350 723 571 762 annum
622 711 970 778 praesentem
1010 724 1126 761 non
1177 705 1367 761 solum
1420 704 1540 774 160,
1574 704 1672 759 sed
1726 701 1993 775 producti

351 799 552 851 essent
579 796 700 850 188.
733 800 877 851 Sunt
905 795 1082 851 etiam
1117 795 1212 866 qui
1251 795 1320 849 ad
1343 793 1636 865 Apostolis
1668 791 1825 846 hunc
1846 807 1996 844 com-

351 889 559 956 putum
591 883 808 951 ineant,
842 901 907 940 eo
934 885 1086 955 quod
1137 883 1526 956 praeminatur
1559 898 1571 938 :
1602 885 1721 952 post
1777 881 1995 952 Aposto-

354 973 471 1035 los;
504 973 559 1027 in
592 989 707 1043 qua
736 973 1031 1029 sententia
1059 977 1116 1029 et
1158 991 1264 1029 nos
1296 973 1537 1037 fuimus,
1570 988 1703 1026 cum
1739 974 1996 1025 Annota-

348 1059 538 1116 tiones
570 1065 800 1118 nostras
831 1062 890 1117 in
921 1078 1053 1118 eum
1097 1062 1487 1118 scriberemus
1533 1060 1749 1116 locum.
1781 1059 1997 1114 Verum

353 1150 450 1207 SB.
483 1153 687 1206 Petrus
719 1154 777 1206 et
804 1151 1020 1207 Paulus
1064 1152 1320 1223 primum
1353 1150 1510 1222 passi
1543 1152 1680 1206 sunt
1705 1165 1857 1204 anno
1887 1151 2000 1201 Ne-

353 1238 512 1295 ronis
543 1239 774 1308 ultimo,
808 1240 904 1312 qui
954 1241 1012 1296 in
1064 1258 1284 1297 annum
1329 1240 1537 1296 incidit
1584 1238 1798 1295 Christi
1842 1237 1932 1308 69,
1969 1252 2003 1291 a

357 1345 472 1401 quo
499 1329 689 1386 adhuc
721 1347 836 1386 non
871 1331 982 1386 nisi
1015 1335 1432 1403 computantur
1479 1329 1616 1385 anni
1657 1329 1777 1396 146,
1831 1331 1888 1383 et
1941 1327 1998 1382 S.

355 1419 614 1475 Joannes
645 1418 1008 1491 Evangelista
1035 1421 1176 1475 vixit
1205 1421 1275 1475 ad
1293 1420 1606 1491 Trajanum
1633 1433 2001 1490 usque,mor-

357 1513 498 1565 tuus
529 1508 789 1580 primum
836 1526 989 1564 anno
1039 1509 1267 1565 circiter
1298 1510 1417 1580 100,
1451 1509 1606 1564 unde
1645 1525 1758 1563 non
1808 1507 2006 1579 plures

361 1602 504 1654 sunt
534 1598 673 1652 anni
703 1615 878 1669 quam
913 1599 1033 1654 114.
1060 1598 1305 1671 Propius
1339 1596 1742 1668 acceduntqui
1765 1596 1838 1652 ab
1867 1605 2007 1667 Apo-

361 1685 493 1742 stoli
547 1686 707 1743 Pauli
756 1691 922 1744 aetate
969 1692 1313 1760 computant
1365 1705 1549 1743 annos
1605 1685 1736 1741 illos
1793 1686 2009 1740 circiter

359 1775 462 1830 80
483 1774 594 1843 clx,
619 1793 871 1848 quorum
903 1779 1306 1833 sententcntire
1327 1776 1659 1833 accedimus
1689 1793 1700 1831 :
1735 1775 1836 1831 sed
1869 1774 2007 1845 quia

358 1864 456 1921 ille
489 1867 748 1938 primum
781 1867 1058 1939 martyrio
1097 1867 1338 1923 ati'ectus
1387 1866 1498 1922 fuit
1549 1882 1681 1922 cum
1731 1863 2005 1936 Apostolo

358 1959 530 2012 Petro
561 1955 668 2028 (uti
690 1957 818 2028 jam
849 1956 1073 2012 dictum
1123 1957 1254 2028 est),
1304 1973 1612 2012 censemus
1660 1956 1730 2011 ab
1763 1971 1829 2010 eo
1860 1959 2006 2009 tem-

359 2061 500 2117 pore
530 2046 923 2102 numerandos
954 2063 1069 2118 quo
1119 2045 1439 2116 Epistolam
1489 2044 1725 2116 scripsit
1757 2043 2007 2116 priorem

361 2135 434 2190 ad
467 2133 820 2205 Corinthios,
855 2136 927 2192 ab
959 2152 1113 2191 anno
1146 2151 1356 2208 nempe
1384 2134 1613 2191 Domini
1659 2134 1890 2190 circiter
1918 2133 2007 2187 54.

362 2223 661 2295 Imprimis
696 2224 853 2280 enim
887 2225 1166 2296 scriptam
1214 2225 1536 2296 Epistolam
1578 2229 1885 2296 utramque
1938 2222 2008 2278 ad

362 2311 715 2379 Corinthios,
744 2318 1058 2386 postquam
1091 2315 1162 2370 ab
1194 2313 1321 2386 ipso
1349 2315 1420 2370 ad
1454 2314 1626 2370 [idem
1658 2317 1854 2370 essent
1876 2329 2012 2368 con-

363 2401 540 2472 versi,
582 2418 650 2458 ex
698 2402 920 2458 eisdem
968 2403 1033 2458 ﬁt
1081 2403 1503 2472 manifestum;
1537 2421 1664 2475 quze
1715 2401 2012 2458 conversio

366 2489 685 2562 contigisse
740 2494 981 2562 putatur
1027 2508 1180 2547 anno
1210 2492 1441 2547 Domini
1471 2493 1560 2562 51,
1589 2509 1719 2547 cum
1747 2491 1824 2547 ibi
1849 2490 2018 2546 haesit

367 2578 440 2634 ad
472 2595 693 2633 annum
725 2584 782 2634 et
812 2595 1040 2636 menses
1071 2597 1189 2636 sex.
1221 2580 1439 2636 Deinde
1471 2581 1518 2636 si
1552 2581 1763 2653 Ephesi
1798 2580 2019 2652 scripta

370 2665 448 2722 sit
480 2665 676 2738 (sicuti
707 2666 947 2738 quidam
979 2672 1035 2724 et
1066 2668 1278 2725 rectius
1301 2669 1708 2725 habentGraaci
1744 2669 2020 2736 codices),

368 2770 439 2810 ex
467 2754 734 2811 historiis
763 2757 1250 2829 peregrinationis
1296 2758 1460 2813 Pauli
1501 2759 1642 2814 satis
1675 2762 1834 2830 patet
1863 2758 2017 2812 dicto

369 2861 542 2914 anno,
577 2845 674 2916 qui
706 2845 912 2901 incidit
941 2847 999 2901 in
1039 2846 1454 2904 duodecimum
1495 2848 1718 2903 Claudii
1762 2852 2017 2918 Impera-

368 2933 534 3006 toris,
573 2935 786 3008 Ephesi
836 2935 1001 2991 illum
1053 2936 1393 3006 habitasse;
1446 2939 1564 2993 sive
1612 2955 1679 2993 cx
1736 2935 2019 3008 Philippis

369 3023 543 3096 (quod
578 3023 776 3095 plures
808 3042 924 3097 prae
964 3042 1025 3080 se
1062 3026 1253 3082 ferunt
1295 3031 1351 3082 et
1394 3025 1580 3082 Latini
1611 3032 1669 3081 et
1715 3025 1892 3082 Graeci
1924 3043 2018 3081 co-

369 3113 576 3186 dices),
609 3118 762 3170 certe
807 3131 958 3170 anno
1003 3116 1096 3170 55.
1136 3115 1241 3172 Per
1290 3116 1586 3189 Philippos
1629 3115 1741 3172 iter
1792 3116 2017 3186 fecisse,

2105 523 2384 578 adversus
2423 522 2737 579 Ecclesiam
2796 523 3011 580 librum
3071 543 3140 580 os
3176 543 3421 583 JEJUNIIS
3460 545 3757 586 Auvsasus

2106 629 2397 669 rsvcmcos
2461 612 2521 685 (l.
2563 614 2627 669 de
2672 616 2883 685 Jejun.,
2935 631 2981 670 c.
3039 617 3106 684 1;
3162 617 3324 684 Ibid.,
3357 634 3408 672 c.
3462 619 3561 686 13;
3593 619 3756 686 lbid.,

2107 719 2155 757 c.
2196 704 2297 774 16).
2334 704 2412 757 Ex
2451 719 2566 773 quo
2602 703 2892 776 imprimis
2933 705 2996 758 fit
3025 705 3362 776 verisimile,
3397 723 3524 761 cum
3567 709 3757 763 Proclo

2105 792 2464 863 reliquisque
2487 793 2854 849 Montanistis
2877 799 3008 866 post
3031 795 3244 850 dictam
3272 795 3754 868 disputationem,

2105 881 2282 936 etiam
2313 881 2730 938 Tertullianum
2773 899 2806 937 a
2851 883 3006 956 Papa
3049 884 3372 956 Zephyrino
3421 902 3757 943 excommu~

2107 971 2368 1026 nicatum
2398 971 2597 1042 fuisse,
2630 989 2698 1028 ex
2727 972 2918 1028 verbis
2966 973 3206 1044 inquam
3242 973 3356 1029 illis
3391 991 3403 1029 :
3440 979 3580 1030 Dum
3618 993 3757 1046 quu-

2109 1078 2217 1133 qua-
2246 1079 2316 1117 ex
2339 1069 2508 1133 parte
2541 1062 2831 1117 anathema
2861 1061 3175 1134 audiamus,
3208 1066 3306 1134 qui
3333 1064 3501 1119 aliter
3536 1081 3758 1120 annun-

2108 1153 2335 1207 tiamus.
2395 1151 2615 1207 Deinde
2671 1151 2829 1206 varia
2893 1156 3015 1207 tum
3072 1153 3252 1208 fuisse
3311 1153 3602 1209 celebrata
3658 1171 3764 1225 per

2111 1241 2360 1297 Gracias
2418 1241 2684 1311 concilia,
2736 1241 2817 1296 ita
2865 1245 3156 1299 testatur:
3196 1243 3448 1313 Aguntur
3497 1252 3762 1316 praeterea

2111 1348 2207 1404 per
2237 1331 2476 1388 Graecia:
2510 1329 2644 1386 illas
2671 1333 2835 1387 certis
2885 1333 2940 1386 in
2995 1332 3126 1387 locis
3173 1334 3411 1389 concilia
3441 1349 3511 1389 ex
3541 1335 3764 1389 univer-

2111 1425 2188 1477 sis
2220 1422 2504 1489 Ecclesiis,
2529 1438 2632 1492 per
2661 1435 2783 1491 quae
2811 1425 2860 1476 et
2899 1422 3109 1477 altiora
3139 1439 3365 1494 qumque
3394 1425 3452 1478 in
3481 1438 3768 1480 commune

2114 1515 2454 1576 tractantur,
2521 1513 2571 1565 et
2647 1512 2765 1582 ipsa
2819 1514 3232 1582 repra'sentatio
3297 1514 3465 1568 totius
3524 1513 3768 1568 nominis

2117 1599 2422 1656 Christiani
2449 1616 2654 1671 magna
2700 1602 3050 1656 veneratione
3094 1601 3420 1658 celebratur.
3456 1601 3767 1657 Conventus

2114 1699 2296 1746 autem
2324 1691 2412 1745 itti
2439 1690 2773 1746 stationibus
2795 1691 2951 1762 prius
2979 1695 3033 1746 et
3061 1693 3493 1762 jejunationibus
3520 1692 3764 1763 operati.

2116 1780 2248 1842 Quae
2282 1779 2530 1834 maxime
2579 1783 2782 1835 contra
2831 1780 3216 1836 Montanistas
3264 1781 3625 1852 convenisse,
3675 1779 3764 1836 vel

2115 1869 2250 1924 inde
2284 1869 2427 1924 mihi
2460 1867 2729 1941 colligere
2761 1868 2978 1936 videor,
3013 1871 3169 1941 quod
3217 1869 3390 1925 etiam
3426 1870 3481 1924 in
3537 1869 3764 1941 episco-

2119 1978 2222 2032 pos
2252 1960 2534 2031 quosdam
2560 1975 2627 2013 ca
2646 1958 2882 2014 haeresis
2904 1959 3165 2015 canceris
3189 1959 3246 2014 in
3281 1974 3500 2015 morem
3534 1974 3770 2031 serpere

2119 2049 2364 2120 cmpisse
2421 2049 2707 2114 videatur,
2755 2065 2822 2104 ex
2878 2048 2972 2104 his
3031 2049 3299 2104 Auctoris
3348 2047 3440 2104 81
3504 2047 3696 2104 verbis
3753 2065 3766 2101 :

2118 2142 2241 2195 Haec.
2267 2147 2427 2194 erunt
2471 2139 2746 2209 exempla,
2793 2147 2845 2194 et
2900 2139 3118 2210 populo,
3169 2142 3221 2195 et
3275 2139 3542 2211 episcopis
3599 2140 3776 2193 etiam

2121 2229 2503 2302 spiritalibus;
2535 2245 2669 2283 nam
2699 2227 2991 2300 spiritales
3037 2227 3295 2284 Montani
3343 2226 3596 2284 asseclas
3627 2227 3774 2297 Psy-

2123 2319 2304 2375 chicis
2337 2318 2439 2390 (ita
2466 2316 2791 2373 Catholicos
2825 2316 3187 2374 calumniose
3223 2316 3499 2389 appellat.)
3529 2315 3778 2388 opponit

2127 2409 2308 2480 (ibid.,
2342 2424 2389 2462 ο.
2431 2408 2537 2475 i5),
2572 2407 2708 2462 Prro
2741 2408 2788 2462 si
2822 2424 2956 2462 vera
3004 2406 3080 2463 sit
3129 2405 3298 2462 lectio
3346 2407 3502 2479 apud
3534 2406 3778 2461 beatum

2124 2499 2542 2569 Hieronymum
2599 2495 2854 2568 Epistola
2906 2494 3393 2568 quinquagesima
3448 2498 3654 2565 quarta
3702 2493 3780 2548 ad

2126 2586 2454 2643 Marcellam
2507 2588 2576 2642 de
2624 2585 3016 2653 Montanistis,
3049 2586 3203 2657 quod
3239 2583 3322 2639 illi
3374 2590 3492 2640 tres
3530 2583 3588 2638 in
3621 2599 3780 2638 anno

2127 2675 2618 2748 Quadragesimas
2668 2675 2941 2745 facerent,
2993 2674 3163 2746 quasi
3210 2678 3326 2730 tres
3375 2673 3528 2746 passi
3578 2676 3785 2728 essent

2125 2766 2450 2822 Salvatores
2485 2781 2497 2819 :
2533 2763 2734 2836 incipit
2766 2765 2837 2820 ab
2873 2763 2987 2819 illis
3017 2763 3286 2819 nonnihil
3319 2761 3630 2818 dissentire
3664 2763 3780 2816 Au-

2129 2861 2254 2912 ctor
2300 2856 2356 2910 in
2408 2856 2656 2909 duarum
2709 2855 2991 2908 duntaxat
3039 2852 3461 2918 observatione,
3502 2853 3676 2907 sicuti
3707 2866 3780 2906 ex

2128 2946 2223 3002 his
2261 2945 2473 3013 verbis,
2523 2944 2697 3000 etiam
2731 2945 2900 3015 juxta
2931 2960 3040 2998 ms.
3094 2943 3222 2998 cod.
3267 2941 3643 2998 manifestum
3680 2938 3778 2995 ﬁt-

2128 3038 2295 3102 Duas,
2329 3035 2549 3105 inquis,
2603 3035 2659 3088 in
2712 3049 2856 3088 anno
2887 3031 3248 3088 hebdomadas
3286 3032 3781 3102 Xerophagiarum,

2132 3143 2231 3180 nec
2259 3127 2424 3191 totas,
2458 3123 2694 3190 exceptis
2727 3123 2979 3178 Sabbatis
3024 3125 3075 3178 et
3132 3122 3459 3192 Dominicis,
3500 3121 3788 3192 offerimus

371 3184 684 3275 P05“in
715 3203 944 3277 Epheso
974 3205 1341 3274 discesserat,
1377 3184 1500 3261 SU—b—
1525 3206 1733 3260 Γθεῐυω
1764 3184 2020 3273 Pascha;
2053 3184 2096 3250 Ο
2133 3217 2259 3284 Deo,
2293 3184 2622 3270 abstinentes
2651 3213 2718 3268 ab
2748 3215 2839 3279 iis,
2870 3227 2993 3285 qum
3020 3229 3126 3267 non
3167 3184 3472 3284 rejicimus,
3503 3184 3594 3266 sed
3620 3208 3786 3279 diffe-

373 3295 669 3350 testantur
698 3299 842 3350 Acta
890 3293 1299 3366 Apostolorum
1350 3297 1542 3368 capite
1586 3297 1889 3369 vigesimo.
1957 3298 2024 3348 Et

376 3399 511 3438 vero
541 3383 625 3440 sic
655 3382 901 3455 intelligi
934 3384 1145 3440 debere
1174 3386 1510 3454 Auctorem,
1550 3385 1638 3441 vel
1678 3403 1748 3441 ex
1793 3384 1910 3440 illis
1937 3384 2025 3438 di-

381 3471 491 3527 ctis
521 3471 715 3527 verbis
746 3471 1042 3544 colligitur
1087 3489 1214 3545 quis
1262 3473 1481 3545 legerat
1533 3474 1650 3529 fere
1694 3475 1714 3528 Ι
1765 3475 1890 3528 Cor.
1923 3487 2025 3542 vn,

377 3561 451 3615 29
481 3576 495 3616 :
533 3562 676 3617 Cum
707 3577 856 3617 nunc
885 3565 1092 3633 tempus
1141 3565 1200 3617 in
1237 3563 1460 3618 cotlecto
1487 3565 1698 3634 factum
1726 3564 1818 3617 sit.
1853 3560 2027 3632 Atqui

376 3649 437 3706 in
486 3650 646 3706 hunc
696 3667 919 3706 annum
971 3651 1078 3706 hoc
1128 3652 1406 3723 incidere,
1456 3670 1570 3708 non
1618 3652 1678 3707 in
1725 3653 1792 3706 15
1836 3650 2026 3706 Severi

377 3739 487 3813 (uti
513 3741 755 3812 quidam
777 3740 955 3796 etiam
976 3741 1084 3796 viri
1105 3741 1316 3797 eruditi
1342 3743 1736 3812 conjecturam
1763 3740 2024 3810 faciunt),

373 3844 442 3884 ex
470 3845 538 3884 eo
567 3828 944 3901 perspicuum
977 3833 1084 3898 est,
1111 3831 1263 3902 quod
1295 3830 1390 3887 ille
1421 3830 1575 3886 idem
1603 3831 1678 3886 sit
1707 3848 1839 3886 cum
1873 3846 2027 3886 anno

370 3918 602 3976 Domini
633 3936 803 3988 ccvn,
832 3919 904 3975 ad
955 3936 1128 3992 quem
1175 3921 1420 3993 proinde
1469 3921 1540 3978 ad
1572 3938 1637 3978 eo
1678 3938 1853 3991 quem
1882 3921 2026 3976 dixi-

374 4025 532 4079 mus,
567 4026 682 4064 non
715 4009 833 4066 nisi
865 4008 1004 4066 anni
1036 4011 1139 4064 155
1169 4011 1585 4083 conﬁciuntur,
1634 4029 1737 4068 nec
1781 4011 2029 4067 ulterius

377 4097 608 4154 extendi
640 4103 911 4169 possunt,
947 4099 1102 4170 quod
1153 4117 1308 4156 anno
1355 4101 1612 4171 primum
1660 4101 1722 4154 5i
1760 4101 1892 4155 fidei
1935 4117 2031 4155 ca-

377 4186 608 4242 tholicm
670 4186 885 4242 initiati
939 4188 1155 4244 fuerint
1213 4190 1728 4254 Corinthii,Porro
1790 4190 1899 4244 fuit
1937 4189 2032 4244 hic

383 4293 573 4333 annus
606 4275 947 4333 nobilitatus
977 4277 1285 4334 consulatu
1331 4279 1506 4333 trium
1549 4278 1910 4350 imperatorii
1940 4295 2030 4334 or-

381 4365 536 4423 dinis
565 4367 823 4423 virorum
855 4385 868 4436 ;
922 4384 1054 4443 nam
1107 4372 1315 4440 prater
1361 4369 1720 4424 Antoninum
1755 4373 1811 4424 et
1845 4368 2033 4424 Balbi-

379 4473 544 4525 num,
577 4456 677 4529 qui
710 4461 958 4530 quartus
989 4458 1060 4514 ab
1087 4457 1188 4513 illo
1231 4457 1539 4529 imperavit
1586 4475 1719 4514 cum
1753 4457 2032 4530 Pupieno,

2134 3306 2326 3360 rimus.
2374 3303 2589 3360 Verum
2653 3305 2722 3360 de
2787 3302 2895 3359 hoc
2943 3301 3122 3358 latius
3170 3301 3229 3356 in
3287 3297 3791 3356 Adnotationibus

2137 3393 2374 3450 nostris.

2651 3546 2722 3584 ΑΝ
2730 3544 2804 3584 NO
2841 3545 3046 3584 DOMINI
3085 3543 3268 3583 CCXVI.

2207 3694 2295 3749 35.
2326 3690 2522 3748 Sancti
2554 3690 2844 3763 Zephirini
2887 3690 3132 3747 Romani
3167 3687 3459 3745 Pontiﬁcis
3489 3702 3624 3753 xvn,
3660 3688 3787 3738 An-

2135 3781 2325 3838 tonini
2355 3786 2564 3853 Imper.
2594 3797 2650 3850 v,
2690 3795 2889 3836 AMILIO
2926 3795 3079 3835 mo
3109 3779 3306 3850 (quem
3347 3776 3520 3849 paulo
3552 3778 3682 3847 post
3715 3773 3792 3829 ab

2137 3871 2432 3927 Antonino
2461 3871 2826 3925 interfectum
2859 3869 3064 3924 scribit
3090 3866 3460 3940 Spartianus)
3493 3883 3556 3921 ετ
3593 3880 3791 3918 ANICIO

2138 3977 2368 4017 cunam
2407 3975 2564 4015 coss.
2607 3976 2671 4015 eo
2719 3959 2846 4030 ipso
2900 3975 3015 4030 quo
3062 3956 3396 4013 Antoninus
3443 3955 3502 4010 in
3551 3952 3787 4025 expedi-

2138 4050 2295 4107 tione
2329 4048 2687 4106 -Germanica
2726 4049 2894 4119 (teste
2941 4045 3270 4120 Spartiano)
3315 4047 3489 4117 juxta
3535 4041 3794 4098 Rhmtias

2142 4139 2360 4194 multos
2385 4139 2665 4194 barbaros
2695 4136 3007 4201 interiecit,
3058 4135 3193 4190 inde
3227 4133 3601 4206 potissimum
3643 4147 3788 4186 esa-

2142 4244 2394 4284 MANICUS
2434 4225 2788 4299 appellatus,
2822 4228 3063 4296 putatur
3111 4222 3420 4295 scripsisse
3446 4236 3792 4276 TERTULLIA-

2144 4335 2255 4374 nus
2284 4316 2502 4373 librum
2535 4333 2609 4371 nl:
2661 4332 2945 4372 rumcrru
2983 4313 3107 4386 (lib.
3149 4313 3214 4368 de
3260 4312 3522 4379 Pudicit.,
3555 4327 3605 4365 ο.
3635 4311 3692 4378 7,
3735 4313 3796 4365 ct

2144 4423 2272 4478 cap.
2309 4408 2410 4476 10).
2447 4408 2508 4461 In
2541 4422 2655 4477 quo
2688 4404 3037 4460 sententiam
3071 4401 3255 4459 sancti
3287 4401 3520 4458 Damasi
3553 4399 3611 4453 in
3639 4398 3793 4453 Pon-

2143 4496 2343 4552 tilicali
2377 4497 2446 4551 de
2478 4496 2636 4551 vasis
2683 4493 2880 4550 vitreis
2923 4495 2996 4549 ad
3045 4491 3400 4548 sacriﬁcium
3444 4487 3728 4545 ordinatis
3761 4504 3796 4543 a

380 4547 898 4656 esserect“
956 4547 1067 4648 “1i?
1095 4546 1437 4656 εέξιξδξιευρ-
1471 4548 1783 4656 μετξίίεηκο
1824 4565 2030 4656 mre:-
2065 4563 2110 4627 υ
2142 4546 2344 4641 ...ι-ες...
2381 4546 3134 4656 sessilis;"asins;
3181 4581 3302 4636 ι...
3347 4578 3506 4635 ειη...
3553 4580 3728 4632 ...ιη
3777 4594 3790 4632 ε

381 4652 448 4693 Μ.
479 4653 532 4691 1r.
561 4654 910 4706 consumas,
965 4637 1065 4709 qui
1113 4643 1317 4710 postea
1365 4639 1638 4709 Imperat.
1691 4637 1812 4693 Caes
1882 4639 2029 4708 Aug.

381 4725 729 4797 appellatus,
781 4743 814 4782 a
850 4726 1094 4782 Balbino
1145 4727 1489 4783 interfectus
1538 4727 1666 4794 fuit,
1701 4725 1873 4781 sicuti
1907 4743 2033 4781 rur-

383 4830 518 4870 sum
549 4831 618 4870 ex
660 4814 900 4871 Kalend.
943 4815 1108 4872 Maiis
1132 4817 1194 4873 P.
1241 4815 1478 4872 Helvius
1527 4819 1591 4870 D.
1638 4815 1940 4871 Pertinoeis
1970 4816 2031 4871 F.

383 4903 448 4959 P.
482 4903 552 4961 N.
585 4904 857 4962 Pertinax
887 4905 1061 4978 paulo
1094 4910 1226 4978 post
1255 4905 1482 4962 occisus
1513 4905 1584 4961 ab
1611 4905 1923 4961 Antonino.

911 5084 943 5122 Α
953 5085 1066 5124 NNO
1106 5083 1313 5124 DOMINI
1351 5085 1507 5126 CCXV.

454 5210 545 5266 54.
578 5215 633 5266 Β.
665 5208 962 5281 Zephirini
993 5211 1240 5268 Romani
1271 5212 1568 5267 Pontificis
1610 5229 1724 5280 xvx,
1759 5210 2033 5268 Antonini

384 5299 596 5372 Imper.
632 5317 708 5368 IV,
742 5316 888 5355 SILIO
919 5317 1175 5356 MESSALA
1206 5318 1272 5356 ET
1301 5317 1354 5364 Ο.
1385 5317 1616 5364 AQUILIO
1655 5317 1855 5356 SABINO
1887 5317 2030 5356 COSS.

385 5389 709 5460 Imperator
730 5405 799 5444 ex
827 5388 1192 5459 expeditione
1213 5388 1452 5459 Gallica,
1487 5391 1657 5461 cujus
1689 5389 2035 5462 Spartianus

392 5477 681 5545 meminit,
713 5478 955 5533 Romam
987 5492 1277 5544 reversus,
1311 5494 1345 5532 a
1373 5477 1550 5534 vestis
1580 5477 1784 5534 talaris
1826 5494 2037 5550 genere

392 5563 529 5619 inde
560 5565 768 5630 allatae,
799 5581 974 5636 quam
1026 5563 1182 5636 plebi
1239 5565 1558 5636 distribuit,
1610 5573 1675 5624 ut
1722 5583 1788 5624 eo
1825 5566 2036 5622 vestitu

394 5667 524 5709 sese
554 5651 854 5722 salutaret,
887 5652 1182 5712 Caraealla
1227 5660 1601 5730 nuncupatus
1629 5661 1740 5716 est.
1771 5656 1889 5714 Hoc
1918 5656 2036 5715 fere

2146 4675 2245 4730 Cui
2291 4675 2386 4729 itte
2422 4675 2472 4728 si
2515 4675 2655 4745 forte
2690 4672 3136 4744 patrocinabitur
3178 4679 3384 4742 pastor,
3423 4684 3581 4739 quem
3610 4668 3669 4722 in
3699 4682 3794 4721 ca-

2145 4765 2247 4819 tice
2275 4763 2558 4834 depingis;
2612 4761 2865 4817 maxime
2913 4761 3068 4833 quod
3112 4758 3379 4830 sequitur
3412 4776 3424 4814 :
3456 4759 3521 4814 At
3550 4772 3644 4828 ego
3675 4755 3794 4827 ejus

2140 4856 2378 4926 pastoris
2425 4855 2760 4924 scripturam
2817 4851 3016 4906 haurio
3063 4851 3162 4921 qui
3189 4850 3386 4921 frangi
3429 4864 3540 4902 non
3585 4849 3795 4918 potest;

2144 4943 2331 5014 frangi
2362 4942 2518 4996 enim
2551 4939 2827 4996 facillime
2858 4943 3108 5012 possunt
3141 4937 3351 4994 calices
3383 4934 3547 4991 vitrei
3579 4959 3593 5002 ;
3643 4949 3794 5005 quos

2142 5032 2317 5088 etiam
2369 5029 2605 5103 depingi
2648 5035 2774 5085 tum
2822 5028 3029 5085 solitos
3075 5044 3225 5091 esse,
3269 5025 3406 5081 hinc
3444 5025 3510 5079 ﬁt
3540 5023 3796 5079 manife-

2145 5129 2325 5178 stum.
2360 5121 2462 5176 Hic
2516 5119 2694 5175 etiam
2727 5119 2784 5174 in
2836 5119 2944 5174 hoc
2994 5135 3028 5173 a
3072 5114 3444 5174 Montanistis
3493 5113 3792 5179 dissentit,

2145 5211 2302 5282 quod
2371 5227 2527 5277 cum,
2579 5213 2728 5264 teste
2775 5213 2838 5264 B.
2892 5208 3128 5263 Hieron.
3181 5205 3360 5276 Epist.
3413 5203 3790 5275 supracitata,

2142 5304 2453 5356 Montanus
2484 5298 2766 5355 sensisset
2814 5315 2928 5353 non
2963 5312 3132 5368 posse
3182 5294 3443 5350 renovari
3478 5309 3580 5364 per
3608 5289 3794 5363 poeni-

2144 5389 2388 5445 tentiam
2421 5389 2639 5460 lapsos,
2673 5393 2848 5457 atque
2888 5387 3031 5442 adeo
3088 5384 3256 5439 illum
3306 5399 3438 5438 cum
3471 5381 3795 5437 Novatiano

2145 5480 2498 5551 conjungat;
2533 5482 2734 5533 auctor
2785 5477 3072 5531 duntaxat
3102 5472 3346 5530 mmchis
3375 5479 3432 5529 et
3479 5471 3794 5527 fornicato-

2145 5569 2310 5626 ribus
2340 5567 2466 5640 (etsi
2496 5582 2822 5639 perperam,
2841 5569 2898 5621 et
2927 5570 3309 5636 contraquam
3339 5567 3512 5619 antea
3541 5560 3797 5632 scripse-

2145 5663 2236 5714 rat
2264 5657 2410 5714 libro
2453 5655 2517 5712 de
2564 5654 2786 5728 Pwnit.)
2813 5668 3017 5727 pacem
3064 5651 3333 5711 Ecclesiae
3376 5654 3568 5724 neget,
3598 5664 3794 5723 oppu-
