4060 6348
199 327 298 386 121
1511 319 2045 383 TERTULLIANI
2090 320 2295 379 Vl'l‘A.

3499 326 3614 384 122

199 474 380 532 gneus
427 471 497 511 ex
544 455 859 528 preposito
908 455 1050 511 illud
1099 454 1389 527 Zephirini
1438 456 1633 527 (quem
1670 453 1857 511 Ponti-
1890 453 1943 520 Α
1974 453 2030 508 S.
2063 453 2371 526 Zephyrini
2405 454 2567 525 Papa:
2600 454 2844 510 Romani
2868 472 2962 510 x1x
2982 455 3258 511 Antonini
3280 456 3612 527 vu,utrius-

204 548 363 602 licem
391 544 722 600 Maximum
759 545 935 599 etiam
963 546 1085 615 jam
1118 544 1423 600 haereticus
1449 549 1503 599 et
1536 547 1856 616 Episcthum

202 640 573 707 episcoporum
626 633 907 707 appellat)
945 650 957 690 :
992 637 1109 703 Ego
1157 643 1208 689 et
1253 634 1499 691 masc/tice
1527 642 1575 689 et
1606 636 1854 703 fornica-

201 726 369 779 tionis
410 724 611 779 delicta
643 724 967 793 ptenitentia
1004 724 1207 793 functis
1249 722 1465 777 dimitto
1496 722 1617 788 (lib.
1650 722 1721 776 tle
1751 726 1853 775 Pu-

204 814 334 881 dic.,
365 831 413 868 c.
466 815 538 885 1).
586 816 775 883 Atque
807 812 915 867 hoc
942 816 1049 879 est,
1099 828 1227 867 mea
1257 812 1493 883 quidem
1544 810 1853 876 sententia,

204 904 360 975 quod
409 904 482 959 de
531 901 632 957 illo
685 901 891 957 scribit
941 902 1001 957 B.
1054 906 1299 973 August.
1352 901 1454 957 lib.
1505 901 1574 956 de
1617 901 1858 967 IIasrcs.,

204 992 581 1065 postmodum
609 992 714 1046 abs
769 990 1233 1064 Cataphrygibus
1283 990 1535 1046 divisum
1587 1007 1694 1045 sua
1727 1006 1857 1044 con-

203 1082 499 1138 venticula
527 1098 905 1155 propagasse,
935 1082 1203 1137 fortassis
1229 1082 1382 1154 quod
1410 1081 1532 1151 jam
1568 1077 1856 1135 defunctis

202 1172 321 1227 illis
356 1172 457 1245 qui
506 1170 641 1225 κατᾶ
688 1173 943 1227 Proetum
992 1172 1189 1243 (cujus
1227 1172 1351 1243 ipse
1399 1171 1670 1243 sectator)
1703 1169 1854 1225 dice-

202 1262 441 1329 bantur,
476 1262 808 1316 obtinerent
838 1260 1093 1333 palmam
1128 1260 1209 1315 illi
1242 1261 1339 1332 qui
1381 1261 1702 1316 secundum
1736 1263 1855 1313 Ais-

198 1350 461 1406 chinem.
512 1350 721 1422 Utpote
773 1355 975 1405 contra
1022 1367 1170 1421 quos
1217 1350 1391 1405 tacite
1438 1348 1738 1421 scripserit
1788 1348 1854 1402 li-

200 1440 377 1495 brum
436 1440 717 1495 adversus
774 1439 1048 1495 Praxeam
1107 1440 1176 1495 de
1225 1440 1390 1495 Patre
1439 1446 1495 1494 et
1544 1439 1684 1494 Filio
1740 1455 1855 1492 non

198 1529 452 1584 eisdem.
506 1528 865 1584 Dissensisse
910 1530 1087 1585 etiam
1120 1528 1283 1583 illum
1336 1528 1747 1583 annotavimus
1788 1527 1858 1581 de

200 1619 437 1673 duabus
471 1618 755 1673 duntaxat
801 1618 1297 1691 Quadragesimis.
1332 1620 1518 1683 Quare
1550 1616 1855 1684 falluntur,

201 1708 303 1779 qui
335 1724 405 1762 ex
436 1723 503 1762 eo
536 1706 659 1762 loco
706 1707 988 1777 colligunt
1017 1725 1148 1762 eum
1182 1708 1253 1762 ad
1288 1706 1633 1763 catholicam
1665 1705 1856 1761 Eccle-

1966 560 2077 614 que
2112 543 2339 610 ultimo,
2372 562 2593 600 ΒαυτΤο
2642 563 2947 600 excussura
2977 564 3043 599 ετ
3074 563 3277 601 MESSIO
3309 564 3611 601 sxrmcno

1965 650 2119 688 coss.
2149 652 2253 689 nos
2278 634 2450 688 etiam
2477 634 2732 690 historiis
2757 642 2966 691 nostra:
2987 636 3413 691 Tertullianica:
3440 638 3613 691 {idem

1966 721 2346 795 imponimus.
2390 724 2512 778 Non
2565 726 2715 796 quod
2752 730 2905 780 certo
2950 724 3197 779 velimus
3229 743 3489 781 asserere
3523 743 3616 796 po-

1967 817 2091 868 stea
2125 831 2236 868 non
2268 814 2661 885 supervixisse
2690 832 3150 883 TERTULLIANUM,
3182 832 3355 886 quem
3390 815 3615 869 Trithe-

1968 902 2102 957 nius
2134 902 2337 958 scribit
2363 903 2569 958 vixisse
2602 921 2788 974 usque
2839 905 2907 958 ad
2944 910 3237 959 senectam
3272 910 3328 959 et
3358 903 3611 971 senium,

1966 994 2065 1048 sed
2102 994 2249 1062 quod
2286 992 2489 1048 saltem
2528 1011 2561 1048 a
2610 994 2919 1048 scribendo
2960 993 3264 1048 destiterit.
3314 993 3611 1049 Sentieba-

1966 1099 2100 1138 mus
2128 1082 2463 1154 aliquando,
2497 1099 2630 1138 cum
2666 1082 2722 1137 in
2755 1082 2918 1137 illum
2954 1083 3357 1138 adnotationes
3390 1082 3610 1138 scribe-

1966 1191 2185 1235 remus.
2218 1171 2318 1228 lib.
2352 1174 2420 1228 de
2447 1173 2705 1242 Jefuniis,
2738 1172 2846 1228 sub
2876 1174 2929 1226 S.
2957 1172 3174 1227 Calixto
3206 1189 3355 1244 papa
3385 1173 3609 1227 editum

1967 1265 2168 1331 fuisse,
2204 1263 2355 1334 quod
2402 1263 2741 1332 thuniorum
2792 1262 3124 1316 meminerit
3169 1264 3307 1316 citra
3336 1261 3465 1315 illo:
3495 1262 3613 1316 dies

1966 1355 2164 1427 quibus
2219 1354 2438 1408 ablatus
2486 1360 2563 1407 est
2608 1368 2837 1422 sponsus
2886 1350 3005 1421 (lib.
3055 1350 3120 1405 de
3164 1352 3371 1421 Jejun.,
3421 1368 3471 1406 c.
3524 1352 3610 1420 13,

1968 1461 2024 1499 n.
2058 1446 2170 1510 78;
2220 1442 2378 1511 ibid.,
2412 1459 2461 1497 c.
2515 1442 2589 1508 4),
2642 1440 2695 1495 id
2731 1444 2819 1495 est
2868 1444 3029 1495 extra
3079 1440 3612 1511 quadragesimam,

1967 1543 2366 1599 existimantes
2398 1540 2579 1595 alludi
2614 1540 2683 1594 ad
2701 1539 2929 1609 jejunia
2953 1538 3020 1593 IV
3047 1539 3397 1608 Temporum
3424 1539 3495 1592 ab
3519 1538 3615 1594 illo

1968 1632 2258 1687 instituta.
2292 1631 2403 1685 Sed
2439 1630 2535 1683 ubi
2589 1628 2819 1699 penitus
2869 1629 3253 1699 inspeximus,
3305 1630 3496 1699 potest
3526 1644 3613 1682 re-

1970 1722 2105 1777 ferri
2141 1725 2241 1775 aut
2270 1720 2339 1774 ad
2368 1719 2423 1772 id
2459 1720 2612 1789 quod
2664 1718 2933 1788 sequitur
2961 1733 2973 1772 :
3007 1719 3070 1772 Et
3116 1720 3421 1772 stationum
3450 1717 3614 1771 semi-

203 1795 354 1895 ‘Siam
406 1796 676 1895 τθάίίεβθι
729 1796 983 1851 minime
1022 1814 1155 1851 cum
1209 1802 1269 1852 B-
1321 1801 1564 1868 AUBUSl-
1618 1811 1855 1850 causam
1894 1811 2174 1895 Bjejunia
2208 1810 2611 1879 interponentes
2644 1818 2871 1878 (nempe
2912 1807 3062 1860 ferite
3094 1811 3313 1877 quartze
3344 1811 3399 1861 et
3440 1809 3612 1861 sexta

204 1884 412 1939 haeres.
463 1884 756 1957 duplicem
813 1886 1098 1957 assignat,
1125 1892 1251 1941 tum
1297 1886 1434 1958 quia
1464 1886 1757 1940 transiens
1789 1884 1858 1938 ad

204 1975 607 2047 Cataphrygas
638 1974 811 2046 ccepit
833 1976 1119 2031 secundas
1146 1976 1382 2047 nuptias
1408 1976 1711 2042 damnare,
1736 1979 1856 2029 tum

206 2064 345 2135 quia
376 2080 488 2119 sua
518 2063 925 2119 conventicula
953 2065 1309 2136 propagavit.

722 2214 877 2252 ANNO
908 2214 1112 2253 DOMINI
1141 2213 1347 2253 CCXVII.

274 2314 363 2368 36.
397 2312 601 2367 Sancti
631 2312 925 2385 Zephirini
974 2313 1138 2386 Papa;
1188 2314 1431 2369 Romani
1462 2330 1619 2376 xvm,
1654 2317 1710 2368 et
1738 2318 1855 2367 An-

206 2402 391 2458 tonini
425 2419 504 2471 v1,
552 2419 587 2464 ο
641 2418 871 2465 AQUILIO
919 2420 1121 2459 SABINO
1151 2421 1190 2458 II
1238 2404 1331 2475 (ad
1364 2420 1539 2475 quem
1572 2402 1856 2474 Ulpianus

205 2492 387 2547 libros
444 2492 513 2546 51
581 2492 918 2563 Digestorum
975 2493 1232 2565 scripsit)
1284 2510 1349 2548 s'r
1406 2510 1557 2548 snx'r.
1612 2508 1856 2548 AURELIO

204 2582 301 2637 82
336 2599 390 2636 Ρ.
426 2597 480 2635 F.
516 2598 804 2636 ANULLINO
834 2598 987 2637 coss.
1012 2599 1318 2638 censemus
1350 2583 1599 2653 scriptos
1620 2599 1859 2637 remur.-

206 2686 355 2724 LIANI
388 2686 596 2725 LIBROS
647 2687 748 2725 SEX
778 2687 848 2726 DE
894 2688 1140 2739 EXSTASI,
1173 2676 1229 2727 et
1271 2688 1567 2727 ADVERSUS
1614 2688 1856 2727 APOLLO-

206 2776 348 2814 xwm
382 2776 689 2815 SEPTIMUM
726 2762 894 2824 (Inter
937 2762 1298 2831 fragmenta),
1354 2778 1501 2833 quos
1549 2760 1721 2815 etiam
1757 2760 1856 2814 ad-

206 2864 412 2902 versus
446 2848 763 2903 Ecclesium
789 2850 1039 2921 scriptos
1056 2854 1348 2905 testantur
1373 2855 1427 2902 Β.
1452 2849 1859 2920 Hieronymus,

208 2937 504 3009 Sophron.
539 2943 597 2992 et
628 2938 933 3009 Nicephor.
958 2940 1069 2994 Nec
1090 2940 1283 2994 obstat
1306 2940 1457 3010 quod
1483 2939 1861 3009 Appotlonium

209 3027 452 3082 collocat
508 3028 715 3082 beatus
764 3028 1149 3099 Hieronymus
1203 3028 1375 3084 Catal.
1425 3030 1615 3099 script.
1674 3029 1857 3083 eccles.

206 3121 339 3171 ante
375 3121 717 3183 Auctorem,
753 3117 909 3188 quia,
944 3120 1097 3190 quod
1133 3118 1274 3173 alias
1308 3122 1494 3174 facere
1525 3117 1692 3185 solet,
1726 3117 1859 3171 nul-

202 3204 317 3260 lius
366 3206 749 3276 imperatoris
783 3208 1022 3263 ascribit
1065 3212 1349 3280 tempora.
1383 3209 1592 3263 Euseb.
1627 3223 1858 3278 quoque
1888 3206 1930 3271 C

205 3296 400 3351 Eccles.
435 3297 639 3352 Hister.
666 3296 769 3352 lib.
800 3314 858 3363 v,
890 3315 1017 3370 cap.
1054 3299 1140 3364 17,
1164 3304 1220 3354 et
1251 3304 1383 3370 post
1408 3316 1541 3353 eum
1572 3298 1855 3369 Nicepho-

200 3401 323 3454 rus,
373 3401 514 3440 eum
563 3385 717 3440 inter
764 3402 865 3441 eos
911 3387 1149 3458 quidem
1199 3393 1461 3443 recenset
1510 3386 1606 3457 qui
1657 3387 1859 3441 adver-

206 3492 306 3530 sus
337 3474 691 3529 Montanum
738 3475 1118 3548 scripserunt,
1154 3478 1255 3532 sed
1286 3476 1625 3548 aliquandiu
1659 3480 1861 3548 postea

207 3563 612 3634 conscriptum
668 3565 808 3620 satis
864 3564 1124 3621 indicant
1171 3565 1273 3622 illa
1313 3568 1487 3623 verba
1537 3584 1549 3622 :
1604 3588 1632 3618 ‹‹
1684 3566 1859 3621 Porro

208 3656 531 3723 Apollonius
586 3655 836 3725 scriptor
890 3655 1343 3723 ecclesiasticus,
1405 3673 1540 3711 cum
1597 3671 1665 3711 ea
1732 3671 1859 3726 quas

210 3744 642 3815 Cataphrygum
670 3744 907 3800 haaresis
938 3746 1240 3801 nominata
1268 3751 1356 3801 est
1383 3747 1575 3801 adhuc
1598 3744 1657 3800 in
1682 3745 1863 3816 Phry-

211 3833 303 3904 gia
331 3832 532 3904 vigere
578 3833 898 3900 videretur,
944 3834 1161 3889 librum
1212 3835 1527 3907 separatim
1561 3836 1632 3889 ad
1666 3838 1863 3906 patro-

215 3939 316 3977 nos
348 3922 618 3993 ejusdem
663 3923 1049 3979 contntandos
1071 3924 1442 3997 conscripsit.
1476 3924 1695 3979 Deinde
1726 3940 1865 3978 con-

212 4012 391 4067 vincit
421 4010 570 4066 illud
622 4012 886 4082 ejusdem
915 4029 929 4067 :
964 4014 1123 4069 Idem
1158 4014 1266 4069 iste
1318 4014 1634 4085 Apollonius
1674 4013 1732 4067 in
1765 4030 1864 4068 eo-

216 4100 344 4154 dem
380 4100 533 4154 libro
564 4105 1007 4168 commemorat,
1043 4103 1195 4173 quod
1225 4103 1713 4175 quadragesimus
1736 4103 1863 4173 jam

217 4206 433 4254 annus,
464 4189 525 4244 in
558 4206 673 4261 quo
704 4190 937 4261 quidem
969 4192 1039 4247 ad
1073 4192 1180 4247 hoc
1217 4209 1365 4264 opus
1397 4193 1772 4248 scribendum
1804 4208 1866 4247 se

215 4278 484 4345 contulit,
520 4280 816 4350 agebatur,
866 4298 932 4336 ex
964 4298 1078 4353 quo
1127 4281 1441 4338 Montanus
1474 4281 1778 4337 conﬁctam
1812 4285 1866 4336 et

216 4369 683 4424 commentitiam
733 4370 1099 4442 prophetiam
1144 4370 1444 4443 inceperit.
1494 4393 1522 4419 »
1570 4371 1745 4442 Atqui
1795 4369 1866 4425 ab

216 4458 385 4513 initio
418 4459 799 4529 pontiﬁcatus
831 4460 1019 4515 sancti
1051 4460 1389 4528 Eleutherii,
1415 4477 1528 4532 quo
1561 4465 1867 4515 Montanus

216 4548 488 4603 haeresim
541 4549 758 4620 sparsit
806 4566 991 4616 suam,
1022 4550 1106 4604 uti
1158 4567 1337 4621 supra
1385 4551 1607 4605 dictum
1653 4554 1760 4615 est,
1795 4550 1866 4604 ad

218 4636 375 4692 hunc
408 4653 595 4708 usque
623 4636 993 4694 intercedunt
1014 4639 1151 4694 anni
1184 4657 1317 4695 xm.
1346 4639 1503 4695 Sedit
1523 4639 1678 4695 enim
1703 4638 1867 4694 Eleu-

215 4725 446 4781 therius
492 4730 626 4798 post
674 4726 1041 4784 consulatum
1093 4728 1327 4801 Cethegi
1379 4734 1437 4784 et
1466 4728 1615 4784 Clari
1644 4732 1867 4800 (utpote

216 4820 448 4870 creatus
480 4816 668 4887 pridie
718 4818 854 4872 Idus
905 4817 1063 4887 Maii,
1097 4835 1227 4873 cum
1276 4824 1463 4874 exstet
1510 4819 1625 4874 illis
1655 4835 1865 4874 consu-

215 4903 371 4960 libus
416 4905 679 4976 Epistola
714 4906 1021 4962 Decretalis
1070 4908 1256 4962 sancti
1290 4908 1507 4964 Soteris
1539 4908 1701 4980 Papae
1730 4908 1867 4963 data

218 5010 253 5047 ι
282 4992 402 5049 Kal.
439 4993 619 5063 Junii)
654 5010 842 5066 usque
864 4996 934 5050 ad
971 4996 1301 5052 Maternum
1334 5002 1391 5052 et
1424 4997 1708 5053 Praduam
1733 5014 1867 5052 con-

224 5082 398 5149 sules,
432 5084 743 5140 defunctus
773 5101 853 5139 vn
892 5085 1015 5142 Kal.
1046 5087 1227 5152 Junii,
1259 5087 1317 5141 id
1348 5092 1437 5142 est
1466 5087 1539 5142 ab
1569 5104 1722 5143 anno
1756 5089 1863 5143 Do-

225 5174 361 5229 mini
394 5173 647 5243 CLXXII,
681 5191 868 5246 usque
900 5177 971 5231 ad
1002 5192 1224 5232 annum
1255 5176 1595 5245 CLXXXVI,
1630 5193 1731 5248 per
1759 5193 1863 5233 an-

224 5280 321 5319 nos
356 5264 443 5325 14,
479 5263 605 5319 dies
638 5264 744 5329 13;
780 5269 1018 5319 sanctus
1071 5264 1287 5331 Victor,
1322 5271 1385 5321 ut
1434 5284 1611 5337 supra
1642 5266 1863 5321 dictum

223 5358 322 5419 est,
373 5368 562 5407 annos
608 5353 695 5419 12,
730 5368 991 5408 mensem
1027 5355 1076 5421 1,
1125 5355 1250 5410 dies
1278 5356 1384 5423 28;
1441 5355 1531 5410 his
1576 5356 1868 5412 addantur

226 5444 351 5497 anui
391 5442 456 5496 18
488 5441 684 5497 Sancti
716 5441 1047 5513 Zephyrini,
1075 5444 1214 5498 ﬁent
1245 5445 1380 5499 anni
1413 5445 1500 5499 44.

719 5573 877 5614 ANNO
907 5574 1113 5615 DOMINI
1143 5576 1366 5616 CCXVIII.

290 5675 512 5750 §XVIL
545 5677 800 5747 Quonam
850 5672 1046 5732 ultimo
1092 5678 1331 5750 tempore
1375 5677 1650 5750 ﬂoruerit.
1681 5708 1748 5717 —
1774 5676 1862 5733 37.

1973 1900 2040 1954 ad
2076 1899 2279 1953 horam
2315 1912 2501 1967 usque
2546 1897 2783 1966 nonam)
2813 1900 2863 1950 et
2895 1896 3176 1950 interdum
3214 1911 3358 1966 pane
3388 1903 3439 1949 et
3467 1911 3617 1965 aqua

1970 1991 2302 2054 victitantes,
2340 1995 2435 2041 aut
2467 1987 2536 2040 ad
2583 1984 2876 2055 jejunium
2927 1985 3186 2049 Sabbati,
3237 1985 3389 2057 quod
3425 1984 3617 2039 Romae

1970 2077 2372 2133 celebrabatur
2402 2092 2469 2131 ex
2502 2079 2743 2142 statuto,
2776 2092 2887 2130 non
2917 2074 2973 2129 in
3001 2074 3196 2130 Africa
3224 2078 3415 2143 (cujus
3444 2073 3617 2128 etiam

1968 2167 2141 2239 paulo
2172 2170 2304 2239 post
2352 2164 2661 2236 meminit),
2695 2169 2797 2219 aut
2826 2165 2896 2219 ad
2937 2164 3167 2235 jejunis
3208 2162 3616 2236 pmnitentium

1968 2258 2143 2312 etiam
2194 2254 2771 2323 catechumenorum,
2832 2254 2901 2309 de
2953 2253 3169 2323 quibus
3227 2254 3351 2323 ipse
3394 2252 3451 2306 in
3492 2252 3613 2308 huc

1966 2346 2143 2401 verba
2169 2348 2321 2415 zante
2364 2342 2630 2398 haeresim
2667 2359 2678 2397 :
2715 2344 3064 2415 lngressuro:
3113 2344 3464 2413 baptismum,
3497 2357 3616 2396 ora.

1968 2436 2205 2491 tionibus
2235 2433 2462 2500 crebris,
2497 2432 2736 2504 jejuniis
2764 2438 2817 2487 et
2865 2432 3369 2502 geniculationibus
3415 2434 3464 2485 et
3491 2446 3615 2501 per-

1966 2526 2177 2595 vigiliis
2226 2539 2385 2579 orare
2435 2526 2637 2592 oportet
2687 2520 2811 2588 (lib.
2862 2522 2930 2575 de
2987 2522 3193 2591 Baptis.
3248 2536 3297 2574 c.
3347 2520 3460 2589 20),
3512 2523 3616 2574 aut

1969 2614 2222 2684 denique
2264 2613 2333 2667 ad
2378 2612 2604 2682 jejunis
2636 2611 2693 2665 in
2728 2610 2949 2680 Vigiliis
2998 2609 3381 2665 festivitatum
3431 2609 3612 2663 eccle-

1968 2704 2360 2759 siasticarum.
2406 2706 2597 2771 Atque
2627 2700 2769 2756 adeo
2801 2700 2988 2772 placet
3036 2700 3099 2753 B.
3138 2696 3487 2771 Hieronymi,
3520 2698 3618 2753 So-

1968 2793 2201 2865 phronii
2234 2796 2288 2845 et
2309 2790 2614 2862 Nicephori
2641 2790 2928 2845 sententia
2949 2789 3046 2860 qui
3082 2805 3195 2842 non
3228 2788 3338 2843 sub
3362 2787 3617 2841 Macrino

1972 2886 2073 2937 aut
2125 2880 2519 2952 Heliogabato,
2553 2880 2652 2933 sed
2706 2879 2815 2934 sub
2864 2879 3070 2933 Severo
3115 2878 3375 2949 principe
3429 2876 3529 2931 83
3561 2880 3616 2931 et

1970 2979 2261 3034 Antonino
2293 2976 2589 3032 Caracalla
2619 2977 2885 3032 floruisse
2915 2981 2971 3031 et
3000 2976 3305 3047 scripsisse
3328 2979 3619 3030 testantur

1970 3068 2125 3124 hunc
2158 3072 2455 3123 auctorem
2490 3072 2795 3133 nostrum;
2840 3066 3091 3121 maxime
3122 3081 3254 3120 cum
3290 3065 3400 3119 sub
3431 3065 3487 3119 S.
3521 3065 3615 3118 Ze-

1972 3158 2225 3231 phirimo
2260 3157 2531 3229 pontiﬁce
2563 3172 2768 3211 omnes
2816 3154 2984 3210 illum
3017 3153 3301 3210 claruisse
3331 3152 3613 3218 scribant,

1973 3266 2087 3305 non
2133 3248 2243 3303 sub
2288 3246 2547 3315 Calixto;
2595 3250 2803 3316 praeter
2832 3261 3017 3299 unum
3067 3244 3318 3314 aliquem
3369 3242 3617 3297 neoteri-

1969 3354 2124 3405 cum,
2157 3336 2256 3408 qui
2290 3341 2483 3390 tamen
2537 3351 2671 3389 eum
2697 3336 2820 3405 jam
2870 3338 3043 3389 antea
3073 3333 3181 3387 sub
3216 3332 3472 3387 Adriano
3503 3334 3618 3385 Cae-

1971 3444 2099 3483 sare
2130 3425 2402 3482 eumdem
2433 3425 2646 3479 fecerat
2676 3440 2808 3478 cum
2835 3422 3164 3495 Tertyliano
3195 3421 3290 3477 JC.
3325 3421 3503 3476 Porro
3527 3437 3621 3492 po-

1970 3522 2257 3573 stremum
2288 3515 2483 3583 (fuisse
2533 3513 2690 3569 hunc
2735 3530 2957 3569 annum
2988 3512 3263 3567 Antonini
3315 3511 3621 3567 Caracallze

1969 3605 2140 3678 Imp.,
2172 3622 2287 3660 non
2317 3608 2658 3675 sequentem
2691 3603 2821 3671 (uti
2849 3602 3232 3658 Cassiodorus
3274 3601 3491 3670 habet),
3525 3618 3623 3672 pa-

1971 3701 2053 3751 tet
2082 3712 2150 3750 ex
2182 3694 2371 3749 Fastis
2401 3693 2819 3748 Consularibus
2850 3691 3373 3758 emendatioribus,
3395 3690 3453 3744 in
3486 3691 3620 3761 qui-

1972 3785 2085 3840 bus
2135 3784 2219 3839 sic
2267 3783 2541 3838 scribitur
2593 3798 2606 3836 :
2655 3806 2682 3831 «
2718 3782 2833 3837 Hoc
2865 3799 3017 3838 anno
3067 3782 3137 3836 ad
3190 3782 3225 3835 6
3269 3780 3406 3836 Idus
3436 3778 3619 3847 April.

1976 3901 2096 3939 ιω).
2131 3898 2268 3938 cas.
2304 3882 2378 3935 M.
2412 3879 2683 3935 Aurelius
2715 3881 2838 3935 Divi
2880 3879 3069 3935 Severi
3102 3878 3260 3934 ﬁlius
3290 3877 3622 3932 Antoninus

1974 3975 2280 4045 Augustus
2303 3969 2677 4025 Britannicus
2698 3969 3080 4025 Germanicus
3102 3967 3328 4023 occisus
3350 3970 3440 4022 est
3464 3966 3624 4037 (Apo-

1977 4064 2104 4132 log.,
2137 4078 2263 4132 cap.
2304 4060 2409 4127 15).
2444 4060 2588 4115 Cum
2621 4060 2776 4113 enim
2820 4059 3029 4131 (inquit
3056 4056 3421 4129 Spartianus)
3451 4054 3625 4111 vellet

1975 4151 2187 4207 iterum
2250 4148 2480 4203 Parthis
2535 4148 2755 4203 bellum
2810 4148 3022 4203 inferre
3079 4152 3251 4216 atque
3313 4145 3625 4201 hibernare

1977 4238 2231 4309 Edessa),
2273 4244 2447 4309 atque
2504 4236 2641 4292 inde
2691 4240 2895 4292 Carras
2956 4236 3102 4292 Luni
3158 4234 3259 4290 Dei
3286 4234 3489 4307 ’gratia
3532 4234 3626 4305 (de

1978 4346 2118 4400 quo,
2152 4328 2306 4400 quod
2346 4328 2589 4398 insuper
2638 4327 2821 4392 addit,
2854 4326 2923 4381 ad
2956 4324 3313 4380 intellectum
3351 4324 3489 4378 facit
3519 4329 3625 4376 Au-

1979 4418 2179 4483 ctoris,
2205 4417 2305 4487 qui
2334 4416 2549 4471 alicubi
2571 4417 2877 4469 masculum
2904 4416 3127 4469 Lunam
3152 4413 3319 4483 ridet)
3344 4412 3622 4479 venisset,

1980 4509 2072 4563 die
2106 4506 2326 4563 Natalis
2366 4505 2457 4560 sui
2506 4504 2651 4575 ipsis
2702 4503 3151 4575 Megalensibus,
3184 4501 3416 4557 insidiis
3447 4517 3480 4554 a
3511 4500 3625 4555 Ma-

1898 4584 1945 4649 D
1979 4597 2140 4652 crino
2191 4596 2351 4667 praef.
2404 4598 2566 4667 praet.
2623 4593 2849 4665 positis,
2901 4593 3001 4664 qui
3050 4597 3183 4664 post
3228 4606 3363 4647 eum
3411 4589 3627 4645 invasit

1978 4684 2313 4757 imperium,
2347 4682 2736 4753 interemptus
2785 4686 2894 4747 est,
2945 4685 3016 4735 ab
3068 4681 3269 4737 eodem
3318 4685 3517 4734 tamen
3564 4679 3625 4733 in

1980 4776 2118 4831 deos
2160 4775 2399 4841 relatus,
2434 4777 2491 4827 et
2538 4771 2753 4843 templo
2783 4771 2833 4826 ei
2886 4771 3189 4837 aedificato,
3223 4773 3279 4825 et
3324 4768 3498 4824 Saliis
3530 4769 3629 4823 ad-

1980 4865 2136 4920 ditis.
2162 4884 2188 4916 n
2226 4864 2614 4919 Confirmatur
2635 4860 2754 4916 haec
2781 4878 2910 4915 mea
2940 4860 3249 4927 sententia,
3274 4860 3429 4931 quod
3454 4858 3628 4913 nulla

1979 4958 2209 5011 exstent
2237 4953 2397 5025 leges
2426 4951 2720 5007 Antonino
2744 4956 2799 5005 et
2828 4951 3086 5005 Advento
3119 4954 3302 5017 Coss.,
3329 4949 3428 5004 sed
3452 4950 3628 5002 Anto-

1980 5043 2103 5098 nini
2135 5045 2286 5116 Aug.
2323 5040 2490 5097 titulo
2522 5042 2671 5109 duae,
2721 5041 3009 5095 Praesente
3039 5045 3093 5095 et
3124 5039 3409 5094 Extricato
3440 5040 3626 5107 Coss.,

1978 5131 2161 5188 altera
2190 5132 2295 5186 lib.
2332 5149 2385 5185 1x
2405 5131 2570 5195 Cod.,
2594 5130 2728 5184 data
2750 5132 2782 5183 8
2806 5128 2930 5185 Kal.
2957 5130 3147 5198 Mart.,
3172 5128 3355 5184 altera
3378 5128 3479 5181 lib.
3504 5143 3629 5192 vm,

1976 5223 2067 5278 tit.
2102 5223 2191 5292 38,
2224 5222 2326 5276 lib.
2364 5238 2446 5291 In,
2472 5237 2538 5274 ex
2569 5219 2690 5274 Kal.
2728 5219 2971 5285 Martiis,
3011 5218 3178 5291 paulo
3211 5223 3345 5273 ante
3377 5216 3626 5271 obitum.

1978 5320 2295 5392 Imperavit
2328 5319 2569 5391 proinde
2609 5335 2642 5373 a
2687 5318 2873 5389 pridie
2906 5318 3099 5373 Nonas
3148 5318 3311 5372 Febr.
3347 5314 3483 5369 anni
3514 5314 3625 5367 Do-

1976 5411 2124 5465 mini
2154 5426 2324 5475 ccxu,
2357 5424 2544 5479 usque
2575 5408 2643 5461 ad
2678 5408 2900 5462 dictum
2934 5408 3109 5473 diem,
3141 5422 3321 5460 annos
3344 5420 3442 5469 v11,
3470 5418 3630 5456 men-

1976 5516 2071 5555 ses
2102 5518 2167 5566 ιι,
2199 5498 2323 5554 dies
2354 5516 2430 5555 1v.
2477 5497 2655 5568 Atqui
2684 5501 2740 5551 S.
2773 5496 3096 5568 Zephyrino
3145 5496 3328 5564 Papae,
3364 5508 3533 5563 quem
3570 5496 3628 5546 et

1974 5593 2031 5643 S.
2080 5589 2371 5645 Damasus
2420 5590 2478 5642 et
2526 5583 2623 5641 alii
2673 5602 2876 5641 omnes
2924 5585 3015 5639 his
3055 5581 3397 5639 consulibus
3445 5582 3625 5636 vitam

1974 5677 2201 5735 ﬁuiisse
2254 5676 2540 5747 scribunt,
2575 5690 2690 5730 non
2739 5676 2989 5745 possunt
3018 5670 3217 5745 plures
3268 5670 3405 5729 anni
3444 5670 3625 5727 tribui
