4060 6388
402 362 517 423 123

1703 360 2234 423 TERTULLIANI
2279 361 2490 426 VITA.

3682 359 3801 418 124

398 511 578 566 quam
614 494 678 549 19
707 499 764 549 et
793 495 916 550 dies
963 496 1048 561 16,
1084 495 1237 566 quod
1289 511 1322 550 a
1354 511 1409 550 iv
1438 495 1578 550 ldus
1631 496 1875 566 Augusti
1904 494 2043 550 anni
2071 496 2127 560 Α
2158 512 2269 566 que
2306 500 2362 551 et
2404 494 2712 567 scripturis
2759 493 2884 550 suis
2934 493 3224 549 diceretur
3256 508 3268 548 :
3298 491 3359 547 Si
3404 492 3708 547 surrexerit
3739 493 3804 546 in

397 583 631 638 Domini
663 584 985 649 CLXXXIX,
1023 601 1207 655 usque
1252 584 1323 638 ad
1353 586 1386 636 7
1419 584 1542 640 Kal.
1575 585 1893 656 Septemb.,
1929 601 2042 656 quo

400 673 707 728 defunctus
753 680 861 743 est,
912 673 1154 728 totidem
1207 679 1640 745 computentur.
1693 678 1873 738 Quem
1909 691 2042 729 cum

403 763 659 818 Ecclesia
706 763 857 818 inter
902 768 1184 835 martyres
1233 763 1504 829 celebret,
1555 768 1800 835 oportet,
1835 769 1898 817 ut
1941 763 2044 818 ab-

400 856 563 907 sente
587 853 712 920 jam
763 857 1080 916 Antonino,
1114 852 1326 908 iterum
1383 870 1484 923 per
1533 853 1836 923 pontifices
1867 851 2046 907 idolo-

400 957 531 995 rum
564 941 808 994 excitata
856 943 1030 996 fuerit
1077 946 1290 1008 Romae,
1320 946 1378 997 et
1407 942 1673 996 fortassis
1706 959 1739 996 a
1788 941 2044 996 Macrino

401 1029 740 1084 continuata
763 1029 899 1101 ,(qui
953 1031 1196 1098 proinde
1237 1032 1414 1086 etiam
1447 1036 1576 1102 post
1605 1048 1848 1095 annum,
1883 1047 2044 1084 men-

405 1134 528 1172 sem
564 1119 612 1183 t,
648 1117 774 1173 dies
804 1118 1047 1190 aliquot,
1081 1137 1114 1175 a
1143 1125 1255 1176 Deo
1286 1122 1439 1175 caede
1470 1121 1713 1192 punitus
1743 1120 1853 1192 est)
1883 1119 2044 1175 Chri-

401 1209 726 1262 stianorum
779 1209 1125 1279 persecutio,
1173 1211 1273 1264 sed
1324 1210 1463 1281 quia
1510 1207 1712 1264 localis
1742 1210 2043 1276 duntaxat,

402 1312 516 1349 non
549 1302 886 1366 computata
915 1297 986 1352 ab
1018 1297 1334 1354 historicis.

473 1392 556 1438 Ac
584 1385 811 1455 ﬁnierit.
844 1417 912 1426 ——
959 1387 1044 1442 38.
1079 1389 1360 1443 Craterum
1405 1387 1581 1442 etiam
1628 1387 1722 1442 hic
1764 1387 2043 1458 adjicien-

400 1473 543 1528 dum
577 1489 677 1544 pro
709 1474 963 1531 historias
996 1477 1258 1544 veritate,
1292 1478 1506 1532 frustra
1553 1477 1840 1549 quosdam
1875 1475 2042 1530 illum

399 1561 593 1617 denuo
624 1564 697 1618 ad
743 1565 1088 1621 catholicam
1143 1567 1314 1621 ﬁdem
1348 1567 1568 1622 redisse
1616 1566 1861 1638 cpinari.
1896 1566 2044 1620 Nam

401 1651 694 1722 imprimis
729 1653 782 1708 id
814 1671 882 1710 ex
921 1660 975 1709 S.
1021 1657 1348 1727 Augustino
1396 1656 1585 1727 colligi
1618 1674 1732 1711 non
1773 1673 1942 1726 posse
1972 1655 2043 1708 ad

401 1758 622 1796 annum
654 1742 869 1798 abhinc
891 1746 1216 1800 secundum
1240 1746 1626 1801 ostendimus.
1648 1745 1866 1800 Deinde
1897 1746 2047 1801 inter

403 1836 691 1902 martyres
752 1833 993 1888 minime
1055 1836 1517 1905 computandum
1580 1851 2124 1938 TERTULLIANUM,B

403 1920 505 1975 sed
551 1920 965 1992 Tertullinum,
997 1939 1178 1994 supra
1208 1924 1266 1978 in
1315 1924 1460 1995 ipsis
1491 1923 1770 1995 auspiciis
1800 1926 2048 1979 adnota-

401 2009 597 2064 vimus
643 2009 768 2080 (lib.
817 2011 881 2066 de
929 2013 1122 2068 Pcrnit.
1175 2015 1234 2067 in
1277 2015 1426 2069 calce
1472 2015 1792 2085 Argumenti
1838 2019 1890 2069 et
1935 2015 2048 2068 suis

403 2098 710 2170 quibusque
740 2099 915 2170 locis).
969 2100 1232 2172 Denique
1260 2106 1314 2156 Β.
1353 2102 1636 2157 Pacianus
1668 2103 1738 2156 ad
1772 2103 2048 2173 Sympro-

405 2186 646 2242 nianum
707 2193 910 2243 contra
961 2189 1314 2246 Novatianos
1363 2190 1508 2246 nihil
1563 2208 1664 2262 pro
1721 2189 1805 2246 eis
1864 2191 2044 2247 facit:

409 2299 430 2325 οι
470 2275 886 2346 Tertulliauus,
920 2278 1130 2350 inquit,
1165 2286 1294 2352 post
1342 2281 1586 2336 haeresin
1619 2281 1807 2352 (etiam
1838 2281 2052 2335 adden-

405 2365 547 2420 dum
581 2366 939 2438 censuimus)
965 2373 1154 2423 vester
1176 2375 1264 2424 cst
1298 2387 1310 2425 :
1349 2387 1478 2425 nam
1505 2369 1691 2425 multa
1721 2371 1855 2425 inde
1885 2387 2047 2425 sum-

404 2455 629 2526 psistis.
669 2456 861 2525 ipsum
893 2457 1151 2528 Epistola
1180 2476 1308 2525 sua,
1327 2464 1383 2514 et
1410 2477 1477 2515 ea
1506 2461 1633 2532 ipsa
1656 2477 1832 2531 quam
1857 2460 2052 2515 catho-

404 2543 556 2598 licus
585 2544 788 2611 edidit,
843 2545 1043 2602 audies
1088 2550 1483 2615 conﬁtentem,
1517 2566 1685 2620 posse
1731 2547 2050 2604 Ecclesiam

407 2637 644 2702 peccata
691 2633 1002 2690 dimittere.
1039 2659 1066 2684 ››
1113 2637 1310 2708 Neque
1338 2638 1495 2693 enim
1541 2638 1802 2708 loquitur
1830 2639 1900 2693 de
1930 2637 2049 2709 epi-

409 2720 580 2788 stola,
601 2721 702 2776 84
733 2739 908 2793 quam
944 2729 1074 2796 post
1101 2725 1392 2794 haeresim,
1415 2729 1514 2782 sed
1549 2745 1725 2798 quam
1757 2732 1928 2783 antea
1954 2728 2051 2782 ad-

408 2809 523 2864 huc
554 2809 876 2866 catholicus
917 2813 1195 2878 ediderat,
1238 2831 1444 2886 nempe
1475 2816 1575 2872 lib.
1599 2818 1664 2872 de
1693 2819 2048 2886 Poenitentia,

409 2915 478 2953 ex
507 2913 624 2967 quo
642 2899 827 2954 multa
844 2900 1035 2972 ipsum
1054 2903 1436 2974 descripsisse
1460 2905 1597 2960 alibi
1619 2906 2048 2961 adnotavimus.

405 2990 567 3041 Certe
598 2987 647 3042 si
681 2989 761 3044 ita
790 2989 1077 3045 creditum
1131 2991 1356 3058 fuisset,
1392 3011 1506 3048 non
1542 2999 1841 3066 tantopere
1871 2995 2048 3050 beare-

408 3075 517 3130 sim
551 3075 730 3147 hujus
777 3079 913 3133 boni
948 3078 1054 3134 viri
1102 3081 1466 3152 deplorasset
1494 3088 1550 3138 S.
1582 3083 1923 3140 Vincentius
1955 3085 2051 3139 Li-

406 3164 678 3232 rinensis,
702 3167 872 3238 cujus
905 3170 1134 3226 interim
1165 3172 1336 3227 verba
1365 3173 1610 3228 antidoti
1639 3174 1788 3240 loco,
1820 3191 1892 3230 ne
1920 3174 2050 3244 quis

2151 585 2328 640 medio
2360 586 2442 640 tui
2467 586 2755 656 prapheta,
2789 588 2921 652 etc.,
2951 600 3062 639 non
3095 583 3284 639 audies
3332 581 3491 637 verba
3516 582 3803 652 praphetaa

2153 676 2326 729 illius.
2363 675 2544 742 Quare
2563 680 2588 727 γ
2618 677 2780 744 Quia,
2813 673 3021 745 inquit,
3049 681 3222 728 tentat
3251 687 3340 727 vos
3369 671 3630 726 Dominus
3658 673 3804 726 Deus

2152 769 2341 829 vester,
2377 775 2563 819 utrum
2611 764 2865 832 diligatis
2911 780 3056 828 eum,
3089 780 3162 816 an
3190 777 3320 818 non.
3369 760 3470 816 His
3503 760 3683 832 igitur
3713 763 3805 815 tot

2154 869 2220 908 ac
2289 853 2469 908 tantis
2525 853 2865 924 ceterisque
2921 851 3210 924 ejusmodi
3266 850 3801 906 ecclesiasticorum

2155 941 2552 1013 exemplorum
2609 941 2882 1009 molibus,
2915 941 3212 996 evidenter
3260 940 3580 1008 advertere,
3610 956 3676 992 ac
3707 955 3804 994 se-

2156 1035 2416 1086 cundum
2462 1031 2895 1087 Deuteronomii
2926 1030 3083 1101 leges
3113 1029 3240 1085 luce
3270 1028 3485 1084 clarius
3514 1027 3804 1100 intellige-

2157 1137 2216 1176 re
2248 1121 2546 1187 debemus,
2582 1119 2735 1191 quod
2777 1119 2826 1175 si
2857 1119 3090 1191 quando
3123 1118 3337 1189 aliquis
3366 1116 3803 1172 ecclesiasticus

2156 1210 2436 1282 magister
2483 1208 2856 1277 aberraverit,
2891 1209 2962 1264 ad
3011 1209 3396 1263 tentationem
3447 1212 3709 1262 nostram
3742 1206 3802 1261 id

2155 1297 2278 1352 fieri
2312 1298 2675 1369 providentia
2705 1297 2901 1354 divina
2940 1297 3219 1369 patiatur,
3254 1301 3450 1352 utrum
3482 1295 3804 1366 diligamus

2157 1391 2359 1454 Deum,
2411 1404 2484 1442 an
2535 1405 2672 1458 non,
2704 1387 2764 1442 in
2810 1392 2931 1443 toto
2988 1388 3159 1443 corde
3212 1392 3268 1442 et
3319 1385 3377 1440 in
3424 1389 3545 1440 tota
3602 1383 3805 1439 anima

2154 1480 2374 1531 nostra.
2411 1501 2433 1528 ι

2225 1566 2486 1638 §XVIIL
2525 1568 2595 1622 De
2644 1566 3095 1622 Tertullianistis.
3149 1596 3218 1606 —
3265 1566 3353 1619 39.
3404 1561 3666 1634 Denique
3703 1577 3803 1616 co-

2154 1655 2374 1711 ronidis
2405 1655 2545 1725 vice,
2591 1673 2704 1711 non
2755 1656 3242 1727 praetereundum,
3294 1654 3450 1726 quod
3491 1668 3559 1706 ex
3595 1653 3652 1706 Β.
3685 1653 3804 1705 Au-

2154 1749 2309 1816 gust.
2343 1745 2682 1812 didicimus,
2707 1746 2952 1800 durasse
2983 1745 3173 1800 adhuc
3207 1744 3277 1798 ad
3310 1761 3416 1798 sua
3448 1757 3632 1811 usque
3655 1745 3806 1795 tem-

2154 1851 2290 1904 pora
2321 1851 2833 1890 TERTULLIANISTAS
2867 1835 3188 1900 haereticos,
3212 1842 3267 1888 et
3293 1837 3416 1887 tum
3452 1832 3710 1903 primum
3743 1829 3807 1884 in

2156 1923 2503 1979 catholicam
2565 1924 2881 1980 Ecclesiam
2941 1924 3266 1979 transiisse.
3332 1921 3556 1986 Quibus
3621 1919 3806 1975 etiam

2157 2013 2367 2083 magis,
2401 2031 2576 2084 quam
2609 2014 2720 2085 ipsi
2751 2013 3123 2079 Tertulliano,
3166 2027 3474 2066 censemus
3504 2009 3806 2080 imputan-

2159 2101 2296 2155 dam
2328 2101 2819 2157 absurdissimam
2866 2101 3027 2157 illam
3077 2100 3348 2155 haeresim
3382 2116 3493 2169 qua
3529 2097 3810 2152 dicebant

2157 2190 2385 2245 animas
2418 2191 2724 2246 hominum
2759 2190 3044 2260 pessimas
3075 2199 3206 2260 post
3236 2194 3482 2244 mortem
3506 2187 3565 2241 in
3587 2186 3809 2240 dazmo-

2159 2295 2265 2333 nas
2311 2280 2586 2345 converti,
2622 2280 2872 2335 maxime
2922 2296 3054 2334 cum
3087 2283 3254 2334 aetate
3302 2277 3556 2349 primum
3605 2278 3805 2346 Augu-

2161 2367 2296 2422 stini
2329 2373 2461 2438 post
2509 2368 2844 2424 Donatistae
2893 2372 2949 2423 et
2975 2367 3397 2423 Jovinianistas
3445 2363 3812 2420 collocentur

2159 2457 2628 2526 Tertullianistze,
2661 2457 2761 2528 qui
2794 2457 2849 2512 id
2881 2457 3192 2524 senserint,
3226 2460 3350 2511 tum
3384 2456 3454 2511 ab
3487 2455 3636 2526 ipso,
3670 2458 3806 2508 tum

2159 2563 2192 2601 θ.
2223 2546 2280 2601 S.
2336 2547 2578 2615 lsidoro,
2627 2547 2880 2602 Honorio
2927 2544 3466 2616 Augustodunensi,
3519 2542 3808 2598 Rhabano

2160 2640 2216 2690 et
2259 2637 2533 2692 Gratiano
2585 2638 2641 2691 in
2692 2635 2978 2706 Catalogis
3028 2636 3427 2690 haereticorum
3463 2649 3477 2688 :
3513 2655 3541 2683 «
3572 2629 3807 2687 Tertul-

2159 2724 2405 2780 lianistae
2439 2725 2652 2797 (inquit
2681 2725 2776 2780 ille
2819 2727 2888 2780 ad
2923 2725 3409 2794 Quodvultdsum,
3442 2722 3543 2778 lib.
3577 2722 3642 2778 de
3675 2725 3809 2777 H2-

2162 2816 2289 2886 res.)
2321 2833 2352 2870 a
2379 2814 2755 2882 Tertulliano,
2786 2816 2957 2885 cujus
2998 2814 3273 2887 leguntur
3302 2811 3587 2885 opuscula
3615 2809 3812 2866 multa

2160 2904 2639 2975 eloquentissime
2667 2903 2906 2974 scripta,
2949 2919 3136 2974 usque
3165 2904 3236 2957 ad
3269 2907 3533 2958 nostrum
3567 2905 3808 2970 tempus

2160 2993 2440 3065 paulatim
2488 2993 2842 3060 deficientes,
2871 2992 2928 3046 in
2973 2991 3248 3047 extremis
3296 2989 3560 3061 reliquiis
3589 2989 3809 3045 durare

2161 3100 2274 3138 non
2310 3086 2623 3154 potuerunt
2653 3082 2759 3155 (sic
2789 3082 2945 3137 enim
2977 3079 3360 3152 castigamus)
3393 3080 3452 3135 in
3487 3080 3626 3135 urbe
3657 3077 3806 3134 Car-

2158 3170 2533 3243 thaginiensi.
2570 3171 2657 3226 Mc
2685 3171 2839 3226 enim
2861 3169 2940 3225 ibi
2971 3169 3159 3243 posito
3183 3174 3315 3225 ante
3343 3168 3562 3240 aliquot
3590 3183 3804 3238 annos,

407 3255 550 3310 forte
599 3272 667 3312 ex
714 3275 779 3312 eo
836 3260 1285 3328 scandalizatur,
1341 3264 1611 3319 addenda
1667 3265 2000 3335 putavimus
2034 3281 2046 3319 :
2079 3252 2121 3314 (Ι
2161 3261 2313 3332 quod
2348 3261 2523 3315 etiam
2556 3265 2612 3315 te
2657 3259 2995 3315 meminisse
3043 3259 3313 3325 arbitror.
3347 3257 3507 3314 omni
3538 3273 3606 3312 ex
3638 3262 3808 3329 Part9

412 3365 433 3392 ι
470 3343 601 3399 Fuit
630 3345 739 3401 iste
767 3363 1001 3418 quoque
1032 3348 1324 3420 (alludens
1356 3352 1427 3405 ad
1458 3352 1782 3423 Origenem,
1817 3353 1886 3406 de
1931 3369 2047 3423 quo

408 3430 626 3487 similia
656 3435 984 3507 scripserat,
1010 3438 1108 3507 qui
1141 3455 1174 3493 a
1203 3440 1315 3494 (ine
1347 3439 1578 3511 imperii
1611 3441 1804 3496 Severi
1837 3442 1907 3496 ad
1945 3448 2049 3496 De-

408 3520 565 3575 cium
589 3538 774 3594 usque
802 3525 1141 3595 supervixit)
1167 3527 1224 3581 in
1256 3528 1514 3585 Ecclesia
1537 3547 1753 3602 magna
1782 3530 2047 3586 tentatio.

410 3608 521 3664 Sed
554 3611 625 3665 de
654 3610 761 3667 hoc
793 3613 925 3668 nolo
956 3614 1126 3686 plura
1156 3616 1378 3673 dicere:
1405 3618 1512 3674 hoc
1543 3624 1773 3674 tantum
1805 3637 2052 3676 comme-

409 3700 671 3764 morabo,
705 3702 860 3772 quod
894 3711 1092 3760 contra
1118 3706 1292 3762 Musis
1324 3713 1699 3780 preceptum,
1732 3726 2051 3781 exsurgen-

408 3791 498 3843 tes
529 3787 588 3843 in
637 3789 890 3848 Ecclesia
939 3793 1196 3852 novellas
1248 3796 1505 3852 Montani
1539 3799 1720 3854 furias
1750 3805 1808 3854 et
1848 3799 2056 3855 insana

410 3876 515 3933 illa
538 3878 877 3937 insanarum
921 3883 1232 3940 mulierum
1265 3887 1466 3942 novitii
1505 3889 1796 3960 dogmatis
1827 3890 2058 3946 somnia

409 3982 575 4025 veras
602 3969 944 4043 prophetiae
969 3975 1380 4044 asseverando,
1414 3977 1626 4034 meruit
1657 3981 1722 4035 ut
1747 3979 1818 4036 de
1839 3995 1902 4036 se
1921 3996 2059 4051 quo-

489 4110 602 4182 (10)
631 4111 762 4168 Hsec
809 4114 881 4169 ds
931 4115 1136 4172 coaevis
1167 4120 1224 4174 et
1269 4119 1603 4177 concivibus
1651 4122 1785 4195 pius
1827 4123 2054 4195 praesul.

2157 3349 2485 3422 consumpti
2547 3354 2704 3404 sunt.
2760 3348 3106 3404 Paucissimi
3171 3347 3348 3403 etiam
3407 3346 3508 3420 qui
3563 3363 3806 3402 reman-

2159 3444 2384 3510 serunt,
2412 3439 2470 3493 in
2516 3438 2861 3494 catholicam
2895 3438 3292 3505 transierunt;
3327 3453 3611 3508 suamque
3643 3436 3808 3491 basi-

2158 3528 2355 3595 licam,
2389 3546 2514 3601 quaa
2566 3545 2721 3585 nunc
2771 3529 2948 3584 etiam
2999 3527 3306 3583 notissima
3354 3534 3460 3596 est,
3505 3524 3811 3581 catholica:

2160 3618 2551 3673 tradiderunt.
2587 3643 2609 3670 ιι
2647 3619 2808 3683 Quod
2841 3618 3065 3673 utinam
3100 3617 3331 3672 illorum
3365 3614 3650 3687 exemplo,
3678 3615 3810 3685 jam

2164 3727 2397 3782 quoque
2448 3709 2507 3764 in
2563 3714 2761 3764 nostro
2823 3707 3017 3782 Belgio
3065 3707 3174 3778 (10)
3209 3707 3542 3762 fatiscentes
3592 3709 3812 3762 nostrae

2162 3799 2532 3872 tempestatis
2581 3798 2857 3868 haeretici,
2908 3797 3243 3870 propediem
3296 3795 3532 3862 faciant,
3566 3799 3678 3850 Deo
3711 3811 3818 3850 au-

2162 3889 2426 3957 xiliante,
2474 3889 2567 3944 cui
2597 3888 2803 3958 honor,
2855 3891 3114 3960 potestas
3159 3890 3212 3942 et
3258 3884 3462 3958 gloria,
3493 3883 3552 3940 in
3599 3884 3820 3941 saecula

2167 3977 2536 4035 saeculorum.
2568 3979 2773 4033 Amen.

422 4266 3182 4302 .____________________________________________________

1289 4428 2050 4538 TEBTYLIANI
2169 4429 2336 4539 JC.
2462 4427 2951 4538 ROMANI

902 4618 1388 4698 BESPONSA
1439 4625 1662 4712 QU/E
1713 4627 1812 4701 IN
1866 4625 2176 4702 LIBRIS
2233 4622 2849 4700 DIGESTORUM
2899 4621 3360 4696 EXSTANT.

1568 4808 1660 4864 EX
1701 4807 1837 4864 LIB.
1881 4809 1904 4865 Ι
1943 4807 2431 4874 QUESTIONUM
2472 4807 2679 4866 OGTO.

427 5069 490 5125 D.
525 5072 644 5126 Lib.
677 5089 717 5140 ι,
767 5078 856 5130 tu.
905 5078 958 5147 3,
1008 5081 1084 5136 De
1138 5083 1258 5154 Leg.
1308 5085 1649 5156 Senatusque
1693 5102 1838 5142 cons.
1891 5088 1928 5142 ι.
1977 5089 2067 5144 27.

498 5161 654 5227 Ideo,
687 5164 824 5234 quia
853 5168 1213 5239 antiquiores
1236 5175 1390 5243 leges
1421 5174 1490 5227 ad
1511 5175 1863 5244 posteriores
1892 5175 2068 5244 trahi,

425 5249 709 5307 usitatum
764 5260 854 5309 est
909 5274 1160 5330 semper,
1220 5261 1386 5331 quasi
1438 5261 1546 5317 hoc
1595 5262 1823 5335 legibus
1879 5265 2071 5320 inesse

426 5341 584 5394 credi
633 5349 878 5414 oportet,
914 5352 978 5401 ut
1033 5349 1104 5402 ad
1165 5366 1262 5404 eas
1294 5366 1527 5420 quoque
1585 5369 1864 5423 personas
1912 5360 1967 5409 et
1999 5355 2070 5410 ad

427 5443 522 5482 eas
553 5447 644 5485 res
675 5434 1022 5504 pertineant,
1056 5454 1182 5508 qum
1213 5440 1567 5511 quandoque
1622 5441 1846 5498 similes
1879 5449 2068 5499 erunt.

432 5537 529 5596 85
561 5537 622 5592 D.
654 5540 774 5595 Lib.
935 5545 1029 5624 tit.
1065 5543 1131 5624 _3,
1164 5545 1486 5624 pe_qc_quir._
1515 5549 1594 5624 vel
1624 5551 1804 5624 nmitt.
1837 5551 2068 5624 harem,

803 5613 900 5668 tib.
932 5615 1022 5669 82.
1045 5617 1222 5688 juxta
1249 5613 1356 5674 MS;
1388 5618 1505 5676 cod.
1537 5621 1700 5678 Bald.

503 5705 562 5762 Si
611 5721 814 5762 servus
861 5704 991 5775 ejus
1046 5704 1147 5776 qui
1206 5722 1411 5781 capere
1465 5726 1581 5768 non
1636 5715 1845 5784 potest,
1886 5713 2072 5773 heres

2182 5087 2543 5154 instituatur,
2575 5091 2632 5142 et
2675 5089 2994 5155 antequam
3035 5083 3208 5154 jussu
3240 5080 3464 5137 domini
3496 5079 3667 5137 adeat
3709 5079 3837 5136 hie-

2180 5178 2512 5243 reditatem,
2545 5175 2948 5232 manumissus
2992 5171 3398 5243 alienatusque
3443 5171 3538 5236 sit,
3572 5174 3629 5226 et
3677 5170 3831 5226 nihil

2181 5267 2238 5321 in
2289 5267 2553 5322 fraudem
2603 5264 2744 5335 legis
2800 5263 3017 5320 factum
3069 5261 3166 5328 sit,
3201 5262 3326 5333 ipse
3381 5259 3719 5316 admittitur
3756 5261 3835 5315 ad

2181 5355 2602 5411 hereditatem.
2664 5355 2774 5409 Sed
2833 5357 2890 5408 et
2945 5351 2995 5408 si
3054 5355 3279 5422 partem
3334 5365 3539 5421 capere
3595 5353 3836 5406 tantum

2181 5444 2368 5516 possit
2439 5443 2716 5500 dominus
2776 5443 2925 5513 ejus,
2981 5441 3181 5496 eadem
3253 5439 3501 5494 dicenda
3557 5443 3698 5494 sunt
3758 5439 3838 5495 de

2181 5539 2346 5605 parte
2387 5549 2563 5605 quam
2620 5533 2718 5589 ille
2774 5546 2980 5603 capere
3029 5546 3144 5584 non
3205 5533 3414 5600 potest.
3466 5527 3621 5583 Nihil
3669 5526 3835 5584 enim

2180 5624 2444 5690 interest,
2478 5624 2549 5679 de
2597 5622 2868 5679 universo
2911 5623 3207 5692 queratur
3252 5618 3409 5690 quod
3456 5633 3662 5691 capere
3711 5633 3835 5673 non

2181 5713 2387 5785 possit,
2418 5729 2492 5771 an
2518 5713 2589 5770 de
2616 5713 2902 5785 portione.
