4060 6346
200 357 307 415 {25

555 354 1076 416 DISSERTATIO
1121 355 1221 414 DE
1268 355 1545 415 [ETATE
1590 355 1688 413 AC
1731 356 2123 415 DOC'l‘lllNA
2168 353 2667 415 SCRlP'l‘OIlUM
2712 350 3239 412 TERTULLIANI

3494 347 3608 406 126

198 490 256 543 D.
288 488 407 542 Lib.
441 488 534 553 41,
568 489 652 544 tit.
684 489 740 553 2,
774 486 841 543 de
869 490 1087 558 arquir.
1142 488 1225 542 vel
1278 489 1432 543 omit.
1463 503 1671 557 posses.
1707 492 1726 541 t
1754 488 1845 543 28.
1879 488 1929 554 Α
1966 488 2194 543 videtur
2224 504 2369 543 suus
2396 487 2579 542 haeres
2621 484 2965 557 agnosci,ac
2998 500 3067 538 ne
3108 498 3210 537 avo
3238 480 3472 552 quidem
3498 495 3606 534 suo

263 579 316 632 Si
349 578 615 649 aliquam
668 592 792 632 rem
848 577 1196 648 possideam,
1240 583 1296 632 et
1347 578 1613 632 eamdem
1652 583 1853 649 postea

198 669 544 733 conducam,
595 685 668 722 an
739 666 1004 722 amittam
1060 667 1547 739 possessionem?
1602 667 1850 722 Multum

196 758 369 813 refert
420 757 478 811 in
528 756 623 811 his
683 756 824 827 quid
858 762 1083 828 agatur.
1141 756 1395 811 Primum
1440 756 1596 811 enim
1654 758 1849 827 refert,

198 852 393 902 utrum
428 845 615 901 sciam
650 862 741 900 me
772 845 1091 917 possidere,
1126 863 1198 900 an
1251 845 1536 917 ignorem,
1567 850 1623 901 et
1653 852 1848 902 utrum

199 937 364 1007 quasi
399 952 514 990 non
552 952 741 990 meam
785 952 905 990 rem
948 936 1294 1003 conducam,
1330 952 1401 990 an
1435 936 1599 1006 quasi
1635 953 1847 991 meam.

195 1028 261 1083 Et
311 1028 507 1083 sciens
570 1044 758 1082 meam
804 1044 952 1095 esse,
1006 1034 1205 1083 utrum
1255 1028 1420 1099 quasi
1474 1028 1850 1099 proprietatis

197 1124 485 1189 respectu,
535 1134 609 1172 an
656 1116 1049 1187 possessionis
1092 1121 1346 1172 tantum.
1383 1118 1526 1173 Nam
1558 1124 1613 1173 et
1644 1118 1692 1173 si
1728 1134 1847 1173 rem

197 1223 385 1262 meam
437 1212 501 1261 tu
550 1204 877 1278 possideas,
913 1211 969 1261 et
1009 1222 1113 1278 ego
1148 1222 1337 1261 emam
1371 1224 1404 1261 a
1434 1212 1488 1261 te
1523 1206 1847 1277 possessio-

194 1312 323 1350 nem
360 1296 489 1366 ejus
518 1295 627 1361 rei,
674 1294 762 1350 vel
817 1294 1081 1367 stipuler,
1131 1295 1292 1351 utilis
1321 1296 1430 1351 erit
1459 1302 1515 1351 et
1543 1296 1760 1367 emptio
1792 1302 1849 1351 et

200 1384 524 1457 stipulatio,
558 1389 615 1439 et
659 1385 927 1456 sequitur
957 1390 1024 1440 ut
1065 1390 1124 1439 et
1156 1385 1502 1455 precarium,
1535 1390 1592 1440 et
1621 1386 1843 1441 condu-

199 1476 339 1543 ctio,
372 1473 709 1545 specialiter
759 1474 1151 1545 possessionis
1193 1474 1382 1529 solius
1429 1475 1840 1541 conducenda,

207 1562 289 1618 vel
323 1564 588 1635 precario
620 1563 891 1633 roganda:
921 1562 1155 1618 animus
1186 1562 1555 1618 interveniat.

196 1705 277 1762 EX
308 1705 522 1761 LlBRO
555 1706 937 1762 SINGULARI
982 1707 1068 1761 DE
1106 1706 1496 1762 CASTRENSI
1543 1706 1838 1762 PECULIO

386 1818 454 1869 ι).
490 1815 607 1869 Lib.
640 1814 731 1877 29,
765 1815 848 1869 tit.
884 1830 922 1881 ι,
955 1814 1029 1869 De
1061 1814 1284 1870 Testem.
1316 1816 1437 1870 mil.
1478 1812 1518 1869 ι.
1552 1816 1641 1872 23.

271 1921 431 1977 Idem
488 1922 595 1977 etsi
649 1920 1090 1993 paterfamillias
1123 1920 1292 1976 miles
1340 1923 1410 1976 de
1452 1922 1849 1978 castrensibus

212 2012 389 2066 rebus
421 2011 705 2065 duntaxat
737 2014 981 2066 testatus
1031 2012 1427 2083 arrogundum
1471 2026 1532 2066 se
1581 2012 1808 2067 dederit
1842 2014 1854 2050 ε

213 2102 260 2156 si
292 2117 429 2155 vero
462 2100 681 2156 missus
722 2101 849 2171 jam
893 2100 1003 2156 hoc
1053 2101 1275 2167 fecerit,
1321 2117 1436 2155 non
1484 2100 1634 2157 valet
1678 2107 1857 2158 testa-

215 2196 503 2246 mentum.

793 2278 1013 2348 Ibidem,
1048 2280 1151 2348 leg.
1183 2279 1273 2335 33.

278 2368 335 2423 Si
394 2367 555 2423 ﬁlius
610 2366 863 2423 familias
917 2367 1088 2423 miles
1149 2368 1379 2424 fecisset
1438 2373 1859 2425 testamentum

215 2474 375 2512 more
416 2457 665 2526 militiae,
695 2457 907 2512 deinde
944 2462 1077 2529 post
1122 2462 1368 2514 mortem
1402 2461 1584 2530 patris
1617 2460 1860 2531 posthu-

213 2562 343 2601 mus
376 2545 425 2600 ei
461 2551 818 2614 nasceretur,
842 2546 1044 2618 utique
1067 2548 1358 2619 rumpitur
1388 2549 1515 2618 ejus
1545 2553 1859 2604 testamen-

214 2641 359 2689 tum.
394 2634 611 2689 Verum
644 2635 693 2690 si
743 2641 1171 2707 perseverasset
1220 2638 1277 2692 in
1317 2654 1384 2692 ea
1433 2637 1747 2705 voluntate,
1801 2645 1864 2694 ut

211 2724 386 2779 vellet
414 2723 608 2779 adhuc
659 2723 802 2779 illud
853 2728 1268 2781 testamentum
1309 2727 1517 2796 valere,
1551 2728 1862 2783 valiturum

211 2813 380 2883 illud,
409 2813 581 2885 quasi
612 2830 848 2869 rursum
880 2813 1036 2869 aliud
1089 2816 1302 2870 factum
1339 2832 1351 2870 :
1386 2817 1434 2871 si
1482 2818 1653 2871 modo
1704 2817 1856 2871 mili-

212 2907 361 2958 taret
430 2902 625 2958 adhuc
697 2920 763 2959 eo
839 2907 1096 2976 tempore
1175 2922 1289 2976 quo
1363 2912 1704 2962 nasceretur
1776 2906 1858 2961 illi

214 2992 593 3065 posthumus.
620 2992 730 3048 Sed
764 2994 814 3048 si
845 2993 1001 3049 filius
1032 2994 1288 3050 familias
1311 2995 1411 3050 86
1436 2994 1601 3052 miles
1627 2996 1860 3052 fecisset

213 3086 661 3151 testamentum,
718 3082 927 3139 deinde
974 3089 1174 3156 postea
1221 3085 1345 3141 vivo
1417 3104 1503 3154 eo,
1562 3092 1617 3142 et
1670 3088 1860 3141 adhuc

213 3189 314 3227 avo
345 3188 583 3244 quoque
628 3172 959 3243 superstite,
1008 3180 1343 3230 nasceretur
1383 3176 1432 3231 ei
1484 3176 1856 3248 posthumus.

1880 1868 1927 1932 Β
1962 1833 2010 1888 si
2042 1833 2168 1887 vivo
2201 1848 2306 1887 avo
2358 1835 2634 1885 nascatur
2682 1826 3055 1899 posthumus,
3107 1822 3200 1877 hic
3233 1838 3346 1875 non
3380 1832 3586 1888 rumpe

2087 1922 2119 1932 ..
2359 1925 2367 1932 .
2414 1920 2423 1929 ρ
2497 1924 2506 1932 .
2590 1923 2597 1932 .
2790 1922 2798 1932 .
2964 1914 3017 1932 n3
3076 1907 3450 1932 ____.-_-.:_-..:s
3486 1922 3586 1932 κη..

1963 578 2117 632 hunc
2153 583 2416 649 nepotem
2472 576 2874 647 posthumum,
2908 590 3041 627 cum
3093 572 3213 625 viro
3246 570 3361 624 lilio
3406 585 3606 624 nasce-

1962 673 2140 734 retur,
2176 684 2347 721 suum
2401 666 2687 720 hmredem
2742 664 3009 735 protinus
3060 659 3319 715 adnasci.
3364 659 3431 713 Et
3478 659 3605 713 ideo

1962 773 2067 810 nec
2119 757 2209 810 avi
2260 760 2679 809 testamentum
2744 752 2958 822 rumpi,
3031 751 3307 822 quoniam
3365 748 3498 802 licet
3548 747 3605 800 in

1964 854 2246 920 potestate
2268 846 2357 901 avi
2400 845 2667 917 protinus
2715 859 2841 898 esse
2875 841 3174 912 inciperet,
3210 845 3404 893 tamen
3438 843 3608 892 ante-

1961 940 2189 993 cederet
2231 954 2363 992 eum
2418 935 2591 989 illius.
2644 933 2970 988 Secundum
3001 948 3126 1001 quae
3168 928 3215 983 si
3249 928 3403 982 ﬁlius
3439 925 3609 980 fami-

1959 1028 2068 1083 lias
2102 1028 2267 1083 miles
2296 1031 2713 1081 testamentum
2748 1012 2965 1088 fecerit,
2989 1024 3044 1074 et
3074 1016 3333 1073 omiserit
3364 1015 3608 1087 posthu-

1960 1134 2122 1172 mum
2160 1133 2260 1188 per
2288 1131 2563 1179 errorem,
2614 1128 2787 1184 quem
2840 1127 2953 1165 non
3006 1108 3231 1163 volebat
3278 1105 3609 1161 abhiereda-

1956 1211 2106 1272 tum,
2160 1205 2371 1260 deinde
2432 1202 2783 1275 posthumus
2843 1203 2972 1271 post
3028 1201 3275 1251 mortem
3335 1195 3423 1249 avi
3478 1193 3604 1248 vivo

1957 1297 2149 1352 adhuc
2182 1295 2319 1358 lilio,
2371 1294 2424 1347 id
2479 1296 2565 1347 est
2608 1296 2768 1363 patre
2798 1306 2923 1354 suo,
2960 1291 3131 1343 natus
3177 1285 3387 1350 fuerit;
3444 1282 3604 1338 omni

1963 1385 2135 1440 modo
2168 1388 2401 1454 rumpet
2426 1380 2583 1436 illius
2618 1382 3056 1435 testamentum.
3107 1376 3219 1430 Sed
3278 1375 3326 1429 si
3370 1372 3607 1444 quidem

1954 1491 2177 1546 pagano
2201 1474 2326 1543 jam
2388 1472 2485 1526 illo
2537 1472 2684 1525 facto
2727 1474 2901 1523 natus
2949 1468 3048 1533 sit,
3096 1481 3200 1521 nec
3246 1463 3610 1519 convalescet

1954 1570 2213 1635 ruptum.
2274 1563 2331 1617 Si
2408 1578 2539 1616 vero
2587 1560 2878 1615 militante
2939 1556 3130 1611 adhuc
3184 1559 3356 1609 natus
3413 1550 3606 1615 fuerit,

1953 1658 2280 1724 rumpatur.
2349 1652 2561 1706 Deinde
2622 1650 2671 1705 si
2736 1646 2983 1703 voluerit
3029 1650 3221 1699 ratum
3279 1642 3422 1697 illud
3483 1654 3611 1724 esse

1950 1715 2136 1816 pater,
2171 1740 2537 1798 convalescet
2567 1740 2673 1804 sic,
2706 1737 2875 1839 quasi
2912 1733 3374 1839 denuo‘factum.
3409 1728 3517 1783 Sed
3552 1715 3615 1839 ei

1969 1922 2244 1978 continuo
2280 1920 2461 1991 patris
2494 1922 2931 1973 testamentum.
2964 1914 3021 1966 Si
3071 1907 3456 1982 supervixerit
3486 1906 3617 1976 post

1971 2017 2216 2067 mortem
2275 2010 2387 2075 avi,
2446 2010 2569 2063 vivo
2627 2007 2819 2061 adhuc
2878 2008 3061 2075 patre,
3121 2002 3400 2071 rumpet;
3458 1993 3615 2066 quod

1969 2119 2153 2157 novus
2212 2100 2295 2153 illi
2352 2114 2507 2154 nunc
2552 2098 2807 2169 primum
2874 2094 3059 2148 haeres
3113 2087 3471 2146 adnoscitur.
3536 2084 3619 2139 Ita

1968 2195 2187 2257 tamen,
2223 2194 2285 2243 ut
2333 2203 2633 2258 nunquam
2689 2190 2887 2257 posset
2934 2183 3187 2237 duorum
3228 2175 3401 2234 simul
3436 2177 3617 2230 testa-

1969 2284 2168 2336 menta
2203 2294 2494 2349 rumpere,
2525 2280 2582 2330 et
2611 2276 2720 2339 avi,
2753 2278 2810 2329 et
2840 2272 3044 2344 patris.

2198 2369 2261 2423 D.
2296 2370 2353 2422 L.
2388 2368 2477 2435 49,
2507 2366 2592 2421 tit.
2629 2366 2714 2431 17,
2749 2369 2826 2420 De
2854 2368 3023 2417 castr.
3055 2358 3228 2431 pecul.
3257 2357 3295 2411 ι.
3331 2356 3381 2409 4.

2042 2459 2207 2514 Miles
2241 2456 2532 2529 praecipua
2586 2453 2798 2507 habere
2829 2452 3001 2505 debet
3034 2466 3162 2520 quae
3185 2444 3381 2501 intulit
3412 2458 3611 2498 secum

1969 2549 2029 2603 in
2061 2552 2253 2604 castra
2283 2547 2634 2601 concedente
2660 2546 2863 2614 opatre.
2916 2539 3215 2595 Actionem
3258 2531 3615 2607 persecutio-

1972 2654 2225 2708 nemque
2256 2634 2643 2691 castrensium
2688 2646 2881 2687 rerum
2944 2644 3175 2698 semper
3228 2624 3391 2679 filius.
3441 2620 3616 2676 etiam

1970 2728 2151 2784 invito
2207 2730 2368 2798 patre
2416 2724 2610 2778 habet.
2657 2721 2713 2775 Si
2780 2716 3213 2791 paterfamilias
3252 2710 3471 2768 militiae
3530 2708 3617 2764 vel

1970 2822 2101 2885 post
2133 2814 2473 2871 missionem
2508 2810 2901 2883 arrogandum
2943 2824 3002 2862 se
3051 2803 3387 2877 praebuerit,
3418 2799 3618 2854 viden-

1969 2908 2107 2962 dum
2163 2906 2297 2971 erit,
2340 2919 2411 2958 ne
2459 2902 2595 2957 huic
2643 2915 2876 2971 quoque
2917 2896 3205 2969 permissa
3264 2890 3623 2959 intelligatur

1968 3014 2168 3053 earum
2212 3011 2406 3050 rerum
2456 2989 2909 3054 administratio,
2942 3003 3087 3058 quas
3126 2988 3260 3039 ante
3305 2977 3617 3050 arrogatio-

1970 3102 2101 3141 nem
2151 3085 2210 3139 in
2261 3082 2468 3138 castris
2517 3080 2855 3152 acquisierit
2888 3094 2899 3133 :
2935 3074 3204 3147 quamvis
3243 3068 3614 3126 constitutio-

1971 3193 2073 3230 nes
2130 3173 2480 3246 principales
2536 3170 2605 3224 de
2663 3168 2753 3222 his
2799 3167 3134 3237 loquantur,
3194 3160 3288 3231 qui
3330 3159 3401 3214 ab
3448 3154 3616 3246 initio

212 3278 322 3317 non
356 3261 663 3332 rumpitur
683 3262 811 3331 ejus
833 3266 1278 3329 testamentum,
1304 3265 1441 3336 quia
1461 3244 1593 3319 c—um
1627 3265 1683 3319 id
1707 3264 1857 3335 quod
1895 3261 1936 3328 C
1977 3282 2108 3320 cum
2132 3244 2336 3319 essent
2386 3261 2486 3315 ﬁlii
2537 3258 2815 3325 familias,
2864 3251 3259 3321 militaverint,
3310 3247 3463 3320 quod
3517 3244 3615 3300 ad—

212 3356 577 3417 nasceretur,
610 3350 668 3405 in
712 3355 993 3423 potestate
1041 3354 1170 3424 ejus
1198 3370 1311 3408 non
1346 3353 1707 3425 perveniret;
1752 3371 1865 3409 non

1978 3353 2327 3408 mittendum
2359 3354 2464 3407 est.

209 3489 3623 3544 Μ

1265 3694 2585 3827 DISSERTATIO

592 3937 757 4046 DE
812 3934 1120 4045 VEBA
1190 3934 1596 4045 ᾸΕΤΑΤΕ
1664 3934 1804 4044 AC
1883 3932 2460 4048 DOCTlllNA
2526 3925 3246 4045 SCRIPTORUM

1022 4133 1203 4205 Qum
1246 4134 1712 4198 SUPERSUNT
1756 4136 1829 4207 ρ.
1876 4134 2097 4196 sap'r.
2142 4130 2669 4195 TERTULLIANI
2714 4127 2824 4207 (ι).

803 4472 1706 4565 CONSPECTUS
1813 4463 3048 4562 DISSEBTATIONIS.

808 4818 1076 4876 ARTICU
1088 4818 1214 4875 LUS
1248 4818 1293 4874 Ι.

295 4911 375 4966 De
406 4909 744 4967 Tertulliani
780 4909 1034 4981 ingenio;
1066 4908 1213 4980 etylo
1244 4912 1301 4964 et
1328 4906 1780 4964 existimatione.
1802 4907 1874 4960 89

804 4998 1199 5055 ARTICULUS
1240 4999 1312 5053 II.

298 5090 376 5145 De
408 5089 575 5146 libris
602 5088 969 5154 Tertulliani,
1004 5105 1253 5160 quorum
1294 5091 1353 5144 et
1392 5092 1553 5157 mtas,
1585 5090 1643 5143 et
1673 5087 1873 5143 ortho-

368 5178 540 5233 doxia
568 5181 855 5233 constant.
1806 5178 1875 5230 96

297 5268 326 5340 §
358 5270 411 5323 i.
445 5298 511 5308 -—
539 5267 702 5322 Ratio
734 5266 989 5322 instituti
1737 5266 1873 5321 Ibid.

298 5412 372 5482 (l)
434 5414 681 5466 Auctore
740 5415 801 5465 P.
860 5410 1179 5467 Gottcfrido
1249 5416 1517 5483 Lumper,
1594 5409 1877 5465 monacho

224 5484 597 5539 benedictino
643 5482 968 5554 imperialis
1012 5485 1348 5539 monasterii
1383 5482 1452 5539 ad
1486 5483 1877 5554 S.Georgium

226 5556 525 5629 Hercyniae
563 5556 759 5617 Silvae,
784 5572 837 5625 p.
871 5560 913 5610 t.
944 5554 1203 5629 Villingaa
1234 5556 1442 5629 priore.
1491 5558 1616 5629 Haec
1654 5556 1879 5629 disser-

229 5626 393 5682 tatio'
430 5629 722 5700 accipitur
777 5643 867 5681 ex.
908 5632 1049 5700 tom.
1106 5626 1181 5684 Vl
1234 5626 1456 5700 'operis
1528 5628 1623 5682 cui
1668 5626 1880 5682 titulus

230 5701 480 5759 Historia
537 5699 1080 5771 theologica-critica
1133 5704 1205 5758 de
1258 5699 1400 5773 vita,
1440 5700 1687 5771 scriptis:
1719 5700 1881 5771 atque

1908 4821 1953 4885 1)
2054 4816 2083 4889 §
2112 4817 2167 4869 2.
2199 4845 2268 4856 -
2288 4814 2645 4878 Ουωειίοηθε
2673 4811 2941 4883 quaedam
2974 4807 3241 4864 universe
3274 4821 3488 4879 propo-

2124 4908 2366 4960 nuntur.
3560 4892 3631 4946 97

2053 4997 2082 5068 §
2112 4995 2164 5049 3.
2196 5025 2265 5034 —
2286 4997 2547 5058 Quonam
2581 5008 2734 5047 anno
2749 4988 3141 5046 Tertullianus
3164 4987 3236 5042 ad
3259 4990 3488 5041 monta-

2125 5084 2312 5140 nistas
2369 5080 2687 5137 defecerit?
2735 5079 2962 5149 Utrum,
3013 5078 3105 5133 his
3154 5076 3394 5142 relictis,
3428 5092 3490 5131 se

2127 5176 2315 5231 denuo
2343 5174 2412 5229 ad
2446 5172 2795 5228 orthodoxos
2823 5167 3147 5240 receperit?

2058 5262 2088 5337 §
2116 5265 2168 5319 4.
2200 5262 2570 5327 —Quomodo
2602 5258 2993 5315 Tertullianus
3031 5256 3435 5312 montanizans
3461 5272 3494 5310 a

3562 5162 3632 5217 98

1986 5408 2232 5464 doctrina
2276 5409 2588 5461 sanctorum
2635 5409 2888 5469 Patrum,
2923 5403 3264 5471 aliorumque
3304 5399 3635 5468 scriptorum

1986 5481 2472 5536 ecclesiasticarum
2503 5480 2674 5533 trium
2701 5478 2955 5548 priorum
2996 5474 3320 5529 saeculorum
3367 5487 3439 5548 eo:
3484 5472 3636 5548 viro-

1990 5569 2115 5607 rum
2196 5553 2631 5608 doctissimorum
2701 5543 2996 5604 litterariis
3067 5544 3435 5599 monumentis
3514 5543 3628 5597 cot-

1994 5623 2153 5681 lecta.
