4060 6364
365 369 478 429 127
1443 353 1965 421 DISSERTATIO
2009 349 2113 411 DE
2159 350 2366 412 VERA
2416 351 2699 412 JETATE
3656 345 3779 406 128

503 498 868 555 montanista
891 497 1140 554 discerni
1168 495 1449 569 possit.Et
1469 494 1649 564 hujus
1669 488 1871 546 discri-
2039 491 2093 555 Α
2266 484 2422 540 hunc
2455 485 2827 556 conjecerant
2856 482 2917 539 in
2950 495 3171 539 annum
3194 477 3377 548 CCIX,
3408 478 3639 535 decreta

504 587 687 643 minis
719 587 981 642 vindiciis
1014 568 1293 642 adversus
1323 584 1762 640 Hoffmannum.
1943 575 2013 629 99
2265 573 2677 645 exploduntur.
3675 568 3780 622 130

436 669 530 724 87
562 671 588 737 §
616 670 670 724 5.
702 700 772 710 -——
803 669 994 722 Prima
1036 666 1242 722 classis
1284 666 1565 720 librorum
1599 662 1697 733 qui
1732 661 1872 714 sunt
2194 664 2293 720 88
2324 666 2352 731 §
2379 664 2682 720 5—Liber
2702 669 2947 736 uterque
2978 663 3048 717 de
3078 660 3247 716 Cultu
3280 659 3631 715 feminarum

504 763 766 829 tempore
800 757 1006 828 prioris
1036 756 1355 811 vexationis
1404 751 1868 809 Christianorum
2265 752 2442 807 simul
2466 754 2661 809 editus
2705 753 3036 809 ostenditur
3064 755 3268 808 contra
3306 747 3631 805 Pamelium

507 849 617 902 sub
650 848 855 902 Severo
885 848 1144 915 Augusto
1174 844 1396 914 scripti.
1914 835 2007 890 101
2265 848 2321 898 et
2351 843 2816 899 Tillemontium.
3674 836 3782 890 130

435 939 460 1004 §
486 938 521 990 6
551 967 616 978 -—
639 936 718 991 De
740 937 866 1007 ipsa
889 935 998 990 hac
1021 934 1322 990 vexatione
1344 929 1785 1003 disputatur,ita
1809 929 1872 980 ut
2194 933 2221 1001 §
2249 931 2302 986 6.
2339 963 2403 973 —
2435 935 2598 988 Anno
2630 933 2866 1005 quidem
2899 931 3030 1002 CCI,
3063 935 3164 986 aut
3191 930 3347 988 CCII.
3677 925 3785 981 132

503 1027 959 1093 demonstretur,
993 1023 1166 1079 talem
1199 1023 1490 1079 exstitisse
1521 1025 1652 1076 ante
1683 1014 1876 1073 Severi
2199 1019 2228 1092 §
2258 1021 2314 1074 7.
2345 1053 2412 1062 —-
2444 1023 2613 1078 Liber
2641 1024 2712 1078 de
2743 1023 2900 1093 Fuga
2929 1022 2986 1076 in
3019 1019 3421 1094 persecutione
3449 1016 3634 1072 vindi-

503 1113 781 1183 edictum,
803 1130 981 1184 quam
1011 1114 1070 1168 in
1097 1130 1217 1168 rem
1247 1109 1559 1183 pr0positis
1582 1103 1876 1164 Moshemii
2269 1114 2438 1164 catur
2468 1127 2619 1166 anno
2650 1111 2802 1166 CCII.
3643 1103 3784 1161 Ibid.

503 1203 867 1274 argumentis
887 1202 1001 1256 alia
1023 1218 1168 1257 nova
1189 1197 1876 1272 adjiciuntur,etinitium
2201 1197 2304 1271 §8.
2339 1230 2406 1241 —-
2448 1199 2826 1256 Examinatur
2874 1199 3176 1273 popularis
3228 1197 3522 1255 sententia
3567 1195 3639 1251 de

504 1292 727 1362 cepisse
758 1296 824 1345 Α.
861 1291 920 1346 Ρ.
956 1290 1019 1346 C.
1052 1291 1118 1346 N.
1154 1290 1406 1346 CXCVII.
1878 1281 2018 1340 Ibid“
2269 1287 2417 1343 libro
2445 1290 2749 1362 Scorpiace
2801 1289 2968 1346 libris
2997 1288 3340 1345 Tertulliani
3380 1287 3452 1343 ad
3485 1285 3638 1340 Mar-

429 1381 515 1448 §7
538 1411 602 1421 —
627 1383 765 1444 Quae
789 1397 976 1436 causa
1013 1380 1189 1450 hujus
1219 1379 1429 1450 prioris
1461 1376 1802 1433 vexationis.
1919 1374 2019 1429 104
2270 1376 2494 1434 cionem
2556 1379 2894 1450 posteriore,
2936 1378 3126 1450 deque
3175 1379 3303 1448 ejus
3361 1376 3639 1432 adversus

434 1468 464 1541 §
493 1470 546 1524 8.
584 1499 649 1510 -—
682 1468 922 1524 Initium
955 1468 1276 1524 vexationis
1325 1467 1646 1524 Christian.
1682 1483 1750 1520 ex
1780 1482 1874 1520 an.
2269 1466 2428 1522 hunc
2456 1467 2620 1524 libris
2651 1467 2970 1541 deperditis
3003 1467 3362 1539 disputatur.
3687 1463 3793 1518 133

507 1574 622 1629 quo
671 1558 845 1630 periit
895 1558 1138 1614 Albinus
1186 1559 1630 1614 demonstratur
1661 1581 1675 1624 ;
1721 1554 1877 1610 hunc
2198 1554 2306 1628 §9.
2340 1586 2407 1598 —
2439 1558 2807 1630 Scorpiacem
2831 1574 2983 1614 anno
3015 1557 3177 1614 CCIV
3199 1557 3481 1628 scriptam
3512 1569 3643 1610 esse

506 1663 638 1703 vero
688 1665 783 1702 an.
833 1648 1067 1704 CXCVII
1119 1648 1489 1703 interfectum
1558 1661 1685 1701 esse
1740 1660 1874 1716 pro-
2272 1645 2597 1702 conficitur.
3681 1641 3794 1696 135

508 1737 685 1791 batur
715 1737 904 1808 primo
935 1754 1003 1792 ex
1045 1736 1250 1792 ordine
1281 1735 1414 1792 belli
1449 1737 1601 1806 quod
1633 1738 1877 1788 Severus
2201 1735 2228 1802 §
2262 1735 2349 1788 10.
2369 1766 2436 1775 -
2463 1735 2620 1790 Libri
2643 1735 2690 1789 V
2713 1735 2811 1807 qui
2835 1738 3158 1808 supersunt
3187 1735 3471 1790 adversus
3500 1735 3644 1787 Mar-

506 1842 638 1880 cum
673 1825 988 1881 Pescennio
1039 1825 1215 1897 Nigro
1262 1825 1463 1897 gessit.
1496 1824 1694 1880 Obiter
1725 1839 1876 1894 quaa-
2046 1866 2094 1933 Β
2269 1832 2493 1880 Clonem
2544 1841 2794 1896 quorum
2845 1825 3071 1898 primus
3124 1825 3374 1880 refertur
3403 1823 3473 1878 ad
3535 1838 3642 1876 an-

524 1916 538 1933 .
603 1932 626 1933 η
854 1915 865 1926 ε
1029 1915 1167 1933 μη·
1491 1912 1847 1933 _,,,-.:___.___
2472 1917 2645 1933 μου..
2765 1919 2798 1933 κ.
2871 1915 3081 1933 ..αντη
3462 1912 3641 1933 μυ--

507 1916 642 1969 dam
675 1921 824 1970 nota:
852 1915 911 1969 in
942 1915 1205 1971 nummis
1252 1915 1442 1969 Severi
1483 1912 1868 1985 explicantur,
2046 1912 2094 1933 "
2266 1931 2407 1968 num
2469 1917 2646 1972 CCVII
2707 1919 2808 1971 aut
2868 1915 3105 1984 CCVIII,
3167 1919 3402 1970 caeteros
3455 1912 3645 1968 dubia;

505 2007 564 2058 et
595 2003 902 2060 Moshemii
933 2005 1186 2060 rationes
1215 2004 1622 2059 emendantur.
1912 1999 2014 2053 105
2264 2003 2449 2058 (etatis
2479 2020 2608 2059 esse
2637 2005 2896 2060 docetur.
3672 2000 3780 2055 136

436 2092 547 2167 §9.
577 2121 651 2137 —
687 2093 964 2149 Albinum
1013 2111 1165 2150 anno
1213 2093 1453 2148 CXCVII
1499 2091 1868 2148 interfectum
2191 2094 2219 2160 §
2267 2094 2353 2147 11.
2413 2123 2482 2132 —
2529 2092 2887 2150 Tillemontii
2938 2092 3230 2150 contraria
3273 2091 3470 2166 Opinio
3519 2090 3781 2162 castiga-

509 2183 692 2238 fuisse
731 2183 1010 2254 probatur
1035 2184 1291 2240 secundo
1341 2199 1374 2237 a
1403 2187 1664 2253 tempore
1693 2196 1868 2252 expu-
2266 2185 2382 2237 tur.
3673 2180 3781 2234 137

507 2273 669 2345 gnati
699 2272 979 2344 Byzantii.
1911 2268 2012 2322 108
2193 2269 2222 2342 §
2255 2272 2338 2324 12.
2373 2301 2440 2313 —
2472 2271 2645 2328 Liber
2674 2273 2744 2328 de
2783 2272 2984 2328 Pallio.
3019 2271 3366 2344 Disputatur
3408 2271 3480 2326 de
3526 2269 3632 2325 tri-

439 2363 466 2430 §
499 2363 583 2416 10.
615 2392 682 2402 —-
714 2362 1001 2417 Probatur
1033 2361 1222 2431 tertio,
1246 2378 1313 2417 ex
1344 2377 1516 2428 anno,
1551 2375 1664 2431 quo
1697 2361 1867 2414 Cara-
2263 2359 2400 2433 plici
2435 2362 2738 2432 praesentis
2770 2361 3000 2434 imperii
3032 2363 3266 2428 virtute,
3299 2365 3356 2416 et
3385 2359 3632 2432 inquiri-

507 2449 694 2506 callus
715 2451 977 2506 Cassariis
995 2451 1340 2523 dignitatem
1372 2455 1429 2505 et
1456 2452 1595 2506 SCto
1626 2448 1869 2520 accepit.
1913 2446 2014 2501 109
2263 2454 2359 2505 tur
2390 2451 2448 2504 in
2472 2468 2693 2506 annum
2728 2468 2842 2522 quo
2869 2456 3012 2508 Geta
3041 2450 3383 2524 dignitatem
3402 2453 3632 2522 Augus-

437 2540 465 2606 §
491 2541 575 2595 11.
600 2571 666 2580 --
690 2542 730 2595 E
750 2539 874 2595 loco
905 2541 1162 2611 quodam
1194 2538 1537 2595 Tertulliani
1565 2539 1634 2594 ad
1654 2543 1871 2608 Scapu-
2265 2539 2309 2593 ti
2349 2540 2630 2612 suscepit,
3673 2536 3781 2592 139

507 2627 645 2700 lam,
704 2629 806 2700 qui
861 2646 995 2684 cum
1051 2629 1164 2684 alio
1218 2630 1512 2700 Spartiani
1555 2628 1871 2693 confertur,
2195 2631 2223 2697 §
2255 2629 2338 2683 13.
2371 2661 2439 2669 —
2470 2629 2660 2684 Dubia
2689 2630 2955 2686 redditur
2995 2629 3262 2701 Basnagii
3295 2634 3352 2686 et
3384 2626 3633 2684 Walchii

508 2717 837 2773 ostenditur
878 2735 1030 2774 anno
1080 2717 1309 2775 CXCVII
1362 2717 1594 2773 initium
1627 2717 1871 2788 cepisse.
2267 2718 2577 2787 sententia,
2611 2719 2706 2789 qui
2738 2736 2831 2774 an.
2867 2721 3026 2776 CCXI
3075 2719 3231 2774 hunc
3263 2719 3477 2774 librum
3509 2716 3632 2772 edi-

508 2807 761 2880 priorem
795 2807 945 2863 hanc
974 2809 1335 2863 vexationem
1383 2805 1843 2862 Christianorum
1874 2803 2012 2860 Ibid.
2265 2811 2390 2862 tum
2421 2824 2550 2863 esse
2583 2808 2908 2877 voluerunt,
2941 2813 2999 2865 et
3027 2827 3122 2865 an.
3155 2809 3365 2864 CCVIII
3395 2805 3630 2863 libellus

437 2896 466 2969 §
500 2899 587 2951 12.
608 2927 674 2936 —
698 2897 858 2950 Idem
882 2897 1320 2951 demonstratur
1345 2895 1588 2950 ulterius
1610 2911 1678 2950 ex
1707 2899 1875 2950 aetate
2265 2896 2570 2952 asseritur.
3674 2894 3781 2949 144

506 2985 867 3057 Apologetici
892 2985 1257 3052 Tertulliani,
1291 2992 1750 3057 ceterorumque
1798 2984 1871 3038 li-
2195 2986 2221 3053 §
2253 2985 2337 3039 14.
2372 3017 2440 3024 -
2471 2986 2706 3042 Librum
2741 2987 2812 3042 ad
2864 2987 3175 3059 Scapulam
3225 2986 3332 3043 sub
3391 2985 3626 3040 initium

504 3075 747 3131 brorum
778 3074 876 3147 qui
905 3091 1040 3130 eum
1071 3079 1524 3130 antecesserunt.
1915 3074 2017 3129 110
2266 3075 2494 3146 imperii
2526 3076 2803 3132 Antonini
2855 3076 3154 3145 Caracalli,
3185 3094 3259 3132 an
3305 3078 3467 3133 CCXI
3500 3091 3630 3148 pro-

439 3161 573 3236 §13.
589 3194 658 3204 -ο
675 3168 839 3220 ίΕῐαε
863 3164 993 3236 ipsa
1011 3163 1293 3220 librorum
1321 3164 1499 3235 hujus
1521 3158 1752 3235 generis
1772 3169 1874 3218 de-
2267 3163 2447 3220 diisse
2478 3165 2781 3237 probatur.
3674 3162 3786 3217 143

510 3253 733 3320 ﬁnitur,
804 3254 884 3309 ita
951 3257 1014 3308 ut
1074 3253 1222 3309 liber
1294 3254 1367 3309 ad
1437 3254 1719 3326 Martyres
1777 3269 1872 3307 an.
2048 3240 2092 3307 C

505 3341 749 3397 CXCVII
808 3341 884 3397 sit
931 3347 1250 3411 exaratus;
1311 3342 1643 3398 Hotl‘manni
1687 3343 1876 3412 conje-
2693 3327 3087 3384 ARTICULUS
3113 3327 3209 3388 IV.

510 3435 686 3530 Pium
719 3430 1132 3530 ςξριοάιξηιιίτο
1209 3525 1216 3530 ι
1345 3519 1382 3530 Π
1614 3520 1875 3530 humum
1917 3431 2013 3485 “1
2196 3450 2278 3508 De
2309 3449 2472 3506 libris
2527 3452 2896 3520 Tertulliani,
2947 3470 3198 3526 quorum
3227 3452 3317 3510 vel
3350 3458 3511 3520 satas,
3547 3453 3636 3509 vel

437 3520 464 3587 δ
496 3519 581 3574 1⁴’
616 3550 683 3560 -
727 3519 897 3614 Fiber
939 3522 1009 3576 de
1057 3519 1418 3614 SPectf‘WUIis
1462 3537 1581 3614 af)”
1609 3520 1876 3614 CXCV!“
2269 3540 2552 3609 doctrina,
2587 3540 2673 3598 vel
2705 3519 3146 3614 utraque-latet.
3500 3519 3504 3520 ί
3677 3543 3783 3598 144

513 3609 903 3680 conscriptus.
985 3609 1393 3666 Dubitationes
1475 3608 1875 3674 Tillemontii,

2274 3630 2308 3683 ι.
2342 3660 2409 3670 -
2449 3608 2640 3686 Tertia
2689 3608 2899 3687 classis
2951 3633 3236 3689 librorum
3268 3632 3634 3698 Tertulliani,

512 3697 845 3753 Hoﬂ'manni
875 3703 933 3754 et
967 3699 1198 3771 Dupinii
1233 3698 1560 3755 solvuntur.
1919 3697 2019 3753 113

2274 3736 2439 3790 quos,
2475 3720 2746 3792 quamvis
2790 3720 3020 3777 incerta;
3051 3721 3236 3778 (etatis
3266 3723 3406 3794 sint,
3438 3726 3635 3777 tamen

441 3786 470 3860 ἓ
500 3787 586 3882 1i?-
614 3818 678 3827 ·-
702 3787 863 3882 [ἕξετ’
883 3788 954 3844 de
981 3787 1522 3882 IdQIOIatﬂlaPidem
1547 3804 1878 3882 ωηο-⁸⁸³⁸·
2271 3786 2508 3864 constat
2567 3808 2818 3882 scriptos
2875 3815 3010 3866 ante
3065 3812 3192 3882 ejus
3253 3786 3634 3868 defectionem

512 3877 679 3932 ritur.
730 3876 1088 3934 Tillemontii
1127 3884 1184 3935 et
1228 3879 1876 3950 Hoﬂ'manniconjectu-
2273 3897 2474 3954 fuisse,
2688 3876 2706 3882 ⁷
3093 3876 3113 3882 ⁷
3641 3899 3781 3957 Ibzd.

511 3983 587 4022 ras
613 3965 1031 4039 dispelluntur.
1921 3968 2022 4023 115
2200 3986 2308 4054 §2.
2336 4016 2405 4026 -—
2431 3987 2603 4043 Liber
2643 3988 2716 4044 de
2759 3987 3030 4046 Oratione
3078 3993 3211 4046 ante
3252 3989 3637 4047 defectionem

440 4055 469 4128 ἓ
505 4057 588 4148 16.
622 4087 692 4098 -
719 4056 1136 4132 Apologeticus
1160 4075 1256 4114 an.
1288 4057 1494 4114 CXCIX
1524 4057 1882 4130 compositus
2000 4146 2023 4148 Α
2273 4075 2548 4148 scriptus.
3643 4077 3784 4134 Ibid-

518 4145 970 4248 dfmonstratur.
1126 4237 1142 4248 .
1280 4236 1313 4248 η
1683 4236 1881 4248 “mm
1922 4146 2023 4203 117
2204 4165 2307 4233 §3.
2339 4145 2410 4206 -—_
2441 4165 2609 4223 Liber
2639 4167 2710 4222 de
2741 4167 3036 4240 Baptismo
3067 4185 3101 4224 a
3147 4167 3504 4224 Tertulliano
3544 4185 3638 4224 ca-

447 4233 476 4306 ἒ
508 4234 594 4288 17.
623 4234 882 4335 —-.Libri
913 4235 1028 4291 duo
1075 4237 1146 4293 ad
1196 4236 1460 4293 nationes
1491 4254 1643 4294 anno
1676 4236 1883 4294 CXCIX

2274 4252 2490 4310 tholico
2521 4233 3245 4314 exaratusiConfutantur
3294 4263 3643 4332 argumenta

519 4325 741 4395 scripti.
1924 4325 2027 4382 120

2274 4342 2767 4400 dissentientium.
3362 4325 3393 4332 v
3683 4348 3788 4403 148

446 4411 593 4485 ἒ18.
639 4444 693 4454 -
745 4413 916 4510 Liber
961 4415 1033 4471 de
1079 4415 1414 4473 testimonio
1453 4417 1662 4474 anim!!!
1692 4416 1882 4473 eidem
2204 4432 2313 4501 §4.
2344 4463 2413 4473 -—
2446 4433 2742 4491 Pamelius
2803 4439 2860 4491 et
2917 4436 3206 4510 Dupinius
3254 4437 3640 4510 castigantur.

517 4519 670 4560 anno
693 4505 994 4562 asseritur.
1923 4505 2021 4561 121

2275 4521 2505 4579 Puritas
2562 4521 2698 4578 libri
2734 4541 2768 4580 a
2821 4505 3215 4583 Monte—nismo
3274 4505 3642 4584 demonstra-

2274 4616 2388 4667 tur.
3684 4617 3796 4672 152

927 4668 1332 4726 ARTICULUS
1373 4671 1472 4726 ω’
2054 4621 2098 4685 D
2201 4700 2231 4775 §
2445 4701 2601 4757 Libri
2628 4703 2678 4758 II
2707 4705 2779 4760 ad
2811 4721 3051 4762 uxorem
3078 4709 3212 4762 ante
3240 4705 3476 4779 lapsum
3505 4705 3642 4764 Ter-

447 4806 530 4863 De
557 4807 724 4865 libris
753 4810 1095 4866 Tertulliani
1118 4829 1368 4886 quorum
1391 4817 1449 4870 et
1475 4818 1613 4871 etas
1644 4817 1701 4870 et
1729 4819 1884 4870 Mon-
2274 4789 2506 4848 tullium
2537 4793 2776 4850 exarati'
3685 4794 3794 4851 156

519 4897 814 4956 tanismus
845 4906 1090 4958 constat.
1920 4903 2025 4958 122
2719 4955 2843 4958 ,__
3019 4933 3028 4944 ι

447 4989 475 5054 §
509 4988 556 5041 1.
575 5019 644 5028 —
672 4955 837 5044 Liber
854 4955 937 5045 de
965 4955 1188 5049 Corona
1217 5011 1311 5050 an.
1335 4997 1442 5050 CCI
1471 4995 1715 5051 docetur
1743 5010 1882 5050 con-
1923 4955 1945 4958 —
1965 4955 1981 4957 τ
2008 4955 2015 4956 7
2305 5025 2310 5034 -
2700 4955 3102 5013 ARTICULUS
3139 4956 3207 5014 ν’

521 5077 798 5148 scriptus.
1887 5083 2022 5138 Ibid.
2207 5081 2423 5146 Quarta
2478 5080 2686 5139 classis
2740 5082 3047 5153 librorum,
3105 5100 3360 5158 quorum
3409 5085 3645 5142 nonnisi

452 5168 480 5235 §
514 5169 569 5223 2.
601 5199 670 5207 —
699 5172 876 5225 Secus
899 5171 1278 5227 sentientium
1322 5173 1625 5244 Opiniones
1669 5173 1884 5229 exami-
2285 5171 2708 5228 Montanismus
2739 5177 2918 5244 patet.
3689 5177 3799 5231 157

521 5261 758 5327 nantur,
794 5263 852 5314 et
883 5260 941 5315 in
977 5260 1182 5332 primis
1232 5260 1563 5316 IIotI’manni
1609 5266 1665 5317 et
1711 5261 1882 5329 Orsii,
2207 5257 2238 5330 §
2269 5259 2320 5313 1.
2346 5289 2416 5300 -
2439 5260 2604 5317 Liber
2633 5263 2702 5319 de
2723 5264 3032 5320 Patientia.
3647 5265 3793 5322 Ibid.

521 5345 621 5416 qui
671 5346 838 5402 illum
898 5365 1050 5405 anno
1108 5349 1360 5406 CXCVIII
1419 5349 1771 5422 tribuerunt,
1831 5356 1888 5408 et
2209 5346 2314 5414 §2.
2354 5379 2408 5389 —
2440 5349 2608 5406 Liber
2635 5352 2709 5408 de
2735 5352 2997 5409 velandis
3027 5352 3389 5426 Virginibus,
3425 5354 3526 5426 qui
3557 5359 3647 5411 est

521 5435 706 5508 Pagii,
738 5438 838 5507 qui
869 5455 1003 5493 eum
1037 5439 1441 5510 assignaverat
1469 5456 1561 5493 an.
1588 5441 1740 5496 CCII.
1927 5441 2029 5497 126
2298 5441 2464 5499 facile
2496 5440 2778 5497 librorum
2812 5441 3360 5498 montanisticorum
3390 5444 3637 5515 primus.
3688 5445 3798 5499 159

453 5523 483 5591 §
509 5522 563 5578 3.
597 5555 666 5564 ——
692 5527 926 5582 Baronii
958 5531 1309 5600 argumenta
1350 5527 1754 5585 convelluntur
1782 5546 1887 5603 pro
2211 5536 2239 5603 §
2270 5534 2304 5588 3
2330 5563 2400 5572 —
2430 5531 2602 5587 Liber
2631 5531 2702 5587 de
2732 5530 3104 5586 Exortatione
3137 5531 3446 5588 castitatis.
3691 5535 3809 5590 160

523 5628 675 5670 anno
705 5615 938 5672 CXCIX.
1929 5621 2030 5677 129
2212 5622 2240 5696 ἓ
2270 5623 2321 5678 4.
2357 5652 2423 5663 -
2459 5619 2622 5677 Liber
2649 5621 2721 5678 de
2753 5619 3144 5694 Monogamia,
3175 5619 3427 5692 Jejuniis
3457 5624 3514 5678 et
3543 5620 3650 5678 Pu-

449 5699 480 5774 §
500 5701 553 5756 4.
576 5732 644 5743 —
666 5703 928 5777 Denique
956 5703 1200 5764 Pamelii
1224 5709 1282 5764 et
1296 5703 1516 5779 Allixii,
1549 5707 1650 5781 qui
1671 5707 1888 5768 librum
2283 5708 2500 5767 dicitis.
3690 5711 3791 5768 161
