4060 6360
250 356 363 416 129

284 488 385 563 §5.
416 517 485 529 ο-
518 485 678 543 Libri
712 486 994 542 adversus
1022 485 1468 557 Hermogenem,
1501 486 1774 542 Praxeam

390 581 446 633 et
471 577 543 632 de
578 577 816 632 Anima.
1801 574 1906 631 462

285 670 382 737 §6.
414 698 480 707 -—-
519 665 683 721 Libri
747 666 1027 721 adversus
1075 664 1533 733 Valentinianos,
1586 670 1643 721 et
1694 665 1763 720 de

360 754 935 828 Praescriptionibus,
965 758 1145 811 Carne
1169 755 1406 823 Christi,
1435 760 1492 810 et
1550 756 1761 811 Resur-

364 849 638 903 reotione.
1802 843 1824 898 4
1854 844 1905 898 ‘4

753 952 852 1008 89
887 948 1283 1006 ARTICULUS
1325 946 1409 1004 VI.

256 1071 473 1139 Quinta
504 1068 735 1137 classis,
761 1068 1045 1123 librorum
1077 1083 1329 1138 quorum
1363 1082 1467 1122 nec
1497 1069 1657 1133 tetas,
1690 1082 1794 1122 nec

431 1160 699 1215 doctrina.
730 1163 890 1213 certa
913 1164 1019 1212 est.

287 1249 317 1323 §
342 1249 398 1307 4.
429 1278 499 1291 —
529 1248 698 1303 Liber
727 1250 797 1303 de
827 1244 1199 1301 Pmnitentia.

1802 1155 1905 1211 168

1760 1248 1899 1303 Ibid.

826 1594 1231 1651 ARTICULUS
1276 1595 1319 1649 Ι.

324 1688 399 1742 De
430 1685 758 1742 Tertulliani
780 1685 1025 1757 ingenio,
1059 1684 1198 1755 ctylo
1219 1691 1272 1737 et
1315 1682 1753 1737 existimatione.

323 1775 575 1831 Multum
605 1774 865 1830 valuisse
895 1770 1552 1829 Tertullianumlitteris
1583 1787 1901 1840 earumque

255 1865 525 1931 scientia,
564 1862 1110 1926 commentationes,
1153 1877 1302 1931 quas
1342 1859 1544 1927 edidit,
1580 1859 1909 1915 luculenter

254 1952 572 2021 declarant,
611 1952 819 2008 Judice
877 1949 1150 2021 Dupinio,
1205 1968 1225 1996 ι
1273 1948 1425 2003 acris
1473 1954 1528 2003 et
1578 1950 1732 2003 acuti
1782 1954 1906 2003 erat

260 2042 501 2113 ingenii,
525 2046 586 2096 at
614 2058 729 2096 non
765 2039 911 2095 satis
934 2038 1190 2094 accurati
1222 2042 1279 2093 et
1301 2036 1466 2092 recti.
1519 2036 1655 2092 Plus
1703 2036 1903 2108 splen-

251 2131 411 2185 doris
437 2147 591 2202 saape
622 2131 752 2201 ejus
773 2130 927 2184 inest
941 2126 1262 2183 ratiociniis
1285 2143 1460 2197 quam
1487 2125 1681 2181 solidi.
1716 2125 1907 2181 Al‘ﬁcit

258 2227 313 2275 et
342 2219 686 2292 perstringit
724 2217 922 2289 potius
952 2217 1118 2273 novis
1166 2222 1223 2270 et
1268 2215 1573 2271 inusitatis
1629 2214 1904 2271 elocutio-

256 2310 453 2376 nibus,
475 2325 653 2380 quam
676 2308 731 2363 vi
764 2308 1058 2363 rationum
1112 2304 1422 2361 convincit.
1458 2305 1567 2360 Res
1625 2305 1903 2360 atfectataa

266 2403 430 2463 sunt,
462 2404 521 2452 et
558 2396 856 2451 interdum
890 2395 1191 2466 aliquanto
1223 2393 1458 2448 inﬂatae.
1515 2399 1730 2465 Lepore
1778 2394 1905 2465 qui-

257 2486 392 2542 dem
425 2487 656 2557 grandi,
693 2491 753 2541 at
801 2501 1006 2556 parum
1030 2485 1284 2555 genuino
1311 2499 1410 2537 eas
1441 2483 1732 2553 exprimit.
1764 2483 1909 2538 Prae-

257 2581 345 2631 ter
374 2576 619 2630 modum
652 2573 1115 2645 saepeloquitur:
1149 2572 1207 2626 in
1228 2572 1503 2627 omnibus
1564 2571 1679 2626 fere
1736 2573 1907 2627 elfcr-

258 2664 440 2719 vescit
480 2668 538 2718 et
592 2663 852 2718 effertur.
926 2661 1155 2732 Figuris
1210 2663 1266 2714 et
1321 2659 1653 2730 hyperbolis
1701 2665 1905 2716 scatet.

264 2752 449 2809 Multa
479 2752 724 2807 scientia
741 2750 1133 2807 eteruditione
1162 2748 1419 2819 repletus
1433 2753 1701 2819 erat,qua
1731 2766 1909 2820 appo-

264 2843 375 2898 site
443 2842 767 2897 admodum
849 2840 1143 2894 utebatur.
1189 2838 1253 2891 In
1312 2844 1508 2908 satyra
1558 2838 1907 2894 excellebat:

264 2931 392 3001 ejus
419 2930 632 2986 urbani
665 2929 818 2985 sales
849 2934 907 2984 et
947 2928 1250 2983 mordaces
1293 2930 1481 2981 erant.
1532 2928 1912 2983 Adversarios

268 3021 470 3075 dextre
503 3019 908 3091 impugnabat,
931 3023 988 3072 et
1017 3033 1113 3071 eos
1146 3016 1443 3071 rationum
1503 3015 1656 3070 inter
1703 3032 1765 3071 se
1817 3032 1913 3072 co-

264 3108 617 3165 haerentium
688 3106 1064 3162 multitudine
1134 3105 1433 3159 obruebat.
1521 3105 1776 3175 Denique
1852 3105 1912 3159 ni

1112 355 1210 416 AC
1252 354 1647 417 DOCTRINA
1693 353 2195 417 SGRIPTORUM
2239 357 2769 423 TERTULLIANI

3548 361 3666 419 430

1939 485 1995 552 Α
2059 485 2162 558 §2.
2188 519 2256 529 —
2288 489 2458 545 Liber
2478 491 2759 547 adversus
2787 490 3044 547 Judasos.
3565 492 3667 546 170

2054 581 2080 645 §
2111 578 2161 633 3.
2187 611 2210 619 ο
2232 610 2253 619 -
2286 579 2365 634 De
2400 580 2559 635 Actis
2590 581 2881 651 Perpetuae
2914 586 2971 636 et
2996 579 3330 647 Felicitatis,
3360 580 3469 636 ho-

2159 686 2407 740 rumque
2434 670 2844 725 Montanismo.
3558 668 3654 725 474

2050 758 2152 813 90
2184 760 2283 827 §4.
2313 791 2379 799 -—
2414 764 2489 813 De
2520 758 2889 813 Montanistis
2917 758 3274 826 Artotyritis.
3558 759 3662 813 174

2051 849 2150 915 §5.
2188 880 2251 889 -
2284 848 2580 903 Whistoni
2612 852 2960 917 argumenta
2990 864 3092 918 pro
3124 845 3485 901 Tertulliano

2134 942 2369 994 auctore
2399 937 2609 993 horum
2642 940 2905 991 actorum
2939 937 3372 1007 expenduntur.
3560 935 3667 990 476

2046 1028 2156 1095 §6.
2191 1058 2256 1068 —
2290 1027 2441 1082 Usus
2474 1027 2759 1081 universas
2806 1024 2986 1096 hujus
3060 1023 3479 1095 Disputationis

2121 1114 2402 1188 exemplis
2434 1132 2503 1171 ex
2535 1114 2777 1170 historia
2793 1114 3122 1169 Christiana
3153 1113 3345 1168 ductis
3382 1113 3478 1168 de-

2137 1208 2521 1261 monstratur.
3552 1202 3654 1256 177

2009 1592 2177 1648 Habet
2207 1600 2391 1647 tamen
2441 1590 2777 1645 Tertulliani
2833 1589 3010 1661 stylus
3066 1587 3411 1659 majestatem
3471 1605 3666 1660 quam-

2011 1682 2136 1737 dam
2166 1682 2277 1736 sibi
2322 1682 2629 1751 propriam,
2688 1682 2741 1734 et
2797 1678 3060 1748 grandem
3107 1678 3496 1750 eloquentiam,
3546 1679 3663 1735 sate

2010 1780 2064 1827 et
2084 1773 2341 1826 acumine
2370 1770 2683 1840 plurimum
2714 1769 3023 1833 conditam,
3048 1782 3172 1838 qm
3200 1769 3366 1822 simul
3425 1768 3661 1837 tegenti:

2010 1861 2309 1932 ingenium
2327 1864 2561 1926 exercet,
2592 1867 2645 1913 et
2676 1860 2922 1913 animam
2943 1859 3185 1912 suaviter
3214 1856 3444 1911 delectat
3474 1857 3663 1929 (Cave,

2017 1951 2149 2005 Hist.
2185 1951 2424 2004 titterar.
2449 1953 2592 2003 tom.
2618 1947 2659 2015 Ι,
2688 1963 2819 2019 pag.
2852 1948 2943 2016 92,
2978 1947 3113 2002 edit.
3162 1945 3561 2018 Basilcensis).

2087 2040 2164 2093 Ex
2188 2055 2368 2110 supra
2398 2038 2573 2092 dictis
2601 2036 3002 2109 (prosequitur
3059 2035 3368 2107 Dupinius)
3428 2053 3542 2091 non
3579 2040 3669 2093 est

2014 2128 2252 2183 difficile
2274 2127 2563 2198 judicare,
2591 2127 2722 2197 quis
2756 2126 2930 2181 fuerit
2959 2124 3303 2180 Tertulliani
3344 2124 3660 2181 character.

2013 2217 2228 2272 Verum
2252 2233 2414 2287 usque
2439 2232 2551 2271 non
2584 2222 2673 2270 est
2700 2214 2866 2270 facile
2897 2230 3176 2283 asserere,
3225 2218 3421 2269 utrum
3468 2214 3662 2283 laude,

2017 2323 2193 2377 quam
2216 2305 2502 2377 vituperio
2534 2305 2611 2359 sit
2660 2305 2921 2375 dignior;
2956 2320 3091 2358 nam
3142 2303 3329 2375 primo
3376 2303 3425 2358 si
3466 2303 3535 2358 de
3594 2321 3661 2360 eo

2009 2391 2813 2466 judicatur,proutEcclesias
2855 2391 3141 2455 inserviit,
3201 2391 3438 2447 difﬁcile
3496 2392 3657 2448 dictu

2017 2490 2125 2550 est,
2160 2500 2232 2538 an
2257 2483 2306 2538 ei
2340 2483 2529 2553 magis
2596 2482 2879 2547 nocuerit,
2934 2498 3109 2551 quam
3161 2481 3461 2552 profuerit.
3520 2482 3662 2539 Inde

2018 2573 2174 2627 enim
2198 2574 2323 2642 ejus
2345 2571 2670 2627 doctrinam
2705 2574 2907 2625 contra
2930 2568 3127 2640 plures
3186 2568 3485 2624 haereticos
3543 2571 3652 2625 for.

2018 2663 2154 2717 titer
2184 2660 2592 2733 prOpugnavit,
2628 2661 2685 2714 in
2719 2658 3075 2730 quibusdam
3139 2658 3415 2729 operibus
3473 2658 3666 2730 capita

2020 2768 2135 2807 non
2166 2752 2313 2807 levia
2343 2752 2471 2821 ejus
2520 2748 2842 2820 disciplinae
2895 2748 3081 2803 tuitus
3139 2751 3248 2817 est,
3305 2752 3364 2802 et
3411 2748 3665 2819 denique

2022 2858 2214 2896 mores
2246 2840 2485 2911 pulchre
2504 2840 2722 2911 passim
2755 2838 2987 2905 docuit;
3014 2841 3073 2892 at
3104 2836 3239 2891 hinc
3273 2840 3661 2909 praeterquam

2021 2931 2177 3001 quod
2209 2928 2655 3000 sempermultis
2686 2928 2932 2982 infectus
2952 2924 3663 2983 fuiterroribus.Ecclesite

2021 3019 2396 3091 disciplinam
2429 3019 2644 3073 diserte
2676 3015 3064 3088 impugnavit,
3118 3020 3429 3086 postquam
3479 3017 3551 3070 ab
3595 3032 3664 3072 ea

2022 3108 2282 3163 descivit.
2316 3107 2375 3162 Si
2407 3106 2617 3161 deinde
2648 3106 2719 3159 de
2741 3105 3127 3176 eojudicatur
3156 3120 3223 3158 ex
3243 3105 3370 3174 ejus
3402 3103 3659 3176 ingenio,

266 3198 592 3254 ratiociniis
624 3196 958 3269 persuadet,
982 3210 1335 3250 consensum
1365 3192 1571 3249 saltem
1604 3198 1911 3265 extorquet
1941 3211 1982 3277 ρ
2021 3202 2183 3252 tanto
2217 3196 2395 3268 pollet
2424 3199 2481 3250 et
2504 3196 2653 3249 bono
2684 3200 2741 3249 et
2772 3193 2946 3258 malo,
3010 3196 3073 3247 ut
3121 3193 3273 3262 quod
3330 3192 3659 3263 praevaleat,

263 3287 573 3359 splendida
598 3287 834 3356 ;ratione
883 3284 1134 3340 dicendi.
1186 3284 1325 3353 Ejus
1382 3281 1568 3338 oratio
1624 3282 1909 3352 laconica,

262 3377 552 3432 dictiones
571 3376 800 3440 validas,
832 3380 890 3429 et
920 3374 977 3429 in
1008 3374 1136 3444 ejus
1168 3371 1403 3443 scriptis
1426 3371 1669 3427 totidem
1709 3373 1906 3440 verba,

256 3465 507 3520 totidem
540 3466 658 3520 fere
717 3462 1038 3519 sententia.
1078 3461 1205 3516 Non
1256 3460 1549 3516 immerito
1608 3466 1804 3516 tamen
1846 3461 1905 3516 in

255 3553 326 3608 iis
357 3554 471 3609 tria
516 3555 703 3625 carpit
752 3553 1065 3607 Lactantius
1095 3551 1237 3605 vitia
1285 3566 1401 3605 non
1457 3551 1900 3606 contemnenda.

258 3642 681 3712 Tertullianus,
730 3641 942 3706 inquit,
979 3638 1229 3711 plurima
1268 3648 1393 3694 erat
1439 3639 1751 3694 litteratura
1804 3656 1903 3710 pe-

264 3732 429 3797 ritus,
476 3747 678 3787 verum
732 3732 787 3784 in
849 3729 1108 3800 loquendo
1190 3744 1394 3799 parum
1448 3730 1651 3798 facitis,
1707 3745 1906 3800 parum

256 3822 528 3891 comptus,
559 3824 611 3875 et
640 3821 879 3874 multum
917 3819 1175 3874 obscurus
1207 3819 1486 3889 (Lactant.
1543 3817 1644 3872 lib.
1724 3835 1759 3873 v
1812 3820 1905 3873 In-

255 3911 433 3964 stitut.
476 3908 746 3974 divinar.,
799 3925 926 3980 cap.
973 3908 1048 3979 4).
1095 3907 1229 3963 Tria
1274 3906 1396 3962 haec
1488 3907 1725 3977 quidem
1771 3907 1904 3980 styli

258 3998 397 4054 vitia
450 3999 607 4069 apud
653 3997 964 4068 plerosque
1024 4002 1290 4052 auctores
1350 3996 1655 4051 Africanos
1714 4013 1908 4052 occur-

257 4094 419 4154 runt,
452 4089 711 4160 exceptis
763 4093 959 4143 tamen
994 4087 1268 4155 Minucio,
1311 4087 1603 4159 Gypriano
1662 4092 1719 4143 et
1765 4093 1905 4143 Lac—

255 4178 467 4241 tantio,
543 4177 637 4248 qui
700 4177 772 4232 ab
828 4176 1234 4232 Africanorum
1282 4176 1429 4248 stylo
1501 4180 1903 4233 recesserant:

254 4266 544 4339 Cypriano
567 4272 762 4321 tamen
797 4265 988 4320 adhuc
1010 4264 1233 4336 aliquid
1283 4270 1372 4319 est
1407 4264 1636 4336 reliqui.
1686 4266 1905 4321 Verum

252 4371 489 4411 summo
519 4356 702 4426 gradu
733 4356 886 4427 apud
910 4354 1333 4411 Tertullianum
1362 4360 1438 4422 ;et
1468 4354 1693 4411 nullius
1716 4356 1903 4427 scrip-

253 4444 398 4500 toris
422 4443 609 4516 stylus
639 4443 800 4500 illius
822 4444 1080 4499 auctoris
1110 4443 1260 4515 stylo
1307 4444 1508 4499 durior
1554 4450 1662 4510 est,
1707 4445 1905 4500 minus

253 4538 525 4604 comptus
571 4538 627 4588 et
687 4533 1011 4589 obscurior.
1078 4532 1320 4603 Singula
1377 4534 1506 4604 ejus
1562 4550 1739 4605 opera
1787 4534 1904 4589 illis

247 4621 519 4677 laborant
543 4622 717 4688 vitiis,
752 4622 867 4678 alia
920 4622 1083 4693 plus,
1140 4621 1255 4677 alia
1302 4621 1522 4677 minus.
1582 4622 1800 4678 Clarior
1854 4607 1985 4680 etD

248 4710 533 4781 liquidior
560 4712 780 4778 est,sed
807 4712 1004 4766 minus
1035 4710 1272 4782 elegans
1302 4711 1545 4766 inlibris
1580 4712 1902 4783 polemicis,

251 4800 562 4856 obscurior
598 4805 656 4856 et
711 4800 912 4856 durior
943 4800 1001 4854 iri
1053 4798 1198 4855 locis
1249 4801 1687 4869 communibus,
1735 4806 1798 4857 ut
1842 4802 1902 4858 in

252 4888 399 4945 libro
432 4889 503 4945 de
558 4888 765 4958 Pallio,
825 4890 980 4960 quod
1027 4906 1211 4945 unum
1272 4895 1363 4945 est
1413 4907 1481 4945 ex
1531 4890 1903 4962 antiquitatis

254 4979 528 5050 operibus
559 4978 1021 5035 obscurissimis.
1065 4978 1237 5033 Liber
1274 4979 1339 5033 de
1389 4981 1725 5036 Pwnitentia
1782 4998 1903 5038 om-

255 5066 419 5123 nium
451 5074 540 5123 est
569 5067 1074 5139 elegantissimus.
1101 5068 1238 5139 Ejus
1284 5084 1461 5139 Opera
1506 5069 1904 5141 pulcherrima

253 5162 306 5211 et
329 5155 654 5212 utilissima
669 5163 810 5213 sunt
844 5159 1248 5229 Apotogeticus,
1272 5159 1900 5229 Prwscriptionesdibri

250 5246 312 5300 de
340 5247 703 5311 Paenitentia,
766 5248 1065 5317 Baptismo,
1109 5249 1400 5318 Oratione,
1453 5252 1509 5303 et
1548 5250 1899 5306 Ilortatitmes

248 5336 314 5390 ad
346 5338 686 5391 Patientiam
715 5344 767 5390 et
790 5335 1135 5407 Martyrium.
1162 5359 1191 5385 »
1230 5340 1360 5391 Haec
1419 5336 1711 5408 Dupinius
1769 5339 1894 5410 (Ell.

250 5425 443 5497 Dupin
476 5424 745 5480 Btbtioth.
776 5425 867 5480 de:
897 5426 1162 5492 Auteurs,
1199 5430 1317 5481 tom
1354 5431 1397 5491 l,
1454 5443 1510 5497 p.
1575 5428 1697 5492 465,
1746 5446 1893 5485 vers.

254 5514 415 5568 latin.
494 5513 770 5581 Coloniae,
856 5515 1025 5582 :703).
1088 5514 1196 5570 Sed
1278 5514 1609 5572 audiendus
1667 5534 1899 5590 quoque

252 5605 407 5659 Joan.
446 5605 679 5673 Caveas,
746 5602 848 5674 qui
891 5620 1024 5659 cum
1078 5602 1353 5675 praedicta
1398 5606 1674 5662 Lactantii
1722 5609 1898 5665 verba

249 5694 567 5764 recitasset,
602 5710 745 5752 mox
794 5708 901 5749 sua
946 5692 1099 5751 hanc
1146 5692 1207 5750 in
1254 5693 1607 5753 sententiam
1654 5696 1894 5768 subdit;

2021 3286 2257 3341 difﬁcile
2288 3285 2443 3339 dictu
2478 3283 2572 3339 sit.
2607 3284 2868 3338 Tandem
2902 3282 2950 3337 si
2982 3298 3051 3337 ex
3080 3284 3207 3353 ejus
3240 3280 3409 3353 stylo,
3471 3282 3660 3338 nesci-

2017 3380 2114 3431 tur
2143 3393 2215 3429 an
2249 3374 2580 3429 laudandus
2613 3371 3023 3444 grandiloquio
3065 3375 3121 3426 et
3150 3370 3496 3442 stupendus,
3560 3376 3662 3427 aut

2014 3464 2172 3519 vitiis
2195 3463 2639 3535 vituperandus.
2667 3463 2754 3516 Ita
2784 3459 3089 3516 sententiis
3132 3476 3364 3531 semper
3410 3460 3660 3516 disside-

2016 3558 2170 3619 runt,
2209 3558 2265 3607 et
2300 3554 2625 3607 etiamnum
2676 3568 2791 3606 non
2853 3550 3226 3605 mediocriter
3278 3549 3384 3604 viri
3435 3550 3663 3605 variant

2014 3643 2365 3713 injudiciis,
2400 3658 2526 3712 quae
2560 3641 2630 3696 de
2668 3640 2776 3695 hoc
2836 3645 3068 3695 auctore
3122 3640 3351 3695 ferunt:
3414 3656 3528 3711 quo
3588 3640 3657 3695 ad

2016 3733 2373 3788 credendum
2404 3731 2651 3785 inducor
2684 3732 2743 3784 in
2769 3746 2857 3795 eo,
2896 3730 3048 3799 quod
3080 3729 3299 3783 bonum
3361 3734 3468 3796 est,
3527 3728 3659 3785 lau-

2016 3822 2153 3877 dare
2182 3822 2368 3876 satius
2400 3836 2549 3888 esse,
2583 3824 2639 3873 et
2669 3819 2822 3890 quod
2856 3817 3078 3873 malum
3120 3818 3254 3886 fuit,
3307 3818 3654 3888 vituperare,

2015 3927 2193 3982 quam
2226 3911 2297 3965 de
2319 3926 2384 3965 eo
2417 3908 2750 3964 absolutum
2784 3908 2932 3963 ferre
2974 3906 3287 3978 judicium,
3322 3909 3477 3978 quod
3512 3925 3658 3961 nun-

2016 4016 2191 4072 quam
2225 4016 2340 4054 non
2374 3998 2534 4053 mille
2554 3996 3079 4069 disceptationibus
3109 4000 3265 4051 esset
3316 3995 3654 4053 obnoxium.

2086 4095 2167 4144 En
2198 4088 2301 4144 tibi
2333 4090 2599 4160 quaedam
2650 4094 2772 4142 tum
2829 4086 3229 4157 antiquorum.
3278 4090 3403 4140 tum
3453 4102 3656 4141 recen-

2013 4180 2230 4235 tiorum
2262 4178 2331 4232 de
2362 4176 2722 4233 Tertulliano
2745 4176 2990 4247 judicia.
3034 4175 3376 4247 Cyprianus,
3425 4178 3660 4232 auctore

2015 4268 2385 4339 Hieronymo,
2418 4266 2518 4339 qui
2572 4266 2627 4321 id
2679 4268 2982 4337 acceperat
3031 4282 3065 4319 a
3117 4264 3455 4336 presbytero
3513 4281 3661 4335 quo-

2017 4358 2173 4424 dam,
2207 4355 2306 4428 qui
2336 4356 2394 4410 id
2429 4374 2461 4411 a
2490 4355 2761 4427 Cypriani
2813 4353 3005 4409 scriba
3037 4353 3336 4422 didicerat,
3398 4350 3665 4409 nonnihil

2015 4447 2142 4517 ejus
2174 4462 2414 4516 operum
2448 4445 2707 4515 quotidie
2733 4443 2923 4515 legero
2982 4442 3190 4498 solitus
3221 4446 3364 4503 erat.
3420 4447 3477 4496 et
3533 4441 3662 4511 ejus

2015 4536 2273 4607 rogando
2306 4533 2543 4601 librum,
2597 4534 2820 4588 aiebat:
2881 4534 3017 4587 Date
3069 4531 3215 4586 mihi
3269 4535 3661 4602 praeceptorem

2015 4622 2583 4695 meum(Hieronym.
2627 4622 2689 4676 de
2751 4621 3017 4693 Scriptor.
3070 4624 3303 4685 Eccles.,
3363 4637 3490 4691 cap.
3543 4619 3657 4691 53).

2015 4719 2231 4769 Revera
2262 4712 2415 4767 enim
2443 4728 2575 4766 eum
2605 4711 2873 4765 imitatus
2906 4716 3016 4775 est,
3042 4714 3100 4765 et
3132 4709 3201 4764 ab
3230 4726 3295 4764 eo
3328 4726 3443 4763 non
3478 4726 3665 4780 pauca

2014 4800 2359 4871 desumpsit.
2379 4799 2668 4870 Pluraque
2698 4800 2871 4854 etiam
2900 4816 3142 4854 suorum
3172 4815 3411 4870 operum
3432 4799 3660 4865 eodem,

2014 4908 2127 4962 quo
2161 4890 2577 4956 Tertullianus,
2632 4889 2901 4944 instituto
2950 4888 3304 4961 composuit,
3363 4892 3427 4942 ut
3484 4904 3660 4944 suum

2011 4982 2082 5036 de
2102 4978 2427 5035 ldolotatria
2457 4978 2672 5033 librum
2715 4979 2785 5034 ad
2820 4978 3005 5033 instar
3032 4978 3403 5049 Apotogetici;
3450 4977 3653 5045 libros,

2010 5070 2076 5125 de
2107 5070 2435 5141 Disciplina,
2468 5073 2524 5123 et
2554 5069 2753 5124 Hal/itu
2779 5069 3063 5138 muliebri,
3096 5068 3161 5123 de
3182 5069 3302 5124 Zeto
3332 5069 3403 5137 {et
3451 5068 3660 5134 Licere,

2009 5160 2075 5215 de
2106 5159 2375 5215 Oratione
2404 5160 2712 5229 Dommica,
2744 5159 2815 5214 de
2842 5160 3012 5230 Opere
3040 5163 3090 5214 et
3141 5159 3529 5228 Etcemosynis,
3574 5156 3645 5210 ad

2010 5248 2397 5305 imitationem
2429 5246 2793 5304 Tertulliani.
2831 5249 3115 5304 Eusebius
3154 5248 3334 5303 tradit
3388 5246 3456 5300 de
3514 5245 3650 5299 Ter-

2009 5339 2279 5409 tulliano,
2313 5356 2447 5393 eum
2481 5356 2663 5393 unum
2696 5356 2763 5394 ex
2795 5337 3208 5395 eruditissimis
3250 5333 3447 5391 latinis
3477 5332 3657 5405 scrip-

2008 5429 2236 5484 toribus
2267 5428 2469 5495 fuisse,
2496 5434 2551 5483 et
2582 5428 2639 5482 in
2674 5430 2926 5500 singulis
2960 5427 3231 5483 Ecclesiis
3261 5422 3656 5479 clarissimum

2008 5519 2240 5589 (Euseb.
2274 5519 2416 5573 Hist.
2450 5520 2593 5573 Eccl.
2654 5519 2695 5574 Ι.
2732 5537 2791 5583 ιι,
2825 5536 2872 5573 c.
2906 5518 2981 5590 2).
3015 5518 3094 5572 De
3126 5533 3191 5571 eo
3216 5512 3509 5585 judicium
3551 5514 3659 5570 lert

2008 5608 2347 5665 Lactantius
2377 5625 2409 5663 a
2442 5608 2609 5665 nobis
2639 5607 2906 5675 allatum,
2935 5607 3091 5679 quod
3126 5606 3254 5676 ejus
3287 5620 3403 5659 non
3452 5603 3659 5660 admo-

2005 5698 2147 5756 dum
2174 5696 2327 5755 cedit
2357 5695 2586 5770 honori,
2620 5696 2872 5754 Hilarius
2912 5695 2973 5753 in
3027 5711 3133 5752 suo
3190 5693 3250 5750 in
3309 5692 3651 5751 Matthaeum
