4060 6354
459 348 569 409 i3!

1516 344 2038 408 DISSERTATIO
2079 343 2183 404 DE
2225 344 2437 408 VERA
2484 346 2768 409 ETATE

3741 353 3862 415 132

457 480 895 538 Commentario
915 480 1139 551 scribit,
1172 493 1428 536 errorem
1458 478 1519 534 in
1551 492 1723 551 quem
1753 476 1956 551 lapsus
1984 480 2096 547 est,
2124 479 2181 546 Α
2212 479 2405 535 Verum
2470 480 2584 550 iam
2645 479 2744 536 diu
2797 488 2897 551 est,
2949 481 3094 554 quod
3147 498 3273 540 eum
3325 485 3522 554 magni
3572 486 3742 559 facio,
3803 493 3861 547 et

459 572 588 644 ejus
630 571 916 627 librorum
974 569 1380 625 auctoritatem
1438 566 1714 637 elevasse,
1774 566 1872 639 qui
1934 572 2099 622 erant

461 662 655 735 aliqua
692 659 1113 733 approbatione
1164 657 1347 731 digni.
1413 662 1488 713 De
1546 673 1613 713 eo
1670 672 2094 727 nonnunquam

454 750 772 807 honorifice
807 748 1067 820 loquitur
1110 747 1521 820 Hieronymus,
1556 750 1621 802 ut
1681 746 1739 801 in
1801 745 2093 817 Catalogo,

2203 570 2453 642 quamvis
2477 572 2656 642 spinis
2682 573 2753 627 sit
2780 573 2992 629 obsitus
3020 575 3071 628 el
3099 575 3301 643 tristis,
3327 575 3473 631 mihi
3523 591 3635 632 non
3693 578 3850 636 vide-

2203 667 2295 713 tur
2330 660 2682 731 infacundus.
2738 663 2797 717 In
2830 663 2951 734 ejus
3006 664 3229 735 scriptis
3276 666 3500 736 nigrum
3556 665 3724 739 illud,
3786 669 3853 726 de

2200 762 2304 817 quo
2328 756 2477 803 vetus
2503 757 2659 819 poeta
2677 751 2845 818 canit,
2896 750 3039 805 mihi
3087 752 3323 806 occurrit
3366 752 3570 819 lumen,
3629 763 3684 810 et
3734 756 3856 827 ejus

462 840 562 896 ubi
604 838 712 895 loci
762 854 894 893 eum
954 837 1096 892 dicit
1154 837 1306 892 acris
1348 841 1405 892 et
1456 835 1818 891 vehementis
1872 834 2093 907 ingenii
2196 852 2347 907 aeque
2367 839 3442 908 mejucatobscuritas,acnitentisebeni
3463 841 3852 913 etfabrefacti.

458 931 673 994 virum,
707 934 761 983 et
790 927 849 982 in
880 943 988 983 sua
1019 927 1087 981 ad
1120 927 1375 997 Magnum
1405 924 1682 997 Epistula,
1723 924 1902 980 tradit
1958 940 2092 979 eru-

457 1018 677 1073 ditione
706 1022 759 1072 et
786 1015 1110 1072 subtilitate
1142 1032 1345 1071 omnes
1374 1016 1423 1071 ei
1469 1020 1736 1070 auctores
1792 1014 2097 1070 inferiores

458 1124 585 1162 esse
610 1123 622 1161 :
649 1107 749 1161 sed
783 1105 918 1160 alibi
952 1106 1315 1176 ejuserrores
1348 1105 1611 1176 increpat
1639 1108 1695 1158 et
1726 1102 1955 1158 vitia.ln
1989 1119 2097 1159 sua

453 1201 653 1253 contra
687 1194 986 1250 Ruffinum
1021 1192 1298 1267 Apologia
1317 1194 1411 1249 9|
1453 1194 1565 1249 ait:
1618 1193 1753 1262 Ejus
1805 1194 2096 1263 ingenium

452 1286 646 1355 tando,
665 1286 895 1340 hxreses
925 1282 1158 1339 damno:
1188 1290 1245 1339 et
1277 1287 1476 1338 contra
1493 1281 1841 1349 Helvidium,
1863 1296 2097 1353 respon-

453 1376 552 1431 det
579 1374 849 1430 heretico
879 1371 1224 1428 Tertulliani
1273 1371 1679 1427 auctoritatem
1739 1371 2092 1443 apponenti:

454 1466 527 1521 De
556 1462 899 1520 Tertulliano
946 1462 1084 1527 dico,
1147 1462 1413 1518 Ecclesia:
1470 1460 1742 1517 hominem
1798 1476 1907 1515 non
1963 1475 2093 1516 esse.

455 1552 795 1611 Tertulliani
829 1551 1044 1625 stylum
1080 1550 1282 1606 laudat
1311 1550 1697 1623 Augustinus,
1718 1553 1773 1605 et
1802 1550 1931 1621 ejus
1962 1548 2094 1604 ubi-

458 1660 571 1716 que
602 1644 845 1699 damnat
872 1657 1116 1698 errores.
1150 1645 1213 1695 In
1246 1640 1395 1695 libro
1421 1640 1487 1695 de
1518 1641 1716 1696 Genesi
1744 1638 1815 1693 ad
1854 1638 2094 1694 litteram

452 1733 632 1790 tradit
661 1730 1089 1788 Tertullianum
1123 1728 1238 1786 aeri
1269 1728 1502 1802 ingenio
1535 1744 1964 1800 nonnunquam
1997 1744 2095 1783 ve-

2196 926 2279 980 Ita
2307 942 2520 997 semper
2547 928 2714 997 sensi,
2747 936 2807 983 ut
2832 928 3111 999 Africana?
3129 931 3349 1000 farinae,
3382 930 3511 985 licet
3550 948 3588 986 a
3641 936 3852 990 nostris

2204 1013 2497 1082 abludant,
2530 1020 2710 1072 tamen
2741 1034 2844 1072 sua
2872 1033 2982 1073 non
3018 1022 3211 1073 carent
3266 1020 3629 1087 amabilitate,
3679 1028 3736 1076 et
3794 1030 3855 1080 ut

2204 1120 2315 1160 non
2341 1121 2547 1175 paucas
2586 1107 2757 1161 Italas
2814 1107 3124 1162 obscuravit
3168 1108 3521 1179 Sophonisbe,
3571 1111 3653 1165 sic
3697 1114 3855 1176 eius-

2204 1193 2329 1249 dem
2361 1196 2597 1266 regionis
2627 1197 2852 1265 ingenia
2897 1212 3022 1251 cum
3068 1212 3170 1252 sua
3219 1203 3411 1253 extera
3460 1199 3680 1271 placent
3733 1201 3854 1257 elo-

2205 1286 2452 1355 quentia,
2477 1292 2528 1339 et
2554 1286 2686 1339 huic
2703 1284 2895 1356 plures
2944 1285 3224 1341 Ciceronis
3271 1288 3585 1344 imitatores
3629 1299 3854 1361 postpo-

2203 1390 2355 1427 nam.
2388 1374 2812 1429 Delieatissimis
2830 1376 3128 1445 fateamur,
3155 1380 3206 1430 et
3236 1376 3455 1448 quidem
3481 1377 3687 1449 stglum
3732 1395 3852 1437 esse

2201 1465 2465 1534 ferreum,
2487 1467 2543 1517 at
2569 1463 2725 1518 nobis
2747 1479 2957 1535 quoque
2974 1466 3269 1535 fateantur,
3303 1482 3377 1520 ex
3405 1464 3502 1520 hoc
3526 1469 3676 1538 ferro
3722 1469 3849 1524 exi-

2204 1552 2323 1607 mia
2354 1568 2476 1607 eum
2496 1568 2660 1608 arma
2689 1552 3036 1624 cudisse,02
3067 1570 3137 1609 ae
3167 1554 3503 1612 Christiane
3550 1556 3849 1628 religionis

2202 1655 2327 1694 cum
2357 1639 2640 1710 honorem,
2694 1645 2811 1696 tum
2866 1643 3242 1698 innocentiam
3285 1659 3676 1715 propugnasse,
3740 1649 3850 1704 Va-

2205 1730 2540 1786 lentinianos
2568 1733 2775 1787 acriter
2790 1736 3137 1803 persecutum
3154 1734 3344 1803 fuisse,
3401 1741 3454 1788 et
3511 1736 3855 1791 Mareionem

455 1823 697 1879 ritatem
731 1820 1118 1894 perspexisse,
1152 1834 1257 1875 nec
1287 1819 1549 1892 potuisse
1606 1818 1743 1890 quin
1803 1834 1931 1873 eam
1991 1816 2094 1872 ali-
2123 1864 2171 1930 Β
2199 1822 2420 1892 penitus
2450 1819 2774 1891 confodisse.
2810 1820 3097 1876 Posterior
3127 1828 3216 1877 est
3265 1826 3310 1876 P
3376 1822 3852 1893 Malebranehius,

466 1929 473 1930 κ
633 1912 679 1930 1-
719 1909 804 1930 _A-I
846 1914 1029 1930 -a41__
1074 1913 1321 1930 _.___A__.
1362 1924 1521 1930 _-__...
1561 1922 1797 1930 ..-___--
1865 1906 2063 1930 m-_t--1
2206 1908 2673 1930 !____-_A!.__a!-_!_
2730 1908 2989 1930 __-_2L-13_
3037 1917 3235 1930 ___-s__
3316 1909 3390 1930 12L
3480 1914 3515 1930 Α
3600 1929 3639 1930 κγ
3778 1914 3813 1930 n

455 1912 689 1984 quando
718 1909 809 1967 vel
838 1914 1039 1966 contra
1073 1913 1326 1965 montem
1358 1924 1525 1964 suam
1561 1922 1819 1979 poneret.
1865 1906 2095 1963 Tertul-

453 2000 675 2057 lianum
690 1999 771 2055 ita
784 1999 911 2055 suis
924 1998 1111 2072 pingit
1128 1997 1421 2055 coloribus
1450 1999 1759 2054 Vincentius
1774 1997 2098 2062 Lirinensis;

456 2091 788 2147 Tertulliani
813 2105 1046 2162 quoque,
1091 2087 1304 2160 inquit,
1354 2087 1542 2143 eadem
1598 2096 1677 2143 est
1736 2089 1916 2150 ratio;
1963 2104 2096 2141 nam

452 2182 599 2237 sicut
631 2179 992 2251 ille(nempe
1050 2178 1333 2250 Origenes)
1394 2175 1541 2249 apud
1588 2175 1818 2248 Graecos,
1875 2180 1952 2231 ita
2002 2178 2096 2233 hic

452 2270 598 2343 apud
649 2271 882 2339 Latinos,
941 2272 1254 2325 nostrorum
1320 2269 1573 2323 omnium
1628 2267 1792 2338 facile
1841 2269 2096 2338 princeps

453 2358 781 2431 iudicandus
813 2367 913 2414 est.
949 2356 1089 2427 Quid
1134 2358 1283 2412 enim
1317 2357 1415 2412 hoc
1469 2358 1588 2412 viro
1643 2356 1911 2413 doctius?
1964 2356 2096 2428 quid

450 2452 512 2506 in
540 2450 752 2505 divinis
780 2451 942 2520 atque
972 2446 1230 2502 humanis
1258 2448 1425 2502 rebus
1453 2447 1813 2501 exercitatius
1833 2448 1858 2499 .9
1901 2461 2101 2517 nempe

449 2556 658 2596 omnem
690 2536 1123 2610 philosophiam,
1145 2544 1196 2591 et
1226 2539 1445 2591 cunctas
1478 2534 1931 2607 philosophorum
1986 2550 2097 2590 sec-

457 2637 561 2695 tas,
605 2636 871 2695 auctores,
922 2626 1407 2696 adversatoresque
1459 2628 1750 2690 sectarum,
1809 2639 2100 2695 omnesque

458 2734 650 2775 eorum
679 2718 1020 2788 disciplinas,
1051 2730 1264 2771 omnem
1294 2715 1449 2769 histo:
1468 2715 1669 2783 iarum,
1700 2722 1753 2768 et
1787 2712 2099 2768 studiorum

456 2808 800 2875 varietatem,
853 2807 997 2861 mira
1047 2804 1282 2877 quadam
1336 2804 1536 2858 mentis
1593 2804 1898 2874 eapaeitate
1950 2818 2095 2858 com-

454 2897 650 2969 plexus
678 2901 779 2951 est.
814 2896 1032 2967 Ingenio
1064 2909 1187 2950 vero
1216 2908 1398 2948 nonne
1439 2896 1552 2947 tam
1599 2893 1777 2960 gravi,
1833 2907 1901 2946 ae
1940 2892 2093 2947 vehe-

456 2986 628 3042 menti
649 2986 930 3054 excelluit,
963 2987 1023 3039 ut
1044 2983 1189 3039 nihil
1217 2983 1328 3038 sibi
1351 2998 1491 3054 pene
1540 2981 1609 3036 ad
1662 2980 2095 3053 expugnandum

454 3076 816 3148 proposuerit,
848 3073 990 3147 quod
1019 3089 1125 3129 non
1157 3073 1416 3127 acumine
1445 3072 1741 3143 irruperit,
1801 3074 1903 3126 aut
1953 3087 2092 3143 pon-

454 3166 586 3222 dere
612 3165 1000 3223 eliseritttam
1026 3178 1194 3236 porro
1232 3162 1499 3218 orationis
1529 3176 1647 3218 suae
1713 3159 1924 3231 laudes,
1971 3162 2096 3232 quis

2206 1908 2675 1981 lnvestigationis
2730 1908 2993 1966 veritatis
3033 1917 3256 1966 auctor.
3316 1909 3423 1966 lib.
3480 1914 3535 1983 2,
3590 1929 3719 1986 cap.
3777 1914 3855 1972 3:

2204 1998 2594 2065 Tertullianus,
2621 1997 2834 2070 inquit,
2864 2000 3058 2071 procul
3088 1999 3272 2067 dubio,
3292 2001 3380 2055 vir
3406 2003 3559 2057 omni
3588 2002 3859 2061 doctrina

2202 2088 2449 2143 excultus
2476 2092 2619 2152 erat,
2650 2092 2708 2143 at
2736 2089 2858 2160 plus
2878 2089 3172 2159 memoria,
3206 2105 3368 2160 quam
3408 2090 3609 2161 judcio
3667 2090 3852 2163 polle-

2205 2177 2311 2232 bat.
2346 2177 2473 2231 Acri
2498 2178 2673 2248 magis
2702 2182 2752 2232 et
2781 2181 2933 2233 vasto
2973 2179 3220 2251 tngenio,
3252 2194 3422 2250 quam
3448 2180 3571 2235 acri
3600 2183 3651 2235 et
3699 2189 3861 2236 vasta

2202 2274 2405 2322 mente.
2437 2266 2681 2338 Denique
2700 2265 2953 2320 dubitari
2980 2267 3189 2338 nequit,
3215 2268 3355 2340 quin
3382 2269 3664 2339 fanaticus
3682 2270 3866 2340 fuerit

2208 2372 2267 2412 eo
2295 2371 2458 2411 sensu
2488 2371 2591 2428 quo
2620 2372 2791 2426 supra
2818 2356 3083 2426 explicui,
3126 2359 3180 2411 et
3233 2357 3369 2429 quin
3426 2358 3616 2413 omnia
3665 2374 3870 2431 prope-

2208 2444 2425 2499 modum
2450 2446 2713 2516 fenaticis
2739 2446 2966 2517 prapria
2995 2445 3053 2501 ei
3094 2446 3329 2517 fuerint.
3390 2448 3465 2502 Eo
3513 2446 3665 2517 quod
3719 2446 3869 2503 Mon-

2207 2536 2328 2590 tani
2363 2536 2586 2607 ejusque
2616 2541 2801 2589 vatum
2832 2534 3067 2589 visiones
3095 2538 3389 2591 veneratus
3417 2535 3612 2606 fuerit,
3642 2537 3862 2592 evinci-

2207 2628 2322 2693 tur,
2354 2623 2491 2695 quod
2520 2623 2693 2678 debili
2737 2623 2951 2694 jubteio
2998 2624 3197 2694 fuerit.
3239 2623 3395 2681 Acies
3469 2624 3571 2679 illa
3616 2625 3865 2696 ingenii,

2210 2715 2440 2783 impetus
2467 2711 2531 2768 de
2561 2711 2775 2768 levibus
2804 2712 3025 2783 affatus,
3058 2721 3297 2768 mentem
3352 2713 3686 2783 effrenatam
3742 2728 3863 2770 non

2210 2800 2431 2856 obscure
2457 2799 2752 2863 denotant;
2783 2809 2912 2871 quot
2942 2800 3002 2853 in
3032 2800 3154 2871 ejus
3175 2799 3493 2872 hyperbolis
3549 2808 3599 2857 et
3640 2802 3849 2873 ﬁguris

2209 2898 2385 2946 motus
2414 2890 2729 2944 abnormes.
2766 2889 2899 2957 Quot
2946 2890 3193 2945 rationes
3244 2888 3557 2961 splendida:
3609 2906 3674 2945 ac
3728 2907 3860 2947 ma-

2208 2980 2450 3050 gnificae,
2499 2994 2614 3051 quae
2671 2994 2769 3034 suo
2823 2977 3097 3034 duntaxat
3142 2978 3427 3050 splendore
3478 2980 3739 3051 probant,
3797 2987 3862 3037 et

2207 3068 2539 3139 persuadent
2562 3070 2739 3124 solum
2771 3077 3011 3124 mentem
3056 3069 3474 3140 stupefaciendo
3532 3078 3693 3141 atque
3723 3086 3863 3141 per-

2203 3158 2539 3231 stringenda.
2574 3158 2792 3215 Deinde
2823 3158 3225 3214 demonstrare
3255 3163 3500 3215 conatur
3555 3158 3709 3217 hanc
3765 3178 3865 3219 ve-

454 3258 678 3327 exsequi
706 3253 933 3310 valeat?
961 3268 1088 3327 quae
1117 3254 1285 3321 tanto,
1317 3252 1498 3307 nescio
1530 3267 1637 3323 qua
1668 3253 1946 3306 rationum
1991 3266 2091 3305 ne-
2122 3247 2164 3315 C
2203 3266 2327 3305 ram
2359 3247 2520 3303 illius
2549 3262 2679 3303 esse
2708 3246 3048 3320 imaginem,
3071 3248 3338 3320 quaedam
3372 3248 3754 3304 oxscribendo
3787 3267 3863 3307 ex

454 3346 702 3401 cessitate
730 3346 978 3417 conferta
1031 3352 1128 3409 est,
1187 3350 1248 3398 ut
1288 3341 1363 3396 ad
1408 3356 1737 3397 consensum
1794 3341 1903 3407 sui,
1963 3355 2095 3412 quos

449 3435 681 3492 suadere
722 3451 829 3491 non
884 3436 1148 3507 potuerit,
1199 3433 1495 3505 impellat:
1550 3432 1704 3504 cujus
1759 3439 1891 3504 quot
1956 3445 2096 3503 pene

452 3526 633 3594 verba,
667 3530 743 3581 tot
768 3525 1050 3580 sententia:
1068 3526 1217 3592 sunt,
1264 3526 1397 3595 quot
1430 3536 1640 3589 sensus,
1694 3524 1767 3577 tot
1820 3522 2089 3577 victoria.

451 3613 642 3670 Sciunt
676 3615 795 3671 hac
851 3615 1187 3679 Marcianas,
1237 3610 1511 3684 Appeltes,
1567 3612 1813 3681 Praxeae,
1866 3611 2092 3667 Hermo-

449 3719 630 3773 genes,
677 3703 879 3769 Judaei,
924 3702 1182 3770 Gentiles,
1245 3701 1506 3768 Gnostiei,
1567 3702 1897 3772 exterique;
1956 3716 2091 3772 quo-

449 3793 692 3851 rumille
723 3794 1091 3866 blasphemias
1129 3792 1342 3858 multis,
1373 3807 1437 3847 ac
1478 3791 1691 3861 magnis
1748 3791 2092 3846 voluminum

445 3900 669 3941 suorum
695 3883 945 3951 molibus,
980 3883 1128 3939 velut
1155 3881 1481 3953 quibusdam
1512 3880 1852 3954 fulminibus
1881 3881 2090 3936 evertit.

454 3975 516 4030 Et
547 3982 731 4030 tamen
763 3973 853 4028 hic
882 3987 1089 4046 quoque
1117 3980 1234 4043 post
1261 3970 1379 4027 haec
1433 3970 1640 4040 omnia,
1683 3970 1793 4040 hie,
1843 3970 2088 4040 inquam.

450 4064 841 4134 Tertullianus,
873 4062 1129 4118 catholici
1157 4060 1453 4134 dogmatis,
1485 4060 1543 4115 id
1591 4065 1695 4127 est,
1757 4057 2093 4115 universalis

447 4155 767 4209 acvelustaz
822 4150 951 4223 ﬁdei
1002 4166 1203 4223 parum
1259 4157 1443 4215 tenax,
1485 4164 1551 4204 ac
1605 4147 1866 4204 disertior
1917 4145 2092 4202 multo

447 4258 615 4313 quam
643 4241 885 4311 felicior,
917 4248 1131 4296 mutata
1181 4239 1438 4311 deinceps
1491 4238 1788 4306 sententia,
1841 4236 1970 4307 fecit
2024 4233 2095 4290 ad

447 4335 753 4387 extremum
812 4332 955 4401 quod
1009 4329 1074 4384 de
1125 4344 1187 4384 eo
1247 4327 1429 4384 beatus
1504 4331 1780 4397 confessor
1842 4325 2093 4381 Hilarius

446 4420 683 4492 quodam
713 4420 831 4476 loco
887 4418 1120 4474 scribit:
1177 4418 1457 4489 Sequenti,
1509 4418 1711 4484 inquit,
1771 4429 1961 4470 errore
2007 4412 2094 4468 de-

444 4512 626 4567 traxit
652 4510 880 4580 scriptis
906 4507 1277 4581 probabilibus
1306 4508 1693 4563 auctoritatem
1723 4505 1820 4576 (2).
1882 4503 2089 4558 Trithe-

446 4601 572 4664 mii,
605 4600 879 4665 Rhenani,
912 4597 1474 4667 Politiani,Pamelii,
1494 4595 1747 4665 Rigaltii,
1780 4599 1835 4690 et
1865 4596 2091 4690 caetero:
2124 4624 2169 4688 Β

448 4705 578 4743 rum
612 4688 997 4744 recentiorum
1025 4686 1252 4758 judicia
1281 4685 1514 4742 silentio
1546 4681 1946 4756 praetermitto,
1987 4681 2090 4751 qui

447 4794 480 4832 ι
512 4776 765 4848 singulis
795 4775 1023 4831 consuli
1055 4779 1323 4847 possunt,
1357 4780 1412 4829 et
1442 4774 1693 4829 duorum
1741 4770 2091 4826 nostratium

449 4865 750 4923 Gallorum
783 4870 1088 4921 auctorum
1113 4863 1339 4935 judicio
1373 4864 1549 4918 tinem
1584 4861 1750 4925 facio,
1784 4857 1881 4931 qui
1941 4862 2095 4912 uter-

449 4971 562 5027 que
594 4944 1016 5020 Tertullianum,
1052 4954 1153 5010 sed
1188 4953 1341 5008 varie
1366 4950 1573 5024 pinxit.
1611 4949 1773 5003 Prior
1827 4952 1919 5002 est
1970 4946 2092 5002 cla-

445 5061 549 5101 rus
580 5046 870 5100 Balzacius
899 5045 957 5099 in
991 5042 1252 5114 Epistola
1276 5042 1348 5097 ad
1381 5038 1695 5112 Rigaltium
1743 5039 1799 5105 2,
1856 5036 1956 5090 lib.
2016 5036 2089 5090 5:

448 5133 1085 5206 Tertullianum,inquit,
1101 5139 1372 5202 exspecto,
1389 5145 1546 5201 quem
1573 5129 1632 5183 in
1656 5127 1833 5182 lucem
1859 5126 2090 5192 emittis,

446 5234 508 5281 ut
536 5240 626 5281 me
678 5225 1031 5295 patientiam,
1095 5237 1262 5293 quam
1318 5218 1512 5285 tradit,
1561 5217 1894 5272 edoceat.....
1956 5214 2095 5269 Cum

445 5330 508 5371 eo
535 5323 755 5370 auctore
794 5315 857 5369 in
892 5311 1132 5383 gratiam
1186 5309 1447 5364 redissem
1503 5315 1601 5362 tua
1647 5307 1996 5376 praefatione,
2045 5304 2095 5358 si

443 5419 569 5459 eum
593 5406 828 5474 fuissem
859 5402 980 5457 odio
1012 5401 1330 5471 prosecutus
1359 5404 1411 5451 et
1440 5399 1493 5451 si
1521 5396 1639 5465 ejus
1660 5395 1900 5449 dictione
1926 5393 2090 5461 dura,

446 5500 498 5548 et
523 5493 642 5564 ejus
671 5491 866 5548 seculi
893 5489 1048 5545 vitiis
1070 5488 1141 5540 ab
1169 5500 1229 5540 eo
1260 5485 1493 5553 legendo
1521 5485 1749 5555 fuissem
1774 5482 2091 5538 deterritus.

526 5615 605 5687 (2)
632 5614 875 5687 Vincent
901 5610 1201 5687 _Lirjn_ens.
1224 5609 1671 5687 _C_om£nonit_or,_,
1704 5622 1829 5687 cap.
1854 5606 1937 5687 l8_.

2202 3338 2351 3395 libro
2381 3338 2446 3393 de
2473 3338 2675 3408 Pallio,
2708 3353 2822 3409 quo
2855 3336 3209 3394 exisiimavit
3236 3353 3409 3410 opere
3447 3337 3527 3406 id,
3586 3340 3863 3412 apposite

2201 3429 2388 3487 evinci
2410 3444 2603 3502 posse.

2272 3519 2331 3576 Si
2363 3519 2538 3589 hanc,
2571 3533 2745 3590 quam
2774 3532 2843 3572 ex
2865 3516 3006 3572 viris
3055 3516 3246 3573 doctis
3303 3517 3575 3575 dedimus
3626 3520 3847 3577 Tertul-

2201 3611 2345 3675 liani
2374 3608 2693 3682 imaginem
2726 3611 3103 3679 spectemus;
3136 3606 3317 3679 queri
3348 3624 3484 3663 cum
3545 3610 3859 3669 nonnullis

2200 3707 2412 3775 potest,
2475 3700 2684 3773 plusne
2732 3699 3017 3772 profuerit
3068 3699 3407 3755 nocueritne
3463 3699 3730 3772 religioni
3792 3708 3857 3759 et

2202 3790 2516 3849 Ecclesiae?
2546 3792 2846 3862 majorane
2876 3790 3094 3846 damna
3133 3788 3400 3846 intulerit
3450 3790 3740 3859 Ecclesiae,
3778 3811 3856 3850 an

2202 3898 2337 3938 vero
2367 3880 2720 3936 commoda?
2750 3877 2960 3951 plusne
2988 3877 3299 3950 vituperio,
3323 3895 3397 3933 an
3429 3876 3603 3936 laude
3631 3881 3862 3954 dignus

2204 3971 2282 4029 sit
2311 3969 2640 4027 censendus
2664 3966 3105 4023 Tertullianus?
3152 3966 3227 4022 Ut
3280 3966 3439 4022 varia
3496 3966 3606 4024 hac
3661 3969 3736 4025 de
3794 3986 3863 4026 re

2204 4062 2506 4116 doctorum
2542 4056 2765 4128 judicia
2795 4060 2957 4125 sunt,
2988 4056 3071 4111 ita
3100 4053 3404 4128 quidpiam
3461 4056 3865 4116 determinare

2203 4148 2415 4221 oppido
2446 4145 2684 4202 difficile
2741 4149 2832 4202 est
2887 4162 2952 4202 ac
2998 4144 3335 4201 delicatum.
3393 4146 3599 4203 Judice
3652 4150 3862 4206 nmen

2202 4236 2643 4311 elegantissimo
2671 4234 3044 4293 Scbrmckhio
3075 4235 3174 4307 (3),
3207 4234 3257 4289 si
3298 4236 3430 4307 ejus
3479 4236 3868 4308 (Tertulliani

2202 4327 2445 4397 scilicet)
2467 4325 2686 4396 scripta
2713 4325 3168 4396 interrogemus,
3194 4324 3255 4379 in
3286 4325 3415 4395 ejus
3447 4325 3565 4381 fere
3598 4325 3865 4385 faverem

2202 4415 2337 4470 licet
2366 4413 2737 4487 respondere.
2775 4413 3032 4469 Montani
3074 4412 3232 4468 enim
3290 4429 3537 4482 errores,
3595 4430 3860 4486 quorum

2204 4509 2514 4577 patronum
2548 4502 2778 4575 agebat,
2802 4517 2917 4557 non
2944 4501 3264 4557 admodum
3297 4501 3616 4558 Ecclesium
3650 4520 3848 4576 oppu-

2201 4592 2480 4666 gnabant,
2515 4590 2701 4646 multo
2726 4592 2925 4647 minus
2971 4590 3318 4646 Christianas
3371 4590 3669 4665 religionis
3719 4593 3869 4649 fun-

2203 4682 2479 4735 damenta
2509 4679 2869 4750 avertebant,
2912 4678 3013 4735 sed
3077 4694 3146 4734 ex
3203 4679 3424 4735 fervore
3473 4680 3668 4752 potius
3720 4698 3869 4753 quo-

2201 4771 2337 4826 dam
2357 4768 2804 4842 pietatisnimio,
2839 4766 3084 4823 rationis
3125 4767 3555 4824 discussionem
3591 4769 3861 4842 plerum-
3942 4800 3951 4815 ι

2201 4876 2315 4931 que
2333 4857 3041 4930 abjicisnte,oriebantur;
3067 4857 3186 4913 imo
3199 4855 3324 4912 etin
3344 4856 3437 4912 his
3466 4857 3862 4918 defendendis

2202 4963 2236 5001 a
2292 4946 2404 5002 ﬁde
2488 4945 2795 5010 catholica,
2871 4945 3265 5019 Symboloque
3304 4946 3624 5019 apostolico
3679 4948 3864 5019 nihil,

2203 5040 2305 5092 aut
2334 5040 2488 5090 certe
2511 5051 2625 5091 non
2658 5035 2910 5091 multum
2934 5035 3287 5091 discedebat.
3312 5036 3461 5100 Quid
3492 5051 3629 5109 ergo
3689 5037 3865 5095 Mon-

2198 5125 2429 5179 tanistaa
2465 5123 2777 5197 appellatio
2808 5124 2940 5196 plus
2971 5123 3132 5179 illius
3177 5123 3342 5180 fama;
3392 5130 3618 5193 noceat,
3673 5142 3865 5198 quam

2204 5212 2317 5270 alia
2341 5219 2609 5270 veterum
2634 5217 2874 5268 Patrum
2908 5217 3100 5267 errata
3129 5212 3466 5269 auctoribus
3496 5215 3621 5271 suis
3640 5215 3668 5269 ?
3701 5215 3871 5273 Inter

2203 5302 2484 5359 sestarios
2515 5302 2817 5359 meliorem
2854 5302 3097 5373 quidem
3127 5301 3257 5357 vita)
3289 5318 3412 5359 sum
3431 5309 3654 5375 partem
3714 5306 3867 5377 egit,

2202 5408 2317 5447 non
2350 5389 2527 5445 habet
2554 5395 2756 5446 tamen
2787 5389 3045 5446 Ecclesia
3064 5406 3135 5446 ea
3183 5395 3349 5446 aetate
3394 5394 3614 5461 virum,
3675 5410 3868 5466 quem

2202 5479 2339 5535 huic
2397 5480 2729 5535 eruditione
2785 5483 2844 5535 et
2900 5479 3129 5535 meritis
3190 5485 3509 5553 comparet.
3556 5486 3681 5538 Imo
3737 5500 3866 5541 non

521 5672 718 5757 (πήδα.
752 5684 957 5741 Matth.
988 5682 1321 5739 Suhrmekh.
1359 5682 1495 5738 Hist.
1538 5672 1732 5737 Eccles.
1766 5672 2035 5735 Theotisca
2051 5677 2435 5750 script.,tom.
2460 5675 2557 5744 III,
2591 5692 2649 5750 p.
2680 5672 2827 5732 mibi
2859 5674 2983 5729 321.
