4060 6380
237 351 341 412 133

1113 346 1212 408 ΛΟ
1253 347 1652 408 DOC'I‘RINA
1698 344 2205 407 SCRIPTORUM
2247 346 2777 409 TERTULLIANI

3535 351 3649 408 134

236 498 431 557 parum
485 480 785 555 profuisse
849 479 1147 536 catholicis
1206 478 1634 534 Tertullianum
1694 477 1871 532 etiam
1908 479 1959 545 Α
1990 478 2328 533 earumdem
2362 477 2667 551 interpres,
2687 479 2787 535 sed
2821 495 3026 551 parum
3056 480 3634 551 ingenuus,suarum

240 572 645 630 Montanistam
678 571 950 633 arbitror,
984 586 1095 625 non
1130 568 1319 624 solum
1347 568 1500 639 quod
1536 568 1659 623 suis
1690 566 1884 621 invec-

241 664 368 720 tivis
398 678 601 717 eorum
634 662 694 715 in
756 660 980 732 agendo
1039 659 1408 731 prudentiam
1477 661 1726 720 acueret,
1787 656 1887 711 sed

241 753 389 826 quod
452 768 549 807 eos
609 748 1041 805 commendatis
1098 752 1260 803 tanto
1319 748 1526 803 ardore
1586 745 1890 802 severioris

240 842 459 899 ethices
489 839 796 913 principiis
830 839 900 894 ab
932 838 1159 893 lusibus
1216 837 1545 909 allegoricis
1602 838 1659 891 in
1720 851 1893 906 expo-

244 932 431 988 nenda
484 930 786 1000 Scriptura
844 945 1032 995 sacra,
1093 932 1149 983 et
1180 927 1501 999 ingeniosis
1534 926 1686 981 circa
1718 925 1891 979 fidem

245 1019 665 1093 quaestionibus
695 1019 849 1072 inter
878 1034 976 1072 eos
1010 1016 1145 1071 hinc
1197 1016 1332 1072 inde
1383 1015 1613 1085 agitatis
1671 1014 1742 1069 ad
1805 1030 1895 1068 res

246 1112 413 1181 longe
474 1108 737 1163 utiliores
799 1112 1084 1161 avocaret.
1120 1110 1233 1161 Nec
1263 1122 1398 1161 vero
1432 1122 1557 1177 quis
1590 1104 1895 1175 scriptoris

247 1200 424 1269 hujus
457 1201 596 1252 sunt
623 1196 941 1268 vitia(htec
974 1196 1123 1250 enim
1180 1212 1294 1249 non
1348 1194 1535 1266 potuit
1587 1210 1701 1248 non
1766 1210 1896 1262 pro-

246 1290 401 1352 dere,
434 1286 534 1357 qui
566 1285 625 1340 in
661 1285 868 1340 alienis
900 1285 1238 1355 detegendis
1273 1283 1715 1354 refutandisque
1736 1286 1900 1336 tanta

248 1379 357 1432 fuit
385 1374 762 1431 inclementia
792 1374 1076 1444 versatus)
1100 1374 1345 1429 virtutes
1376 1374 1505 1444 ejus
1564 1372 1706 1426 adeo
1764 1388 1900 1426 con-

247 1468 489 1539 spicuas
534 1466 871 1520 obscurant.
942 1464 1169 1533 Scripta
1236 1464 1366 1534 ejus
1430 1462 1601 1534 plena
1668 1460 1902 1515 indiciis

250 1554 454 1611 fervidi
512 1551 909 1625 profundique
958 1551 1160 1615 animi,
1219 1567 1327 1606 suo
1379 1566 1441 1604 se
1490 1550 1659 1621 genio
1692 1548 1902 1602 distin-

248 1643 517 1713 guentis;
550 1642 721 1696 modo
753 1641 987 1695 animus
1018 1640 1389 1695 vehementer
1418 1638 1699 1707 assurgit,
1734 1638 1905 1692 modo

251 1733 513 1805 quadam
543 1731 701 1786 velut
726 1730 1071 1801 aegritudine
1093 1729 1419 1783 demittitur
1440 1736 1490 1783 et
1514 1728 1681 1782 anxie
1705 1727 1904 1799 serpit,

2000 571 2200 638 utpote
2258 567 2599 639 opinionum
2661 585 2727 623 ex
2786 568 2993 624 iisdem
3047 569 3460 625 eliciendarum
3514 570 3648 642 plus

2001 673 2164 727 aequo
2188 658 2510 712 studiosus.
2548 659 2608 712 In
2642 658 2804 713 falsis
2836 659 3174 715 doctoribus
3205 663 3261 714 et
3305 660 3647 716 Christiana)

2002 746 2283 801 doctrinae
2367 747 2805 818 corruptoribus
2872 748 3262 819 reprimendis
3329 750 3651 806 acerrimus

2004 845 2239 905 athleta.
2274 844 2370 915 qui
2405 847 2637 900 eosdem
2669 846 2869 901 innato
2902 847 3080 901 animi
3112 847 3356 918 impetu,
3392 848 3655 920 “capitali

2004 935 2159 1003 odio,
2221 934 2482 989 dicteriis
2542 939 2597 989 et
2646 935 2971 1007 opprobriis
3024 935 3257 991 homine
3291 936 3512 992 liberali
3548 954 3657 1009 pa-

2005 1040 2136 1078 rum
2170 1024 2381 1093 dignis,
2415 1029 2760 1095 persecutus
2788 1029 2892 1079 est.
2926 1026 3006 1079 Ad
3040 1041 3137 1079 eos
3200 1026 3422 1082 fortiter
3478 1031 3653 1097 atque

2007 1113 2164 1167 omni
2228 1128 2293 1167 cx
2354 1119 2513 1185 parte
2573 1113 2947 1169 debellandos
2984 1113 3232 1171 insuetis
3265 1116 3449 1170 utitur
3480 1133 3653 1188 argu-

2008 1204 2305 1258 mentandi
2342 1203 2634 1274 telis,ques
2667 1209 2862 1259 tamen
2898 1204 3173 1277 pleraque
3206 1222 3317 1261 non
3352 1205 3653 1261 incassum

2009 1291 2243 1357 emissa,
2280 1292 2529 1363 graviter
2558 1293 2886 1347 vulnerant.
2946 1294 3138 1365 Stylus
3196 1296 3323 1365 ejus
3381 1296 3655 1351 duritiem

2012 1380 2325 1452 plusquam
2390 1382 2745 1451 Africanam,
2807 1387 2861 1437 et
2892 1383 2937 1436 si
2974 1389 3239 1437 accurate
3270 1383 3409 1438 velis
3444 1385 3660 1452 dicere,

2010 1470 2461 1525 Tertullianeam
2495 1472 2731 1527 redolet.
2769 1473 2827 1526 In
2859 1472 3047 1527 verbis
3081 1472 3457 1545 amplitudini
3490 1479 3546 1528 et
3601 1474 3656 1528 vi

2014 1560 2373 1631 cogitatuum
2413 1562 2903 1632 respondentibus
2935 1563 3153 1633 ubique
3183 1563 3435 1618 auctoris
3468 1563 3669 1635 singu-

2014 1648 2135 1703 lare
2163 1648 2423 1703 studium
2459 1654 2716 1721 apparet.
2754 1650 2896 1705 Idea!
2937 1650 3105 1720 ideis,
3154 1651 3436 1707 vocabula
3491 1669 3660 1708 voca-

2017 1738 2169 1792 bulis
2202 1740 2657 1805 condensantur,
2694 1744 2759 1795 ut
2789 1756 2819 1795 e
2850 1740 3121 1795 dictionis
3155 1742 3509 1797 obscuritate
3544 1760 3662 1798 non

255 1830 509 1904 propriis
533 1829 782 1884 inventis
804 1833 859 1883 et
880 1827 1232 1905 cogitatibus
1255 1827 1721 1891 abundans,raro
1742 1826 1905 1880 seda-
1942 1858 1988 1923 B
2019 1828 2132 1881 nisi
2195 1844 2322 1882 raro
2381 1828 2789 1899 perspicuitas,
2824 1834 2880 1883 et
2910 1830 3197 1884 duntaxat
3226 1830 3382 1885 velut
3414 1830 3609 1903 fulgur
3637 1849 3668 1887 e

252 1921 442 1987 tus,in
476 1921 575 1974 98
600 1918 945 1974 exsultando
970 1934 1200 1989 quoque
1223 1916 1911 1986 substristis.Apparatus

255 2009 630 2078 eruditionis,
664 2024 840 2079 quam
874 2006 1123 2063 ubertim
1156 2011 1406 2077 apteque
1459 2006 1583 2059 suis
1632 2004 1915 2076 inspersit

259 2100 423 2166 locis,
482 2096 785 2169 multiplex
827 2113 940 2151 non
994 2095 1119 2151 sine
1152 2094 1469 2167 legentium
1504 2110 1707 2165 sapore
1739 2099 1915 2166 atque

259 2188 657 2244 emolumento
688 2185 1048 2257 imaginandi
1084 2183 1393 2256 vis,ampla
1422 2188 1595 2255 atque
1628 2188 1915 2255 prognata

258 2279 394 2333 inde
443 2276 657 2345 ingenii
691 2276 927 2331 ubertas
986 2290 1047 2329 se
1106 2274 1367 2344 undique
1427 2290 1528 2345 per
1585 2274 1914 2345 exquisitas

259 2367 665 2438 cogitationes,
717 2369 922 2420 acutas
970 2363 1313 2431 sententias,
1348 2363 1636 2435 imagines
1666 2362 1911 2418 vivacis-

258 2460 462 2525 simae,
500 2472 601 2528 per
631 2454 872 2510 festivos
919 2452 1071 2510 sales
1125 2458 1181 2509 et
1242 2453 1545 2508 mordaces
1600 2451 1915 2507 cavillatio-

262 2564 385 2618 nes,
444 2561 735 2617 omneque
793 2543 1065 2599 dictionis
1125 2558 1309 2613 genus
1370 2542 1764 2608 diffundunt;
1822 2541 1915 2597 his

261 2635 644 2691 facultatibus
674 2634 887 2706 raptim
922 2637 977 2688 et
1026 2633 1258 2688 turbate
1316 2631 1617 2687 multoties
1678 2630 1914 2703 agitatis

251 2726 549 2797 judicium
584 2740 695 2779 non
730 2721 907 2778 semel
930 2722 1198 2794 cespitat;
1225 2722 1380 2776 unde
1410 2722 1536 2791 ejus
1568 2725 1917 2793 argumenta

260 2813 596 2886 splendoris
628 2829 692 2866 ac
723 2810 973 2883 speciosi
1006 2811 1281 2879 multum,
1343 2811 1612 2882 ponderis
1672 2827 1802 2865 vero
1860 2814 1917 2865 et

261 2903 434 2957 solidi
469 2917 623 2973 saepe
654 2916 857 2972 parum
892 2901 1197 2956 babent.ln
1232 2902 1408 2956 rebus
1442 2900 1613 2955 etiam
1652 2900 1915 2953 minimis

262 2991 608 3047 exardescit.
668 2995 882 3046 Praeter
938 2990 1265 3046 facilitatem
1317 2990 1651 3061 quibusque
1708 3006 1914 3044 narra-

260 3081 546 3137 tiunculis
627 3080 1037 3144 assentiendi,
1128 3080 1283 3134 haud
1360 3079 1759 3151 infrequenter
1822 3095 1915 3135 res

261 3180 506 3236 veritate
537 3179 790 3249 majores
820 3176 1250 3249 contemplatur
1281 3182 1382 3233 aut
1412 3177 1598 3249 fingit,
1635 3176 1912 3231 lectorem

264 3272 461 3343 potius
496 3270 621 3341 ipse
651 3269 927 3340 abreptus
962 3284 1160 3323 secum
1220 3267 1391 3339 rapit,
1452 3283 1627 3338 quam
1689 3266 1914 3323 ratione

263 3360 322 3414 in
378 3377 522 3415 suas
575 3362 771 3425 partes
826 3357 1049 3412 invitat.
1110 3357 1331 3429 Saepius
1389 3373 1566 3427 quam
1620 3371 1712 3411 res
1761 3356 1915 3411 nude

262 3450 527 3505 docenda
580 3453 681 3504 aut
739 3447 1038 3519 probanda
1098 3446 1387 3519 postulat,
1450 3446 1802 3501 calamistris
1860 3450 1916 3501 et

262 3539 553 3594 cincinnis
584 3537 925 3593 delectatur.
956 3535 1134 3591 Multa
1164 3539 1337 3591 etiam
1366 3535 1572 3591 durius
1604 3540 1659 3590 et
1690 3534 1915 3606 signifi-

265 3629 520 3691 cantius,
561 3644 737 3699 quam
795 3625 1041 3698 intelligi
1102 3626 1369 3693 voluerit,
1425 3626 1587 3678 dicit.
1658 3625 1915 3679 Graecam

264 3717 699 3790 phiIOSOpbiam
729 3716 992 3789 apprime
1023 3715 1289 3781 callebat;
1317 3716 1389 3771 ab
1420 3715 1549 3785 ejus
1582 3719 1773 3770 tamen
1806 3729 1916 3769 usu

266 3825 379 3863 non
413 3812 645 3862 tantum
678 3807 830 3873 odio,
867 3823 980 3878 quo
1002 3823 1129 3861 eam
1162 3806 1317 3861 velut
1349 3805 1639 3860 hteresum
1673 3808 1917 3858 matrem

265 3898 419 3951 inter
482 3895 844 3951 Christianos
912 3895 1379 3961 condemnabat,
1458 3895 1557 3949 sed
1612 3899 1669 3948 et
1722 3892 1918 3948 indole

266 3987 471 4056 adimi,
524 3986 745 4040 tardam
780 3989 836 4039 et
866 3984 935 4039 ab
969 3984 1259 4040 adamatis
1291 3984 1737 4055 evagationibus
1768 3984 1915 4038 libe-

268 4094 393 4131 ram
426 4075 839 4147 cogitationem
900 4074 1287 4139 abhorrentis,
1321 4073 1624 4141 abstinuit,
1660 4074 1812 4129 unde
1861 4078 1919 4129 et

270 4165 467 4219 minus
526 4164 858 4235 frequenter
914 4162 1225 4234 minusque
1286 4162 1547 4232 feliciter,
1581 4180 1754 4233 quam
1788 4164 1916 4233 ejus

264 4255 562 4327 capacitas
629 4254 895 4321 ferebat,
966 4252 1458 4324 phi1080phatur.
1533 4252 1629 4307 llis
1714 4257 1914 4308 tamen

264 4345 421 4400 haud
452 4343 769 4414 impeditus
804 4342 1049 4412 fuit,quo
1083 4342 1277 4397 minus
1308 4341 1620 4397 Christiani
1658 4341 1911 4396 nominis

261 4439 320 4488 et
350 4432 654 4505 religionis
714 4430 965 4486 eximius
1014 4432 1298 4487 adversus
1347 4436 1549 4503 gentes
1608 4430 1912 4503 apologeta

262 4524 550 4578 evaderet.
611 4524 668 4574 In
720 4520 845 4575 suis
896 4519 1119 4593 criptis,
1154 4520 1201 4575 si
1233 4536 1445 4590 paucas
1478 4520 1761 4591 quasdam
1798 4520 1909 4575 sibi

265 4610 591 4685 peculiares
621 4609 965 4681 sententias,
1028 4626 1216 4681 neque
1272 4609 1556 4681 gravioris
1609 4610 1912 4677 momenti,

264 4731 329 4768 ac
368 4713 690 4785 praesertim
723 4712 1031 4766 decantata
1061 4709 1320 4766 Montani
1345 4710 1619 4781 dogmata
1635 4711 1911 4781 excipias,

265 4818 476 4875 puram
510 4801 725 4873 passim
785 4817 917 4856 cum
975 4802 1254 4871 gravitate
1310 4798 1484 4854 fidem
1543 4798 1913 4866 catholicam,

266 4893 492 4963 absque
520 4890 852 4946 artificiosis
884 4889 1388 4962 explicationibus,
1432 4893 1489 4944 et
1536 4889 1915 4961 comparandi

266 4980 558 5048 formulis,
596 4997 743 5052 quas
776 4979 1046 5035 nonnulli
1076 4980 1378 5034 doctorum
1414 4979 1718 5050 hucusque
1750 4980 1916 5033 adhi-

263 5072 398 5127 bere
432 5070 622 5126 conati
653 5071 829 5136 fuere,
865 5070 1150 5141 proponit.
1215 5070 1275 5124 In
1337 5085 1566 5123 morum
1628 5069 1913 5135 doctrina,

265 5160 364 5215 ubi
420 5166 540 5215 tam
612 5160 943 5230 frequenter
1001 5158 1059 5212 in
1116 5158 1365 5230 rigorem
1391 5157 1661 5223 deﬂectit,
1696 5162 1914 5228 quanto

268 5251 567 5316 severior,
630 5254 791 5304 tanto
850 5266 1000 5319 saepe
1047 5248 1431 5319 praestantior.
1492 5250 1604 5301 Suo
1664 5264 1915 5319 namque

266 5340 563 5413 religionis
597 5338 1002 5411 promovenda:
1038 5337 1241 5392 ardore
1299 5335 1621 5407 legentium
1685 5336 1914 5394 animos

264 5430 613 5500 succendit,
676 5434 732 5483 et
796 5443 1109 5499 generosos
1178 5427 1236 5481 in
1304 5432 1470 5483 actus
1545 5426 1911 5482 inflammat.

260 5530 617 5595 Qumstiones
648 5531 869 5596 autem,
929 5530 985 5580 ct
1037 5525 1389 5581 assertiones
1448 5525 1699 5579 moralcs
1756 5530 1915 5581 tanta

253 5620 303 5673 vi
334 5636 396 5675 ac
450 5617 641 5693 gratia
693 5617 1013 5689 pertractat
1072 5618 1137 5669 ut
1165 5614 1383 5670 erranti
1415 5613 1583 5669 facile
1616 5615 1907 5685 ignoscas,

258 5710 523 5785 frequens
559 5710 615 5766 in
652 5721 960 5765 sacrarum
993 5704 1338 5762 Litterarum
1363 5720 1609 5775 usu,nec
1633 5704 1912 5761 inductus

2025 1917 2282 1971 tenebris
2322 1917 2711 1988 resplendeat.
2772 1919 2952 1974 Voces
3011 1919 3304 1985 obsoletis,
3365 1925 3465 1975 aut
3523 1938 3669 1977 nove

2023 2007 2301 2077 conficta,
2362 2011 2461 2061 aut
2516 2006 2813 2079 affectatae,
2865 2009 3327 2065 constructiones
3356 2010 3667 2066 verborum

2023 2112 2257 2167 asperae,
2294 2095 2607 2151 abusiones
2638 2097 3023 2170 varias,stylus
3059 2098 3429 2170 inaequaliter
3459 2099 3668 2172 ﬂuens,

2021 2195 2315 2251 condensa
2364 2195 2619 2251 brevitas
2645 2239 2658 2263 ,
2716 2198 2968 2252 audaces
3028 2198 3377 2270 metaphorze
3403 2245 3417 2269 ,
3453 2200 3672 2272 frigidae

2023 2284 2348 2351 sententiae,
2382 2290 2437 2340 et
2486 2286 2802 2341 antithescs
2857 2288 2959 2342 94
3016 2304 3080 2342 ac
3140 2287 3305 2343 lusus
3362 2290 3670 2346 verborum

2022 2374 2227 2428 inanes
2250 2374 2684 2430 "l‘ertullianum
2721 2375 2934 2446 ubique
2967 2377 3240 2447 produnt.
3294 2379 3425 2443 Qua:
3476 2380 3675 2435 sedeat

2023 2462 2313 2519 sententia
2370 2463 2427 2518 in
2492 2469 2683 2519 mente
2739 2464 3120 2535 Tertulliani,
3180 2466 3372 2522 verbis
3433 2467 3669 2538 quidem

2024 2552 2315 2625 exprimit,
2377 2554 2475 2609 sed
2536 2554 2802 2609 obscuris
2860 2556 3004 2610 adeo
3063 2560 3125 2609 ut
3152 2556 3532 2625 conjectando
3566 2574 3670 2629 po-

2022 2642 2164 2712 tius,
2216 2659 2391 2714 quam
2449 2645 2621 2714 probe
2679 2645 3081 2717 perspiciendo
3140 2650 3414 2714 eruatur;
3476 2648 3669 2703 rarius

2024 2732 2236 2801 dubiae,
2272 2750 2417 2804 quas
2451 2734 2520 2788 ad
2557 2751 2617 2788 se
2638 2735 3135 2789 manifestandum
3170 2735 3391 2807 selegit,
3427 2735 3671 2807 phrases

2024 2821 2195 2893 plane
2228 2826 2640 2893 penetrantur;
2676 2840 2788 2878 non
2824 2824 3117 2879 immerito
3151 2825 3207 2878 in
3269 2826 3376 2879 hoc
3435 2843 3675 2897 carpen-

2024 2912 2157 2981 dus,
2217 2914 2368 2982 quod
2428 2913 2692 2968 studiose
2750 2914 3040 2985 cogitatus
3095 2930 3233 2969 suos
3293 2914 3547 2970 tenebris
3606 2932 3673 2971 ac

2021 3001 2330 3056 verborum
2390 3001 2707 3057 involucris
2766 3002 3115 3058 contexerit.
3177 3007 3391 3058 Verum
3467 3004 3673 3075 OEdipi

2021 3089 2254 3145 labores
2287 3090 2444 3145 haud
2478 3108 2618 3146 sane
2651 3091 2855 3146 inanes
2885 3099 3075 3160 erunt,
3111 3092 3205 3163 qui
3238 3091 3508 3147 solertius
3540 3092 3672 3165 styli

2025 3177 2205 3249 hujus
2264 3179 2572 3250 (enigmata
2626 3180 3068 3250 pervestigarit.
3131 3180 3418 3249 Dubiam,
3490 3198 3669 3253 quam

2028 3266 2152 3322 suis
2207 3267 2438 3338 scriptis
2491 3268 2748 3339 aspergit
2801 3273 3024 3335 auctor,
3086 3268 3273 3324 lucem
3331 3276 3677 3342 compensat

2023 3357 2189 3429 copia
2220 3363 2277 3411 et
2308 3358 2573 3412 ubertate
2603 3358 2908 3412 verilatum
2941 3375 3088 3429 quas
3139 3358 3387 3415 sollicito
3444 3364 3676 3416 scruta-

2023 3448 2133 3501 tori
2166 3446 2397 3517 detegit.
2433 3450 2476 3500 0
2508 3464 2681 3518 quam
2709 3448 3009 3517 jucundus
3057 3449 3165 3503 erit
3225 3454 3466 3505 conatus
3526 3450 3675 3505 anti-

2027 3536 2267 3606 quitatis
2299 3536 2724 3601 studioso,hzec
2757 3537 2973 3608 scripta
3006 3537 3407 3607 meditanti,ex
3439 3540 3675 3595 cumulo

2025 3627 2335 3680 verborum
2383 3642 2625 3696 operose
2684 3630 2882 3681 coacto
2941 3626 3010 3679 ad
3076 3628 3416 3697 penitiorem
3479 3645 3674 3684 rerum

2027 3714 2416 3785 cognitionem
2454 3716 2796 3787 pertingere,
2820 3720 2875 3769 et
2908 3732 3019 3770 non
3056 3734 3179 3771 raro
3213 3717 3270 3771 in
3295 3718 3467 3773 unico
3500 3734 3679 3789 prope

2026 3803 2264 3859 verhulo
2324 3805 2553 3859 acutius
2608 3804 2954 3876 investigato
3033 3806 3345 3877 praeclaras
3399 3807 3676 3862 veritates

2030 3894 2321 3966 retegerel
2383 3896 2748 3966 Quantopere
2779 3894 3006 3949 abludit
3035 3894 3435 3950 Tertullianus
3467 3913 3497 3949 a
3529 3896 3676 3950 scri-

2031 3984 2297 4056 ptoribus
2358 4000 2472 4038 non
2532 3984 2770 4054 paucis,
2830 3984 2931 4054 qui
2989 3985 3222 4056 turgida
3278 4002 3385 4040 sua
3442 3983 3677 4040 dicendi

2028 4074 2302 4129 methodo
2333 4074 2640 4128 verborum
2676 4072 2908 4129 nonnisi
2944 4075 3224 4145 profluvia
3282 4075 3559 4143 fundunt,
3621 4080 3680 4131 et

2028 4189 2227 4227 cassas
2254 4189 2431 4227 nuces
2466 4171 2781 4227 lectoribus
2812 4172 2883 4227 ad
2919 4172 3222 4227 fastidium
3257 4190 3445 4245 usque
3498 4174 3679 4246 porri-

2026 4268 2190 4333 gunt.
2250 4265 2400 4328 Quot
2455 4261 2676 4316 interea
2735 4266 2939 4317 auctor
2998 4267 3197 4316 noster
3226 4262 3678 4320 difﬁcultatibus

2025 4357 2228 4417 scatet,
2262 4349 2702 4421 cultoribusque
2728 4350 2851 4406 suis
2885 4350 3189 4406 lectionem
3246 4352 3435 4406 reddit
3489 4351 3678 4423 impe-

2025 4442 2230 4510 ditam,
2265 4446 2351 4495 tot
2382 4440 2822 4495 amcenitatibus
2864 4457 2893 4494 e
2950 4445 3153 4495 contra
3212 4444 3352 4495 sunt
3409 4442 3675 4510 ejusdem

2023 4530 2157 4586 libri
2215 4530 2430 4595 referti,
2492 4534 2547 4585 et
2595 4530 2870 4584 varietate
2903 4546 2965 4585 ac
2999 4529 3215 4584 selectu
3245 4529 3676 4586 sententiarum

1948 4611 1992 4676 D
2025 4638 2091 4675 ac
2124 4620 2432 4674 veritatum
2468 4617 2637 4673 utiles
2666 4620 2853 4690 magis
2904 4625 3079 4690 atque
3130 4620 3405 4689 jucundi.
3465 4620 3680 4677 Praeter

2024 4711 2180 4766 enim
2212 4709 2557 4765 eruditionis
2592 4709 2996 4765 reconditioris
3028 4710 3361 4777 thesauros,
3414 4711 3677 4768 invenies

2025 4801 2081 4855 in
2141 4800 2267 4870 ejus
2312 4800 2543 4869 scriptis
2579 4799 2708 4853 fidei
2743 4799 3105 4866 Christiance,
3140 4801 3463 4872 disciplinae
3494 4802 3675 4858 eccle-

2026 4888 2298 4958 siasticze,
2333 4887 2803 4943 caeremoniarum
2840 4888 2896 4942 in
2956 4889 3115 4944 cultu
3169 4890 3367 4946 divino
3429 4892 3675 4947 usitata-

2028 4977 2628 5049 rum,impetuumque
2660 4996 2691 5032 a
2723 4978 2896 5033 sectis
2926 4978 3211 5034 hmreticis
3246 4979 3300 5034 in
3348 4981 3674 5037 doctrinam

2023 5068 2367 5123 catholicam
2403 5068 2708 5135 factorum,
2744 5084 2809 5123 ac
2840 5068 3239 5125 hereticorum
3274 5071 3363 5126 sui
3396 5072 3495 5126 aevi
3545 5072 3675 5144 epi-

2026 5158 2267 5211 nionum
2300 5157 2726 5212 enarrationem
2761 5158 2902 5213 adeo
2928 5157 3242 5231 ingenuam
3257 5162 3670 5233 ,pcrspicuam,

2024 5247 2447 5317 etjucundani,
2483 5245 2717 5317 qualem
2751 5247 2970 5303 frustra
3026 5248 3126 5304 illa
3184 5254 3349 5304 aetate
3406 5251 3476 5304 ab
3540 5248 3671 5305 aliis

2023 5337 2464 5408 exspectaveris.
2516 5336 2627 5391 Nec
2680 5341 2788 5405 est,
2822 5338 2975 5408 quod
3012 5338 3413 5392 confusionem
3447 5337 3672 5393 Monta-

2026 5427 2201 5481 nismi
2238 5426 2502 5499 (propriae
2528 5444 2641 5482 sua:
2676 5426 2992 5500 opinionis)
3025 5433 3081 5483 et
3139 5425 3554 5494 Calholicismi,
3609 5431 3674 5483 ut

2025 5516 2104 5570 ita
2152 5515 2368 5587 dicam,
2420 5521 2668 5587 metuas,
2702 5517 2800 5588 qui
2836 5518 3154 5571 multorum
3191 5521 3278 5570 cst
3313 5515 3669 5588 scrupulus;

2022 5631 2157 5670 nam
2187 5614 2353 5670 illum
2383 5614 2441 5670 in
2470 5616 2670 5687 paucis
2701 5615 2994 5686 rebusque
3025 5612 3340 5671 levioribus
3370 5615 3674 5688 professus

2020 5709 2128 5776 est,
2175 5721 2280 5761 nec
2334 5722 2469 5762 suas
2537 5703 2841 5775 opiniones
2912 5721 2945 5760 a
3010 5704 3310 5764 communi
3378 5708 3672 5765 sententia
