4060 6380
451 357 566 416 135

1522 342 2050 407 DISSERTATIO
2096 344 2200 405 DE
2243 345 2458 406 VERA
2499 348 2783 410 ιΕΤΑἸῈ

3749 358 3872 422 136

448 484 818 546 discernendi
850 483 1042 540 media
1067 499 1173 538 nos
1203 480 1722 538 deficiunt.Parum
1756 481 2085 568 accuratam
2119 485 2175 552 Α
2211 479 2540 551 Virginiae,
2569 481 2634 538 de
2658 485 2958 557 Patientia,
3012 491 3084 546 ad
3127 491 3417 566 Hartyras,
3476 493 3556 550 ad
3613 495 3872 568 Uxorem,

452 596 582 635 esse
612 578 774 634 aiunt
807 571 1070 629 nonnulli
1101 573 1227 642 ejus
1259 572 1329 626 de
1359 569 1767 626 Gnosticorum
1809 565 2106 622 erroribus

448 669 520 725 ob
577 663 876 722 orientalis
932 661 1313 733 philosophiae
1376 657 1776 731 ignorantiam
1810 656 2104 711 recensio-

452 773 625 823 nem;
660 755 761 809 sed
795 753 849 806 id
893 768 1005 805 non
1039 750 1182 805 satis
1233 749 1488 819 ingenue
1516 747 1792 802 creditur.
1856 750 1934 814 Is,
2001 744 2105 815 qui

449 850 632 912 tanta;
667 840 971 912 diligentia
1000 843 1053 894 et
1087 837 1356 893 acumine
1387 838 1447 891 in
1468 837 1677 891 horum
1710 833 1946 906 scriptis
1981 837 2108 888 erat

454 937 748 997 versatus;
783 930 855 996 is,
891 945 1005 1000 quo
1055 943 1225 983 nemo
1283 927 1521 982 uberius
1582 924 1816 979 illorum
1874 939 2106 979 errores

445 1024 823 1079 discusserat.
885 1021 938 1074 Is
998 1017 1211 1072 horum
1260 1017 1562 1087 ignorasse
1595 1014 1877 1085 originem
1906 1013 2106 1068 creda-

444 1113 582 1182 tur?
615 1108 786 1181 Atqui
820 1107 1079 1162 absurda
1114 1104 1349 1160 illorum
1383 1105 1762 1175 opinamenta
1789 1119 1854 1157 ex
1916 1099 2107 1174 philo-

439 1199 643 1271 sophia
696 1196 1028 1252 Graacanica
1088 1195 1259 1251 unice
1320 1193 1595 1256 derivat;
1655 1192 2103 1249 concedendum

436 1314 572 1370 ergo
622 1298 838 1369 potius,
899 1295 1056 1351 hunc
1116 1294 1335 1349 fontem
1398 1309 1510 1348 non
1573 1293 1757 1348 fuisse
1815 1293 2101 1346 duntaxat

440 1385 877 1459 philosophiam
931 1383 1300 1439 orientalem.
1371 1386 1656 1437 Praeterea
1710 1379 2104 1436 Tertullianus

438 1476 758 1548 latinitatis
791 1472 1201 1530 ecclesiasticae
1234 1488 1336 1527 seu
1394 1470 1682 1527 sermonis
1735 1470 1791 1525 in
1851 1469 2102 1541 publicis

439 1565 708 1621 Ecclesiae
765 1564 1012 1637 negotiis
1072 1562 1279 1618 usitati
1333 1566 1536 1618 auctor
1569 1561 1697 1629 fuit,
1731 1561 1789 1615 in
1818 1577 1933 1632 quo
1967 1577 2102 1616 cum

433 1654 643 1710 veteris
711 1652 856 1708 Latii
937 1650 1239 1708 vocabulis
1312 1655 1369 1706 et
1432 1649 1739 1705 sententiis
1780 1666 1938 1704 novae
1979 1654 2102 1706 eta

434 1742 785 1798 Christianis
819 1740 1210 1812 dogmatibus,
1252 1739 1523 1811 personis
1554 1743 1608 1795 et
1658 1738 2099 1811 consuetudini-

2216 569 2421 624 Habita
2450 587 2582 627 vero
2610 573 2832 632 ratione
2863 579 2933 632 ad
2969 581 3204 637 criticen
3235 599 3300 638 ac
3332 599 3398 638 ac
3428 583 3870 657 chronologiam

2217 657 2475 729 quinque
2517 659 2768 732 Operum
2829 665 3046 724 classes
3097 673 3440 728 statuendus
3497 688 3624 729 esse
3678 675 3872 746 capite

2217 750 2485 818 sequenti
2553 751 2942 811 docebimus.
3012 761 3282 815 Notanda
3347 761 3600 834 denique
3669 764 3875 835 [etiam

2215 837 2454 892 veniunt
2485 839 2830 897 Tertulliani
2863 861 3036 916 Opera
3068 853 3268 905 contra
3298 849 3615 907 Ecclesiam
3646 854 3872 924 scripta

2216 942 2318 996 pro
2347 925 2734 985 Montanistis.
2775 934 2959 1005 Hujus
3017 938 3249 1008 generis
3306 955 3551 995 numero
3611 946 3874 1012 quatuor

2219 1012 2524 1080 habentur,
2589 1018 2868 1076 nimirum
2921 1022 3068 1079 liber
3088 1025 3151 1080 de
3184 1027 3491 1095 Pudicitia,
3523 1030 3587 1085 de
3617 1031 3874 1100 Monoga-

2216 1105 2349 1173 mia,
2386 1105 2700 1164 Exhortatio
2730 1109 2798 1164 ad
2821 1114 3154 1184 castitatem,
3184 1121 3242 1172 et
3269 1117 3574 1175 Tractatus
3603 1119 3669 1176 de
3715 1121 3869 1192 Jeju-

2213 1208 2348 1248 nm.

2285 1282 2364 1338 De
2395 1287 2656 1357 tempore
2685 1291 2858 1360 atque
2889 1291 3236 1365 ordine,quo
3269 1294 3328 1350 in
3358 1298 3669 1354 exarandis
3699 1315 3865 1356 com-

2214 1373 2673 1432 mentationibus
2706 1379 2830 1433 suis
2861 1397 3006 1437 usus
3036 1387 3125 1438 est
3155 1383 3768 1458 Tertullianus,multa
3791 1390 3866 1447 ab

2211 1463 2629 1520 eruditissimis
2685 1467 2824 1524 viris
2864 1469 3277 1541 disputantur;
3347 1490 3453 1529 nec
3517 1474 3651 1532 licet
3718 1477 3867 1535 item

2214 1551 2362 1607 hanc
2401 1552 2482 1608 ita
2525 1555 2809 1627 decidere,
2859 1562 2924 1613 ut
2970 1561 3168 1615 omnia
3234 1563 3376 1618 ﬁant
3441 1563 3615 1634 plana
3680 1569 3865 1637 atque

2212 1645 2499 1698 accurata.
2535 1643 2745 1700 Praeter
2776 1647 2944 1714 alios,
2979 1664 3182 1719 operas
3215 1667 3353 1706 suas
3384 1651 3454 1706 ad
3488 1651 3547 1708 id
3598 1654 3864 1712 contule-

2212 1736 2368 1802 runt,
2428 1736 2493 1787 ut
2539 1732 2844 1803 librorum,
2907 1753 3054 1808 quos
3101 1739 3500 1798 Tertullianus
3533 1745 3870 1816 composuit

437 1832 550 1888 bus
581 1833 904 1902 desumpta:
937 1829 1204 1886 noliones
1229 1831 1580 1901 junguntur.
1600 1827 1752 1884 Licet
1783 1829 1854 1883 ab
1886 1828 2085 1883 ortho-
2116 1864 2162 1929 B
2192 1824 2266 1929 ft
2295 1821 2550 1929 Ρθιὶξιιὲξῐ,
2585 1826 2781 1924 aetates
2812 1824 3205 1929 ,i‘ndagarent,
3241 1841 3331 1929 lex
3392 1831 3866 1929 Protestantibus

436 1921 601 1976 doxis
633 1938 750 1975 suae
783 1918 1182 1975 communioni
1243 1936 1355 1974 non
1416 1918 1588 1973 fuerit
1639 1919 2083 1988 adnumeratus,

436 2010 564 2080 ejus
592 2013 785 2064 tamen
813 2009 1112 2080 ingenium
1145 2006 1480 2079 stylumque
1512 2006 1734 2078 passim
1795 2023 2086 2061 commen-

437 2099 674 2166 dabant,
710 2114 998 2170 quemque
1030 2098 1178 2152 inter
1207 2095 1612 2152 Occidentales
1644 2095 1728 2150 illi
1759 2100 2079 2168 aequarent,

436 2186 734 2242 habebant
765 2186 1081 2242 neminem.
1124 2191 1249 2242 Non
1307 2185 1491 2241 multo
1550 2190 1681 2256 post
1736 2185 2080 2257 Cyprianus,

434 2276 587 2331 inter
607 2276 912 2347 episcopos
937 2274 1737 2346 celeberrimus,seeuamque
1759 2274 2079 2329 orationem

431 2363 664 2435 penitus
685 2365 752 2418 ad
775 2363 953 2435 hujus
985 2363 1294 2418 dictionem
1328 2363 1774 2433 ef.’iunxit,quod
1806 2367 1862 2419 et
1889 2363 2080 2419 caeteri

432 2452 628 2508 minus
660 2457 857 2524 aperte
891 2455 1207 2508 tentarunt.
1253 2451 1515 2507 Montani
1572 2456 1767 2508 autern
1826 2453 2078 2508 factione

431 2549 714 2623 paulatim
775 2551 1100 2615 deficiente,
1172 2549 1500 2622 periculum
1554 2568 1789 2623 quoque
1821 2569 1886 2606 ex
1918 2551 2078 2608 illius

431 2637 677 2694 lectione
709 2639 928 2694 sensim
960 2656 1295 2695 evanescere
1327 2639 1424 2696 95
1461 2640 1656 2710 cmpit,
1707 2640 1954 2695 maxime
2006 2642 2077 2696 ob

430 2729 737 2782 commoda
790 2745 916 2798 quae
951 2727 1084 2783 inde
1115 2727 1338 2783 hauriri
1370 2733 1637 2799 poterant
1668 2727 1838 2799 plane
1869 2729 2078 2801 singu-

429 2815 593 2870 laria.
626 2817 1158 2872 Commentationcs
1188 2823 1244 2872 et
1274 2817 1782 2889 interpretationes
1839 2819 1966 2889 ejus
2017 2819 2076 2873 in

428 2921 628 2961 sacras
663 2905 904 2961 Litteras
935 2895 1188 2962 illustria
1217 2912 1355 2962 sunt
1387 2913 1766 2962 monumenta
1798 2907 1868 2962 ad
1901 2907 2077 2963 histo-

427 2993 574 3049 riam
609 2994 914 3067 theologia:
948 2995 1192 3066 biblicae,
1225 2996 1612 3068 exegesinque
1661 3013 1917 3065 sacram;
1971 2998 2071 3052 sed

428 3100 545 3138 non
605 3084 731 3139 sine
783 3083 1128 3140 difﬁcultate
1159 3084 1456 3139 dirimitur
1486 3086 1750 3157 quaestio,
1783 3091 2070 3156 quantum

423 3171 522 3228 ille
555 3190 697 3228 usus
728 3173 803 3229 sit
859 3173 1337 3244 interpretatione
1396 3174 1599 3229 Latina
1652 3173 1749 3230 illo
1806 3182 2069 3248 tempore

2192 1911 2424 1965 Samuel
2457 1912 2779 1983 Basnagius
2809 1914 3075 1986 (Annalit.
3099 1918 3681 1991 pol:tico-ecclesia:t.,
3704 1928 3860 1982 tom.

2195 1997 2266 2068 II,
2326 2017 2381 2070 p.
2440 1999 2567 2072 215)
2624 2007 2677 2055 et
2709 2002 2911 2058 Petrus
2943 2003 3189 2061 Allixius
3221 2009 3526 2077 (Disseruit.
3557 2010 3623 2066 de
3654 2013 3768 2067 vita
3799 2019 3860 2070 et

2190 2089 2407 2160 scriptis
2445 2091 2786 2158 Tertulliani,
2820 2109 2945 2164 cap.
2990 2095 3020 2147 4
3077 2111 3245 2168 scqq.,
3310 2114 3442 2169 pag.
3499 2100 3611 2171 28),
3671 2103 3846 2172 cujus

2191 2176 2626 2250 chronologiam
2703 2182 2963 2252 proxime
3037 2185 3105 2239 ad
3186 2186 3487 2243 veritatem
3570 2192 3845 2248 accedere

2183 2265 2411 2335 judicat
2441 2267 2591 2322 Guil.
2625 2273 2842 2325 Caveus
2875 2271 3034 2341 (Hist.
3068 2273 3333 2341 litterar.,
3364 2281 3504 2332 tom.
3541 2279 3585 2347 Ι,
3619 2296 3676 2350 p.
3724 2282 3842 2351 92),

2190 2359 2246 2410 et
2301 2357 2426 2427 ipse
2482 2357 2770 2429 ordinem,
2831 2360 2902 2415 ab
2959 2377 3025 2416 eo
3076 2363 3469 2434 designatum,
3502 2367 3559 2421 in
3595 2384 3846 2426 enume—

2189 2444 2388 2500 randis
2422 2444 2514 2501 his
2547 2445 2713 2502 libris
2743 2449 3034 2520 praecipue
3067 2451 3357 2523 sequitur,
3391 2454 3467 2510 ita
3501 2460 3717 2527 tamen,
3777 2465 3846 2515 ut

2187 2532 2247 2588 in
2283 2535 2586 2590 nonnullis
2615 2535 2686 2590 ab
2718 2537 2816 2592 illo
2849 2538 3178 2595 dissentiat.
3211 2543 3292 2597 Ex
3319 2544 3635 2602 Catholicis
3665 2547 3843 2604 Seba-

2187 2622 2411 2679 stianus
2442 2623 2493 2680 lc
2525 2624 2694 2694 Nain,
2724 2626 3112 2684 tillemontius
3172 2631 3508 2702 (Me’moires,
3543 2639 3687 2690 tom.
3735 2639 3839 2706 lll,

2189 2713 2381 2784 p.300
2438 2717 2494 2768 et
2550 2714 2697 2769 suiv.
2758 2715 2895 2770 édit.
2949 2717 3020 2772 de
3077 2719 3354 2786 llruxell.,
3414 2723 3595 2794 l732),
3659 2726 3838 2784 Ellies

2191 2802 2454 2873 Dupinus
2524 2802 2929 2876 (Bibliothe‘que
2993 2807 3088 2862 des
3154 2818 3404 2878 auteurs,
3473 2815 3614 2867 tom.
3678 2815 3717 2885 Χ)
3780 2821 3838 2871 et

2187 2891 2348 2945 Remi
2409 2892 2638 2948 Ceillier
2683 2895 2846 2963 (met.
2899 2899 3020 2965 gen.
3055 2896 3147 2952 de:
3176 2907 3416 2965 auteure,
3447 2901 3549 2956 96
3583 2906 3724 2957 tom.
3761 2905 3832 2962 Il.

2184 2983 2350 3054 chap.
2383 2984 2475 3055 28)
2507 2985 2576 3039 ad
2612 2985 3078 3058 investigandam
3109 2989 3235 3058 ejus
3285 2989 3567 3047 librorum
3598 2997 3833 3051 aetatem

2181 3071 2332 3126 vires
2361 3090 2500 3128 suas
2560 3078 2616 3127 et
2669 3075 2932 3130 studium
2992 3077 3427 3149 impenderunt.
3488 3081 3600 3137 Sed
3658 3101 3833 3140 nemo

2183 3159 2428 3228 felicius,
2484 3163 2683 3233 judice
2741 3165 2822 3220 Cl.
2879 3165 2967 3220 J0.
3027 3166 3231 3224 Matth.
3291 3169 3682 3239 Schrmckhio,
3721 3172 3833 3229 hoc

415 3261 540 3332 jam
592 3261 928 3319 exsistentc.
982 3263 1271 3319 Numerus
1304 3269 1361 3320 et
1390 3265 1636 3320 varietas
1658 3282 1893 3337 operum
1927 3266 2064 3320 Tor-

2190 3269 2425 3306 numcre
2458 3253 2690 3310 functus
2721 3259 2828 3324 est,
2863 3273 3039 3328 quam
3071 3257 3152 3312 Cl.
3185 3259 3274 3315 Jo.
3308 3261 3609 3333 Augustus
3667 3237 3832 3320 Noe:-

423 3349 656 3406 tulliani
687 3367 828 3408 sane
858 3353 1136 3423 postulat,
1173 3358 1236 3408 ut
1267 3353 1368 3409 illa
1415 3359 1638 3410 certum
1689 3355 1746 3408 in
1805 3354 2071 3410 ordinem

423 3444 527 3494 aut
581 3439 797 3495 classes
856 3444 1089 3498 redacta
1147 3444 1617 3514 perpendantur;
1671 3444 1753 3499 sic
1785 3443 1965 3499 relate
1996 3445 2067 3499 ad

425 3544 514 3582 res
541 3545 689 3599 quas
719 3529 1040 3597 continent,
1083 3549 1188 3586 seu
1247 3531 1469 3586 ratione
1521 3531 1850 3604 argumenti
1913 3533 2068 3603 quod

423 3621 803 3687 pertractant,
865 3618 1023 3674 illius
1055 3619 1276 3688 scripta
1301 3621 1358 3674 in
1391 3626 1506 3676 tres
1537 3621 1755 3677 classes
1785 3621 2067 3694 distingui

423 3711 690 3776 possunt.
753 3707 942 3763 Prima
993 3707 1402 3780 complectitur
1456 3727 1541 3777 ea,
1605 3727 1731 3781 qua:
1788 3711 2066 3767 adversus

421 3794 688 3851 ethnicos
744 3800 803 3852 et
858 3797 1131 3868 Judaaos,
1182 3799 1414 3868 juratos
1471 3797 1770 3870 religionis
1823 3800 2062 3869 hostes,

421 3891 894 3965 scriptaquere,
953 3895 1150 3966 qualia
1208 3902 1384 3963 sunt,
1444 3913 1492 3951 e.
1558 3913 1633 3963 c.,
1691 3899 2068 3968 Apologeticus

420 3982 554 4037 libri
608 3985 659 4039 II
717 3984 788 4038 ad
841 3985 1103 4040 Nationes
1162 3983 1307 4039 liber
1364 3983 1430 4039 de
1484 3988 1684 4041 animae
1716 3989 2060 4060 Testimonio,

420 4072 492 4126 ad
524 4071 844 4143 Scapulam,
896 4078 953 4129 et.
1005 4075 1264 4129 adversus
1318 4075 1553 4131 Iudaeos.
1615 4076 1882 4133 Secunda
1938 4097 2063 4152 quae

418 4164 621 4216 contra
676 4161 1000 4232 haereticos,
1055 4169 1197 4234 puta
1225 4162 1372 4219 liber
1399 4163 1466 4219 de
1495 4169 1924 4238 Praescriptione
1953 4169 2065 4225 liae-

410 4253 724 4316 reticorum,
757 4254 1022 4306 adversus
1062 4253 1355 4320 Praxeam,
1409 4255 1814 4326 Hermogenem,
1874 4259 2062 4313 Valen-

407 4339 678 4409 tinianos,
741 4343 1106 4407 Marcionem,
1136 4342 1205 4396 de
1232 4358 1397 4397 carne
1428 4343 1638 4398 Christi
1667 4349 1871 4400 contra
1901 4348 2058 4418 Apel-

409 4427 534 4492 lem,
571 4431 913 4486 Marcionem
945 4440 996 4486 et
1032 4431 1415 4497 Valentinum,
1450 4433 1515 4486 de
1548 4432 1744 4488 Carnis
1800 4436 2059 4492 Resurre-

404 4519 585 4572 ctione
617 4524 815 4574 contra
847 4518 1168 4576 Sadducaos
1201 4526 1257 4575 et
1317 4521 1618 4577 haereticos
1679 4527 2058 4582 resurrectio-

409 4622 541 4660 nem
574 4613 877 4679 negantes.
910 4610 1199 4680 Scorpiace
1227 4615 1428 4664 contra
1461 4608 1754 4680 Gnosticos,
1803 4613 1949 4669 liber
1995 4616 2060 4670 de
2090 4610 2134 4674 D

403 4692 611 4749 Anima
689 4701 891 4751 contra
979 4697 1458 4770 philosophorum
1529 4703 1585 4754 et
1650 4701 2054 4760 haereticorum

406 4783 749 4841 sententias.
791 4787 986 4842 Tertia
1019 4803 1172 4853 vero,
1208 4805 1332 4858 quae
1365 4804 1501 4843 cum
1528 4789 2054 4861 disciplinam,tum

406 4897 596 4936 mores
663 4888 979 4953 spectant;
1054 4885 1108 4938 in
1178 4885 1286 4939 hac
1350 4885 1537 4941 classe
1602 4888 1830 4958 primus
1898 4889 2056 4946 locus

403 4970 651 5024 debetur
679 4971 827 5028 libro
858 4973 921 5028 de
955 4975 1259 5045 Baptismo,
1291 4976 1462 5044 cujus
1493 4992 1627 5047 pars
1658 4977 1813 5047 prior
1845 4978 2057 5050 dogma

402 5059 686 5116 adversus
746 5063 1034 5133 Gajanitas
1087 5065 1158 5120 de
1227 5063 1506 5136 baptismi
1587 5067 1931 5121 necessitate
1990 5084 2056 5123 ac

399 5148 660 5204 efﬁcacia
690 5151 1089 5222 demonstrat;
1127 5154 1412 5225 posterior
1441 5152 1810 5224 disciplinam
1843 5157 2057 5214 descri-

401 5238 505 5293 bit.
544 5238 708 5295 Liber
752 5241 815 5297 de
873 5243 1205 5298 Poenitentia
1265 5242 1491 5313 primus
1548 5248 1637 5297 est
1691 5261 1893 5300 eorum
1954 5249 2054 5319 qui

397 5343 555 5382 mare
587 5331 657 5383 ad
693 5331 1148 5387 ecclesiasticam
1182 5330 1552 5401 disciplinam
1589 5336 2055 5404 spectant.Liber

399 5417 462 5471 de
495 5417 754 5474 Oratione
785 5421 998 5491 partim
1032 5422 1101 5476 de
1140 5420 1428 5485 moribus,
1476 5420 1688 5490 partim
1751 5424 1822 5477 de
1874 5426 2053 5482 disci-

395 5505 559 5576 plina
589 5509 728 5578 agit.
766 5509 910 5564 Hinc
941 5514 1206 5580 spectant
1237 5507 1414 5562 etiam
1448 5509 1752 5565 Tractatus
1782 5512 1846 5568 de
1885 5515 2055 5571 Idolo-

394 5594 585 5662 tatria,
620 5596 683 5651 de
717 5597 944 5668 Corona,
978 5599 1042 5652 de
1070 5599 1239 5666 Fuga,
1270 5596 1333 5650 de
1391 5596 1590 5665 Pallio,
1648 5598 1712 5655 de
1769 5603 2055 5673 Spectacu-

399 5681 488 5750 lis,
549 5683 616 5739 de
678 5684 840 5742 Cultu
895 5698 946 5743 et
1002 5687 1194 5743 habitu
1253 5687 1631 5757 Feminarum,
1682 5690 1752 5747 de
1810 5694 2057 5753 l'elandie

2179 3341 2304 3411 selt,
2350 3341 2677 3414 Thcologiae
2725 3345 2927 3400 doctor
2957 3349 3013 3401 et
3042 3346 3335 3418 prolessor
3365 3349 3638 3422 publicus
3671 3354 3828 3407 ordi-

2181 3430 2382 3485 narius
2413 3430 2469 3485 in
2503 3433 2800 3488 academia
2825 3435 3231 3507 Halen:i,edita
3261 3438 3657 3511 disputatione
3673 3459 3830 3499 anno

2183 3520 2337 3588 1757,
2370 3521 2443 3574 De
2500 3537 2626 3576 uera
2681 3527 2846 3578 (etate
2901 3542 2966 3580 ac
3020 3525 3266 3581 doctrina
3319 3530 3650 3600 scriptorum
3707 3549 3830 3602 quae

2178 3617 2470 3680 supersunt
2528 3611 2588 3678 ρ.
2647 3611 2908 3681 Septimii
2957 3615 3307 3682 Tertulliani,
3341 3621 3519 3690 atque
3549 3622 3828 3677 emenda-

2177 3697 2292 3752 tius
2326 3698 2672 3770 reimpressa
2720 3700 2872 3757 Halm
2932 3703 3393 3778 Magdeburgicae
3453 3725 3604 3764 anno
3663 3710 3827 3780 l768,

2177 3804 2353 3858 quam
2376 3792 2502 3843 tum
2526 3791 2594 3844 ob
2621 3807 2786 3846 suam
2814 3793 3230 3865 praestantiam,
3263 3799 3387 3851 tum
3431 3798 3502 3852 ob
3525 3799 3829 3856 raritatem

2176 3875 2420 3947 (integro
2459 3880 2613 3934 enim
2649 3880 2763 3936 fere
2793 3898 2944 3937 anno
2978 3874 3326 3956 bibliOpolas
3359 3887 3579 3958 passim
3612 3887 3833 3947 litteris

2180 3982 2276 4037 pro
2343 3984 2407 4022 ea
2471 3967 2612 4022 mihi
2683 3973 3075 4043 comparanda
3142 3975 3514 4045 adhortatus,
3583 3979 3828 4035 tandem

2177 4053 2360 4110 multa
2391 4056 2682 4112 industria
2712 4060 3007 4132 exemplar
3033 4067 3238 4118 nactus
3256 4065 3829 4137 sum)litteratorum

2175 4143 2328 4199 haud
2365 4145 2634 4218 ingratiis
2667 4148 2758 4204 hic
2789 4149 3216 4221 subjiciendum
3250 4153 3448 4209 statui.

2738 4309 3146 4367 ARTICULUS
3181 4315 3247 4368 Il.

2173 4397 2256 4449 De
2285 4394 2442 4449 libris
2477 4396 2826 4463 Tertulliani,
2859 4415 3106 4527 quor‘umt
3122 4410 3174 4456 et
3215 4408 3351 4457 mtas
3398 4407 3448 4458 et
3494 4402 3830 4460 orthodoxia

2858 4485 2982 4525 cons
3007 4488 3080 4525 an
3113 4514 3126 4527 .

2858 4485 3126 4528 constant.

2651 4600 2678 4666 §
2712 4601 2761 4654 1.
2792 4631 2862 4642 —
2895 4603 3050 4659 Ratio
3079 4606 3344 4662 instituti.

2240 4715 2843 4786 Postquam,depulsis
2873 4721 3194 4790 superioris
3224 4723 3513 4780 barbarici
3537 4723 3820 4794 tenebris,

2167 4802 2336 4858 bonis
2367 4804 2592 4858 artibus
2623 4809 2799 4875 atque
2839 4807 3170 4880 disciplinis
3226 4811 3475 4881 pristina
3527 4813 3826 4884 elegantia

2168 4892 2434 4947 restituta
2487 4891 2633 4961 fuit,
2693 4902 3106 4969 cmperuntqne
3166 4901 3586 4970 prodeuntibus
3644 4904 3822 4959 annis

2167 4981 2364 5036 omnia
2394 4980 2718 5037 litterarum
2753 5000 2966 5056 genera
2997 4990 3202 5060 majori
3225 4990 3445 5046 lumine
3465 4990 3824 5063 collustrari,

2168 5072 2623 5127 non'defuerunt
2653 5091 2864 5145 magno
2923 5083 2979 5133 et
3036 5081 3334 5137 excellenti
3395 5083 3628 5155 ingenio
3687 5082 3822 5151 viri,

2167 5161 2265 5230 qui
2301 5177 2404 5215 nec
2436 5166 2556 5216 arte
2584 5162 2775 5235 longa,
2810 5183 2914 5222 nec
2943 5169 3214 5226 maximis
3246 5172 3694 5228 difﬁcultatibus
3725 5173 3826 5227 de-

2166 5250 2372 5315 territi,
2428 5250 2710 5323 quidquid
2773 5253 3076 5313 industria:
3127 5266 3352 5332 poterat
3411 5261 3690 5334 impendi,
3745 5263 3819 5316 ad

2168 5339 2576 5394 illustrandum
2611 5347 2796 5398 ccetus
2827 5347 3142 5404 Christiani
3203 5351 3510 5406 historiam
3559 5351 3821 5406 contule-

2166 5433 2325 5483 runt.
2355 5431 2621 5500 Namque
2653 5431 2733 5498 hi,
2771 5438 2832 5488 ut
2862 5443 3023 5491 erant
3050 5437 3103 5492 in
3143 5456 3209 5495 ea
3240 5442 3551 5510 sententia,
3597 5441 3825 5512 absque

2164 5522 2425 5573 veterum
2456 5521 2809 5591 scriptorum
2841 5541 3043 5581 severa
3092 5528 3359 5600 lectione,
3418 5547 3607 5602 neque
3661 5530 3821 5588 litte-

2166 5623 2364 5663 rarum
2423 5606 2763 5682 elegantiae,
2812 5630 2998 5687 neque
3049 5619 3155 5674 arti
3219 5621 3365 5677 bene
3429 5626 3818 5692 accurateque

2167 5696 2480 5769 sentiendi,
2545 5713 2735 5772 neque
2800 5703 2945 5776 ipsis
2976 5710 3408 5782 _sanctioribus
3483 5709 3813 5784 disciplinis
