4060 6352
207 346 321 405 13⁸7

1067 342 1166 403 AG
1204 340 1599 402 DOCTRINA
1650 338 2152 400 SCRIPTORUM
2197 339 2753 402 TERTULLIANI.

3496 345 3615 403 133

205 478 350 536 satis
378 494 550 549 posse
580 476 854 544 consuli;
885 476 966 531 ita
1008 474 1259 531 maxime
1300 474 1678 529 excutiendos
1727 487 1852 528 cre-
1882 473 1931 539 Α
1968 471 2174 527 bornm
2225 472 2393 543 alios,
2443 488 2660 545 eosque
2717 474 3235 546 praestantissimos
3282 476 3458 544 viros,
3493 493 3613 532 non

206 569 421 623 debent
448 583 570 632 eos,
604 583 862 639 quorum
894 564 1137 621 lectione
1196 566 1610 636 perspexerant
1665 562 1854 633 ipsius

207 657 484 714 doctrinae
531 655 951 727 diciplinzeque
1007 654 1472 709 Christianorum
1523 651 1854 721 intelligen-

205 748 343 802 tiam
378 745 701 817 plurimum
733 744 1003 815 adjuravi
1052 759 1243 815 posse.
1298 742 1429 811 Sed,
1474 746 1539 796 ut
1590 741 1855 811 ipsorum

206 834 662 907 temporum,ita
692 833 867 889 etiam
893 832 1234 905 opinionum
1268 839 1353 888 est
1384 832 1650 903 quaedam
1683 829 1855 884 vicis-

209 926 402 981 situdo
436 942 450 981 :
483 923 601 978 haec
626 939 696 979 ex
717 923 1070 994 antiquitate
1101 921 1365 993 sapiendi
1400 920 1546 975 ratio
1570 918 1854 991 paulatim

209 1015 358 1085 apud
393 1030 500 1069 nos
548 1012 763 1068 adduci
810 1011 983 1083 coepit
1014 1011 1073 1066 in
1126 1015 1553 1081 contemptum,
1602 1007 1854 1063 maxime

210 1121 341 1160 cum
386 1102 737 1171 exstiterint,
788 1100 889 1172 qui
941 1104 1249 1172 propterea
1296 1100 1450 1170 quod
1498 1098 1621 1153 solo
1672 1112 1850 1152 sensu

211 1192 531 1259 communi,
584 1208 619 1246 a
680 1190 944 1262 patribus
1006 1188 1163 1243 velut
1228 1188 1566 1243 haereditate
1632 1186 1851 1253 relicto,

217 1282 408 1337 virum
461 1284 698 1335 doctum
745 1279 1061 1334 credebant
1116 1278 1289 1343 efﬁci,
1360 1278 1531 1332 modo
1601 1276 1651 1331 is
1699 1278 1856 1331 esset

211 1371 486 1427 astrictus
538 1368 885 1424 subtilitatis
933 1366 1299 1437 geometrica
1365 1364 1617 1436 legibus,
1687 1363 1854 1418 insti-

211 1464 453 1516 tuerunt
474 1457 777 1530 theologia
810 1456 1079 1511 tirocinia
1110 1456 1237 1525 ipsa
1285 1472 1387 1527 pro
1433 1454 1725 1526 theologia
1757 1454 1855 1508 ha-

212 1550 369 1615 here,
421 1553 501 1613 et,
554 1544 816 1601 contenti
867 1544 1111 1599 scientia
1157 1560 1263 1598 sua
1311 1548 1428 1597 tam
1481 1560 1677 1613 parva,
1722 1558 1857 1596 con-

213 1643 475 1693 temnere
505 1652 623 1702 eos,
669 1650 917 1705 quorum
970 1633 1168 1688 studia
1217 1637 1316 1687 aut
1372 1631 1593 1686 nullam
1644 1631 1862 1685 habent

215 1726 492 1783 novitatis
524 1725 790 1789 formam,
822 1727 923 1777 aut
953 1722 1297 1777 acerrimam
1350 1720 1567 1792 ingenii
1615 1724 1859 1776 conten-

1966 561 2078 616 nisi
2131 579 2316 617 unum
2367 561 2689 619 alterumve
2758 564 3023 619 libellum
3089 566 3420 636 sumpsisse
3472 566 3611 636 sibi,

1966 651 2110 706 alios
2145 651 2344 707 leviter
2373 669 2519 723 opus
2550 658 2887 725 susceptum
2938 658 3244 721 tractasse,
3290 654 3433 710 alios
3468 672 3613 726 prs:-

1959 742 2237 811 judicatis
2267 742 2644 813 Opinionibus
2675 760 2708 796 a
2739 759 2868 798 vero
2899 744 3222 813 aberrasse,
3247 745 3405 814 quod
3441 745 3613 800 credo

1964 836 2383 885 consecuturos
2436 830 2641 898 fuisse,
2701 832 2750 885 si
2825 833 3041 888 nudam
3101 834 3405 888 veritatem
3466 834 3611 889 nudi

1963 919 2334 991 expeditique
2367 919 2610 975 fuissent
2644 920 3045 987 sccuti.Quare
3076 939 3209 977 cum
3244 922 3608 1007 relegissem,

1966 1014 2022 1065 et
2050 1011 2445 1077 observarem,
2473 1026 2601 1065 esse
2633 1010 2825 1065 adhuc
2867 1010 2924 1065 in
2958 1011 3280 1083 iis,quaa,ad
3314 1012 3607 1068 librorum

1965 1103 2191 1153 aetatem
2226 1098 2646 1170 scriptorisque
2668 1100 2991 1155 doctrinam
3026 1101 3607 1175 pertinentia,dispu-

1965 1190 2073 1245 tari
2112 1188 2328 1243 utiliter
2358 1195 2619 1259 possent,
2666 1189 2737 1243 ab
2789 1188 2918 1244 aliis
2969 1208 3084 1246 non
3134 1197 3607 1263 commemorata,

1965 1294 2031 1334 ac
2066 1278 2480 1349 plcrorumquc
2512 1277 2797 1333 librorum
2829 1282 3055 1334 mtatem
3080 1282 3409 1337 accuratius
3441 1299 3612 1353 posse

1966 1367 2245 1422 constitui
2279 1384 2291 1421 :
2326 1366 2636 1422 consilium
2670 1368 2794 1439 cepi
2826 1367 3102 1424 benevolo
3133 1370 3435 1425 doctorum
3467 1372 3614 1427 viro-

1968 1472 2096 1510 rum
2121 1456 2348 1526 judicio
2398 1454 2745 1525 subjiciendi
2797 1472 2865 1510 ea
2908 1472 3035 1526 quas
3087 1462 3326 1529 sumpta
3373 1475 3404 1513 e
3448 1458 3614 1514 libris

1968 1544 2315 1600 Tertulliani
2348 1545 2511 1615 ipsis,
2548 1562 2680 1599 cum
2740 1544 3087 1616 scriptorem
3136 1552 3399 1602 veterum
3450 1547 3616 1603 libris

1970 1634 2217 1705 aliisque
2249 1634 2665 1704 antiquitatum
2701 1634 3097 1689 monumentis
3141 1636 3354 1691 collata
3397 1638 3469 1691 ad
3519 1638 3619 1692 de-

1969 1724 2415 1779 monstrandam
2448 1738 2577 1777 eam
2612 1723 2795 1777 facere
2828 1740 2999 1794 posse
3029 1723 3399 1779 videbantur.
3433 1728 3619 1789 Quam

216 1818 436 1872 tionem
484 1813 864 1883 laboremque
914 1811 1221 1882 requirunt
1296 1826 1631 1882 Operosum.
1703 1808 1861 1865 Unde
1893 1846 1941 1911 B
1969 1814 2203 1885 quidem
2235 1812 2693 1884 disputationem
2726 1812 2810 1866 ita
2840 1812 3245 1883 instituemus,
3268 1815 3623 1885 ut,prazmis-

221 1907 442 1962 factum
477 1908 584 1969 est,
618 1906 685 1957 ut
727 1901 901 1957 hodie
950 1899 1246 1972 plerisque
1295 1900 1530 1955 sordeat
1576 1914 1750 1955 omne
1781 1898 1861 1965 id,

224 1995 377 2067 quod
413 1993 591 2048 habet
622 1990 878 2062 aliquam
912 1993 1107 2044 notam
1140 1988 1525 2059 antiquitatis,
1559 1992 1615 2043 et
1643 2005 1769 2060 quae
1792 1986 1864 2042 ad

223 2099 523 2141 sacrarum
557 2081 902 2145 litterarum,
935 2083 1192 2133 veterum
1247 2077 1477 2132 familiae
1526 2077 1865 2132 Christianae

222 2176 525 2229 doctorum
573 2176 630 2224 et
690 2169 948 2223 historiae
1014 2166 1354 2223 Christianae
1418 2166 1863 2237 intelligentiam

221 2262 537 2336 pertinent,
571 2276 639 2314 ea
671 2256 1007 2313 doctoribus
1056 2255 1425 2323 umbraticis,
1472 2272 1650 2327 quam
1700 2272 1865 2327 saga-

220 2352 477 2409 cioribus
508 2349 837 2416 videantur,
870 2346 1152 2418 digniora.

288 2442 420 2496 Haec
452 2438 667 2509 saepius
698 2440 892 2491 mente
922 2433 1282 2506 agitantibus
1306 2432 1866 2500 nobis,dolentibus-

226 2547 334 2603 que
365 2545 501 2584 cum
532 2526 630 2594 iis,
660 2526 760 2595 qui
810 2524 1019 2579 bonam
1072 2528 1333 2579 mentem
1384 2527 1604 2592 amant,
1648 2528 1869 2595 tempo-

226 2636 352 2675 rum
400 2620 672 2672 nostrum
722 2613 1144 2679 infelicitatem,
1212 2612 1405 2667 visum
1468 2618 1579 2681 est,
1656 2612 1867 2667 horum

224 2706 489 2766 aemulari
522 2704 886 2776 diligentiam
921 2702 1135 2773 potius,
1170 2718 1347 2773 quam
1390 2706 1728 2757 caaterorum
1766 2703 1870 2757 ob-

226 2813 459 2855 scuram
494 2794 868 2866 sapientiam.
900 2792 981 2847 Ex
1009 2808 1123 2863 quo
1172 2792 1352 2863 igitur
1398 2792 1681 2863 coepimus
1714 2791 1868 2863 cogi-

226 2895 347 2943 tare
379 2887 452 2941 de
502 2902 590 2951 eo,
651 2899 766 2955 quo
825 2897 1135 2953 possemus
1191 2880 1491 2951 consequi,
1538 2885 1602 2935 ut
1648 2880 1866 2953 aliquid

229 2990 641 3033 consecremus
665 2973 737 3027 ad
770 2970 1017 3026 aliorum
1053 2969 1386 3035 utilitatem;
1413 2968 1679 3041 religioni
1703 2970 1871 3026 nobis

228 3065 531 3131 duximus,
561 3062 739 3116 vitam
772 3060 936 3131 sequi
968 3059 1329 3131 popularem,
1361 3060 1457 3113 97
1496 3075 1618 3129 qua;
1651 3059 1871 3114 sensim

228 3160 399 3211 ducet
438 3156 670 3207 nostros
716 3149 985 3204 homines
1032 3148 1105 3203 ad
1157 3147 1484 3203 barbariem
1540 3146 1870 3218 pristinam,

229 3242 664 3316 repetendaque
697 3237 1032 3310 putavimus
1073 3236 1446 3307 antiquitatis
1498 3238 1712 3301 studia,
1748 3254 1872 3307 quae
1905 3219 1947 3285 C

227 3350 361 3389 cum
395 3329 663 3402 opera,in
697 3326 913 3383 divinis
946 3326 1157 3381 litteris
1189 3326 1530 3397 diligentius
1563 3326 1877 3381 colendisa

228 3422 399 3477 nobis
432 3418 730 3487 collocata,
756 3417 1038 3487 majorem
1061 3414 1317 3485 aliquam
1342 3415 1595 3469 habeant
1625 3417 1875 3485 conjun-

226 3511 505 3566 ctionem.
559 3510 886 3577 Propterea,
932 3520 1089 3572 cum,
1158 3505 1348 3575 quoad
1404 3504 1648 3575 licebat,
1698 3504 1874 3559 etiam

229 3601 303 3656 ad
335 3598 733 3668 antiquiorum
768 3592 1033 3649 Ecclesia:
1064 3594 1370 3648 doctorum
1416 3592 1596 3648 libros
1640 3594 1875 3649 assidue

229 3689 567 3745 tractandos
612 3683 877 3738 animum
931 3682 1333 3751 adjunxissem
1390 3698 1628 3737 meum:
1663 3682 1877 3754 dignus

232 3777 377 3833 mihi
413 3776 472 3830 in
493 3774 700 3846 primis
724 3770 1123 3827 Tertullianus
1145 3770 1646 3841 videbatur,cuius
1659 3772 1879 3842 scripta

230 3870 509 3924 accurata
545 3861 791 3918 lectione
822 3859 1489 3933 persequerer.Namque
1520 3860 1721 3915 dubito
1743 3862 1877 3929 fere,

232 3975 306 4013 an
341 3954 472 4025 quis
502 3953 560 4007 in
594 3952 941 4023 antiquitate
974 3950 1245 4005 universa
1294 3950 1369 4005 sit
1414 3966 1636 4014 eorum,
1686 3966 1715 4005 e
1747 3951 1880 4021 qui-

232 4048 349 4101 bus
402 4042 672 4098 doctrina
721 4056 1029 4111 moresque
1095 4043 1355 4094 veterum
1415 4038 1881 4094 Christianorum

231 4138 487 4207 possunt
512 4129 887 4201 intelligi,qui
911 4145 1043 4184 cum
1068 4128 1321 4183 maxime
1343 4128 1576 4200 ingenio
1601 4131 1881 4200 majorem

235 4220 611 4294 conjunxerit
682 4235 879 4274 rerum
966 4218 1298 4274 divinarum
1374 4218 1887 4291 humanarumque

232 4310 989 4380 scientiam,majoremque
1020 4306 1078 4361 in
1112 4308 1561 4363 commentando
1593 4308 1885 4364 subtilita-

232 4410 357 4460 tem
388 4403 487 4475 (4).
522 4401 629 4455 Sed
663 4401 790 4470 ejus
822 4399 1057 4470 quidem
1091 4399 1397 4470 scriptoris
1438 4416 1612 4454 usum
1646 4400 1706 4454 in
1735 4405 1888 4456 vete-

240 4509 375 4549 rum
395 4489 868 4545 Christianorum
890 4487 1173 4542 institutis
1191 4489 1612 4560 cognoscendis
1640 4488 1891 4544 maxime

1975 1904 2057 1958 sis
2088 1902 2467 1973 quibusdam,
2501 1918 2627 1972 quae
2660 1902 2929 1956 universe
2975 1902 3222 1957 dicenda
3280 1908 3438 1969 sunt,
3494 1906 3619 1975 pri-

1977 2009 2124 2046 mum
2155 1995 2622 2057 commentemur
2654 1991 2724 2045 de
2756 1991 2921 2045 libris
2952 1990 3046 2059 iis,
3102 2008 3353 2062 quorum
3396 1998 3451 2047 et
3480 1997 3619 2047 actas

1975 2085 2206 2136 constat
2276 2084 2333 2134 et
2397 2079 2696 2149 scriptoris
2748 2078 3034 2144 doctrina,
3108 2080 3315 2135 deinde
3388 2081 3448 2135 in
3523 2098 3622 2137 eos

1976 2169 2367 2240 inquiramus,
2400 2167 2497 2238 qui
2530 2168 2765 2239 quidem
2800 2185 2914 2223 non
2948 2168 3167 2223 habent
3217 2174 3404 2224 certas
3432 2172 3622 2225 aetatis

1977 2263 2167 2327 notas,
2201 2258 2301 2311 sed
2345 2256 2716 2311 Montanismi
2776 2262 2969 2311 tamen
3028 2258 3290 2312 convinci
3352 2265 3623 2329 possunt,

1976 2348 2062 2403 vel
2095 2348 2166 2402 ab
2198 2346 2310 2401 ista
2337 2345 2667 2417 suspicione
2701 2344 2933 2399 liberari
2963 2362 2975 2412 ;
3008 2346 3240 2416 denique
3294 2362 3417 2411 eos,
3476 2364 3622 2417 quo-

1979 2454 2109 2491 rum
2189 2439 2327 2489 satas
2420 2452 2533 2489 non
2630 2436 2912 2505 majorem
3005 2434 3182 2489 habet
3273 2435 3622 2503 claritatem,

1979 2542 2151 2596 quam
2210 2523 2437 2580 indoles
2495 2524 2795 2593 doctrinae,
2859 2523 3108 2579 candide
3193 2524 3623 2597 diligenterque

1979 2616 2367 2672 excutiamus.

1980 2760 2091 2833 g2,
2125 2790 2193 2800 —
2233 2760 2569 2827 Quzesfz'ones
2617 2757 2869 2829 quaedam
2920 2758 3177 2814 universe
3220 2765 3623 2830 proponuntur.

2051 2885 2178 2940 Haec
2206 2900 2338 2939 vero
2371 2882 2691 2954 disputatio
2724 2883 2993 2939 universa
3025 2888 3087 2938 ut
3110 2888 3432 2955 occupatur
3478 2884 3629 2938 dua-

1982 2974 2093 3029 bus
2126 2974 2493 3039 rebus,aetale
2524 2972 2807 3026 librorum
2837 2988 2903 3027 ac
2935 2972 3325 3028 Montanismo
3358 2990 3371 3028 ε
3407 2973 3491 3027 sic
3515 2974 3628 3027 du-

1982 3064 2190 3136 plicem
2221 3063 2397 3117 habet
2428 3060 2839 3116 difficultatem
2874 3079 2984 3117 non
3016 3079 3274 3133 parvam,
3299 3067 3623 3133 propterea,

1984 3154 2137 3225 quod
2172 3168 2274 3207 nec
2307 3151 2494 3205 ubivis
2520 3151 2798 3205 doctrinae
2834 3151 3042 3205 modus
3062 3155 3219 3205 certa
3249 3151 3503 3221 quadam
3531 3152 3628 3206 via

1984 3260 2049 3298 ac
2098 3242 2319 3297 ratione
2364 3240 2465 3294 98
2518 3238 2759 3310 reperiri
2801 3245 3012 3310 potest,
3067 3256 3171 3295 nec
3217 3245 3355 3294 sunt
3411 3239 3630 3310 ubique

1986 3331 2174 3388 aetatis
2206 3329 2487 3384 librorum
2519 3328 2847 3384 certissima
2883 3328 3116 3383 indicia.
3166 3334 3311 3384 Nam
3342 3328 3391 3383 si
3425 3328 3629 3401 dispu-

1983 3426 2144 3477 tatur
2174 3421 2243 3474 de
2274 3435 2360 3485 eo,
2398 3423 2594 3472 utrum
2627 3417 2704 3471 sit
2736 3416 2951 3486 aliquis
3013 3416 3362 3471 Tertulliani
3396 3417 3632 3473 libellus

1986 3514 2120 3565 ante
2150 3508 2427 3579 scriptus,
2461 3522 2639 3577 quam
2673 3505 2949 3562 defecerit
3004 3507 3075 3561 ad
3137 3506 3632 3562 Montanistarum

1987 3597 2389 3662 familiam,an
2423 3600 2623 3667 postea
2657 3611 2670 3650 :
2705 3612 2773 3650 ea
2805 3611 2897 3650 res
2929 3596 3159 3651 duobus
3192 3595 3382 3652 modis
3416 3596 3635 3652 intelli-

1986 3690 2137 3759 gitur
2170 3704 2183 3742 :
2215 3686 2304 3742 vel
2336 3703 2403 3741 ex
2433 3684 2562 3757 ipsa
2592 3683 2726 3739 libri
2772 3688 2961 3752 aetate,
2992 3684 3076 3739 vel
3110 3701 3178 3740 ex
3238 3686 3329 3753 iis,
3387 3702 3513 3757 quae
3575 3686 3633 3741 in

1989 3776 2194 3850 quovis
2226 3775 2372 3830 libro
2404 3774 3291 3840 continentur,Montanistarum
3332 3775 3634 3831 doctrinis.

1986 3867 2094 3923 Sed
2128 3866 2241 3921 ista
2273 3864 2540 3936 superior
2570 3864 2715 3918 ratio
2742 3863 3033 3934 triplicem
3085 3862 3260 3918 habet
3314 3863 3634 3919 dubitatio-

1992 3955 2297 4013 nem.Nam
2328 3954 2538 4008 horum
2570 3952 2855 4008 librorum
2879 3951 2976 4007 alii
3010 3956 3132 4006 tam
3166 3969 3279 4007 non
3312 3952 3633 4008 ostendunt

1993 4047 2260 4118 qumdam
2294 4044 2470 4115 hujus
2504 4042 2584 4097 rei
2612 4042 2878 4113 vestigia,
2911 4046 2975 4097 ut
3004 4047 3143 4097 aetas
3202 4058 3404 4097 eorum
3463 4041 3639 4113 plane

1995 4138 2071 4191 sit
2101 4134 2466 4206 desperanda
2504 4157 2517 4198 ;
2546 4130 2647 4187 alii
2680 4131 2761 4185 nil
2803 4130 2974 4185 nobis
3016 4129 3370 4202 relinquant,
3404 4131 3548 4188 nisit
3579 4138 3644 4187 ut

1998 4224 2426 4281 descendemus
2446 4223 2515 4277 ad
2551 4220 2833 4276 rationem
2858 4219 3307 4291 conjecturalem
3344 4238 3357 4288 ;
3393 4220 3644 4291 denique

1999 4315 2095 4369 alii
2138 4315 2280 4369 dant
2339 4313 2580 4383 quidem
2630 4310 3031 4382 suspicionem
3084 4315 3303 4364 certam
3352 4310 3479 4379 ejus
3510 4310 3647 4365 libri

2001 4407 2230 4459 aetatem
2261 4399 2647 4471 intelligendi,
2679 4399 2778 4453 sed
2813 4399 2921 4453 hoc
2953 4398 3235 4451 nimirum
3274 4402 3363 4453 est
3394 4398 3647 4457 dubium

2006 4497 2202 4547 utrum
2232 4490 2346 4545 ista
2376 4488 2869 4560 tempestatejam
2903 4484 3302 4542 Tertullianus
3352 4485 3549 4541 fecerit
3577 4486 3651 4541 ab

239 4581 494 4654 impedit
524 4578 836 4643 dubitatio,
870 4577 1021 4633 sitne
1054 4577 1188 4649 quis
1220 4578 1347 4648 ejus
1394 4577 1542 4633 liber
1597 4584 1719 4634 tum
1753 4580 1891 4635 scri-
1929 4597 1972 4661 υ
2006 4580 2263 4638 Ecclesia
2289 4578 2701 4645 secessionem,
2735 4582 2837 4631 aut
2866 4575 3255 4642 eodem,unde
3281 4574 3654 4644 discesserat,

240 4678 403 4744 ptus,
438 4685 574 4724 cum
618 4668 674 4722 in
725 4668 1210 4721 Montanistarum
1262 4673 1457 4738 partes
1505 4669 1895 4737 discessisset,
2010 4670 2263 4727 redierit.
2315 4668 2530 4723 Contra
2587 4665 2770 4721 altera
2827 4668 3056 4719 aetatem
3113 4664 3430 4719 definiendi
3487 4665 3659 4736 ratio,

243 4760 339 4816 vel
368 4766 503 4815 ante
535 4758 685 4812 hanc
716 4756 1095 4812 defectionem
1128 4773 1161 4811 a
1192 4757 1412 4827 puriori
1444 4758 1741 4813 Ecclesia?
1772 4776 1897 4831 quae.
2012 4764 2290 4833 praeterea
2318 4758 2471 4829 quod
2503 4774 2615 4812 non
2650 4755 2902 4812 occurrit
2931 4753 3145 4820 ubivis,
3198 4754 3538 4811 dubitantes
3571 4772 3660 4811 re-

247 4850 489 4923 quidem
552 4848 795 4919 quaestio
852 4846 1228 4901 vehementer
1276 4847 1536 4902 exercuit
1593 4849 1899 4904 doctorum
2010 4851 2225 4922 linquit
2252 4850 2519 4917 lectores,
2554 4848 2847 4917 sitnejam
2881 4847 3032 4901 facta
3060 4844 3402 4901 Tertulliani
3434 4846 3663 4917 disjun-

250 4940 561 4995 hominum
590 4937 849 5009 ingenia,
885 4934 1181 5007 movitque
1212 4951 1309 4990 eos
1352 4937 1423 4990 ad
1456 4936 1903 5009 intelligendam
2014 4943 2129 4998 ctio
2162 4942 2261 5005 ita,
2296 4945 2360 4995 ut
2390 4957 2452 4995 se
2510 4938 2788 5009 receperit
2820 4937 2889 4991 ad
2949 4935 3326 5007 disciplinam
3382 4936 3663 5006 Montani,

253 5030 543 5087 librorum
576 5027 701 5098 ejus
733 5029 984 5095 aetatem,
1018 5028 1081 5080 ut
1110 5025 1463 5081 haberemus
1494 5032 1714 5082 certam
1749 5028 1902 5084 viam
2017 5051 2087 5089 an
2122 5035 2341 5102 minus,
2375 5033 2475 5087 sed
2506 5031 2565 5085 in
2590 5047 2705 5085 uno
2734 5028 2984 5085 alterove
3016 5044 3148 5083 cum
3180 5044 3248 5083 ea
3274 5028 3667 5084 communiter

250 5136 276 5173 e
301 5116 675 5174 Tertulliano
705 5114 1095 5187 intelligendi,
1129 5114 1267 5185 quid
1314 5120 1538 5171 veteres
1588 5116 1906 5173 Christiani
2018 5122 2314 5191 erraverit,
2347 5138 2453 5177 nec
2484 5125 2681 5176 tamen
2706 5121 2833 5191 jam
2881 5125 3009 5173 tum
3058 5117 3287 5173 miserit
3334 5118 3665 5174 orthodoxa)

256 5207 575 5276 senserint,
607 5206 819 5278 quidve
850 5202 1093 5260 minus?
1123 5204 1234 5260 Sed
1272 5204 1589 5262 dolendum
1619 5212 1709 5263 est
1741 5224 1903 5281 sane,
2019 5212 2288 5269 Ecclesiae
2332 5211 2607 5267 nuntium
2629 5210 2657 5265 ?
2688 5208 3014 5279 Enimvero,
3064 5208 3217 5264 sicut
3267 5207 3328 5262 in
3377 5206 3670 5278 ejusmodi

322 5408 399 5479 (4)
433 5406 517 5461 Ne
548 5405 690 5477 quid
724 5407 871 5479 forte
901 5401 1203 5479 videamur
1232 5403 1475 5479 dedisse,
1497 5406 1751 5476 partium
1785 5410 1911 5461 stu-

258 5475 585 5546 dio,'unius
615 5479 707 5533 J0.
742 5475 937 5532 Dallaai
965 5475 1370 5549 testimonium
1414 5475 1911 5549 adjicimus,quod

262 5558 495 5623 propter
527 5552 773 5606 nimiam
810 5547 1122 5623 hujus_v_iri
1157 5548 1215 5601 in
1248 5547 1514 5605 doctores
1564 5547 1916 5621 antiquioris

265 5618 528 5680 Ecclesia:
559 5618 1092 5696 acerbitatem,__hic
1125 5636 1241 5675 non
1287 5627 1478 5692 potest
1529 5639 1658 5678 esse
1704 5618 1914 5696 suspe-g

274 5701 445 5755 ctum.
492 5696 546 5754 Is
592 5713 727 5754 vero
779 5690 1211 5749 Tertullianum
1263 5690 1430 5751 vocat
1469 5690 1919 5767 scriptorum-ad

2022 5411 2355 5464 miraculum
2387 5407 2682 5474 eruditum,
2716 5414 2961 5471 uetitum,
3002 5405 3325 5472 diligentem
3370 5403 3668 5473 copiosum,

2024 5491 2207 5538 testem
2237 5481 2471 5552 denique
2498 5497 2681 5535 rerum
2710 5482 2798 5533 sui
2826 5480 2938 5535 ίευί
2968 5478 3470 5552 Εεςιθξίιζδλιίσανωη
3493 5475 3670 5552 _l_ocu-

2020 5545 2388 5627 pletissimmn
2417 5556 2512 5623 (De
2530 5554 2767 5609 cultibus
2796 5550 3083 5622 religionis
3114 5549 3460 5616 Latinorum,
3492 5545 3594 5603 lib.
3626 5563 3665 5616 ι,

2028 5644 2153 5699 cap.
2184 5627 2271 5695 11,
2305 5643 2360 5699 p.
2391 5626 2507 5698 50.)

590 5828 863 5888 Panos.
914 5821 965 5882 Ι.

3313 5824 3349 5880 5
