4060 6374
497 329 617 392 139

1576 314 2098 378 DISSERTATIO
2144 313 2247 374 DE
2289 315 2503 375 VERA
2544 317 2833 378 ETATE

3795 325 3900 386 MO

495 461 646 532 loco,
676 458 778 515 ubi
808 455 894 514 vel
927 454 1090 512 nulla
1120 455 1208 510 est
1235 452 1322 508 vel
1354 450 1534 507 dubia
1564 451 1692 521 ejus
1720 448 1906 505 aetatis
1939 447 2140 521 suspi-
2173 448 2229 516 Α
2258 447 2459 522 quisse
2492 449 2848 523 palmstram,
2881 449 2940 506 in
2973 467 3090 524 qua
3117 451 3352 509 videbat
3381 469 3617 526 operam
3649 471 3711 512 se
3740 473 3902 529 posse

499 552 609 622 cio,
668 549 837 617 alias,
894 545 1150 600 indicata
1203 541 1426 598 ratione
1485 539 1820 608 dubitandi,
1879 543 2144 596 veterum

495 641 642 698 illud
677 655 691 695 :
724 640 849 694 Non
873 637 1064 706 liquet,
1099 633 1574 704 interponemus,
1604 629 1750 686 alias
1781 630 2148 700 conjectura-

498 746 632 787 rum
664 730 997 784 nostrarum
1027 722 1316 779 rationem
1362 722 1678 777 reddemus
1732 718 2094 791 probabilem
2132 735 2148 774 :

500 821 606 889 sic,
637 823 702 874 ut
731 818 801 872 de
829 815 972 870 locis
1005 811 1247 884 reliquis
1280 810 1532 884 singulis
1565 811 1852 866 universas
1882 809 2148 863 dicamus

503 909 618 966 tria
649 906 1008 978 attingemus
1039 900 1405 958 brevissime.
1439 903 1690 956 Primum
1713 897 2149 972 diSputabimus

503 999 572 1054 de
602 1012 776 1063 anno,
811 1009 925 1066 quo
979 991 1051 1047 ad
1101 989 1484 1046 Montanistas
1537 988 1938 1046 Tertullianus
1988 989 2145 1044 defe-

498 1088 642 1145 cerit
669 1085 802 1156 (erit
842 1084 1000 1140 enim
1051 1083 1184 1149 hoc,
1245 1082 1400 1137 unde
1449 1081 1728 1138 constitui
1771 1081 1958 1152 possit
2005 1085 2147 1136 mtas

495 1193 698 1236 eorum
729 1175 1039 1244 librorum,
1093 1187 1346 1244 quorum
1404 1188 1518 1226 non
1569 1170 1836 1226 doctrina
1887 1170 2144 1242 quidem,

493 1265 596 1322 sed
628 1270 764 1319 mtas
797 1260 1012 1334 patet);
1047 1258 1246 1315 deinde
1287 1258 1638 1328 videbimus,
1672 1262 1871 1313 utrum
1929 1257 2149 1314 Tertul-

491 1353 686 1409 lianus
717 1365 1023 1421 nunquam
1055 1348 1124 1403 ad
1159 1347 1453 1404 saniorem
1489 1353 1746 1404 mentem
1779 1348 2144 1417 redierit,sed

492 1439 782 1498 manserit
836 1436 1100 1511 partibus
1162 1436 1415 1492 Montani
1487 1441 1768 1510 perpetuo
1824 1437 2142 1494 addictus:

490 1533 762 1604 postremo
795 1526 1230 1584 admonitiones
1261 1527 1551 1598 quasdam
1596 1527 1903 1582 universas
1935 1544 2144 1599 propo-

495 1635 725 1687 nemus,
760 1634 791 1674 e
821 1617 1039 1689 quibus
1069 1615 1200 1687 quis
1233 1615 1558 1688 intelligere
1591 1615 1796 1688 possit,
1825 1633 1897 1671 an
1949 1617 2069 1671 sint
2115 1633 2145 1672 e

495 1706 842 1766 Tertulliani
892 1704 1062 1760 libris
1113 1702 1341 1760 nonulli
1394 1704 1752 1761 Tertulliano
1818 1705 2142 1761 orthodoxo

495 1797 756 1871 quidem,
790 1797 892 1852 sed
924 1795 996 1850 ad
1029 1794 1490 1884 Montanismum
1540 1794 1868 1884 inclinanti,
1915 1798 2016 1850 aut
2047 1794 2143 1850 isti
2173 1817 2220 1884 B

495 1902 723 1953 omnes,
755 1884 858 1958 qui
883 1900 1085 1941 eorum
1109 1899 1374 1938 errorum
1407 1883 1550 1938 dant
1580 1883 2139 1955 suspicionem,’l‘er-

494 1973 744 2031 tulliano
767 1974 894 2045 jam
924 1971 1096 2045 plane
1125 1971 1378 2028 alienato
1409 1972 1810 2043 adjudicandi.

494 2107 606 2181 §3A.
638 2137 708 2150 --
740 2108 994 2181 Quonam
1041 2121 1203 2181 anno
1241 2105 1616 2181 Tertullianus
1663 2106 1732 2181 ad
1779 2107 2141 2181 Montanistus

563 2179 824 2250 defecerit
849 2181 871 2232 Ρ
901 2179 1112 2248 Utrum,
1143 2178 1231 2233 his
1259 2177 1488 2242 relictis,
1537 2193 1596 2232 se
1641 2177 1816 2233 denuo
1860 2178 1930 2233 ad
1958 2179 2139 2234 ortho-

564 2253 734 2308 doxos
762 2250 1044 2322 receperit.

563 2369 829 2434 Quonam
873 2382 1007 2422 vero
1057 2381 1211 2421 anno
1271 2365 1586 2436 contigisse
1645 2365 1914 2421 dicamus
1960 2365 2135 2421 istam

490 2455 835 2514 Tertulliani
875 2454 1304 2511 defectionem?
1359 2455 1476 2510 Hoc
1523 2455 1764 2525 quidem
1817 2470 1922 2509 nec
1955 2460 2144 2526 potest

494 2561 565 2602 ex
595 2545 785 2617 ipsius
817 2559 924 2599 nec
964 2560 1033 2599 ex
1061 2542 1212 2598 alius
1267 2543 1575 2614 cujusdam
1626 2543 1929 2613 scriptoris
1975 2542 2140 2597 testi-

496 2633 692 2690 monio
734 2632 955 2704 percipi
983 2649 997 2694 ;
1029 2647 1219 2702 neque
1265 2631 1653 2700 Hieronymus
1699 2648 1766 2686 eo
1815 2632 1971 2702 quod
2004 2631 2144 2685 dicit

499 2723 582 2795 (in
617 2722 768 2778 libro
798 2721 864 2776 de
897 2721 1038 2778 Viris
1069 2720 1405 2786 illustribus,
1466 2736 1595 2791 cap.
1629 2720 1721 2786 53,
1752 2719 1811 2774 in
1866 2719 1956 2775 Jo.
2013 2719 2140 2774 Alb.

498 2809 748 2867 Fabricii
777 2807 1114 2864 Bibliotheca
1143 2808 1525 2876 ecclesiastica,
1557 2825 1616 2879 p.
1665 2807 1807 2877 125).
1864 2808 2146 2862 Tertullia-

495 2917 632 2956 παυς
659 2915 830 2971 usque
856 2898 926 2953 ad
958 2897 1197 2953 medium
1223 2901 1464 2967 aetatem,
1489 2897 1744 2952 Ecclesiae
1768 2897 2145 2968 presbyterum

491 2989 1040 3059 mansissc,justam
1099 2987 1200 3042 dat
1227 2989 1380 3042 viam
1439 2987 1567 3056 ejus
1625 2985 1705 3040 rei
1763 2986 2141 3054 inveniendae,

495 3076 1042 3151 quoniam,quando
1062 3080 1234 3131 natus
1258 3080 1594 3131 mortuusve
1617 3074 1694 3130 sit
1723 3074 2141 3143 Tertullianus,

2263 538 2540 595 omnibus
2564 540 2693 611 ejus
2725 540 2955 612 generis
2989 541 3506 600 exercitationibus
3537 545 3702 601 dare.
3742 551 3902 603 Acce-

2260 628 2348 682 dit
2378 629 2447 683 ad
2481 629 2589 685 hoc
2622 647 2738 685 non
2788 631 3054 686 omnium
3105 633 3302 700 modo,
3336 632 3436 706 qui
3495 633 3565 689 de
3624 635 3796 691 rebus
3834 637 3898 693 ad

2261 733 2395 773 eum
2430 720 2863 790 pertinentibus
2895 723 3269 778 commentati
3304 727 3467 791 sunt,
3504 723 3802 782 silentium
3832 728 3897 784 de

2261 823 2348 876 eo,
2383 810 2538 880 quod
2571 811 2640 866 ad
2678 810 3013 884 religionem
3047 813 3357 886 pristinam
3391 813 3896 888 redierit,sedipsa

2259 897 2438 954 etiam
2470 901 2783 973 Augustini
2820 902 3104 973 professio
3151 905 3248 976 (De
3298 905 3622 973 haeresibus,
3655 922 3782 977 cap.
3812 907 3895 976 86)

2261 990 2642 1062 omniumque
2690 1008 3035 1060 consensus,
3087 992 3189 1064 qui
3239 994 3371 1062 ejus
3410 994 3814 1050 auctoritatem
3840 995 3895 1050 in

2259 1079 2544 1136 doctrinis
2574 1081 2892 1152 probandis
2923 1083 3234 1138 admittere
3265 1084 3599 1153 noluerunt,
3631 1085 3894 1156 quoniam

2259 1168 2329 1223 ad
2390 1185 2660 1240 perverse
2718 1170 3090 1226 sentientium
3148 1177 3344 1244 partes
3430 1189 3494 1229 se
3533 1174 3893 1232 contulisset.

2258 1256 2458 1328 Neque
2489 1275 2622 1314 cum
2658 1260 2946 1316 sententia
2977 1264 3178 1316 nostra
3209 1267 3474 1335 pugnant
3501 1261 3637 1318 libri
3689 1262 3727 1317 ii
3761 1280 3898 1336 quos

2257 1361 2392 1401 eum
2428 1346 2635 1403 ultimo
2672 1349 2787 1404 fere
2817 1349 2941 1406 loco
2971 1351 3283 1422 scripsisse
3344 1353 3754 1418 ostendemus,
3808 1353 3900 1424 qui

2258 1450 2404 1505 pene
2435 1451 2635 1491 omnes
2659 1436 2890 1508 aliquas
2907 1437 3408 1495 habentmaculas
3442 1456 3705 1495 errorum
3741 1441 3899 1496 Mon-

2255 1522 2663 1580 tanisticorum
2701 1527 3090 1598 aspersas.Sit
3124 1528 3300 1600 igitur
3328 1529 3451 1584 haec
3482 1546 3550 1584 ea
3582 1529 3638 1584 in
3676 1547 3735 1585 re
3766 1546 3900 1601 proe-

2256 1613 2467 1684 ceptio,
2520 1619 2584 1668 ut
2627 1630 2831 1670 omnes
2878 1615 2973 1670 isti
3023 1616 3156 1670 libri
3208 1617 3616 1673 existimentur
3661 1619 3735 1674 ab
3783 1619 3901 1690 ipso

2257 1706 2386 1772 post
2415 1703 2834 1758 discessionem
2886 1721 3055 1760 suam
3105 1705 3406 1772 elaborati,
3460 1724 3608 1778 quos
3655 1712 3890 1780 apparet

2255 1796 2387 1863 post
2418 1791 2564 1848 alios
2601 1793 2780 1850 fuisse
2806 1795 3186 1867 compositos,
3222 1798 3323 1869 qui
3353 1797 3603 1854 istorum
3638 1814 3895 1854 errorum

2254 1886 2506 1952 possunt
2534 1881 2690 1937 haud
2723 1883 2898 1938 dubie
2929 1885 3214 1940 convinci.

2249 2016 2361 2083 §lt.
2396 2046 2464 2054 —
2513 2016 2788 2082 Quomodo
2834 2017 3204 2073 Tertullianus
3252 2020 3635 2074 Montamzans
3681 2036 3716 2074 a
3765 2021 3900 2074 Mon-

2321 2088 2835 2162 tanistasdiscemi
2859 2092 3074 2162 possit?
3103 2092 3165 2144 Et
3196 2090 3361 2162 hujus
3391 2091 3741 2146 discriminis
3774 2093 3892 2147 vin-

2321 2159 2480 2213 dicia
2510 2159 2770 2215 adversus
2799 2160 3227 2233 Holfmannum.

2323 2279 2400 2329 At
2431 2279 2572 2330 sunt
2618 2275 2897 2346 permulti
2947 2291 2977 2330 e
3025 2275 3369 2332 Tertulliani
3407 2276 3596 2346 libris,
3655 2294 3896 2348 quorum

2250 2366 2392 2418 aetas
2424 2379 2558 2417 cum
2589 2364 2958 2419 curiosorum
2993 2381 3238 2420 acumen
3289 2366 3701 2437 subterfugiat,
3738 2365 3898 2422 nulla

2251 2450 2494 2518 habent,
2537 2452 2651 2507 nisi
2700 2454 2968 2524 quaedam
3025 2470 3290 2510 errorum
3352 2455 3901 2511 Montanisticorum

2251 2541 2497 2612 vestigia
2529 2541 2638 2595 sibi
2664 2541 2975 2614 impressa,
3009 2559 3038 2598 e
3070 2542 3286 2613 quibus
3329 2543 3422 2597 vix
3472 2550 3666 2600 tamen
3716 2548 3905 2616 potest

2243 2629 2522 2698 judicari,
2556 2646 2839 2701 quosnam
2872 2629 3053 2687 libros
3083 2636 3238 2698 ante,
3272 2648 3560 2703 quosnam
3600 2640 3735 2705 post
3755 2634 3904 2690 defe-

2252 2717 2504 2773 ctionem
2539 2735 2705 2774 suam
2740 2720 2810 2773 ad
2843 2719 3231 2776 Montanietas
3263 2721 3697 2792 conscripserit.
3737 2723 3900 2778 Unde

2255 2805 2473 2861 factum
2504 2812 2611 2875 est,
2648 2813 2728 2874 ut,
2764 2809 2866 2880 qui
2897 2809 3009 2863 ista
3040 2809 3348 2865 substilius
3371 2811 3902 2880 quaerunt,Tertul-

2253 2895 2476 2950 lianum
2510 2896 2894 2952 Montanistam
2925 2915 2958 2952 a
2977 2899 3390 2954 Montanizante
3415 2898 3902 2971 distinguendum

2254 3001 2382 3039 esse
2431 2985 2585 3039 haud
2634 2985 2829 3057 inepte
2866 2985 3146 3042 dicerent.
3201 2987 3312 3042 Sed
3360 2986 3526 3042 aliter
3573 2989 3767 3043 visum
3816 2994 3904 3043 est

2252 3073 2339 3129 Jo.
2374 3074 2528 3129 Guil.
2565 3075 2930 3145 Hotl‘manno,
2967 3075 3310 3131 doctissimo
3342 3075 3478 3131 olim
3509 3076 3566 3132 in
3597 3078 3852 3133 Academ
3874 3093 3906 3132 a

497 3183 747 3240 quamve
777 3170 1005 3222 aetatem
1038 3163 1314 3236 attigerit,
1349 3181 1463 3219 non
1524 3164 1665 3219 satis
1719 3169 1969 3220 constat.
2031 3165 2140 3219 Sed
2174 3182 2216 3249 ο
2255 3163 2658 3234 Vitebergensi
2719 3163 2984 3218 Historia)
3043 3164 3285 3232 doctori,
3349 3164 3472 3236 qui,
3533 3181 3668 3220 eum
3732 3167 3791 3221 in
3842 3181 3907 3221 ea

493 3265 580 3313 est
611 3256 805 3327 aliqua
831 3254 1014 3326 hujus
1044 3253 1125 3309 rei
1157 3253 1511 3324 reperiendae
1543 3253 1690 3308 ratio
1723 3254 1835 3309 sita
1884 3253 1942 3308 in
1975 3252 2144 3308 libris

497 3345 593 3414 iis,
625 3360 900 3416 quorum,
934 3343 1034 3415 qui
1057 3359 1120 3397 se
1149 3341 1448 3412 excipiunt
1472 3342 1756 3411 temporis
1787 3342 2012 3408 ordine,
2045 3341 2145 3397 alii

505 3433 670 3489 nulla
695 3433 914 3488 habent
942 3430 1320 3487 Montanismi
1350 3429 1723 3501 vestigia,alii
1747 3429 1899 3485 haud
1934 3447 2144 3502 pauca.

502 3521 683 3593 Atqui
714 3538 819 3577 nos
849 3521 1228 3577 ostendemus
1259 3535 1365 3573 suo
1396 3518 1542 3573 loco.
1568 3517 1761 3573 nullos
1793 3535 1919 3574 esse
1942 3535 2143 3575 eorum

502 3611 601 3683 qui
633 3611 850 3667 librum
881 3610 946 3666 de
975 3609 1180 3664 Corona
1207 3607 1430 3663 millitis
1461 3608 1985 3674 antecesserunt,in
2014 3609 2146 3679 qui-

502 3702 615 3756 bus
647 3701 758 3756 iste
786 3699 851 3754 de
879 3700 1093 3755 Animae
1123 3696 1448 3753 Testimonio
1481 3696 1724 3751 ultimus
1755 3703 1901 3764 est,e
1931 3699 2146 3768 quibus

508 3789 777 3861 quaedam
799 3786 1173 3843 Montanismi
1202 3785 1552 3858 significatio
1604 3784 1850 3854 eluceat,
1899 3787 2000 3840 99
2045 3788 2147 3843 sed

505 3880 634 3950 ejus
665 3879 746 3934 rei
781 3879 973 3951 prima
1001 3892 1130 3932 esse
1168 3875 1416 3946 vestigia
1463 3875 1522 3930 in
1574 3873 1770 3930 libello
1814 3877 1887 3930 De
1936 3876 2150 3933 Corona

503 3969 720 4024 militis.
757 3968 933 4024 Porro
965 3965 1205 4039 planum
1237 3964 1714 4030 faciemus,hunc
1742 3965 1806 4019 A.
1841 3964 1951 4019 CCI
1985 3983 2147 4020 man-

446 4083 449 4086 -
506 4058 709 4112 datum
754 4056 936 4112 fuisse
990 4054 1224 4119 litteris,
1276 4069 1409 4108 cum
1472 4051 1620 4106 liber
1684 4053 1752 4108 de
1825 4055 2148 4110 Testimonio

504 4149 717 4203 animae
746 4145 824 4201 sit
852 4146 969 4201 fere
990 4159 1194 4199 versus
1226 4142 1400 4197 ﬁnem
1430 4144 1494 4196 A.
1520 4141 1726 4196 CXCIX
1759 4145 2146 4212 compositus;

506 4236 664 4292 unde
701 4234 860 4290 haud
919 4232 1156 4288 difficile
1201 4231 1313 4286 erit
1357 4230 1674 4301 intellectu,
1723 4231 2146 4289 Tertullianum

505 4341 660 4382 anno
693 4324 810 4380 fere
838 4327 901 4378 P.
936 4324 994 4377 C.
1028 4321 1096 4376 N.
1130 4321 1232 4376 CG.
1267 4337 1328 4376 se
1358 4321 1847 4377 Montanistarum
1883 4322 2148 4392 partibus

503 4413 862 4487 adjunxisse.
895 4415 966 4468 At
995 4410 1204 4482 majori
1235 4425 1376 4466 sane
1406 4408 1735 4464 difﬁcultati
1781 4410 2030 4465 obnoxia
2061 4416 2150 4467 est

503 4504 686 4560 altera
715 4503 959 4575 quaestio
994 4519 1006 4557 :
1041 4506 1262 4569 utrum,
1293 4498 1583 4570 susceptis
1617 4497 1797 4554 semel
1832 4499 2148 4554 Montanis-

2258 3257 2412 3307 esset
2442 3251 2754 3316 sententia,
2790 3257 2853 3306 ut
2883 3254 3143 3308 crederet
3173 3253 3372 3308 omnia
3401 3253 3909 3326 Tertulliani,que

2256 3345 2597 3412 supersunt,
2633 3341 2690 3394 in
2722 3340 3111 3396 Montanismo
3155 3343 3373 3413 scripta
3422 3342 3624 3411 fuisse,
3659 3344 3768 3400 hoc
3799 3343 3907 3398 sibi

2256 3427 2784 3483 demonstrandum
2817 3428 3228 3484 dissertatione
3259 3430 3546 3503 singulari
3570 3435 3909 3502 sumpserat

2255 3517 2623 3587 (Vitebergae,
2660 3518 2839 3586 1739).
2874 3519 2928 3571 Is
2958 3517 3193 3587 quidem
3225 3518 3467 3588 pulchre
3514 3521 3902 3592 perspiciens,

2257 3607 2306 3661 si
2356 3606 2469 3660 ista
2516 3605 2814 3660 subtilitas
2863 3605 3289 3672 admitteretur,
3340 3609 3902 3666 demonstrationem

2257 3711 2423 3749 suam
2455 3692 2676 3764 aliquid
2731 3710 2860 3749 esse
2901 3695 3235 3749 detrimenti
3284 3701 3615 3768 capturam,
3670 3697 3905 3770 negavit

2257 3783 2365 3839 hoc
2399 3783 2630 3838 admitti
2667 3783 2983 3838 discrimen
3036 3801 3225 3854 posse.
3260 3808 3287 3834 ‹‹
3337 3787 3542 3841 Carere
3574 3786 3737 3842 enim
3770 3787 3898 3852 hoc,

2257 3871 2336 3928 ait
2365 3876 2411 3942 (ᾗ
2443 3873 2493 3940 4,
2529 3888 2583 3941 ρ.
2611 3872 2720 3939 17),
2752 3871 2968 3927 finibus
2999 3872 3307 3938 certis,nec
3327 3875 3524 3930 minus
3552 3875 3903 3949 ambiguum

2256 3978 2384 4017 esse
2414 3960 2637 4014 vultum
2679 3961 3129 4017 Montanizantis
3178 3967 3235 4017 et
3279 3963 3667 4034 Montanistae,
3721 3980 3901 4036 quam

2255 4051 2404 4120 ejus,
2439 4049 2537 4119 qui
2571 4055 2850 4119 aegrotare
2897 4049 3122 4120 incipit,
3173 4055 3230 4105 et
3275 4051 3627 4121 aegrotantis.
3666 4076 3696 4103 »
3742 4054 3904 4108 I00

2257 4139 2373 4209 Ego
2405 4154 2536 4192 vero
2567 4137 2936 4192 vehementer
2958 4137 3184 4207 dubito,
3217 4140 3391 4209 quod,
3419 4140 3560 4210 quid
3582 4141 3696 4196 sibi
3725 4142 3905 4198 velint

2258 4228 2358 4299 qui
2389 4228 2469 4281 ita
2499 4226 2840 4296 loquuntur,
2873 4227 3257 4282 Holl‘inaunus
3286 4228 3658 4295 intellexerit,
3693 4231 3903 4286 autin-

2255 4315 2516 4387 telligere
2544 4314 2807 4370 voluerit.
2843 4337 2870 4364 «
2902 4316 3099 4372 Libros
3149 4317 3303 4372 enim
3344 4318 3685 4374 Tertulliani
3741 4321 3904 4376 Mon-

2255 4403 2592 4474 tanizantis,
2625 4404 2826 4473 adjicit
2857 4405 2934 4474 (p.
2971 4406 3078 4472 18),
3115 4406 3259 4460 forte
3297 4421 3426 4462 esse
3455 4424 3554 4462 eos
3612 4409 3716 4480 qui
3772 4407 3902 4481 qui-

2257 4495 2387 4548 dem
2433 4493 2691 4548 Montani
2738 4493 3112 4565 dogmatibus
3161 4495 3359 4550 infecti
3407 4501 3565 4563 sunt,
3608 4498 3712 4553 sed
3749 4504 3904 4554 recte

504 4551 686 4560 -η--νη
759 4551 955 4558 -ης--ν
994 4551 1006 4557 -
1045 4551 1262 4569 -ν-τ---ι
2815 4551 2848 4565 υ
3552 4551 3565 4563 ι
3622 4551 3712 4553 πη

501 4596 694 4646 tarum
718 4551 1044 4658 erroribus,
1070 4605 1374 4661 nunquam
1409 4587 1805 4642 Tertullianus
1837 4605 1899 4642 se
1926 4589 1994 4642 ad
2028 4589 2143 4658 pri-
2178 4551 2223 4614 Β
2255 4584 2574 4638 sentientes
2618 4599 2731 4635 non
2783 4581 3120 4653 exagitans;
3173 4583 3538 4640 Montanistae
3589 4602 3746 4656 vero,
3799 4587 3901 4658 qui

503 4679 728 4735 stinum
759 4684 971 4734 coctum
1004 4679 1282 4748 receperit
1311 4677 1338 4731 ‘l
1366 4677 1544 4747 Cujus
1583 4680 1779 4731 tamen
1806 4677 2142 4746 quaestionis

503 4767 861 4823 afﬁrmandze
893 4767 1055 4822 nulla
1085 4771 1174 4821 est
1204 4766 1414 4819 idonea
1444 4762 1765 4818 ratio.Nam
1799 4779 1866 4818 ea
1893 4768 2017 4820 erat
2046 4765 2140 4821 isti

501 4856 726 4912 homini
757 4860 990 4911 austero
1010 4861 1067 4911 et
1083 4871 1264 4926 supra
1287 4854 1525 4908 modum
1550 4852 1736 4924 rigido
1758 4852 1938 4908 insita
1959 4854 2140 4910 animi

491 4943 886 5014 imbecillitas,
947 4949 1030 5013 ut,
1099 4959 1214 5014 quo
1300 4942 1526 4996 seviora
1583 4946 1800 5009 essent,
1889 4959 2016 5013 quas
2065 4943 2138 4999 ad

488 5033 671 5089 vitam
703 5049 1013 5104 moresque
1055 5030 1430 5103 pertinerent,
1481 5045 1548 5084 eo
1597 5029 1786 5102 magis
1832 5029 1949 5086 ista
2001 5032 2137 5087 ada-

487 5127 700 5190 maret,
732 5123 1109 5194 crederetque
1142 5124 1302 5174 tanto
1361 5119 1550 5192 magis
1582 5121 1826 5190 probata
1871 5121 1990 5176 fore
2022 5121 2136 5176 Deo

488 5218 546 5270 et
583 5211 1013 5269 consentientis
1060 5226 1194 5264 cum
1246 5208 1704 5264 Christianorum
1758 5209 2133 5280 perfectione.

487 5308 696 5375 Atque,
731 5307 796 5357 ut
824 5299 1014 5357 solent
1043 5298 1084 5354 ii
1117 5299 1217 5370 qui
1249 5302 1376 5353 atra
1405 5297 1519 5352 bile
1551 5302 1851 5366 vexantur,
1877 5299 2131 5355 tenacio-

483 5409 578 5450 res
609 5409 740 5449 esse
787 5407 990 5448 eorum
1049 5388 1338 5454 omnium,
1397 5403 1522 5456 quas
1579 5387 1940 5443 nutrimento
1999 5397 2134 5445 sunt

480 5482 753 5550 tristitiae,
788 5496 1110 5551 eorumque
1139 5477 1446 5550 opiniones
1470 5493 1602 5530 cum
1658 5477 1829 5532 annis
1863 5494 2008 5532 nova
2037 5495 2130 5533 oa-

478 5585 616 5642 pere
648 5570 1010 5627 incrementa
1038 5586 1052 5624 :
1088 5569 1168 5623 ita
1198 5572 1288 5623 est
1319 5581 1526 5638 parum
1560 5565 1862 5631 credibile,
1895 5566 2129 5621 Tertul-

477 5658 702 5716 liauum
735 5658 879 5716 istas
910 5658 1214 5731 opiniones
1246 5654 1613 5728 deposuisse,
1674 5655 1970 5727 istamque
2000 5656 2128 5712 reli-

2254 4671 2519 4726 hazresim
2550 4687 2663 4724 non
2696 4669 2887 4725 solum
2911 4670 3234 4742 continent,
3251 4688 3455 4728 verum
3485 4674 3661 4730 etiam
3693 4682 3904 4732 contra

2251 4760 2580 4817 Catholicos
2623 4760 2965 4816 defendunt.
3001 4782 3029 4810 »
3062 4760 3172 4816 Sed
3224 4761 3392 4818 nobis
3441 4762 3633 4837 iisque
3682 4765 3789 4837 qui
3822 4766 3903 4821 ita

2251 4851 2600 4922 loquuntur,
2630 4849 2781 4920 quod
2814 4866 2918 4922 ego
2964 4850 3204 4922 quidem
3253 4851 3461 4922 sciam,
3516 4854 3819 4924 omnibus,
3853 4855 3903 4910 is

2249 4941 2464 4996 dicitur
2498 4938 2860 5010 μοντανίςειν,
2891 4940 2992 5010 qui
3043 4939 3281 5010 quidem
3313 4957 3536 4998 errores
3567 4958 3704 4999 cum
3735 4943 3900 5000 Mon-

2246 5029 2482 5085 tanistis
2509 5043 2854 5084 communes
2897 5028 2984 5084 vel
3034 5045 3238 5086 omnes
3287 5029 3462 5087 habet
3506 5031 3594 5088 vel
3640 5031 3898 5105 aliquos,

2246 5121 2346 5176 scd
2381 5119 2460 5174 ita
2487 5123 2704 5184 tamen,
2739 5123 2804 5173 ut
2834 5123 3032 5190 spreta
3061 5120 3399 5175 eorumdem
3433 5138 3735 5177 sacrorum
3760 5138 3898 5178 cum

2245 5226 2353 5265 sua
2381 5201 3084 5275 Ecclesiacommunione,
3105 5209 3364 5264 nondum
3396 5226 3457 5264 se
3483 5210 3804 5266 contulerit
3825 5211 3898 5267 ad

2242 5299 2508 5369 ejusdem
2541 5296 2842 5352 societatis
2873 5313 3060 5366 sacra,
3093 5313 3343 5368 quacum
3371 5297 3428 5353 in
3463 5299 3768 5356 nonnullis
3794 5301 3898 5355 do-

2240 5386 2444 5442 ctrinis
2475 5386 2782 5452 consentit,
2817 5402 2948 5440 cum
2999 5385 3356 5442 Montanista
3401 5387 3500 5457 sit,
3532 5389 3629 5460 qui
3664 5394 3901 5445 utrum-

2241 5493 2354 5549 que
2386 5475 2600 5531 fecerit.
2636 5479 2709 5528 At
2737 5473 2850 5530 ista
2880 5475 3116 5545 quidem
3163 5475 3549 5533 Hoﬂ‘mannus
3597 5479 3774 5534 certis
3808 5495 3902 5534 ca-

2239 5583 2360 5623 rere
2391 5564 2530 5621 dicit
2560 5563 2798 5620 ﬁnibus.
2831 5564 2918 5620 Sit
2949 5565 3031 5620 ita
3078 5580 3240 5622 sane.
3292 5565 3380 5622 Sit
3417 5567 3616 5623 vultus
3659 5568 3900 5625 Tertul-

2233 5655 2376 5714 liani
2404 5652 2770 5712 Montanistae
2802 5670 2868 5711 ac
2903 5652 3313 5726 μοντανὶςοντο,
3345 5657 3659 5731 ambiguus
3691 5658 3900 5717 admo-
