4060 6360
229 328 335 389 Ml

1087 330 1188 393 AG
1226 330 1620 393 DOCTRINA
1662 330 2165 392 SCRIPTORUM
2213 330 2770 391 TERTULLIANI.

3525 329 3644 388 142

224 460 540 524 dum.0uid
572 478 714 534 ergo
743 465 835 517 est
857 461 885 516 ?
917 462 1200 518 Nimirum
1235 479 1347 518 non
1384 466 1574 534 potest
1606 479 1673 517 ex
1702 462 1871 518 vultu
1905 463 1957 530 Α
1989 462 2168 518 libros
2218 461 2593 517 Montanismi
2641 458 2966 515 certissime
3013 460 3291 529 arguunt,
3326 458 3520 530 qualis
3550 464 3640 516 est

222 547 557 605 Tertulliani
599 549 878 619 judicari,
913 551 1161 606 fueritne
1208 551 1259 606 is
1292 553 1418 621 jam
1468 550 1673 606 morbo
1724 551 1874 606 lecto

222 636 448 705 afﬁxus,
482 653 555 691 an
602 635 808 692 leviter
840 642 1027 693 tactus
1082 638 1337 710 quodam
1369 638 1497 708 ejus
1532 638 1775 710 impetu.
1810 639 1876 693 Et

223 725 277 780 id
310 724 651 780 volebamus
706 725 963 795 quidem,
998 744 1112 782 non
1147 742 1317 799 posse
1367 743 1435 782 ex
1482 725 1706 782 levibus
1752 728 1877 797 qui-

228 815 473 869 busdam
523 814 712 886 signis
762 831 1026 870 errorum
1075 816 1435 871 Tertulliano
1467 832 1599 871 eum
1652 816 1874 871 Monta-

230 904 402 959 nistis
458 904 863 959 communium
921 910 1042 960 tute
1091 904 1323 975 conjici,
1357 906 1510 976 quod
1568 906 1686 975 iam
1746 904 1877 975 ipsa

231 992 719 1048 Montanistarum
772 1010 938 1049 sacra
968 994 1311 1065 susceperit.
1342 994 1540 1065 Neque
1588 999 1783 1049 tamen
1817 996 1872 1049 id

229 1082 311 1138 ita
342 1082 703 1137 intellectum
736 1081 1029 1149 volumus,
1066 1084 1235 1155 quasi
1268 1084 1535 1156 spurium
1567 1091 1742 1152 esset,
1776 1087 1878 1139 aut

228 1176 566 1244 suspectum
623 1188 796 1227 omne
854 1180 1291 1246 argumentum,
1362 1174 1513 1245 quod
1573 1174 1787 1227 dicitur
1845 1190 1877 1227 a

226 1271 505 1327 doctrinis
553 1271 1044 1327 Montanistarum
1097 1273 1154 1325 in
1186 1272 1314 1336 hoc,
1346 1270 1513 1327 illove
1562 1271 1708 1326 libro
1738 1271 1873 1325 Ter-

224 1360 457 1415 tulliani
490 1360 677 1415 obviis
726 1362 794 1415 ad
840 1362 1295 1416 Montanismum
1345 1360 1474 1416 istis
1504 1361 1670 1415 libris
1723 1377 1876 1415 asse-

226 1451 499 1503 rcndum.
534 1448 683 1503 Sunt
729 1448 885 1504 enim
938 1450 1050 1504 ista
1081 1451 1139 1503 in
1190 1466 1248 1504 re
1282 1450 1426 1504 fines
1456 1454 1513 1503 et
1557 1450 1724 1519 quasi
1754 1454 1875 1503 ter-

227 1539 393 1604 mini,
426 1539 639 1608 quibus
691 1539 974 1593 utendum
1006 1539 1276 1604 arbitror,
1313 1556 1383 1593 ne
1415 1540 1485 1594 de
1528 1537 1873 1593 Tertulliani

229 1628 641 1691 Montanismo,
690 1644 758 1683 ex
808 1628 935 1698 ejus
984 1627 1148 1682 libris
1199 1629 1621 1698 cognoscendo,
1670 1644 1873 1698 parum

228 1724 324 1771 aut
358 1717 607 1771 nimium
638 1716 1037 1787 philosophari
1068 1716 1395 1769 videamur.
1422 1717 1669 1769 Primam
1699 1716 1877 1787 igitur

226 1806 411 1877 legem
446 1807 575 1875 ejus
622 1805 1061 1876 reijudicandaa
1112 1805 1263 1859 hanc
1311 1804 1581 1859 volumus
1630 1820 1778 1871 esse,
1814 1808 1876 1858 ut

227 1895 520 1965 ejusmodi
569 1892 719 1949 liber
752 1895 1030 1949 habeatur
1077 1893 1134 1947 in
1169 1910 1370 1948 eorum
1404 1910 1670 1963 numero,
1704 1910 1872 1964 quos,

227 1984 463 2037 familiae
500 1984 982 2038 Montanistarum
1011 1985 1134 2052 jam
1169 1983 1875 2053 adscriptus,composue-

227 2074 319 2136 rit,
344 2075 401 2127 in
436 2090 552 2143 quo
584 2073 839 2127 occurrit
872 2088 1080 2127 nomen
1112 2072 1516 2142 Psychz’corum.
1553 2073 1689 2125 Erat
1718 2071 1874 2126 enim

227 2161 331 2216 hoc
366 2162 545 2217 veluti
580 2160 1064 2231 symbolum,quo
1097 2161 1286 2215 socios
1320 2161 1648 2214 orthodoxae
1682 2159 1873 2214 Eccle-

224 2251 319 2305 siae
352 2267 385 2304 a
417 2266 535 2303 suae
563 2256 733 2303 secta
782 2249 1147 2317 hominibus,
1181 2266 1328 2320 quos
1378 2249 1674 2320 spiritales
1715 2248 1876 2317 dicit,

223 2340 615 2409 distingueret
683 2338 782 2409 (V.
849 2338 1317 2409 'l‘ertullianum,
1386 2338 1450 2392 de
1514 2339 1876 2409 Mouogamz'a,

223 2445 349 2496 cap.
390 2429 443 2493 1,
499 2427 641 2481 edit.
691 2427 809 2481 Nic.
863 2426 1091 2496 Rigaltii
1148 2427 1215 2495 ll,
1268 2444 1322 2497 p.
1367 2427 1473 2481 673
1523 2427 1650 2494 8.);
1704 2432 1879 2497 atque

224 2518 457 2571 videtur
486 2523 611 2570 tum
656 2516 775 2571 fere
804 2516 1140 2583 conﬁctam,
1174 2532 1308 2570 cum
1341 2531 1459 2579 eos,
1495 2515 1593 2586 qui
1630 2516 1877 2587 rigidam

227 2604 485 2659 Montani
536 2603 912 2674 disciplinam
968 2621 1080 2659 non
1135 2605 1511 2673 recipiebant,
1543 2618 1881 2675 oppugnare

226 2693 750 2765 inciperel.Neque
773 2694 827 2747 id
858 2694 1109 2749 occurrit
1132 2694 1189 2747 in
1214 2694 1332 2748 ullo
1359 2693 1508 2747 libro
1543 2694 1675 2760 alio,
1706 2708 1879 2763 quem

230 2782 510 2853 temporis
542 2788 643 2836 aut
693 2782 880 2853 ipsius
912 2783 1189 2837 doctrinae
1219 2783 1366 2837 ratio
1398 2784 1718 2837 ostendunt
1749 2788 1881 2837 ante

227 2874 354 2942 ejus
386 2872 771 2926 defectionem
822 2875 1217 2943 conscriptum
1267 2872 1469 2926 fuisse.
1508 2876 1708 2943 Itaque
1764 2888 1877 2925 non

228 2977 315 3025 est
346 2969 759 3035 dubitandum,
796 2969 934 3039 quin
969 2970 1088 3023 sint
1138 2969 1233 3024 isti
1282 2968 1436 3035 libri,
1471 2968 1569 3039 qui
1617 2968 1724 3023 hoc
1777 2986 1880 3023 n0-

230 3075 361 3114 men
397 3059 724 3120 continent.
758 3075 962 3114 omnes
993 3063 1125 3130 post
1167 3063 1506 3128 susceptum
1561 3058 1880 3112 Montanis-

1986 552 2204 606 diserta
2236 551 2423 621 ipsius
2454 548 2797 604 Tertulliani
2849 547 3169 619 professio;
3204 548 3305 603 sed
3338 552 3478 603 sunt
3507 549 3631 604 istae

1985 640 2066 693 ita
2117 640 2232 695 fere
2281 643 2651 710 comparatae,
2687 640 2751 691 ut
2792 635 3195 707 disputatione
3238 653 3355 691 non
3404 643 3637 709 egeant,

1987 734 2087 783 aut
2118 745 2230 783 non
2283 729 2401 782 sint
2440 727 2780 782 certissimae
2816 724 2967 781 ﬁdei.
3001 725 3161 788 Quod
3213 725 3262 780 si
3294 742 3425 781 vero
3459 729 3635 782 exsti-

1986 818 2122 873 terit
2152 818 2268 873 tale
2313 818 2452 887 quid
2486 817 2544 871 in
2596 816 2849 886 quodam
2901 814 3048 868 libro
3078 814 3444 882 Tertulliani,
3480 819 3635 888 quod

1987 912 2183 977 posset
2214 906 2413 961 referri
2440 907 2507 961 ad
2547 921 2724 960 unam
2759 903 3095 974 regularum
3128 903 3635 977 istarum,absque

1985 997 2199 1051 erroris
2232 996 2487 1067 periculo
2536 993 2672 1048 licet
2721 993 3073 1060 existimare,
3109 1008 3238 1047 eum
3283 993 3461 1049 fuisse
3508 1000 3633 1051 tum

1985 1087 2233 1149 editum,
2284 1102 2412 1139 eum
2455 1086 2581 1153 jam
2617 1081 2956 1137 inimicitias
2988 1098 3121 1135 eum
3171 1081 3489 1138 orthodoxa
3531 1090 3633 1140 Ec-

1986 1175 2164 1229 clesia
2193 1174 2587 1228 'l‘ertullianus
2622 1170 2999 1243 suscepisset.
3036 1172 3140 1226 Sed
3174 1172 3297 1242 jam
3329 1173 3401 1228 ad
3450 1172 3633 1232 libros

1987 1265 2145 1335 ipsos
2179 1264 2501 1318 veniamus.

1985 1398 2097 1469 §5.
2139 1425 2186 1477 _——
2225 1397 2682 1477 .Prtmamlasst’s
2735 1398 3022 1477 librorum,
3072 1400 3185 1477 qui_
3215 1404 3347 1477 sunt
3390 1405 3632 1477 tempore

2053 1468 2257 1593 pgorz's
2286 1467 2591 1552 vexationis
2624 1467 3196 1526 Christianorum—sub
3228 1471 3418 1528 Severo
3447 1467 3631 1545 Augu-

2054 1556 2077 1593 .ς
2167 1547 2377 1609 scripti.

2059 1656 2132 1709 Ex
2167 1654 2258 1710 his
2308 1655 2562 1726 primum
2616 1658 3056 1727 pertractandos
3106 1659 3490 1729 promisimus
3536 1676 3634 1717 eos

1986 1760 2233 1814 quorum
2288 1760 2391 1798 nec
2439 1752 2576 1798 tetas
2626 1761 2731 1799 nec
2781 1745 3042 1801 doctrina
3085 1746 3264 1801 dubia
3312 1749 3632 1805 admodum

1910 1834 1955 1898 Β
1990 1837 2179 1896 esset;
2223 1832 2282 1886 in
2335 1830 2552 1903 quibus
2603 1836 2741 1887 sunt
2778 1833 2962 1904 primo
2994 1834 3118 1890 loco
3152 1837 3425 1905 ponendi,
3483 1854 3632 1909 quos

1985 1923 2234 1991 scriptos
2257 1938 2385 1976 esse
2416 1926 2645 1977 constat
2668 1939 2732 1976 eo
2767 1926 3168 1994 tempore,quo
3201 1925 3632 1982 calamitatibus

1987 2010 2188 2064 multis
2232 2010 2567 2076 Christiani,
2603 2018 2883 2081 regnante
2931 2010 3141 2067 Severo
3192 2020 3361 2085 Aug,
3394 2020 3632 2087 propter

1985 2098 2309 2153 doctrinam
2346 2098 2810 2171 al'lligebantura
2841 2100 3079 2156 deorum
3109 2102 3453 2159 cultoribus.
3488 2107 3634 2170 Quo-

1987 2205 2117 2242 rum
2150 2193 2288 2241 mtas
2319 2204 2448 2242 cum
2482 2187 2590 2241 rite
2622 2187 2774 2242 haud
2811 2195 2985 2259 queat
3017 2191 3397 2260 definiri,nisi
3425 2193 3636 2264 figatur

1986 2276 2130 2331 illud
2165 2276 2331 2346 quasi
2381 2281 2665 2347 punctum
2716 2278 3018 2348 temporis,
3052 2296 3166 2349 quo
3194 2286 3381 2352 coepta
3411 2288 3499 2336 est
3530 2282 3637 2336 ad-

1985 2382 2188 2420 versus
2223 2364 2581 2420 Christianos
2614 2366 2853 2431 saavitia,
2909 2366 2965 2421 id
2999 2384 3243 2438 agamus
3286 2385 3521 2425 necesse
3550 2374 3641 2426 est

1991 2460 2071 2520 ut,
2109 2470 2363 2525 quonam
2419 2455 2538 2508 hrec
2590 2460 2848 2525 tempore
2898 2456 3226 2527 contigerit,
3261 2459 3638 2529 perspicuum

1990 2543 2264 2597 omnibus
2295 2542 2541 2597 fiat.Sed
2576 2543 2686 2597 ista
2717 2543 2941 2597 vexatio
2973 2546 3249 2616 quoniam
3276 2546 3365 2601 bis
3398 2548 3640 2612 exstitit,

1989 2632 2245 2703 primum
2297 2632 2535 2700 quidem
2586 2636 2737 2702 ante,
2774 2633 2984 2686 deinde
3033 2639 3164 2703 post
3213 2635 3371 2705 leges
3415 2636 3642 2692 Severis

1990 2719 2338 2775 Christianis
2392 2720 2708 2776 inimicas:
2761 2722 3122 2777 observando
3173 2723 3509 2790 didicimus,
3543 2742 3645 2781 an-

1991 2826 2132 2863 num
2166 2826 2198 2863 a
2228 2809 2452 2864 Christo
2502 2814 2637 2864 nato
2669 2810 3140 2866 ducentesimum
3194 2811 3376 2869 libros
3408 2814 3641 2869 Tertul-

1992 2897 2128 2951 liani
2163 2897 2429 2951 devidere
2461 2898 2626 2968 quasi
2659 2898 2716 2951 in
2749 2898 2895 2952 duas
2929 2898 3423 2971 classes,quarum
3459 2902 3646 2957 altera

1990 2984 2402 3055 complectitur
2434 2987 2561 3051 hos,
2592 2987 2690 3058 qui
2725 2992 2861 3041 sunt
2892 2987 2963 3041 ab
2994 3004 3058 3042 eo
3092 2989 3431 3057 crthodoxo,
3466 2990 3649 3046 altera

1992 3091 2107 3143 eos,
2142 3074 2240 3144 qui
2274 3081 2414 3129 sunt
2446 3076 2518 3129 ab
2550 3092 2615 3130 eo
2651 3076 3005 3131 Montanista
3036 3077 3296 3147 perfecti.
3322 3079 3500 3135 Nobls
3534 3080 3645 3134 ita—

230 3165 393 3203 mum
438 3150 679 3203 exarati.
722 3150 870 3202 Alter
911 3164 1097 3202 canon
1142 3147 1236 3201 hic
1289 3152 1411 3201 esto
1446 3164 1458 3201 :
1494 3146 1686 3200 omnis
1740 3146 1882 3199 liber
1912 3195 1955 3262 Ο
1994 3179 2105 3234 que
2136 3180 2268 3216 cum
2320 3163 2395 3217 sit
2427 3164 2791 3235 propositum
2846 3146 3099 3235 primum
3151 3165 3438 3237 dispicere
3480 3168 3549 3222 de
3581 3184 3647 3223 eo

230 3236 569 3262 nix_s--ll:__:
609 3254 668 3262 Α..
703 3236 959 3262 κι..-ι....ε
997 3236 1222 3262 ..ειη-ε..-
1266 3236 1473 3262 ..νζεηηη
1507 3241 1744 3262 “nano..-
1783 3234 1876 3262 ηυξ
2252 3251 2307 3262 ι..
2583 3254 2627 3262 η.
2701 3259 2706 3262 .
2766 3253 2821 3262 ...
2914 3254 2925 3262 .
3366 3261 3370 3262 ,
3603 3257 3613 3262 -

228 3236 573 3292 Tertulliani
605 3254 671 3292 ex
703 3236 962 3292 Montani
994 3236 1228 3291 officina
1264 3236 1475 3290 exiisse
1507 3236 1880 3306 putetur,qui

231 3327 529 3381 doctrinas
561 3331 772 3381 tractat
803 3342 915 3380 non
947 3326 1182 3396 quidem
1225 3325 1717 3379 Montanistarum
1752 3342 1883 3393 pro-

232 3415 412 3486 prias,
448 3416 551 3469 sed
606 3420 799 3468 tamen
854 3414 1132 3468 Paracleti
1186 3414 1493 3483 cujusdam
1542 3412 1887 3467 auctoritate

234 3504 634 3557 confirmatas.
686 3507 951 3572 Namque
1002 3503 1094 3557 hic
1125 3508 1248 3556 erat
1278 3501 1550 3572 capitalis
1606 3500 1890 3555 Montani-

237 3602 464 3646 starum
500 3608 679 3658 error,
715 3592 870 3662 quod
906 3590 1265 3646 Paracletum
1292 3591 1582 3660 jactarent
1603 3606 1709 3643 suo
1739 3594 1889 3644 tem-

233 3696 374 3750 pore
406 3681 638 3735 venisse
672 3679 871 3748 talem,
904 3681 1002 3750 qui
1036 3685 1091 3733 et
1121 3680 1239 3733 dux
1280 3682 1433 3733 esset
1463 3678 1534 3732 ad
1584 3677 1888 3732 veritatem

235 3785 496 3834 omnem,
532 3774 587 3823 et
629 3785 775 3823 nova
824 3784 1021 3822 rerum
1074 3768 1408 3822 divinarum
1442 3767 1687 3821 scientia
1719 3766 1890 3820 audi-

233 3863 394 3913 tores
424 3873 563 3912 suos
594 3858 883 3913 imbueret
914 3857 1095 3927 ita,ut
1125 3861 1696 3928 cognoscerent,qua3
1726 3860 1890 3926 pate-

234 3950 389 4001 facta
422 3946 569 4000 nulli
602 3952 800 4001 essent
848 3945 1198 4016 antiquioris
1233 3945 1526 3999 memoriae
1559 3944 1805 4013 homini,
1838 3950 1896 3997 et

235 4036 309 4090 ad
344 4034 661 4089 maximam
706 4034 1119 4106 perfectionem
1167 4051 1324 4088 nunc
1357 4034 1614 4104 aspirare
1658 4036 1895 4103 possent

229 4126 408 4195 (Vide
457 4124 757 4188 eumdem,
805 4125 862 4177 in
931 4122 1077 4179 libro
1125 4123 1191 4178 de
1250 4122 1502 4177 Velandzs
1562 4122 1893 4192 Virginibus,

231 4231 363 4284 cap.
420 4214 471 4277 1,
525 4217 581 4268 et
629 4212 776 4268 libro
821 4230 899 4280 1v,
954 4212 1219 4268 Adversus
1281 4213 1631 4275 Marcionem,
1693 4227 1741 4265 c.
1801 4210 1892 4279 22,

229 4322 287 4375 p.
320 4304 429 4356 537
469 4302 552 4372 Ο).
606 4308 795 4373 Atque
845 4301 1024 4372 hujus
1073 4301 1351 4356 Paracleti
1402 4300 1758 4371 agnitionem
1809 4315 1891 4365 se,

231 4394 336 4457 ait,
371 4392 701 4459 sejunxisse
724 4391 796 4444 ab
819 4390 1075 4445 Ecclesia
1105 4390 1396 4458 (Adversus
1418 4389 1567 4443 ιθι
1596 4390 1890 4456 Praxeam,

228 4500 360 4552 cap.
414 4482 467 4544 1,
517 4498 572 4551 ρ.
604 4481 708 4535 634
743 4482 845 4550 [));
881 4496 1069 4551 neque
1100 4480 1255 4533 hunc
1306 4478 1416 4533 sibi
1466 4494 1719 4533 errorem
1757 4494 1885 4548 per-

1993 3267 2203 3323 genere
2251 3251 2532 3306 librorum
2583 3253 2950 3319 Tertulliani,
3008 3271 3257 3324 quorum
3309 3261 3449 3311 tetas
3504 3257 3650 3313 satis

1996 3340 2218 3410 liquido
2270 3346 2520 3406 constat,
2556 3341 2637 3396 ita
2671 3342 2729 3396 in
2764 3342 2872 3397 hoc
2921 3345 3227 3399 tractando
3258 3345 3647 3415 versabimur,

1996 3431 2063 3481 ut
2094 3428 2589 3496 demonstremus,
2615 3429 2739 3499 jam
2775 3434 2904 3483 ante
2937 3430 3128 3483 Severi
3162 3430 3423 3485 edictum
3455 3432 3648 3488 Chris-

1997 3516 2190 3569 tianos
2246 3516 2427 3570 fuisse
2473 3523 2707 3587 propter
2753 3517 3080 3571 doctrinam
3131 3524 3387 3584 vexatos,
3420 3520 3648 3587 deinde,

2001 3605 2204 3676 paucis
2233 3605 2582 3675 quibusdam
2608 3606 2677 3659 de
2699 3605 2825 3676 ipsa
2858 3605 3036 3676 hujus
3056 3606 3267 3677 prioris
3283 3610 3651 3679 tempestatis

2000 3693 2227 3748 ratione
2272 3695 2551 3765 aspersis,
2583 3694 2639 3747 in
2696 3711 2939 3762 annum,
2973 3711 3088 3765 quo
3130 3695 3244 3751 ista
3275 3696 3510 3753 afﬂictio
3544 3698 3651 3753 ini-

1966 3778 1968 3780 ’
2000 3782 2147 3835 tium
2181 3782 2417 3852 ceperit,
2447 3786 2715 3837 accurate
2748 3783 3138 3853 inquiramus.

2003 3915 2033 3988 §
2063 3917 2115 3969 6.
2148 3946 2218 3955 ——
2252 3920 2330 3969 De
2362 3917 2482 3985 ipsa
2511 3916 2613 3970 hac
2640 3917 2928 3970 vexatione
2956 3916 3276 3985 disputatur
3320 3920 3427 3986 ita,
3461 3923 3522 3973 ut
3551 3920 3648 3975 de-

2074 3992 2417 4041 monstretur
2447 3988 2614 4041 talem
2658 3989 2932 4042 exstitisse
2980 3992 3107 4042 ante
3160 3989 3345 4044 Severi
3387 3990 3651 4061 edictum,

2075 4075 2237 4129 quam
2268 4061 2473 4132 inhrem
2524 4060 2814 4130 praposz'tis
2845 4061 3127 4114 Moshemii
3155 4065 3505 4132 argumentis
3535 4060 3655 4118 alia

2074 4130 2629 4255 Zqignqdiiciuntur,
2679 4136 2730 4186 et
2781 4132 3008 4186 initium
3054 4130 3257 4203 cepisse
3303 4134 3364 4188 A.
3398 4135 3460 4188 Ρ.
3500 4134 3556 4190 C.
3590 4136 3654 4191 Ν.

2073 4315 2273 4387 Culpa,
2306 4334 2409 4371 cur
2438 4316 2757 4372 erraverint
2788 4316 2959 4371 multi
3001 4318 3061 4373 in
3089 4319 3421 4375 definienda
3452 4338 3655 4377 eorum

2001 4405 2284 4461 librorum
2318 4405 2666 4461 Tertulliani
2699 4411 2886 4474 mtate,
2908 4407 3008 4477 qui
3042 4412 3303 4480 tempore
3334 4410 3655 4465 vexationis

2002 4496 2325 4550 Severiana:
2355 4494 2557 4565 scripti
2590 4500 2749 4559 sunt,
2772 4494 2827 4548 in
2860 4512 2926 4549 eo
2958 4500 3046 4550 est
3076 4496 3230 4551 haud
3265 4498 3460 4565 dubie,
3495 4501 3651 4568 quod

229 4570 471 4626 δυαάθΐί
524 4585 780 4640 umquam
832 4568 989 4639 Pasai
1042 4572 1181 4657 εαξη
1232 4568 1565 4657 orando“?
1625 4565 1893 4622 Εεωθείω
1926 4571 1969 4634 D
2002 4586 2162 4640 102
2197 4601 2308 4637 non
2343 4583 2615 4647 viderint,
2646 4587 2703 4637 et
2733 4594 2865 4639 ante
2899 4585 3091 4639 Severi
3124 4586 3335 4657 legem,
3369 4604 3487 4657 qua
3511 4565 3651 4644 sus-

230 4660 399 4723 socii,
436 4659 713 4729 quoniam
738 4657 831 4712 hic
857 4654 1198 4727 principalis
1221 4660 1345 4710 erat
1367 4655 1633 4710 doctrina
1664 4671 1888 4725 eorum,

230 4750 333 4821 qui
368 4748 737 4811 Montanum,
770 4751 1053 4817 tanquam
1084 4744 1456 4815 magistrum,
1482 4746 1888 4813 sectabantur;

231 4846 506 4919 quamvis
567 4845 753 4901 czeteri
810 4861 1035 4900 errores
1095 4843 1591 4898 Montanistarum
1661 4858 1887 4910 omnes,

234 4955 301 4993 ex
335 4936 538 5007 aliqua
569 4940 751 5007 parte,
794 4933 886 4989 vel
920 4934 1046 5004 ipso
1078 4932 1258 5003 hujus
1308 4932 1709 4987 controversize
1739 4935 1891 4987 tem-

236 5042 395 5098 pore,
450 5024 535 5080 vel
595 5023 767 5094 paulo
818 5027 971 5093 post,
1019 5021 1235 5093 recepti
1283 5020 1500 5076 fuerint
1530 5038 1563 5074 a
1594 5020 1892 5076 nonnullis

239 5116 493 5185 antiquae
546 5110 812 5167 Ecclesia;
859 5109 1181 5165 sodalibus.
1227 5109 1337 5166 Sed
1389 5109 1891 5181 quemadmodum

238 5204 826 5271 diximus,nunquam
852 5200 1195 5270 deposuisse
1217 5197 1646 5253 Tertullianum
1670 5215 1894 5255 errores

238 5310 354 5362 eos,
389 5308 543 5363 quos
577 5288 760 5345 semel
795 5290 853 5343 in
906 5288 1108 5343 schola
1137 5288 1623 5344 Montanistarum
1671 5289 1892 5343 didice-

237 5390 341 5453 rat,
376 5382 435 5438 id
482 5386 695 5453 sponte
747 5376 1040 5449 sequitur,
1072 5378 1224 5449 quod
1270 5378 1396 5448 jam
1449 5378 1565 5432 fere
1615 5378 1893 5446 diximus,

238 5484 500 5555 ejusdem
535 5477 773 5553 generis
812 5493 942 5532 esse
973 5476 1153 5532 libros
1186 5474 1550 5545 Tertulliani,
1591 5476 1650 5530 in
1683 5476 1896 5547 quibus

239 5572 395 5641 alios,
426 5571 590 5629 haud
643 5567 826 5625 dubie
875 5564 1365 5623 Montanistarum
1415 5565 1578 5621 scitis
1624 5565 1894 5635 infectos,

243 5663 522 5723 excitavit.
556 5662 746 5733 Atque
769 5657 867 5715 his
907 5654 1122 5728 regulis
1154 5654 1288 5713 addi
1322 5660 1559 5727 possent
1589 5655 1735 5725 alia),
1769 5671 1896 5727 quae

2000 4673 2327 4744 cipiendam
2373 4672 2838 4727 Christianorum
2889 4672 3229 4744 religionem
3271 4677 3474 4744 vetuit,
3507 4678 3647 4735 deo-

2001 4779 2132 4816 rum
2164 4761 2417 4816 cultores
2448 4776 2689 4815 vexasse
2718 4760 3098 4817 Christianos.
3128 4768 3208 4817 Ita
3240 4764 3396 4819 enim
3429 4767 3648 4823 factum

2001 4856 2109 4917 est,
2141 4855 2204 4906 ut
2251 4866 2384 4905 cum
2416 4849 2569 4904 inter
2615 4857 3161 4907 omnes‘constaret
3210 4871 3361 4910 anno
3409 4857 3650 4912 demum

2000 4944 2064 4995 P.
2107 4944 2164 4994 C.
2198 4940 2266 4995 N.
2300 4939 2451 5005 CCII,
2502 4938 2654 4993 hanc
2705 4938 2893 5011 legem
2944 4956 2979 4994 a
3018 4940 3226 4997 Severo
3275 4942 3451 4999 latam
3498 4961 3652 5013 esse,

2001 5029 2134 5084 libri
2167 5028 2265 5084 isti
2305 5043 2507 5084 omnes
2531 5031 2664 5099 post
2684 5028 2865 5083 istum
2897 5046 3117 5083 annum
3141 5030 3335 5103 inepte
3367 5049 3653 5104 poneren-

2002 5125 2118 5175 tur.
2170 5120 2352 5188 Atque
2402 5118 2640 5172 fuerunt
2690 5118 3009 5174 identidem
3060 5120 3351 5191 nonnulli,
3397 5122 3494 5194 qui
3544 5123 3653 5177 hoc

2004 5208 2243 5281 quidem
2264 5222 2395 5261 cum
2420 5205 2585 5261 libris
2618 5206 2762 5277 ipsis
2793 5223 3056 5279 pugnare
3085 5210 3516 5281 perspicerent;
3551 5211 3653 5265 sed

2006 5313 2194 5369 neque
2224 5295 2285 5350 hi
2321 5295 2621 5350 veritatem
2657 5296 2981 5368 attigerunt
3012 5303 3319 5369 prOpterea
3369 5299 3517 5368 quod
3550 5316 3654 5353 an-

2003 5387 2165 5458 tiqua
2193 5385 2403 5440 harum
2437 5400 2632 5439 rerum
2686 5391 3071 5441 monumenta
3103 5402 3208 5441 nec
3251 5386 3514 5455 candide,
3550 5402 3656 5443 nec

2007 5477 2631 5548 prudenter,tanquam
2649 5475 3044 5541 duces,secuti
3063 5475 3526 5547 fuerant.Itaque
3540 5492 3659 5533 ma-

2006 5567 2181 5621 ximis
2209 5563 2486 5620 laudibus
2519 5564 2733 5635 dignus
2756 5569 2843 5619 est
2872 5565 2961 5618 vir
2992 5564 3343 5621 immortalis
3361 5567 3658 5624 memoria:

2006 5657 2095 5714 Jo.
2136 5652 2482 5713 Laurentius
2534 5652 2896 5709 Moshemius
2925 5651 2953 5705 ὸ
2996 5649 3298 5728 μακαρίτης
3349 5655 3473 5729 qui,
3504 5662 3660 5731 post.
