4060 6356
251 336 364 392 145

362 469 389 535 §
416 469 473 522 7.
507 499 582 509 —
614 469 754 537 Quae
779 484 975 527 causw
1004 470 1165 539 huius
1194 473 1400 541 prioris
1432 470 1741 527 vexationis
1760 469 1786 523 ?

317 558 385 610 At
417 574 578 613 nunc
611 558 1029 616 discutiendus
1061 566 1149 616 est
1173 560 1320 615 alter
1351 562 1460 616 iste
1483 560 1647 616 locus
1679 560 1748 613 de
1771 563 1913 613 tem-

254 662 407 718 pore,
443 664 563 718 quo
600 648 763 721 prior
795 649 917 705 haec
968 654 1286 722 tempestas
1337 651 1599 722 contigit,
1652 650 1699 704 si
1748 648 1911 721 prius

252 735 507 806 edixere,
546 753 824 807 quaenam
873 755 1059 793 causae
1110 738 1287 809 hujus
1320 740 1592 794 facinoris
1624 737 1779 807 vulgi
1813 739 1911 790 ad-

254 842 453 880 versus
484 826 856 883 Christianos
880 828 1187 884 videantur
1210 829 1410 885 fuisse.
1438 832 1620 899 Atque
1646 827 1753 883 hoc
1779 842 1911 881 cum

258 915 327 969 de
356 914 518 970 omni
552 921 762 972 contra
796 918 1161 973 Christianos
1194 920 1341 974 facto
1370 936 1402 974 a
1440 917 1607 990 plebe
1651 916 1913 971 tumultu

259 1008 509 1071 constat,
542 1022 673 1063 eam
696 1007 810 1077 his,
830 1012 1111 1080 tauquam
1138 1008 1389 1080 publicis
1413 1008 1641 1081 generis
1668 1004 1913 1061 humani

259 1094 550 1165 hostibus,
587 1113 763 1152 omne
822 1098 1176 1153 calamitatis
1208 1116 1240 1153 a
1268 1098 1389 1154 Diis
1436 1097 1705 1153 immissae
1731 1112 1914 1166 genus

259 1184 579 1242 tribuisse:
617 1191 746 1242 tum
779 1186 927 1243 illud
962 1188 1242 1243 nimirum
1276 1192 1434 1260 patet
1472 1205 1539 1244 ex
1568 1184 1913 1243 Tertulliani

259 1275 519 1346 scriptis,
554 1277 662 1331 hoc
698 1278 880 1332 fuisse
912 1277 970 1332 in
1005 1295 1201 1346 causa,
1254 1283 1317 1332 ut
1348 1295 1503 1333 nunc
1551 1276 1913 1332 Christianos

260 1364 517 1420 maxime
550 1365 1008 1438 insequerentur
1036 1367 1140 1439 (Cf.
1174 1368 1471 1440 Apologet.,
1505 1384 1553 1421 c.
1589 1366 1676 1431 40,
1709 1364 1778 1418 ait
1808 1380 1913 1417 no—

261 1455 461 1524 tiones,
493 1453 596 1509 lib.
626 1472 665 1522 1,
701 1472 749 1511 c.
813 1456 866 1523 9,
912 1457 1067 1527 etc.).
1120 1456 1427 1512 Enimvero
1480 1473 1606 1528 qua:
1636 1455 1912 1510 Severum

262 1546 416 1599 inter
446 1548 504 1600 et
533 1544 779 1617 Nigrum
828 1544 1243 1614 intercedebat,
1295 1546 1684 1601 maximarum
1718 1560 1912 1599 rerum

263 1633 582 1705 aemulatio,
617 1650 731 1689 non
783 1634 973 1690 solum
1021 1636 1254 1690 videtur
1302 1636 1656 1707 quibusdam
1710 1631 1914 1703 displi-

266 1726 484 1788 cuisse,
516 1722 615 1793 qui
642 1740 756 1778 non
803 1724 1099 1793 Severum,
1151 1725 1251 1780 sed
1302 1724 1544 1797 Nigrum
1585 1727 1789 1779 contra
1823 1722 1913 1777 Di-

1145 338 1239 398 AC
1284 337 1681 397 DOCTRlNA
1729 331 2235 395 SCRIPTORUM
2280 332 2829 394 TEllTULLIANI.

1938 469 2169 539 AFugtt
2226 469 2283 521 in
2340 469 2728 537 persecutione,
2789 482 2914 537 cap.
2972 466 3027 532 5,
3088 481 3140 536 p.
3197 462 3302 517 693
3358 462 3446 532 A).
3496 477 3671 534 quem

3557 329 3673 389 146

2022 558 2291 629 suspicor
2323 562 2555 629 raptum
2604 574 2731 612 esse
2755 555 2813 609 in
2854 554 3143 625 judicium
3176 553 3324 609 ’1θῦ
3361 568 3493 607 cum
3526 568 3671 607 non-

2022 648 2163 702 dum
2218 648 2429 715 Severi,
2478 648 2577 703 sed
2611 646 2868 717 antiquis
2918 644 3146 717 legibus
3186 642 3471 712 judicium
3506 642 3673 697 fieret

2022 740 2117 808 (6).
2153 739 2229 792 Eo
2260 738 2416 793 enim
2462 738 2904 792 adducebantur
2948 733 3118 789 multi
3177 732 3669 801 Christianorum,

2024 829 2123 901 qui
2157 829 2366 901 Opibus
2422 829 2671 899 vittaque
2725 845 2842 883 suae
2901 827 3209 893 timebant,
3258 828 3324 879 ut
3379 824 3531 895 quod
3558 822 3673 878 alia

2022 918 2315 974 declinare
2362 917 2456 973 via
2519 935 2634 973 non
2706 920 2994 989 poterant,
3067 914 3413 987 periculum,
3475 910 3672 969 oblata

2022 1008 2272 1082 pecunia
2311 1011 2793 1063 averruncarent.
2853 1006 3007 1069 Quas
3065 1004 3293 1061 saevitia:
3348 1003 3669 1076 prasidum

2022 1098 2295 1170 vulgique
2325 1114 2535 1154 causas
2567 1097 2616 1153 si
2651 1102 2840 1153 mente
2872 1094 3335 1167 complectimur,
3357 1093 3467 1148 erit
3504 1109 3667 1163 sane,

2024 1192 2089 1243 ut
2118 1188 2374 1243 sciamus
2407 1192 2659 1258 tempus,
2711 1203 2825 1258 quo
2856 1190 2983 1241 orta
3037 1188 3125 1239 est
3162 1183 3283 1238 hazc
3336 1182 3489 1254 prior
3521 1186 3666 1236 tem-

2025 1282 2238 1350 pestas,
2299 1278 2553 1348 quando,
2612 1292 2728 1347 quo
2802 1291 2954 1331 anno
3011 1273 3131 1328 hazc
3188 1271 3452 1344 speciosa
3502 1270 3669 1327 Chri-

2024 1367 2245 1423 stianos
2296 1366 2544 1422 laedendi
2594 1365 2821 1420 occasio
2878 1363 3188 1431 exstiterit,
3239 1359 3666 1417 demonstravi-

2024 1474 2178 1512 mus.

2022 1604 2049 1669 §
2080 1601 2132 1655 8.
2164 1633 2232 1641 ——
2264 1600 2495 1656 Initium
2518 1601 2820 1655 vexationis
2838 1597 3370 1653 Christianexanno
3388 1593 3669 1669 quaperiit

2095 1674 2327 1728 Albinus
2383 1674 2811 1735 demonstratur,
2861 1672 3005 1725 hunc
3076 1686 3200 1725 vero
3260 1684 3393 1722 ann.
3457 1665 3672 1721 CXCVII

2098 1747 2443 1815 interfectum
2498 1761 2608 1799 esse
2663 1744 2927 1814 probatur
2978 1742 3162 1814 primo
3206 1757 3275 1796 ex
3321 1738 3667 1815 ordinand-

267 1815 431 1869 dium
450 1813 756 1868 Julianum
779 1814 1913 1886 Aug.postulaverant(V.Herodianum,
1948 1847 1994 1911 B
2098 1818 2157 1882 li,
2194 1810 2333 1887 quod
2391 1818 2616 1871 Severus
2664 1810 3190 1911 'I’escennio'oNigro
3248 1812 3431 1911 ges'sit.
3480 1810 3670 1911 Pbitec

269 1902 325 1911 ε..
551 1902 581 1911 Α
830 1904 856 1911 ...
929 1903 958 1911 μ.
1081 1903 1113 1911 ..
1341 1904 1350 1911 .
1430 1905 1507 1911 -...
1580 1904 1638 1911 --.
1721 1904 1729 1911 .
1822 1904 1868 1911 Α.
2106 1891 2349 1911 _-.......l._---
2404 1891 2541 1911 --.ιι-μ
2575 1891 2628 1911 ἐμ
2677 1889 2924 1911 ----.μᾼμί-
3025 1887 3169 1911 Λυρκέ
3220 1901 3315 1911 ...ιιι
3345 1884 3469 1911 ιἈι-νιι
3502 1898 3571 1911 nun
3622 1896 3645 1911 Δ

268 1902 371 1958 lib.
397 1919 459 1969 ιι,
481 1919 529 1956 c.
549 1902 583 1954 8
608 1919 620 1955 :
648 1919 731 1972 ιιι,
759 1919 808 1957 c.
827 1904 898 1971 5;
927 1903 1316 1974 Spartianum,
1338 1904 1398 1958 in
1430 1905 1546 1959 Vita
1571 1904 1729 1971 Nigri
1749 1918 1797 1956 c.
1820 1904 1909 1969 2);

269 1993 369 2048 sed
403 1991 547 2046 illud
581 1992 779 2058 etiam,
812 1993 960 2063 quod
1007 1994 1286 2049 adversus
1333 1992 1608 2048 Albinum
1655 1992 1915 2061 suscepit

270 2080 518 2147 bellum,
552 2082 816 2136 omnium
851 2071 1076 2138 animos
1098 2083 1470 2139 vehementer
1489 2082 1799 2139 concitavit
1821 2083 1912 2151 (V.

269 2172 511 2226 Dionem
534 2172 687 2241 apud
720 2171 1103 2242 Xiphilinum,
1134 2172 1174 2227 1.
1210 2190 1370 2241 Lxxv,
1404 2189 1454 2227 e.
1488 2175 1539 2241 4,
1572 2190 1626 2244 ρ.
1662 2172 1799 2225 1258
1832 2171 1913 2241 Β).

272 2262 494 2331 Itaque,
529 2276 661 2314 cum
696 2265 986 2332 prostrato
1019 2269 1286 2334 utroque,
1318 2267 1563 2319 Severus
1594 2278 1796 2316 omnes
1818 2277 1916 2315 eos

270 2350 643 2421 exstinguere
676 2356 905 2420 pararet
935 2367 1081 2421 quos
1115 2356 1349 2407 noverat
1380 2370 1413 2406 a
1443 2351 1708 2423 partibus
1761 2348 1919 2421 Nigri

273 2439 593 2510 Albinique
624 2438 881 2503 stetisse,
915 2440 1137 2510 optima
1168 2458 1229 2496 se
1259 2440 1536 2495 oIIerebat
1570 2440 1719 2512 plebi
1752 2455 1919 2494 occa-

276 2529 361 2583 sio
385 2527 774 2594 Christianos,
792 2532 1069 2600 tanquam
1096 2530 1173 2585 rei
1199 2530 1444 2602 publica:
1467 2546 1532 2584 ac
1553 2527 1920 2600 imperatoris

277 2617 498 2684 hostes,
525 2616 805 2673 violandi.
856 2620 1042 2690 Atque
1089 2618 1148 2673 hi
1181 2619 1449 2675 homines
1496 2620 1607 2675 sibi
1648 2618 1921 2672 videban-

276 2711 373 2761 tur
403 2706 513 2762 hoc
544 2723 610 2761 eo
642 2706 859 2762 rectius
889 2708 1125 2779 exsequi
1154 2725 1343 2779 posse,
1374 2724 1505 2764 cum
1535 2707 1922 2777 Christianos,

278 2797 422 2868 ipsis
454 2797 632 2851 etiam
684 2795 798 2852 diis
846 2796 1091 2853 infestos
1123 2799 1441 2864 crederent,
1494 2797 1563 2852 de
1612 2797 1828 2867 quibus
1859 2812 1923 2850 eo

278 2886 425 2941 bene
472 2886 681 2940 mereri
730 2902 903 2957 posse
954 2887 1258 2957 putabant,
1309 2891 1620 2959 postquam
1669 2886 1747 2939 dii
1778 2886 1923 2956 ipsis

281 2974 403 3030 hac
435 2975 605 3046 quasi
637 2974 759 3030 otia
790 2975 1061 3030 fecerant.
1096 2976 1165 3031 Et
1193 2977 1377 3047 ipsam
1407 2976 1557 3031 hanc
1590 2974 1923 3047 opinionem

279 3064 589 3119 Christiani
650 3063 823 3133 vulgo
880 3066 1309 3136 persuadebunt
1364 3083 1429 3121 eo
1489 3066 1708 3137 magis,
1770 3065 1925 3135 quod

280 3153 451 3225 plane
483 3169 589 3208 nec
620 3151 776 3207 ludis
808 3170 872 3208 ac
903 3152 1414 3223 celebrationibus,
1464 3159 1699 3225 propter
1729 3170 1923 3225 repor-

2098 1883 2351 1959 quaédam
2399 1891 2542 1944 nota:
2574 1891 2629 1943 in
2674 1889 2924 1942 nummis
2980 1886 3169 1941 Severi
3213 1884 3590 1955 explicantur,
3618 1883 3670 1937 et

2094 1961 2392 2017 Moshemii
2420 1963 2662 2016 rationes
2691 1959 3077 2015 emendantur.

2092 2087 2175 2144 Ad
2192 2088 2346 2143 hunc
2358 2104 2490 2143 vero
2504 2086 2973 2158 investigandum
2998 2083 3254 2157 primum
3270 2081 3416 2154 ipsis
3431 2084 3672 2136 utamur

2025 2175 2139 2244 his,
2171 2193 2314 2248 quas
2346 2176 2840 2244 enumeravimus,
2867 2173 3268 2229 calamitatum
3296 2167 3671 2227 causilelud

2027 2266 2181 2321 enim
2211 2267 2365 2335 quod
2399 2266 2564 2337 quasi
2593 2282 2766 2320 ansas
2794 2262 2970 2335 vulgo
3000 2263 3175 2318 dabat
3206 2263 3279 2316 ad
3316 2261 3669 2331 impugnan-

2029 2358 2163 2411 dam
2197 2356 2665 2412 Christianorum
2699 2352 3004 2419 familiam,
3036 2357 3158 2408 erat
3187 2349 3377 2406 Severi
3408 2348 3671 2404 studium

2029 2445 2413 2517 conquirendi
2446 2461 2650 2500 omnes
2680 2458 2952 2512 eos,quos
2975 2458 3107 2496 cum
3128 2439 3301 2511 Nigro
3334 2442 3436 2493 aut
3461 2435 3672 2491 Albino

2031 2536 2311 2590 adversus
2341 2550 2402 2589 se
2460 2533 2691 2589 stetisse
2748 2534 3129 2603 compererat.
3185 2529 3348 2592 Quod
3395 2524 3674 2597 quoniam

2030 2626 2249 2681 factum
2281 2629 2389 2692 est,
2425 2640 2581 2689 cum,
2613 2622 2820 2677 Albino
2859 2620 3168 2686 exstincto,
3219 2621 3463 2671 Romam
3494 2614 3680 2669 victor

2033 2715 2477 2784 rediisset(tum
2537 2712 2693 2767 enim
2737 2709 3081 2783 gravissima
3138 2708 3197 2762 in
3230 2723 3329 2762 eos
3387 2702 3679 2776 supplicia

2034 2803 2338 2858 constituit
2368 2801 2457 2871 [V.
2504 2802 2769 2867 Dionem,
2820 2800 2858 2856 l.
2894 2817 3053 2869 Lxxv,
3107 2815 3157 2853 c.
3187 2799 3242 2863 7,
3300 2814 3356 2868 p.
3394 2794 3531 2849 1262
3558 2812 3573 2863 ;
3605 2792 3675 2847 D.

2034 2893 2453 2959 Herodianum,
2482 2891 2522 2946 1.
2552 2908 2637 2959 ιιι,
2672 2908 2720 2946 c.
2754 2891 2811 2955 8,
2843 2894 2899 2945 et
2926 2888 3324 2960 Spartianum,
3358 2884 3417 2939 in
3448 2888 3679 2948 Severo,

2034 2998 2083 3035 c.
2114 2983 2200 3049 12,
2235 2982 2346 3052 13],
2378 2997 2564 3051 operae
2598 2979 2849 3052 pretium
2881 2984 2970 3033 est
2994 2978 3207 3044 videre,
3236 2990 3493 3046 quonam
3526 2987 3678 3027 anno

2033 3071 2278 3125 Albinus
2305 3088 2435 3125 cum
2464 3070 2579 3124 vita
2630 3069 2943 3140 imperium
2991 3064 3345 3138 deposuerit.
3400 3065 3590 3132 Atque
3616 3059 3677 3113 in

2034 3160 2145 3215 isto
2170 3159 2499 3214 deﬁniendo
2521 3162 2751 3212 tantum
2784 3173 2969 3228 operae
2993 3154 3399 3225 curaequejam
3418 3149 3679 3222 positum

280 3221 462 3298 tatam
494 3242 684 3297 Severi
702 3243 773 3297 ab
792 3242 1060 3298 hostibus
1081 3244 1376 3298 victoriam
1396 3221 1925 3309 institutis,vellent
1954 3221 1996 3288 C
2034 3266 2158 3305 esse
2188 3249 2455 3304 videmus
2486 3265 2519 3303 α
2578 3221 2897 3302 Mosheniio
2956 3245 3038 3315 (in
3088 3221 3233 3297 diss.
3276 3221 3524 3296 laudata
3553 3238 3580 3304 §
3608 3237 3679 3290 20

282 3333 567 3387 interesse
626 3331 712 3401 (N.
750 3331 1017 3398 Tertull.,
1050 3332 1115 3387 de
1153 3332 1500 3404 Spectaculis,
1546 3350 1595 3388 c.
1629 3333 1680 3399 1,
1730 3336 1787 3387 et
1819 3331 1921 3387 ali-

280 3423 387 3491 bi),
440 3440 546 3478 nec
585 3424 788 3494 jurare
845 3440 945 3494 per
1000 3423 1281 3496 principis
1332 3426 1569 3497 genium
1619 3425 1821 3496 (Idem,
1863 3424 1922 3478 in

276 3514 551 3583 Apologet.
586 3529 635 3568 c.
668 3514 757 3581 32,
816 3518 873 3568 et
902 3512 1050 3569 libro
1099 3531 1116 3568 1
1148 3514 1218 3568 ad
1272 3517 1542 3581 nationes,
1578 3530 1627 3569 c.
1674 3514 1785 3585 17),
1818 3530 1923 3569 nec

279 3602 391 3656 diis
422 3619 526 3673 pro
558 3600 746 3657 salute
774 3602 903 3671 ejus
947 3602 1275 3674 supplicare
1317 3604 1423 3672 (Id.
1483 3604 1699 3675 Apolog.
1749 3620 1798 3658 c.
1832 3604 1921 3667 10,

278 3692 346 3744 29
393 3693 581 3764 seqq).
632 3692 711 3746 Eo
759 3691 885 3763 ipso
944 3698 1140 3747 autem
1188 3691 1447 3748 tumultu
1500 3692 1710 3765 vulgus
1758 3692 1924 3747 facile

276 3780 482 3835 eodem
502 3784 727 3851 poterat
755 3780 987 3851 adigere
1010 3782 1435 3853 praesides,qui
1460 3798 1573 3837 non
1604 3782 1922 3837 admodum

284 3869 460 3924 alieni
497 3874 662 3924 erant
688 3868 803 3940 ipsi
829 3868 898 3923 ab
922 3870 1027 3925 hoc
1075 3871 1434 3926 crudelitatis
1481 3888 1712 3942 genere.
1747 3871 1921 3926 Nam-

281 3974 394 4029 que
426 3957 485 4012 hi
520 3974 646 4012 eam
682 3956 793 4012 sibi
824 3958 1033 4029 legem,
1058 3958 1231 4014 veluti
1263 3976 1363 4031 per
1382 3976 1592 4015 manus
1623 3960 1923 4030 traditam,

280 4047 788 4119 prescripserunt,
821 4053 905 4114 ut,
940 4049 1040 4119 qui
1070 4048 1251 4104 semel
1281 4050 1339 4104 in
1379 4050 1483 4120 jus
1514 4049 1701 4105 vocati
1731 4054 1927 4105 essent

282 4134 618 4201 Christiani,
658 4135 771 4190 nisi
803 4152 836 4190 a
881 4135 1060 4191 sacris
1107 4138 1231 4192 suis
1288 4137 1671 4208 discederent,
1704 4155 1923 4209 nequa-

282 4242 461 4298 quam
489 4226 922 4281 dimitterentur
954 4226 1282 4297 (Eusebius,
1317 4229 1451 4283 Hist.
1501 4229 1709 4297 coclea,
1742 4227 1841 4283 lib.
1871 4245 1922 4299 v,

281 4332 329 4372 c.
362 4316 456 4380 21,
490 4315 628 4370 edit.
662 4314 965 4388 Reading.,
1021 4333 1073 4387 p.
1122 4316 1290 4387 2.10);
1351 4317 1520 4387 cujus
1578 4317 1659 4373 rei
1716 4321 1925 4372 testem

280 4405 575 4460 habemus
602 4404 799 4476 ipsum
824 4404 1537 4477 Tertullianum,qui,eam
1561 4405 1632 4462 ob
1662 4422 1925 4473 causam,

282 4495 352 4549 de
408 4497 560 4548 recte
616 4493 1071 4565 interpretandis
1124 4493 1216 4549 his
1273 4494 1501 4567 legibus
1550 4512 1616 4550 ex
1657 4496 1925 4553 instituto

2030 3338 2222 3409 seq/1.),
2259 3342 2322 3392 ut
2351 3353 2495 3409 pene
2527 3336 2624 3390 isti
2669 3333 2854 3390 labori
2904 3348 3214 3405 possemus
3273 3326 3677 3400 supersedere,

2032 3428 2144 3483 nisi
2178 3428 2444 3499 quaedam
2478 3429 2675 3481 essent
2718 3425 2774 3479 in
2826 3427 3121 3495 promptu,
3175 3437 3302 3491 quae
3342 3416 3457 3473 dici
3506 3430 3678 3487 posse

2033 3521 2233 3573 contra
2262 3517 2622 3571 viderentur.
2672 3515 2873 3584 Itaque
2905 3528 3035 3568 cum
3072 3510 3161 3565 hic
3194 3526 3256 3565 se
3284 3508 3483 3563 offerat
3510 3520 3677 3560 occa-

2032 3607 2120 3663 sio
2152 3607 2211 3661 in
2244 3604 2663 3661 dubitationem
2695 3602 2938 3658 vocandi
2992 3600 3325 3673 opinionem
3358 3595 3676 3668 quamdam

2034 3696 2578 3767 popularem,atque
2606 3693 2735 3765 ipsa
2764 3709 2854 3747 res
2884 3690 3163 3763 postulet,
3198 3693 3264 3743 ut
3301 3686 3476 3759 paulo
3509 3683 3678 3739 aliter

2034 3785 2290 3840 rationes
2322 3785 2728 3840 subducantur
2769 3786 2995 3837 servato
3034 3780 3161 3851 ipso
3194 3778 3675 3849 argumentorum

2035 3891 2266 3946 genere,
2299 3874 2454 3945 quod
2486 3870 2815 3927 adhibitum
2859 3873 2948 3925 est
2986 3886 3019 3923 a
3075 3882 3308 3923 summo
3365 3864 3505 3929 viro,
3535 3878 3675 3916 can-

2034 3964 2166 4019 dide
2199 3962 2635 4034 disputabimus
2662 3978 2789 4032 quae
2833 3961 3228 4014 consentanea
3274 3957 3413 4010 sunt
3448 3948 3677 4007 veritati

2032 4052 2167 4125 ipsi,
2200 4056 2253 4108 et
2285 4068 2541 4123 quanam
2573 4052 2631 4106 in
2665 4066 2726 4105 re
2756 4047 3077 4104 sentiamus
3109 4047 3356 4115 diversa,
3380 4040 3541 4098 salva
3561 4038 3680 4111 pie-

2032 4146 2151 4197 tate
2182 4142 2240 4195 in
2273 4144 2505 4196 tantum
2536 4138 2925 4209 virum,cujus
2951 4152 3163 4192 nomen
3186 4133 3354 4189 nobis
3386 4131 3563 4187 etiam
3590 4130 3680 4183 est

2033 4236 2166 4303 post
2204 4234 2452 4286 mortem
2494 4227 2841 4294 venerabile,
2893 4227 3123 4297 adjecta
3171 4219 3556 4279 dissentiendi
3587 4234 3679 4272 ra-

2033 4320 2189 4375 tione
2219 4319 2371 4374 infra
2402 4316 2756 4373 notabimus.
2791 4319 2932 4369 Cum
2964 4314 3036 4369 ad
3084 4311 3397 4383 imperium
3426 4306 3683 4364 venisset

2031 4413 2297 4475 Severus,
2330 4408 2663 4476 videretque
2707 4403 3096 4460 Pescennium
3140 4398 3384 4472 Nigrum
3425 4396 3485 4451 in
3514 4394 3681 4465 Syria

2035 4499 2232 4570 copias
2263 4514 2488 4570 parare,
2522 4495 2737 4566 quibus
2768 4510 2829 4548 se
2861 4492 2972 4548 sibi
3025 4492 3361 4563 opponeret.
3396 4485 3680 4557 primum,

283 4584 567 4639 adversus
593 4599 689 4638 eos
712 4583 1126 4654 disputavit(in
1148 4583 1368 4655 Apolog.
1394 4601 1442 4639 c.
1470 4584 1501 4638 4
1521 4584 1677 4656 seq.).
1734 4591 1926 4657 Atque
1956 4601 2002 4666 D
2037 4605 2107 4644 ne
2129 4605 2195 4643 ex
2212 4593 2461 4657 utraque
2483 4591 2643 4657 parte
2660 4585 3041 4654 premeretur,
3060 4579 3333 4635 Albinum
3359 4572 3678 4666 Britannici

282 4673 459 4729 istam
490 4671 727 4742 quidem
766 4672 1129 4728 Christianos
1176 4673 1419 4729 vexandi
1469 4676 1831 4731 occasionem
1859 4693 1925 4732 eo

282 4760 568 4817 libentius
600 4760 959 4833 arripiebant
989 4762 1301 4834 quaestuosi
1327 4762 1623 4835 praesides,
1660 4781 1773 4837 quo
1805 4782 1928 4820 cer-

283 4852 405 4909 tius
437 4867 565 4906 eam
595 4850 859 4907 viderent
889 4851 1024 4907 fisco
1056 4869 1161 4908 suo
1209 4851 1364 4908 haud
1397 4852 1670 4924 exiguum
1702 4854 1928 4910 emolu-

284 4945 549 4998 mentum
582 4957 711 4997 esse
766 4940 1099 4998 allaturam.
1149 4943 1309 5006 Quod
1369 4959 1462 4997 me
1514 4960 1629 4999 non
1689 4944 1930 5002 tinxisse

284 5033 405 5090 scio
435 5048 505 5088 ex
535 5031 737 5088 Rutilii
768 5033 1044 5105 martyris
1076 5032 1340 5105 exemplo
1374 5034 1556 5105 (Apud
1588 5035 1833 5091 Tertull.
1866 5036 1931 5093 de

361 5190 435 5266 (6)
468 5198 687 5270 Nempe
743 5193 839 5270 hic
886 5193 1032 5270 liber
1089 5192 1361 5270 scriptus
1395 5197 1484 5270 est
1523 5211 1589 5251 eo
1645 5200 1929 5270 tempore,

289 5274 405 5339 quo
434 5267 729 5341 graviores
756 5266 1119 5341 calamitates
1151 5266 1498 5341 Christianis
1529 5266 1929 5341 exspectandae

288 5337 458 5396 erant
482 5357 515 5395 a
544 5340 788 5395 deorum
812 5339 1132 5395 cultoribus
1152 5337 1313 5410 (Coll.
1339 5355 1465 5411 cap.
1505 5341 1579 5408 1),
1608 5337 1717 5397 hoc
1749 5350 1931 5408 est,ut

290 5419 494 5495 postea
510 5412 1193 5495 .dicetur_,eum_edi.ctum
1207 5412 1407 5495 Severi
1434 5412 1493 5466 in
1516 5412 1712 5495 lucem
1731 5418 1931 5495 pro_di-_-

289 5482 449 5551 isset,
482 5484 876 5557 timerentque
905 5482 1221 5557 Christiani
1248 5484 1319 5538 de
1340 5484 1651 5542 securitate
1682 5482 1929 5544 sua.Sed

289 5557 467 5613 istum
498 5557 765 5615 libellum
801 5574 933 5613 cum
961 5556 1359 5632 Tertullianus
1383 5562 1931 5632 componeret,jam

290 5631 613 5703 trucidatus
664 5635 794 5687 erat
848 5630 1123 5703 Rutilius,
1155 5627 1256 5699 qui
1308 5627 1565 5703 primum
1628 5627 1933 5703 aliquoties

294 5702 530 5762 salutem
564 5705 824 5779 petierat
860 5702 1019 5774 fuga,
1052 5706 1253 5775 postea
1299 5701 1558 5758 nummis
1588 5703 1700 5761 sibi
1726 5701 1933 5778 pacem

2036 4676 2322 4733 exercitus
2354 4678 2561 4731 ducem
2595 4672 2748 4742 fecit,
2794 4672 2963 4742 eique
3012 4675 3069 4726 et
3099 4683 3373 4724 nummos
3404 4662 3676 4729 decrevit,

2036 4771 2093 4823 et
2136 4766 2249 4822 alia
2291 4764 2530 4820 honoris
2580 4764 2981 4817 monumenta.
3037 4757 3310 4825 Posthac,
3360 4755 3507 4811 lecto
3574 4768 3680 4824 per

2037 4856 2266 4913 Italiam
2300 4854 2484 4910 milite
2513 4857 2569 4909 et
2590 4852 2778 4907 classe
2797 4847 3299 4920 exornata,elapso
3331 4846 3448 4901 fere
3480 4858 3680 4899 mense

2036 4946 2211 5001 Junio
2240 4945 2316 5017 (7)
2345 4946 2409 4999 A.
2444 4941 2657 4997 CXCIII
2687 4944 2887 4996 contra
2916 4938 3159 5011 Nigrum
3190 4937 3486 5009 profectus
3525 4932 3680 4987 106

2038 5043 2147 5093 est.
2182 5034 2282 5090 Ilic
2340 5050 2473 5089 cum
2529 5030 2723 5089 Severi
2781 5031 2958 5086 duces
3016 5046 3151 5085 ann.
3186 5026 3397 5084 CXCIV
3438 5039 3679 5081 manum

2042 5200 2500 5272 comparaverat,
2554 5196 2655 5252 sed
2713 5196 2904 5251 denuo
2962 5198 3167 5272 captus
3223 5193 3294 5248 ad
3327 5188 3685 5272 supplicium

2041 5266 2232 5328 rediit.
2266 5270 2427 5335 Quod
2458 5266 2594 5342 ergo
2625 5285 2864 5325 necesse
2895 5272 2984 5323 est
3015 5269 3232 5342 factum
3264 5281 3391 5320 esse
3422 5266 3688 5342 ante‘ini-

2042 5361 2220 5416 quam
2251 5344 2458 5416 Severi
2486 5336 2696 5415 le'gem,
2751 5346 2808 5416 et
2852 5356 3075 5416 novum
3131 5339 3230 5416 dat
3273 5336 3687 5416 argumentum

2041 5410 2169 5488 ejus
2210 5418 2371 5489 quod,
2405 5410 2681 5481 diximus,
2731 5413 3096 5489 Christianos
3144 5410 3253 5466 sub
3301 5410 3507 5464 Severo
3558 5410 3693 5460 ante

2041 5486 2169 5545 eam
2202 5486 2412 5559 capitis
2444 5489 2752 5543 damnatos
2782 5486 2984 5559 fuisse.

2114 5563 2187 5632 (7)
2221 5549 2485 5632 Namque
2514 5560 2827 5631 incipiente
2851 5556 3027 5611 Junio
3051 5569 3186 5608 ann.
3210 5549 3691 5632 CXCIII,Roma-m

2042 5624 2286 5689 Severus
2315 5624 2506 5699 venit;
2553 5624 2706 5702 quod
2757 5632 3147 5702 potentum,“
3177 5640 3301 5679 cuzn
3344 5624 3467 5681 dies
3501 5624 3687 5702 LXYI,

2048 5722 2196 5777 quos
2224 5704 2468 5777 imperio
2495 5696 2650 5759 Didii
2674 5696 2895 5758 Jul'iani
2931 5696 3028 5754 Dio
3070 5696 3191 5770 (lib.
3229 5713 3422 5769 LXXIII,
3473 5714 3523 5755 c.
3558 5696 3689 5765 ult.,
