4060 6350
222 381 330 440 M9

1087 382 1184 444 AC
1229 383 1623 445 DOCTRINA
1667 381 2170 445 SCRIPTOIIUM
2218 380 2774 441 TERTULLIANI.

3522 382 3639 442 150

217 511 577 581 adoriretur;
616 514 776 586 quod
808 515 937 588 ipso
966 516 1297 572 conﬁrmari
1333 520 1529 587 posset
1560 515 1870 572 Herodiani
1902 518 1956 584 Α
1987 531 2122 570 cum
2145 531 2345 571 mense
2368 514 2482 570 fere
2502 512 2907 587 Septembriin
2931 512 3351 585 Mesopotamia
3370 518 3635 573 versatus

214 602 459 671 silentio,
494 602 599 672 qui
651 604 721 660 de
780 605 876 661 his
905 606 1178 679 gentibus
1223 606 1335 662 isto
1394 611 1654 678 tempore
1703 605 1867 661 victis

214 691 353 746 nihil
385 691 567 748 habet
594 694 860 750 omnino.
879 695 1208 767 Itaquehaac
1227 695 1412 768 prima
1440 696 1529 751 lex
1551 696 1865 751 sanciatur.

214 786 342 837 ante
370 783 550 838 ﬁnem
583 800 723 839 ann.
761 785 969 841 CXCVI
1020 787 1297 843 Severum
1358 790 1560 842 contra
1592 784 1865 840 Albinum

218 888 329 927 non
358 870 547 929 fuisse
572 874 903 946 profectum
932 876 1065 947 (IO).

218 980 365 1035 108
419 982 446 1048 §
491 982 544 1036 9.
596 1013 670 1023 —
728 984 988 1038 Albinum
1041 1001 1173 1038 ann.
1231 983 1461 1049 CXCVII,
1515 984 1868 1053 interfectum

282 1055 472 1128 [_uiue,
541 1054 824 1128 probatur
902 1056 1133 1113 secundo
1204 1072 1235 1111 a
1285 1060 1519 1128 tempore
1568 1056 1869 1127 expugnati

285 1126 567 1195 Byzantii.

278 1212 545 1269 Alterum
574 1232 675 1270 nec
711 1215 1001 1272 mediocre
1030 1216 1212 1272 telum
1239 1216 1311 1271 ad
1344 1216 1495 1272 hanc
1550 1232 1673 1271 rem
1704 1231 1864 1271 exse-

213 1304 507 1373 quendam
539 1303 864 1360 existimari
891 1306 1061 1362 debet
1075 1310 1449 1378 tempus,quo
1466 1309 1864 1377 expugnatum

213 1392 558 1463 Byzantium
591 1398 700 1449 est.
736 1397 997 1465 Namque
1026 1394 1135 1450 hoc
1168 1397 1267 1450 Dio
1298 1395 1398 1463 ait,
1427 1395 1465 1451 l.
1497 1412 1676 1450 Lxxrv.
1697 1410 1746 1450 c.
1776 1394 1861 1458 14,

211 1497 265 1551 p.
306 1482 467 1549 1254,
499 1486 854 1554 occupatum
885 1499 1012 1538 esse
1044 1500 1077 1538 a
1109 1482 1299 1538 Severi
1328 1483 1626 1553 militibus,
1648 1500 1780 1538 cum
1813 1481 1862 1536 is

206 1569 265 1624 in
295 1570 722 1641 Mesopotamia
752 1578 1233 1638 commoraretur,
1268 1572 1378 1627 hoc
1430 1577 1517 1627 est
1557 1577 1863 1643 postquam

208 1658 455 1730 Nigrum
518 1666 912 1732 superaverat,
995 1678 1060 1716 ac
1119 1662 1283 1733 prius
1360 1679 1535 1733 quam
1596 1666 1863 1733 pergeret

208 1749 495 1803 adversus
524 1748 824 1804 Albinum.
859 1751 1027 1822 Atqui
1060 1752 1406 1823 Byzantinos
1441 1753 1588 1807 fame
1620 1752 1856 1806 demum

203 1836 262 1891 in
297 1837 659 1893 deditionem
722 1840 990 1895 redactos
1036 1857 1185 1910 esse,
1228 1858 1359 1896 cum
1424 1846 1541 1897 tres
1598 1841 1857 1912 integros

205 1942 394 1981 annos
428 1926 678 1981 fuissent
720 1927 778 1981 in
810 1928 1134 1998 obsidione,
1192 1929 1345 1983 idem
1408 1928 1512 1985 Dio
1565 1928 1857 1985 memoriae

206 2014 468 2086 prodidit
499 2014 601 2070 lib.
625 2016 722 2070 cit.
756 2017 914 2084 c.ll,
940 2018 1191 2088 p.1252;
1226 2034 1406 2089 quare
1437 2034 1859 2090 cognoscemus

204 2120 451 2170 annum,
478 2120 593 2174 quo
641 2108 886 2160 Severus
915 2105 973 2160 in
1006 2108 1423 2179 Mesopotamia
1452 2116 1717 2165 versatus
1748 2113 1857 2174 est,

205 2211 339 2250 cum
406 2196 753 2264 viderimus,
811 2198 1045 2269 quando
1106 2197 1220 2254 ista
1272 2199 1499 2254 obsidio
1557 2200 1857 2255 exordium

204 2286 547 2357 sumpserit.
578 2286 687 2340 Sed
734 2287 864 2356 ejus
893 2285 1131 2342 initium
1192 2288 1573 2359 conjunctum
1606 2289 1860 2344 arbitror

202 2390 336 2429 cum
359 2373 530 2429 initio
557 2374 744 2445 ipsius
768 2376 1154 2446 expeditionis
1170 2378 1358 2433 Severi
1384 2383 1586 2433 contra
1608 2382 1857 2434 Pescen-

206 2462 365 2517 nium
401 2480 543 2517 ann.
573 2464 811 2529 CXCIII,
845 2480 957 2534 quo
988 2464 1240 2537 intelligi
1287 2471 1479 2538 potest
1505 2483 1572 2522 ex
1603 2483 1669 2522 eo
1700 2469 1855 2539 quod

201 2551 293 2606 vix
322 2556 413 2607 est
446 2552 745 2620 credibile,
775 2553 1074 2624 Severum,
1107 2571 1239 2610 cum
1282 2556 1456 2628 Nigro
1506 2561 1855 2625 occurreret,

204 2658 235 2695 a
263 2646 427 2712 tergo
459 2639 801 2696 relicturum
836 2642 1015 2698 fuisse
1038 2644 1418 2700 fortissimam
1449 2646 1855 2716 urbem,quam

203 2731 315 2802 ipsi
350 2730 513 2801 Nigri
541 2730 756 2785 milites
789 2733 1085 2798 tenebant,
1121 2744 1177 2789 et
1206 2751 1321 2805 quo
1380 2735 1638 2790 adversis
1680 2737 1854 2791 rebus

203 2836 266 2875 se
292 2820 581 2891 recepturi
617 2820 895 2887 fuissent;
926 2821 1197 2894 idemque
1224 2839 1356 2878 cum
1392 2840 1448 2879 re
1482 2824 1609 2895 ipsa
1638 2824 1855 2895 optime

205 2908 520 2963 consentit.
556 2909 665 2963 Fac
710 2908 934 2964 scilicet
966 2927 1164 2966 mense
1198 2911 1313 2965 fere
1359 2911 1680 2983 Septembri
1715 2928 1852 2967 ann.

204 2996 421 3052 CXCIII
478 3001 753 3052 Severum
786 2997 964 3069 hujus
996 3000 1449 3072 oppugnationis
1492 3000 1727 3055 initium
1753 3017 1856 3071 per

209 3086 425 3141 milites
456 3085 662 3141 fecisse
684 3090 889 3157 (Roma
918 3088 1277 3157 enim,Junio
1294 3106 1437 3161 pene
1456 3089 1852 3161 prmterlapso,

207 3173 611 3246 discesserat§
639 3174 791 3244 VIII,
820 3193 876 3229 ιι.
909 3174 967 3247 7)
1002 3194 1013 3232 :
1050 3178 1266 3233 incidet
1324 3194 1463 3233 sane
1503 3176 1852 3250 expugnatio

204 3263 351 3334 ipsa,
415 3264 464 3319 si
517 3268 648 3336 post
707 3264 1026 3320 triennium
1085 3266 1377 3338 integrum
1437 3268 1586 3322 facta
1642 3274 1751 3333 est,
1793 3267 1848 3321 in

202 3352 602 3424 Septembrem
628 3369 765 3408 ann.
794 3352 1021 3424 CXCVI,
1052 3370 1167 3426 quo
1200 3362 1455 3427 tempore
1476 3360 1751 3411 Severum
1784 3355 1843 3409 in

202 3440 626 3513 Mesopotamia
648 3441 831 3498 fuisse
862 3448 1101 3515 apparet
1132 3459 1200 3498 ex
1230 3444 1300 3499 iis
1335 3461 1461 3515 quas
1500 3444 1555 3499 in
1587 3445 1847 3517 superio-

199 3530 364 3586 ribus
394 3531 553 3585 dicta
584 3536 739 3586 sunt.
774 3534 959 3596 Quam
986 3532 1058 3587 ob
1081 3548 1203 3588 rem
1228 3535 1749 3605 non‘est’necesse,
1782 3537 1848 3589 ut

199 3635 232 3673 a
262 3620 458 3675 nativa
487 3624 771 3690 potestate
800 3621 1111 3676 verborum
1142 3620 1262 3673 Ἑπὶ
1314 3618 1442 3675 ὅλον
1485 3628 1668 3695 τριετῆ
1711 3621 1847 3697 χρό-

196 3727 284 3760 νον
316 3708 679 3774 recedamus,
707 3724 824 3780 quo
846 3725 908 3764 se
939 3726 971 3764 a
1001 3708 1371 3766 Tillemontio
1403 3711 1611 3766 adduci
1636 3729 1847 3782 passus

198 3801 287 3851 est
315 3797 641 3852 Mos/zamia:
671 3797 699 3849 ὁ
735 3816 1058 3870 μακαριτης,
1120 3798 1289 3868 cujus
1331 3799 1754 3872 interpretatio,
1788 3800 1846 3854 ni

202 3885 392 3955 fallor,
417 3886 471 3940 vi
503 3885 739 3957 quidem
767 3889 1075 3942 verborum
1100 3904 1215 3943 non
1248 3888 1385 3943 facit
1428 3890 1591 3945 satis.
1648 3889 1849 3961 Itaque

274 4011 381 4080 (10)
418 4014 609 4082 Atque
639 4010 734 4067 hic
766 4028 871 4067 nos
900 4028 1014 4066 non
1047 4013 1333 4069 audemns
1366 4013 1535 4085 plura
1558 4030 1626 4070 ex
1646 4013 1849 4071 ordine

208 4098 402 4136 rerum
453 4088 774 4156 gestarum,
836 4100 981 4154 quas
1023 4087 1633 4156 commemoravimus,
1666 4087 1847 4141 dedu-

205 4169 350 4222 cere,
375 4155 479 4208 sed
525 4161 725 4226 postea
755 4156 1048 4211 dabimus.
1080 4157 1340 4212 Judicari
1367 4164 1555 4213 autem
1591 4155 1657 4213 ex
1674 4160 1849 4214 dictis

204 4231 391 4303 potest
423 4226 495 4303 de
526 4243 611 4303 eo,
645 4227 800 4303 quod
819 4226 1045 4303 placuit
1071 4228 1391 4303 Moshemio
1426 4233 1530 4303 ﬁt?)
1578 4228 1845 4303 μακαρίτῃ

205 4298 283 4367 (ἱιι
314 4298 651 4374 laud_._diss.
686 4302 715 4371 ς
744 4298 1001 4374 21)ςθ.ιιιι.
1045 4300 1282 4374 _CXCIV,
1317 4298 1848 4374 periisseNigrum

205 4386 336 4424 ann.
373 4369 825 4441 CXCV;legato‘
847 4370 908 4425 in
959 4370 1205 4426 Galliam
1254 4369 1331 4428 ad
1379 4369 1848 4430 interﬁciendum

208 4440 488 4518 Albinum
516 4459 553 4518 _a_
581 4440 784 4498 Severo
811 4446 1137 4518 missos,_et
1166 4444 1275 4499 hoc
1324 4463 1477 4500 anno
1508 4463 1685 4518 prope
1718 4462 1846 4501 exe-

206 4518 343 4568 unte
374 4513 624 4589 insidias
655 4531 852 4589 eorum
888 4514 1281 4589 deprehensas
1312 4513 1530 4584 fuisse}
1563 4513 1676 4589 quo
1700 4519 1850 4574 facto

205 4602 337 4639 ann.
372 4584 608 4655 CXCVI,
641 4587 925 4643 citissime
948 4584 1005 4641 in
1028 4587 1272 4643 Galliam
1299 4594 1544 4645 Severus
1574 4584 1848 4655 venisset,

207 4656 685 4734 Vix_cred_ide_rim
716 4660 894 4734 (nam_
931 4659 1015 4734 de»
1049 4665 1321 4734 _tempore
1366 4662 1697 4733 praeliorum
1723 4664 1849 4734 jam

207 4728 492 4800 dixi,quid
527 4731 603 4813 sit
630 4728 1024 4814 sentiendum)
1048 4728 1292 4814 Legatos
1322 4728 1475 4814 istos
1496 4728 1853 4814 integroifere

208 4817 354 4856 anno
376 4803 1083 4875 acquievisse,antequam
1107 4803 1329 4862 litteras
1350 4806 1558 4861 Albino
1584 4803 1853 4863 tradidis-

212 4879 359 4949 sent,
393 4883 640 4949 el,_cum
674 4894 808 4931 ann.
855 4875 1055 4949 CXCV.
1100 4893 1277 4949 prope
1330 4882 1575 4934 exeunte
1620 4880 1855 4935 demum

215 4946 449 5022 detectae
484 4947 568 5001 hae
602 4949 849 5022 fuissent
878 4946 1125 5022 insidias,
1156 4946 1450 5019 Severum,
1471 4951 1569 5022 qui
1600 4951 1855 5007 currenti

217 5016 475 5104 similior.
502 5037 679 5104 quam
713 5016 1117 5104 proficiscenti
1139 5016 1600 5104 rectedicitura
1629 5024 1853 5104 Mosbe-

220 5089 351 5169 mio,
385 5089 805 5169 vel_int_egrum
836 5093 956 5148 fere
988 5110 1209 5148 annum
1250 5092 1459 5169 CXCVI
1491 5096 1607 5152 otio
1632 5101 1855 5152 transe-

218 5164 389 5239 gisse,
424 5164 757 5239 velAlb'ino
788 5169 1012 5239 tantum
1045 5168 1403 5239 concessisse
1454 5170 1756 5239 temporis,
1797 5171 1861 5222 ut

218 5234 727 5311 vires_colligeret;
761 5254 893 5311 cum
928 5238 1000 5292 ad
1030 5238 1334 5295 veritatem
1396 5241 1444 5297 si
1494 5234 1677 5297 multo
1727 5234 1857 5311 pro-

222 5306 485 5384 pensius,
536 5306 585 5365 si
644 5311 777 5383 quis
833 5309 1009 5384 dicat,
1042 5311 1196 5384 quod
1246 5329 1381 5367 ann.
1444 5312 1641 5368 CXCVI
1686 5306 1863 5384 prOpe

218 5383 472 5435 vertente
500 5381 744 5440 Severus
784 5381 1077 5453 prolectus
1135 5382 1211 5437 sit
1251 5386 1528 5440 adversus
1558 5381 1860 5451 Albinum,

223 5466 405 5529 neque
433 5453 680 5513 multum
742 5454 1022 5529 temporis
1054 5458 1508 5529 praetermiserit,
1563 5474 1679 5529 quo
1710 5455 1861 5513 bello

228 5523 498 5597 dimicare
529 5546 659 5585 cum
693 5523 910 5582 Albin—0
943 5523 1247 5597 potuisset.

294 5595 403 5666 (11)
430 5599 611 5659 Aliam
646 5602 805 5656 viam
838 5595 1140 5669 ingressus
1170 5605 1257 5655 est
1298 5599 1730 5667 Moshemius,§
1770 5600 1860 5653 22.

230 5668 481 5747 ﬁamque
500 5692 635 5733 ann.
662 5670 873 5747 CXCVI
898 5668 1488 5747 inquitegpugnatam
1507 5674 1866 5747 esse‘Syzan-

231 5742 468 5804 tinorum
500 5750 732 5816 urbem,
762 5744 915 5800 hanc
934 5742 1431 5812 vero,Herodiano
1469 5750 1618 5802 teste
1646 5742 1748 5801 lib.
1781 5759 1864 5812 ιιι,

1979 604 2163 659 fuerit'
2199 608 2459 675 Severus,
2518 603 2631 659 nisi
2685 620 2821 659 ann.
2874 602 3102 669 CXCVI,
3153 604 3281 674 jam
3335 602 3393 658 in
3457 604 3633 661 ﬁnem

1978 694 2257 750 inclinato
2285 694 2342 748 in
2375 692 2624 749 Galliam
2656 693 2849 748 venire
2882 710 2996 749 non
3029 693 3240 764 potuit.
3275 693 3469 765 Neque
3499 711 3632 751 vero

1977 789 2361 857 posteaquam
2386 784 2443 839 in
2464 782 2886 854 Mesopotamia
2898 783 3139 839 Severus
3160 783 3631 855 fuerat,usquam

1976 873 2229 946 legimus
2259 890 2393 929 eum
2428 878 2631 929 contra
2661 873 2969 940 Osroenos,
3001 872 3352 940 Adiabenos,
3386 874 3629 931 Arabes-

1977 980 2090 1035 que
2118 964 2298 1019 fuisse
2346 964 2708 1035 profectum;
2752 962 2858 1018 hos
2908 961 3087 1031 enim,
3146 966 3296 1018 teste
3352 962 3532 1018 Dione
3587 962 3627 1020 l.

1979 1071 2138 1123 LXXV,
2172 1070 2220 1109 c.
2249 1055 2302 1125 3,
2336 1071 2392 1126 p.
2430 1053 2587 1121 1257,
2623 1069 2755 1108 cum
2783 1051 2990 1120 Nisibi,
3042 1052 3102 1107 in
3161 1053 3303 1107 urbe
3355 1052 3628 1125 Mesopo-

1976 1144 2191 1212 tamiae,
2223 1148 2466 1199 Severus
2497 1143 2682 1199 otium
2715 1142 2827 1198 sibi
2860 1142 3044 1213 daret,
3081 1142 3357 1198 Laternus
3414 1142 3628 1199 Candi-

1978 1234 2087 1290 dus
2116 1238 2289 1305 atque
2321 1232 2534 1300 Laetus,
2566 1232 2755 1288 Severi
2790 1232 2989 1304 duces,
3049 1232 3429 1304 subegerunt.
3463 1232 3626 1289 Unde

1974 1322 2244 1389 efﬁcitur,
2279 1322 2495 1378 famam
2520 1322 2590 1377 de
2611 1320 2898 1377 seditione
2938 1319 3134 1376 Albini
3157 1322 3228 1377 ad
3258 1321 3534 1377 Severum
3562 1320 3620 1375 in

1975 1411 2455 1484 Mesopotamiam
2474 1411 2653 1467 fuisse
2675 1410 3245 1467 allatam.Enimvero
3270 1428 3382 1467 non
3409 1411 3626 1467 abhor-

1973 1505 2078 1555 ret.
2109 1504 2407 1571 Severum,
2440 1500 2541 1573 qui
2573 1500 2868 1556 celeritate
2898 1499 3128 1555 consilii
3160 1500 3456 1573 imprimis
3492 1505 3620 1556 ute-

1973 1589 2163 1660 batur,
2196 1590 2397 1645 statim
2428 1590 2652 1645 devicto
2694 1588 2868 1661 Nigro
2924 1588 3179 1657 misisse,
3235 1588 3337 1661 qui
3384 1589 3619 1661 Albino,

1970 1679 2273 1733 occasione
2303 1677 2611 1733 allatarum
2654 1678 3000 1746 litterarum,
3034 1678 3283 1735 insidias
3340 1678 3619 1749 facerent,

1968 1772 2025 1821 et
2080 1768 2165 1821 ha:
2214 1768 2454 1839 quidem
2518 1773 2755 1840 repente
2813 1768 3051 1822 detectae
3104 1772 3245 1823 sunt
3287 1784 3299 1822 :
3344 1768 3619 1839 quocirca

1892 1890 1938 1955 B
1972 1857 2160 1928 magis
2179 1861 2439 1928 apparet,
2485 1858 2602 1911 fere
2634 1872 2788 1911 anno
2819 1857 3025 1911 CXCVI
3054 1860 3313 1913 vertente
3344 1858 3617 1913 Severum

1970 1945 2027 1999 in
2058 1945 2309 2001 Galliam
2344 1945 2709 2002 concessisse
2738 1945 2870 2017 (II).

1971 2054 2122 2108 109
2156 2054 2295 2126 §AIO.
2330 2084 2399 2126 έ-
2457 2054 2733 2126 Probatur
2774 2056 2955 2121 tertio,
3014 2070 3087 2110 ex
3141 2069 3308 2124 anno,
3362 2068 3465 2126 quo
3520 2053 3624 2110 Ca-

2042 2124 2281 2253 racallgjs
2322 2125 2578 2183 Ca’san's
2637 2124 2962 2196 dignitatem
3018 2141 3046 2182 θ
3100 2130 3323 2182 senatus
3372 2124 3621 2183 consulto

2039 2212 2228 2265 accep:
2259 2240 2271 2251 .

2037 2286 2147 2341 Sed
2170 2288 2283 2341 ista
2312 2285 2548 2357 quidem
2583 2289 2644 2341 ut
2673 2286 2937 2343 nondum
2996 2287 3140 2343 dant
3196 2291 3412 2343 certam
3454 2287 3613 2343 viam
3697 2282 3701 2287 ’

1967 2378 2234 2429 accurate
2265 2375 2653 2447 cognoscendi
2685 2392 2908 2430 annum
2950 2375 3158 2432 Albino
3191 2375 3447 2446 fatalem,
3480 2391 3613 2447 pro-

1967 2469 2166 2534 pterea
2195 2465 2349 2535 quod
2380 2464 2643 2519 nondum
2676 2468 2919 2536 apparet
2940 2464 3201 2536 quandiu
3220 2463 3335 2521 ista
3362 2466 3434 2521 de
3451 2481 3613 2521 sum-

1967 2569 2063 2608 ma
2117 2552 2348 2624 imperii
2397 2552 2695 2608 dimicatio
2754 2555 3068 2621 duraverit,
3120 2554 3329 2627 magis,
3383 2554 3611 2625 opinor,

1967 2641 2136 2697 nobis
2162 2640 2507 2711 scrupulum
2534 2641 2747 2696 eximet
2766 2644 3001 2713 tempus
3014 2641 3323 2715 dignitatis
3344 2642 3611 2697 Caesareas

1965 2730 2259 2785 Caracallo
2290 2729 2535 2798 collatas,
2558 2747 2628 2786 ex
2659 2747 2774 2801 quo
2810 2730 3117 2799 efﬁcietur,
3149 2730 3425 2786 Albinum
3473 2748 3609 2786 ann.

1966 2820 2226 2887 CXCVII,
2260 2820 2506 2891 periisse
2537 2820 2670 2891 (12).
2706 2820 2855 2876 Sunt
2898 2822 3055 2875 enim
3088 2819 3458 2890 antiquitatis
3490 2836 3613 2875 mo-

1965 2913 2249 2964 numenta
2279 2910 2571 2980 quaedam,
2599 2909 2799 2980 qualia
2849 2910 3058 2981 Pagius
3092 2910 3174 2981 (in
3200 2910 3401 2966 Crilica
3428 2910 3616 2965 Anna-

1966 2999 2105 3052 lium
2135 2999 2338 3054 Eccles.
2361 2999 2604 3053 Caesaris
2644 3000 2803 3053 card.
2837 2999 3096 3065 Baronii,
3126 3015 3247 3054 sec.
3277 3015 3339 3068 ιι,
3364 2999 3437 3054 ad
3469 3015 3606 3053 ann.

1964 3086 2217 3154 CXCVII,
2252 3103 2416 3141 num.
2449 3088 2504 3152 2,
2542 3087 2681 3142 edit.
2714 3088 2901 3158 Paris,
2953 3088 3113 3155 4689,
3150 3104 3210 3159 p.
3270 3088 3382 3159 88),
3431 3103 3617 3158 exque

1964 3176 2239 3233 Gutberio
2273 3175 2630 3232 Moshemius
2654 3176 2855 3231 attulit
2885 3176 2946 3231 in
2976 3176 3121 3232 diss.
3155 3175 3316 3231 laud.
3350 3177 3379 3247 §
3425 3178 3517 3246 23,
3548 3175 3611 3232 in

1882 3257 1925 3326 C
1964 3266 2179 3338 quibus
2210 3265 2491 3320 Laterano
2522 3269 2579 3320 et
2609 3265 2819 3320 Ruﬁno
2850 3266 3018 3321 Cuss.
3060 3264 3395 3323 Caracallus
3423 3268 3612 3321 Caesar

1952 3373 2022 3413 ex
2071 3356 2582 3411 senatusconsulto
2633 3355 2973 3412 Destinatus
3048 3360 3313 3413 vocatur.
3364 3358 3439 3412 At
3506 3354 3607 3411 illo

1952 3444 2300 3517 cognomine
2332 3444 2602 3515 quamvis
2638 3446 2763 3516 jam
2796 3445 3131 3502 Caracallus
3189 3464 3223 3502 a
3268 3450 3431 3518 patre
3478 3448 3606 3501 tum

1953 3539 2267 3591 exornatus
2299 3534 2529 3603 fuisset,
2563 3551 2697 3590 cum
2725 3536 2973 3592 Severus
3015 3537 3296 3593 adversus
3324 3535 3602 3592 Albinum

1954 3623 2426 3697 proﬁcisceretur
2452 3623 2544 3695 (V.
2576 3625 2979 3696 Spartianum,
3011 3626 3073 3681 in
3121 3627 3347 3697 Severo,
3381 3642 3430 3681 c.
3488 3626 3600 3697 10),

1954 3713 2108 3768 istud
2138 3717 2336 3768 tamen
2368 3729 2664 3784 nusquam
2694 3714 3022 3786 reperimus
3054 3733 3089 3771 a
3135 3720 3344 3772 senatu
3391 3715 3605 3770 conﬁr-

1956 3807 2183 3857 matum
2214 3818 2341 3858 esse
2372 3801 2557 3872 prius,
2582 3820 2759 3874 quam
2790 3804 2973 3860 victor
3028 3807 3276 3862 Severus
3334 3808 3604 3873 Romam,

1958 3894 2247 3963 prostrato
2275 3890 2507 3962 Albino,
2566 3892 2877 3961 rediisset;
2929 3898 3058 3950 tum
3116 3894 3272 3950 enim
3323 3897 3605 3949 Severum

1957 4032 2007 4071 c.
2040 4016 2112 4088 _6,
2172 4014 2435 4069 nondum
2496 4014 2677 4088 fuisse
2734 4015 2793 4071 in
2839 4020 3190 4087 potestatem
3234 4014 3607 4088 imperatoris

1956 4086 2279 4161 redactam,
2302 4103 2435 4161 cum
2470 4086 2678 4143 Albino
2704 4086 3071 4161 occurreret;
3106 4090 3287 4161 igitur
3315 4086 3449 4145 eum
3481 4104 3609 4143 esse

1958 4164 2162 4215 contra
2193 4158 2475 4233 Albinum
2510 4176 2663 4215 anno
2694 4158 3426 4233 CXCVIprofectumDuod
3442 4176 3610 4233 argu-

1960 4230 2438 4304 mentum,haud
2472 4247 2638 4302 nego,
2674 4248 2802 4288 esse
2824 4230 3107 4304 majorem
3141 4235 3253 4289 vim
3278 4249 3408 4288 meo
3440 4232 3608 4304 habi-

1959 4308 2183 4368 turum,
2217 4303 2330 4378 nisi
2376 4302 2685 4378 Herodiani
2716 4306 2891 4378 verba
2920 4302 3273 4378 'pugnarent
3323 4320 3455 4361 cum
3511 4303 3606 4378 iis,

1960 4392 2085 4447 quae
2108 4375 2320 4448 tradita
2351 4379 2491 4428 sunt
2520 4392 2552 4429 a
2583 4376 2765 4430 Dione
2802 4373 3056 4442 Cassio:
3075 4378 3176 4448 qui
3214 4383 3487 4431 Severum
3521 4373 3604 4429 ait

1958 4446 2231 4520 nuntium
2265 4446 2336 4500 de
2366 4451 2534 4520 capto
2586 4448 2853 4520 Byzantio
2887 4449 2946 4502 in
2978 4446 3604 4520 Mesopotamia_acce-

1999 4519 2134 4573 isse.
2171 4522 2357 4587 Atque
2386 4517 2436 4571 is
2465 4517 2669 4572 merito
2688 4519 3015 4575 audiendus
3044 4517 3219 4587 est,et
3246 4517 3611 4590 repudianda

1958 4537 2269 4646 ﬁerodiani
2312 4588 2653 4646 auctoritas.
2712 4592 2865 4646 quod
2919 4592 3042 4646 iam
3100 4590 3329 4646 egregie
3378 4588 3611 4645 monuit

1879 4626 1926 4690 D
1958 4588 2269 4646 Herodiani
2312 4588 2653 4669 auctoritas,
2694 4592 2865 4673 .quod
2917 4592 3042 4661 jam
3100 4588 3329 4673 egregie
3378 4588 3612 4645 monuit

1960 4662 2112 4716 V.C.
2147 4662 2215 4716 II.
2249 4660 2303 4715 S.
2339 4663 2643 4716 Reimarus
2693 4676 2752 4716 in
2807 4666 2926 4716 not.
2974 4662 3047 4716 ad
3094 4663 3264 4716 Dion.
3315 4667 3498 4716 Cass..
3551 4677 3610 4716 ι).

2014 4662 2112 4716 .C.
2147 4662 2215 4716 II.
2249 4660 2303 4715 S.
2339 4660 2643 4716 Reimarus
2693 4660 2752 4718 in
2807 4660 2931 4719 not.
2974 4662 3047 4718 ad
3094 4660 3264 4719 Dion:
3315 4667 3498 4730 Cass.,
3551 4677 3610 4733 p.

1965 4734 2122 4801 1252,
2148 4733 2284 4805 §70,
2318 4736 2374 4786 et
2408 4734 2563 4800 1256,
2598 4733 2709 4805 gi.

2034 4806 2142 4877 (l2)
2168 4804 2267 4859 Usi
2300 4821 2505 4877 sumus
2538 4802 2784 4861 ad'hanc
2816 4821 2938 4861 rem
2988 4807 3357 4865 efﬁciendam
3416 4802 3613 4877 digni-

1964 4875 2084 4933 tate
2116 4876 2397 4933 Caracalli
2428 4878 2707 4947 Caesarea,
2750 4894 2881 4933 cum
2941 4879 3299 4936 Moshemins
3338 4875 3616 4934 maluerit

1966 4952 2036 5006 ad
2060 4966 2187 5004 eam
2221 4966 2344 5004 rem
2378 4950 2723 5021 dignitatem
2754 4952 3000 5019 Augusti
3019 4953 3315 5009 Caracallo
3345 4949 3614 5007 collatam

1968 5021 2263 5096 adhibere.
2295 5022 2404 5076 Sed
2436 5021 2946 5096 istiusClarissimi
2975 5023 3099 5077 Viri
3122 5031 3317 5096 partes
3347 5024 3613 5096 deserere

1967 5094 2280 5173 hicsatius
2307 5095 2628 5173 estvjsum.
2666 5094 2859 5173 Nam,
2893 5111 2947 5165 p.
3006 5091 3469 5173 66,'Caracalla,
3523 5091 3613 5173 in:

1970 5165 2117 5237 quit,
2152 5166 2397 5237 Augusti
2432 5167 2714 5238 dignitate
2741 5173 2983 5222 ornatus
3032 5171 3121 5221 est
3167 5186 3232 5223 eo
3290 5183 3463 5232 anno,
3514 5165 3618 5233 qui

1970 5238 2234 5315 praelium
2268 5238 2658 5315 Lugdunense
2705 5243 3218 5315 esrtﬁconsecutus.‘
3254 5239 3455 5315 Itaque
3480 5248 3615 5315 cum

1971 5308 2219 5385 constet,
2248 5308 2381 5385 eum
2408 5312 2559 5367 hanc
2590 5327 2726 5385 ann.
2748 5310 3006 5385 CXCVIII
3028 5311 3344 5385 accepisse,
3365 5308 3613 5385 Albinus

1974 5400 2108 5438 ann.
2135 5382 2371 5437 CXCVII
2430 5383 2722 5439 occubuit.
2784 5382 2971 5452 Hujus
3019 5378 3371 5454 argumenti,
3411 5378 3616 5434 dubito

1976 5457 2113 5518 fere,
2164 5472 2235 5509 an
2280 5457 2546 5525 superior
2601 5455 2919 5527 propositio
2992 5470 3060 5509 ex
3115 5455 3411 5527 omnibus,
3471 5461 3619 5527 quos

1972 5528 2280 5595 habemus,
2306 5522 2689 5601 scriptoribus
2712 5522 2727 5527 ”
2749 5526 2827 5581 sit
2846 5596 2859 5601 Δ
2892 5527 3220 5601 manifesta,
3270 5524 3392 5601 nisi
3411 5522 3617 5601 eadem

1977 5615 2105 5655 esse
2136 5596 2445 5655 censeatur
2474 5617 2606 5656 cum
2628 5598 2810 5653 altera
2829 5596 2899 5652 de
2920 5597 3048 5666 ejus
3064 5598 3347 5671 dignitate
3368 5596 3620 5671 Augusti

1981 5688 2116 5727 ann.
2150 5671 2409 5743 CXCVIII
2443 5675 2735 5743 suscepta,
2754 5685 2878 5739 quas
2901 5666 3163 5743 consenti
3189 5688 3325 5730 cum
3343 5666 3620 5728 omnibus

1981 5744 2109 5815 ejus
2141 5742 2223 5799 rei
2242 5741 2640 5815 signiﬁcantius
2672 5741 3094 5799 monumentis.
