4060 6374
465 371 574 431 151

1539 374 2063 436 DISSERTA'I‘IO
2107 373 2208 435 DE
2245 375 2456 436 VERA
2503 377 2788 438 {ETATE

3748 381 3857 438 152

465 503 720 576 legimus
743 508 1024 562 Casarem
1071 507 1418 562 Bassianum
1448 507 1637 563 tilium
1671 523 1842 563 suum
1871 507 2118 563 Antoni-
2149 510 2200 576 Α
2229 507 2549 577 sententiae,
2575 510 2729 580 quod
2764 512 3060 582 appareat,
3099 509 3495 580 Apologeticum
3524 509 3859 571 Tertulliani

467 611 614 649 num
639 596 919 667 appellari
945 597 1196 669 jussisse
1220 605 1334 669 (ap.
1359 598 1551 669 Spart.
1583 597 1686 654 l.c.
1723 599 1828 668 14).
1854 602 1927 654 At
1957 597 2113 652 enim

469 684 824 740 Lateranum
858 691 915 740 et
971 687 1245 742 Ruﬁnum
1295 687 1566 742 consules
1626 687 1806 743 fuisse
1866 705 2003 742 ann.
2057 703 2113 758 p.

467 773 536 828 N.
571 775 632 828 C.
677 775 933 840 CXCVII,
992 777 1203 831 docent
1262 777 1397 832 fasti
1446 777 1737 844 universi;
1794 777 1990 848 itaque
2041 777 2120 831 sit

468 863 604 932 hoc,
638 863 915 918 Albinum
948 865 1152 920 eodem
1185 882 1336 920 anno
1369 866 1446 938 (et
1474 883 1531 921 χι
1591 866 1826 938 quidem
1878 865 2117 922 Kalend.

467 955 638 1007 Mart.
674 953 1177 1022 quemadmodum
1218 954 1390 1010 habet
1435 955 1802 1027 Spartianus,
1835 955 1874 1010 l.
1908 972 1958 1011 ο.
1993 973 2038 1012 c.
2065 957 2119 1026 2)

472 1057 607 1096 cum
639 1041 758 1096 vita
787 1042 1104 1114 imperium
1133 1043 1424 1100 amisisse.
1480 1047 1613 1110 Quae
1670 1061 1804 1100 cum
1858 1046 1942 1100 ita
1984 1046 2121 1113 sint,

471 1133 630 1202 patet
658 1132 811 1202 quod
847 1132 1223 1188 efﬁciendum
1257 1134 1662 1206 promisimus,
1695 1150 1762 1190 ex
1820 1135 1929 1190 hac
1967 1151 2128 1190 occa-

473 1220 636 1275 sione
667 1220 821 1292 plebi
851 1222 923 1276 ad
975 1222 1338 1279 Christianos
1397 1225 1688 1280 vexandos
1739 1229 1870 1296 post
1926 1223 2122 1279 Albini

474 1309 782 1365 interitum
815 1316 973 1376 nata,
1005 1311 1153 1367 istas
1183 1314 1408 1384 priores
1465 1314 1931 1370 Christianorum
1972 1314 2128 1370 cala-

478 1399 714 1454 mitates
745 1417 881 1456 ann.
925 1401 1151 1457 CXCVII
1183 1403 1418 1458 initium
1455 1403 1703 1475 cepisse.

480 1507 726 1582 §tt.A-—
769 1509 808 1561 E
849 1508 981 1582 loco
1009 1509 1242 1579 quodam
1293 1511 1623 1566 Tertulliani
1679 1511 1760 1566 ad
1815 1511 2129 1582 Scapulam,

557 1580 804 1653 quicum
829 1581 939 1634 alio
959 1580 1246 1651 Spartiani
1276 1586 1575 1653 confertur,
1626 1580 1938 1639 ostenditur
1983 1599 2130 1637 anno

559 1650 799 1725 CXCVII,
832 1650 1059 1707 initium
1083 1655 1288 1725 cepisse
1324 1650 1565 1725 priorem
1594 1654 1733 1710 hanc
1777 1657 2132 1712 vexationem

561 1720 1020 1778 Christianorum.

557 1811 904 1868 Accedimus
932 1814 1002 1868 ad
1034 1813 1282 1870 alterum
1317 1819 1753 1886 argumentum,
1779 1833 1848 1871 ex
1878 1832 1992 1886 quo
2016 1815 2132 1870 ini-

488 1899 638 1955 tium
671 1900 842 1958 istius
863 1903 1158 1958 tumultus
1187 1920 1220 1958 a
1241 1903 1408 1975 plebe
1440 1904 1678 1960 excitati
1710 1905 1952 1960 deﬁnire
1983 1904 2138 1960 vole-

491 1989 927 2059 bamus,locum
963 1992 1144 2048 istum
1176 1992 1414 2064 quidem
1473 1994 1746 2065 superius
1779 1994 1866 2066 ἕῦ
1922 1994 2138 2065 produ-

494 2085 653 2138 ctum
684 2081 884 2137 elibro
922 2081 1265 2138 Tertulliani
1321 2083 1391 2137 ad
1418 2084 1732 2154 Scapulam,
1765 2083 1823 2137 in
1877 2100 1993 2156 quo
2041 2084 2140 2138 Se-

493 2185 666 2224 verus
697 2169 933 2235 dicitur,
953 2192 981 2220 ‹‹
1002 2170 1373 2225 Clarissimas
1395 2170 1646 2228 feminas
1664 2171 2142 2242 clarissimosque

426 2261 430 2264 ’
495 2258 654 2314 viros
685 2263 852 2314 sectas
876 2257 1217 2314 Christianis
1250 2276 1363 2314 non
1392 2261 1565 2316 modo
1615 2277 1728 2315 non
1759 2259 2000 2325 laesisse,
2046 2277 2143 2316 ve-

496 2365 628 2402 rum
653 2353 709 2403 et
737 2365 1050 2404 exornasse
1103 2349 1466 2416 testimonio,
1500 2349 1831 2421 populoque
1862 2351 1920 2404 in
1976 2349 2144 2406 Chri-

495 2439 720 2493 stianos
753 2437 968 2493 furenti
994 2437 1293 2494 restitisse.
1320 2459 1345 2488 ι»
1381 2440 1542 2504 Quod
1579 2456 1711 2494 cum
1750 2445 1993 2495 Severus
2027 2456 2142 2495 non

494 2526 695 2582 fecerit
725 2544 789 2582 eo
816 2532 1096 2598 tempore,
1155 2543 1270 2598 quo
1305 2527 1432 2598 jam
1477 2528 1734 2583 edictum
1792 2532 2147 2601 opposuerat

495 2614 768 2686 religioni
801 2616 1276 2684 christianorum,
1298 2618 1798 2687 quemadmodum
1830 2618 1910 2673 ibi
1941 2619 2144 2690 dispu-

495 2704 772 2772 tavimus,
798 2704 1191 2776 assignandus
1220 2711 1310 2761 est
1341 2705 1391 2760 ei
1424 2705 1504 2761 rei
1537 2723 1747 2774 annus,
1769 2724 1882 2779 quo
1903 2708 2148 2763 Severus

499 2795 764 2851 nondum
796 2794 903 2850 hac
921 2793 1046 2866 lege
1077 2797 1231 2850 110
1264 2793 1548 2852 molestus
1605 2797 1811 2852 fuerat.
1859 2797 2058 2868 Neque
2097 2797 2148 2853 is

499 2885 604 2940 tali
667 2885 841 2940 modo
886 2884 1234 2940 clarissimis
1290 2883 1647 2956 quibusdam
1690 2885 1870 2957 hujus
1917 2887 2150 2943 familiae

500 2972 840 3030 hominibus
866 2978 990 3029 tum
1022 2972 1251 3029 videtur
1298 2974 1613 3046 gratiﬁcari
1668 2975 1943 3043 voluisse,
1989 2994 2145 3041 cum,

499 3064 652 3119 victo
674 3063 908 3131 Albino,
944 3062 1159 3118 bellum
1184 3063 1412 3118 Parthis
1449 3063 1699 3135 aliisque
1729 3064 1980 3121 Orientis
2013 3083 2151 3137 gen-

499 3153 660 3208 tibus
690 3151 1007 3223 intulisset,
1039 3169 1072 3208 a
1119 3169 1234 3224 quo
1283 3154 1537 3225 perfecto
1589 3171 1703 3209 non
1755 3155 1927 3209 rediit
1962 3157 2146 3227 prius,

2225 615 2339 653 non
2371 615 2540 670 posse
2571 599 2784 654 litteris
2828 600 3169 654 mandatum
3202 614 3353 668 esse,
3404 597 3513 654 nisi
3562 603 3698 654 ante
3739 599 3863 656 illas

2224 685 2382 758 leges
2413 688 2638 757 Severi;
2672 690 2743 745 de
2776 706 2892 760 qua
2921 705 2979 744 re
3011 705 3182 744 nemo
3215 687 3486 743 dubitare
3533 694 3741 756 potest,
3772 689 3865 761 qui

2228 777 2474 848 cogitate
2508 779 2661 833 hunc
2696 778 2956 834 libellum
2978 777 3268 833 tractavit.
3302 777 3414 832 Sed
3445 779 3658 848 poterit
3689 794 3754 833 ex
3779 779 3868 844 iis,

2230 882 2356 936 qua:
2388 872 2589 938 postea
2619 868 3076 939 disputabimus,
3105 865 3266 922 nullo
3319 867 3549 938 negotio
3608 866 3868 939 intelligi,

2232 953 2408 1009 istam
2469 956 2868 1012 defensionem
2920 962 3181 1012 veterum
3230 954 3673 1012 Christanorum
3713 961 3872 1011 aetate

2233 1043 2568 1100 inferiorem
2602 1061 2730 1100 esse
2753 1045 2918 1100 libris
2941 1046 3070 1116 ejus
3117 1045 3187 1099 ad
3219 1050 3516 1116 Martyres,
3568 1045 3632 1100 de
3665 1044 3873 1113 Specta-

2235 1134 2396 1202 culis,
2417 1139 2591 1206 atque
2639 1134 2704 1190 de
2757 1135 3094 1190 Idololatria.
3147 1133 3536 1204 Vicissimque
3590 1149 3682 1189 me
3712 1150 3874 1205 spero

2236 1221 2318 1276 ita
2356 1223 2722 1291 effecturum,
2782 1223 2938 1294 quod
2995 1223 3118 1278 ista:
3178 1221 3478 1294 religionis
3545 1216 3876 1277 Christianae

2236 1310 2503 1367 vindiciae
2536 1312 2765 1383 scripta:
2798 1313 2917 1366 sint
2937 1313 3046 1367 sub
3075 1312 3311 1367 initium
3369 1328 3506 1366 ann.
3547 1312 3796 1380 CXCVII,
3818 1317 3879 1366 ut

2237 1414 2410 1454 nemo
2441 1398 2527 1453 vel
2560 1399 2834 1455 mediocri
2867 1400 2926 1454 in
2959 1399 3290 1470 hisjudicio
3326 1399 3606 1471 praeditus
3652 1401 3722 1455 de
3773 1399 3881 1454 ista

2239 1504 2300 1542 re
2331 1487 2600 1544 dubitare
2630 1489 2840 1560 possit.
2875 1491 3061 1554 Quare
3108 1493 3233 1543 tum
3259 1488 3584 1561 apparebit,
3616 1488 3794 1544 libros
3821 1487 3882 1542 de

2242 1576 2569 1647 Spectaculis
2591 1582 2767 1650 atque
2797 1579 2862 1633 de
2887 1579 3204 1634 Idololatria
3234 1577 3379 1632 nulli
3413 1577 3511 1633 alii
3533 1595 3687 1633 anno
3719 1593 3884 1650 posse

2243 1667 2553 1738 assignari,
2591 1669 2703 1724 nisi
2735 1685 2870 1724 ann.
2903 1667 3189 1724 CXCVIII.
3239 1668 3546 1722 Enimvero
3578 1666 3884 1722 Tertullia-

2244 1773 2356 1812 nus
2383 1762 2669 1829 martyres
2693 1757 2928 1830 proprio
2956 1756 3152 1812 libello
3186 1756 3257 1812 ad
3317 1756 3706 1812 constantiam
3752 1773 3889 1812 con—

2170 1884 2215 1948 B
2246 1847 2624 1917 cordiamque
2656 1847 2922 1903 hortatus
2942 1853 3032 1904 est
3061 1847 3248 1919 prius,
3273 1863 3451 1918 quam
3486 1863 3548 1901 se
3569 1846 3891 1918 accingeret

2249 1937 2320 1991 ad
2354 1936 2693 1992 scribendos
2721 1935 2826 1992 hos
2859 1937 3030 2004 duos,
3064 1953 3213 2007 quos
3236 1936 3519 2000 diximus,
3551 1933 3753 1990 libros.
3783 1935 3888 1988 Ita-

2249 2041 2361 2095 que
2384 2041 2619 2080 necesse
2667 2030 2756 2080 est
2811 2025 3021 2095 dicere,
3059 2025 3275 2081 librum
3332 2028 3410 2080 ad
3452 2024 3720 2095 Martyres
3775 2023 3887 2077 fere

2251 2131 2387 2170 ann.
2420 2114 2648 2168 CXCVII
2673 2115 2731 2168 in
2763 2113 2951 2170 lucem
2976 2115 3197 2169 editum
3224 2115 3428 2170 fuisse.
3459 2116 3594 2180 Quae
3650 2130 3769 2168 una
3798 2127 3888 2168 res

2252 2208 2513 2258 nostram
2544 2205 2894 2258 sententiam
2927 2204 2997 2259 de
3041 2221 3214 2271 anno,
3275 2220 3388 2276 quo
3453 2203 3574 2258 haec
3630 2201 3895 2274 superior

2251 2294 2474 2348 vexatio
2503 2293 2966 2348 Christianorum
2998 2293 3236 2364 incepit,
3269 2293 3434 2364 ponit
3461 2297 3622 2348 extra
3661 2306 3893 2348 omnem

2254 2381 2699 2437 dubitationem.
2734 2381 2999 2454 Namque
3031 2382 3114 2452 hi,
3154 2382 3370 2453 quibus
3417 2381 3633 2437 librum
3667 2379 3896 2448 obtulit,

2245 2473 2374 2542 jam
2434 2472 2664 2525 fuerant
2731 2477 2966 2542 propter
3013 2471 3354 2543 religionem
3401 2471 3790 2526 Christianam
3841 2469 3900 2523 in

2254 2561 2490 2615 vincula
2521 2559 2786 2631 conjecti,
2839 2566 3220 2633 martyresque
3269 2561 3366 2617 isti
3416 2561 3691 2630 designati
3728 2575 3902 2631 argu-

2257 2658 2451 2706 mento
2482 2654 2639 2718 sunt,
2671 2654 2797 2705 tum
2830 2650 3073 2705 deorum
3123 2650 3377 2706 cultores
3405 2651 3523 2705 vim
3553 2647 3900 2706 Christianis

2256 2738 2544 2794 intulisse.
2579 2740 2686 2793 Sed
2709 2741 2896 2794 obiter
2924 2738 3045 2794 haec
3069 2740 3184 2795 fere
3218 2757 3232 2808 ;
3257 2756 3412 2795 nunc
3445 2739 3615 2812 plura
3641 2739 3715 2795 de
3737 2736 3900 2794 libris

2257 2828 2350 2884 his
2380 2829 2524 2900 ipsis
2551 2828 2844 2884 dabimus.

2258 2965 2405 3019 111
2443 2965 2468 3030 §
2503 2964 2675 3018 13.-
2703 2963 2851 3017 ,ίΕίαε
2877 2964 2996 3034 ipsa
3030 2963 3301 3019 librorum
3348 2963 3512 3032 huius
3547 2965 3770 3035 generis
3815 2961 3906 3017 de-

2327 3036 2526 3105 finitur
2555 3037 2656 3096 ita,
2689 3040 2748 3088 ut
2779 3036 2918 3089 liber
2966 3035 3035 3089 ad
3092 3038 3364 3107 Martyres
3403 3053 3535 3090 ann.
3571 3037 3792 3092 CXCVII
3835 3035 3904 3090 sit

2330 3117 2612 3162 exaralus.
2632 3108 2956 3177 IIo/fmanni
2973 3108 3298 3178 conjectura:
3315 3109 3717 3178 exploduntur.

501 3258 678 3314 quam
703 3241 808 3298 hoc
839 3221 998 3297 idem
1023 3221 1302 3298 edictum_
1318 3243 1598 3300 adversus
1629 3221 2006 3308 Christianos.
2022 3221 2148 3317 pro-
2178 3253 2221 3319 ρ
2329 3223 2430 3278 Εδί
2453 3222 2631 3319 igitur
2655 3222 2813 3319 ,ίξξίοτ
2842 3221 3278 3319 δυὶιξδ-βθῐξθτίε
3336 3221 3636 3319 Ῑίὶποεβε.
3658 3221 3912 3319 Primi”,

502 3332 1134 3403 mulgasset.Namque
1158 3337 1285 3387 tum
1315 3332 1554 3402 quidem
1587 3337 1671 3388 tot
1701 3333 2155 3390 eratbelliscum

504 3419 846 3475 fortissimis
880 3419 1220 3476 nationibus
1249 3420 1610 3492 implicatus,
1635 3427 1701 3476 ut
1721 3422 1876 3478 credi
1906 3423 1999 3478 vix
2020 3441 2158 3494 pos-

504 3510 601 3572 sit,
634 3525 769 3563 eum
797 3509 867 3563 de
897 3509 1232 3564 istiusmodi
1268 3510 1442 3564 rebus
1479 3511 1791 3581 cogitasse.
1845 3512 1956 3567 Sed
1989 3513 2161 3568 verba

505 3597 683 3652 etiam
714 3596 1055 3653 Tertulliani
1081 3603 1220 3653 sunt
1248 3615 1334 3665 ea,
1371 3603 1435 3653 ut
1465 3597 1635 3654 facile
1661 3607 1962 3670 appareat,
1988 3605 2156 3657 Seve-

509 3703 642 3742 rum
675 3703 790 3742 non
821 3686 930 3742 has
979 3687 1239 3759 quidem,
1299 3688 1400 3742 sed
1452 3687 1597 3743 alias
1649 3692 1844 3744 tamen
1889 3690 2158 3761 feminas,

510 3776 784 3846 virosque
817 3775 1174 3832 clarissimos
1204 3793 1270 3832 eo
1303 3783 1561 3848 tempore
1581 3775 1826 3847 laesisse,
1859 3795 1893 3833 a
1943 3780 2161 3851 quibus

511 3866 562 3921 is
595 3865 956 3921 Christianos
998 3865 1271 3937 cupiebat
1313 3865 1590 3920 discerni.
1642 3872 1835 3938 Atque
1881 3885 1986 3939 ego
2045 3885 2160 3924 non

513 3955 700 4024 video,
735 3955 805 4010 ad
830 3955 1002 4026 quale
1019 3959 1250 4025 tempus
1275 3956 1461 4026 possit
1481 3955 1569 4010 vis
1590 3955 1722 4010 istis
1754 3954 1916 4011 illata
1937 3956 2160 4025 referri,

511 4043 627 4098 nisi
658 4043 729 4097 ad
762 4043 844 4113 id,
905 4060 1020 4114 quo
1079 4044 1398 4114 interfectos
1446 4043 1793 4115 Spartianus
1853 4045 2028 4101 refert
2085 4046 2163 4116 (in

512 4133 638 4187 Sev.
672 4147 721 4186 c.
757 4133 843 4202 12)
897 4134 1216 4188 innumeros
1250 4133 1439 4187 Albini
1491 4135 1738 4204 partium
1792 4136 1959 4201 viros,
2015 4137 2165 4190 inter

511 4237 644 4291 quos
674 4219 848 4276 multi
884 4223 1167 4293 principes
1220 4223 1484 4290 civitatis,
1523 4223 1725 4279 multm
1760 4225 1991 4294 femina?
2020 4223 2162 4278 illu-

510 4317 628 4366 tres
655 4314 924 4382 fuerunt;
957 4316 1283 4383 propterea,
1317 4311 1470 4382 quod
1503 4310 1616 4366 ista
1652 4311 1712 4368 in
1745 4329 1806 4368 re
1853 4312 2008 4368 inter
2053 4313 2164 4368 hoc

512 4401 826 4472 scriptores
857 4405 946 4456 est
991 4401 1080 4456 vel
1126 4400 1185 4456 in
1243 4401 1438 4456 verbis
1493 4401 1760 4472 quaedam
1814 4401 2160 4457 similitudo.

512 4490 632 4562 Ego
661 4507 794 4546 vero
825 4491 920 4545 vix
941 4490 1166 4556 dubito,
1189 4491 1329 4562 quin
1360 4490 1606 4545 Severus
1637 4490 1848 4546 horum
1878 4489 2163 4547 Christia-

516 4596 727 4634 norum
750 4580 915 4651 quasi
945 4579 1194 4636 tutelam
1225 4580 1570 4652 susceperit,
1609 4595 1827 4651 eosque
1874 4579 2165 4636 ornaverit

2266 3328 2440 3382 quem
2472 3311 2871 3366 Tertullianus
2902 3311 2972 3366 ad
3019 3312 3282 3384 Martyres
3327 3311 3690 3383 perscripsit.
3733 3311 3911 3382 Cujus

2266 3399 2397 3454 libri
2426 3404 2837 3470 argumentum
2870 3401 3066 3472 ipsum
3092 3402 3217 3471 jam
3241 3405 3367 3456 tum
3389 3405 3701 3472 susceptas
3719 3400 3916 3455 adver-

2267 3505 2369 3544 sus
2399 3487 2762 3544 Christianos
2820 3488 3160 3545 inimicitias
3190 3490 3594 3558 demonstrat;
3628 3493 3724 3546 est
3761 3487 3915 3544 enim

2266 3578 2572 3646 designatis
2614 3578 2954 3649 martyribus
2997 3579 3258 3634 dicatum
3298 3578 3452 3651 (coll.
3487 3595 3539 3635 c.
3585 3579 3678 3650 4);
3744 3577 3917 3634 modo

2269 3668 2747 3723 constituendum
2768 3673 2856 3723 est
2887 3668 2968 3738 id,
3002 3668 3295 3724 fuerintne
3326 3669 3424 3724 isti
3455 3674 3610 3734 ante,
3674 3686 3752 3724 an
3789 3672 3920 3740 post

2269 3757 2460 3812 Severi
2483 3757 2739 3811 edictum
2778 3755 2836 3812 in
2871 3773 3164 3813 carcerem
3213 3758 3498 3828 conjecti;
3545 3762 3724 3830 atque
3773 3756 3917 3812 illud

2271 3846 2627 3918 mihimagis
2670 3847 2858 3917 placet
2905 3846 3170 3918 pluribus
3219 3847 3290 3902 de
3350 3847 3564 3903 causis.
3626 3847 3918 3915 Primum,

2271 3934 2550 4007 quoniam
2599 3935 2952 3992 christianos
2996 3953 3107 3992 non
3153 3938 3526 4008 imperatoris,
3559 3937 3659 3992 sed
3687 3951 3921 4009 procon-

2269 4026 2408 4080 sulis
2447 4024 2662 4096 judicia
2711 4026 2999 4080 sustinere
3053 4025 3194 4080 dicit
3237 4042 3288 4080 c.
3347 4027 3402 4080 2.
3441 4025 3602 4091 Quod
3653 4026 3921 4097 quidem,

2270 4114 2428 4169 haud
2459 4131 2630 4186 nego,
2657 4113 2769 4168 dici
2811 4113 2986 4170 etiam
3032 4131 3066 4169 a
3121 4113 3482 4170 Tcrtulliano
3531 4115 3825 4187 potuisse,
3875 4112 3925 4168 si

2271 4204 2549 4276 praesides
2580 4203 2828 4259 adhibiti
2879 4204 3095 4260 fuerint
3133 4205 3206 4260 ab
3273 4204 3629 4276 imperatore
3689 4204 3926 4277 legibus

2272 4297 2474 4349 contra
2504 4292 2866 4349 Christianos
2897 4293 3235 4364 dimicante,
3268 4297 3573 4365 propterea
3602 4295 3764 4365 quod
3792 4309 3931 4366 pras-

2272 4382 2429 4438 sides
2460 4399 2557 4437 eas
2585 4383 3050 4453 exsequebantur
3106 4382 3166 4437 in
3199 4382 3552 4454 provinciis:
3587 4384 3688 4439 sed
3729 4389 3931 4438 tamen

2272 4489 2340 4528 ex
2365 4487 2430 4527 eo
2462 4471 2718 4543 primum
2769 4470 2955 4528 oritur
3001 4471 3156 4527 haud
3219 4471 3418 4544 inepta
3457 4472 3740 4544 suspicio,
3804 4473 3934 4543 ipsa

2273 4560 2380 4615 hac
2426 4560 2698 4616 violentia
2744 4577 2810 4616 eo
2895 4565 3158 4634 tempore
3208 4561 3484 4634 presides
3545 4562 3735 4633 magis
3795 4575 3934 4616 usos

517 4628 727 4634 """—‘
753 4628 915 4651 Ὶ“”““”“
951 4628 1194 4636 """‘—'
1226 4628 1570 4652 ""'"L'""’
1613 4628 1824 4651 "“l"'
1876 4628 2149 4636 """'""

517 4669 852 4724 testimonio
887 4669 1011 4736 tali,
1043 4686 1158 4740 quo
1189 4670 1444 4736 doceret,
1468 4684 1568 4724 eos
1600 4686 1714 4724 non
1739 4686 1869 4726 esse
1917 4685 1985 4725 ex
2015 4669 2149 4724 ami-

2276 4649 2680 4720 fuisse,quam
2701 4648 2899 4720 ipsum
2930 4628 3284 4721 Augustum.
3335 4649 3409 4703 At
3457 4648 3508 4704 si
3565 4628 3728 4703 istud
3763 4663 3935 4718 argu-

522 4757 608 4812 cis
637 4755 852 4825 Albini,
877 4774 947 4812 ne
977 4758 1252 4829 pOpulus,
1299 4773 1538 4813 causam
1589 4757 1966 4828 Imperatoris
2019 4775 2168 4830 prte-

523 4846 791 4914 tendens,
828 4847 931 4902 hos
970 4846 1312 4902 Christianas
1362 4845 1630 4916 religioni
1690 4846 1958 4902 addictos
2015 4847 2170 4902 inse-

527 4941 826 5007 queretur,
871 4944 1216 5007 raperetque
1271 4935 1332 4990 in
1389 4935 1708 5005 judicium,
1757 4935 1996 5006 quibus,
2054 4935 2168 4991 nisi

525 5027 680 5099 quod
711 5025 1027 5082 Christiani
1053 5033 1268 5093 essent,
1301 5025 1459 5081 aliud
1485 5025 1630 5080 nihil
1680 5026 1818 5081 vitio
1876 5026 2022 5082 verti
2068 5043 2170 5098 po-

522 5120 697 5173 terat.
728 5116 940 5172 Verum
981 5117 1162 5189 igitur
1186 5116 1261 5172 sit
1298 5115 1466 5183 illud,
1519 5115 1719 5171 statim
1762 5121 1893 5187 post
1923 5120 2170 5172 mortem

521 5207 735 5277 Albini,
762 5211 820 5262 et
847 5211 982 5262 ante
1012 5206 1202 5261 Severi
1236 5206 1650 5277 profectionem
1675 5211 1877 5261 contra
1901 5206 2170 5275 Parthos,

522 5296 562 5352 l.
589 5314 638 5353 c.
663 5314 799 5352 ann.
825 5294 1056 5353 CXCVII
1079 5293 1358 5367 populum
1381 5294 1740 5351 Christianos
1755 5295 1808 5352 vi
1829 5312 2172 5368 aggressum

525 5387 730 5444 fuisse.

530 5494 934 5562 §12.—Idem
964 5497 1376 5549 demonstratur
1420 5495 1654 5548 ulterius
1710 5509 1779 5548 ex
1840 5497 1995 5548 :etate
2039 5495 2178 5564 Apo-

606 5569 819 5637 logetici
857 5568 1204 5638 Tertulliani,
1263 5575 1687 5638 czeterorumque
1743 5566 2032 5635 librorum,
2079 5567 2176 5638 qui

605 5655 728 5694 eum
749 5643 1172 5696 antecesserunt.

606 5727 865 5799 Denique
895 5734 951 5785 et
980 5728 1089 5786 hoc
1111 5746 1228 5786 non
1249 5728 1374 5787 leve
1404 5732 1495 5787 est
1523 5731 1937 5802 argumentum
1963 5729 2174 5785 nostris

2279 4737 2582 4793 mentandi
2631 4753 2813 4809 genus
2866 4737 3134 4793 videatur
3191 4737 3250 4792 in
3325 4741 3633 4808 utramque
3698 4742 3930 4810 partem

2278 4843 2449 4898 posse
2480 4825 2787 4898 disputari,
2824 4826 2970 4882 hanc
2991 4825 3446 4882 controversiam
3493 4825 3719 4882 dirimit
3771 4824 3933 4881 haud

2278 4917 2454 4971 dubie
2486 4915 2565 4983 id,
2591 4915 2746 4987 quod
2777 4921 2868 4972 est
2896 4916 2969 4971 ad
3019 4915 3239 4972 calcem
3306 4915 3491 4971 nostri
3546 4913 3755 4982 libelli,
3810 4912 3933 4979 ubi,

2278 5006 2358 5061 Ad
2385 5006 2482 5060 hoc
2509 5005 2750 5076 quidem,
2783 5005 2998 5077 inquit,
3040 5006 3405 5078 (patiendum
3460 5005 3521 5060 in
3577 5021 3764 5060 causa
3813 5002 3940 5072 Dei)

2280 5097 2363 5150 vel
2389 5097 2686 5166 pra’sentia
2709 5095 2868 5150 nobis
2896 5104 3145 5166 tempora
3173 5095 3496 5150 documenta
3544 5095 3682 5164 sint,
3717 5100 3940 5164 quanta

2283 5185 2572 5256 qualesque
2591 5199 2842 5255 personae
2861 5185 3172 5256 inapinatos
3227 5184 3510 5239 natalibus
3557 5191 3612 5238 et
3642 5182 3946 5253 dignitati-

2284 5274 2381 5329 bus
2405 5280 2461 5329 et
2489 5275 2808 5346 corporibus
2837 5282 2888 5330 et
2946 5274 3196 5331 aetatibus
3245 5275 3360 5329 suis
3415 5274 3597 5328 exitus
3659 5273 3942 5343 referunt,

2282 5365 2520 5420 hominis
2547 5380 2720 5420 causa
2735 5380 2757 5425 ,ο
2788 5367 2883 5418 aut
2907 5364 2973 5420 ab
3004 5367 3142 5436 ipso,
3171 5365 3224 5420 si
3272 5367 3468 5420 contra
3515 5379 3638 5418 eum
3674 5362 3944 5432 fecerint,

2283 5460 2378 5510 aut
2396 5455 2466 5510 ab
2485 5455 2823 5510 adversariis
2883 5456 3022 5526 ejus,
3073 5455 3125 5509 si
3169 5469 3270 5526 pro
3325 5469 3385 5509 eo
3440 5453 3726 5512 steterint;
3781 5449 3943 5522 quod

2283 5545 2574 5618 pertinere
2604 5545 2677 5600 ad
2708 5548 2963 5615 tempus,
2997 5560 3111 5615 quo
3141 5545 3212 5598 ab
3243 5541 3472 5599 aemulis
3495 5540 3728 5614 imperii
3761 5540 3944 5596 Seve-

2283 5652 2383 5691 rus
2413 5639 2610 5690 tutum
2633 5634 2902 5690 redderet
2922 5633 3122 5689 orbem
3154 5637 3493 5701 Romanum,
3549 5630 3708 5688 nullo
3758 5629 3943 5685 modo

2283 5723 2538 5783 dubitari
2568 5727 2778 5797 potest.
2812 5722 2959 5781 Nam
2990 5737 3126 5782 eum
3152 5721 3423 5782 sublatus
3461 5737 3492 5779 e
3539 5718 3734 5779 medio
3781 5719 3947 5778 esset
