4060 6348
235 368 345 427 153

1090 370 1186 431 AC
1230 371 1625 433 DOC’I‘RINA
1674 372 2177 435 SCRIPTORUM
2222 374 2775 437 TEltTULLlANl.

3519 372 3636 429 154

234 497 492 566 Albinus,
527 502 655 552 tum
680 497 940 555 maxime
970 503 1244 556 Severum
1278 503 1761 559 animadvertisse
1814 505 1872 558 in
1905 506 1959 571 Α
1987 505 2357 559 trectaverint
2384 522 2585 561 eorum
2626 504 2983 560 societatem.
3016 504 3171 558 Idem
3203 518 3337 557 vero
3370 517 3484 556 non
3533 516 3634 571 po-

236 587 357 656 hos,
390 587 489 658 qui
516 590 811 643 steterant
852 605 884 643 a
916 589 1078 661 Nigri
1109 590 1374 648 Albinive
1421 595 1705 665 partibus,
1748 598 1876 649 tan-

235 681 354 731 tum
386 676 745 746 ignorantii,
782 677 885 749 qui
914 676 1041 734 loca
1090 682 1363 751 superius
1424 684 1675 738 adducta
1723 684 1877 738 haud

237 765 591 822 intellexere.
628 769 707 822 Ex
750 784 867 839 quo
900 784 1013 823 non
1064 771 1262 825 minus
1319 772 1452 827 licet
1508 790 1877 845 cognoscere,

238 873 351 928 quo
384 858 560 911 modo
584 859 840 929 potuerit
863 858 1257 916 Tertullianus
1307 861 1495 917 dicere
1551 864 1623 934 (0.
1668 864 1723 933 2)
1776 863 1881 918 hos

238 944 577 1017 designatos
657 953 953 1019 martyres,
1005 948 1242 1019 quibus,
1294 958 1557 1007 nostrum
1618 952 1881 1007 libellum

239 1035 660 1104 componendo,
695 1035 928 1107 aliquod
971 1038 1171 1093 afl'erre
1204 1038 1647 1096 allevamentum
1680 1040 1881 1108 voluit,

239 1148 351 1185 non
376 1134 714 1203 participare
741 1134 1008 1190 solemnes
1038 1138 1327 1191 nationum
1349 1138 1483 1206 dies,
1532 1154 1703 1209 neque
1744 1138 1887 1195 credi

236 1216 679 1292 spectaculorum
708 1223 1057 1280 clamoribus.
1083 1226 1423 1295 Quanquam
1459 1228 1613 1283 enim
1649 1245 1739 1284 me
1771 1245 1886 1283 non

238 1327 480 1382 prorsus
512 1313 794 1382 praeterit,
818 1313 986 1369 ludos
1007 1315 1181 1371 etiam
1215 1315 1401 1373 editos
1434 1318 1614 1373 fuisse
1644 1334 1710 1373 eo
1734 1322 1885 1373 tem-

242 1416 400 1471 pore,
439 1416 558 1471 quo
585 1402 851 1473 superior
883 1404 1127 1460 Severus
1174 1423 1207 1460 a
1256 1406 1488 1462 Parthis
1546 1407 1889 1479 czeterisque

240 1488 512 1545 barbaris
541 1491 852 1559 rediisset;
901 1494 1038 1549 facit
1084 1506 1279 1550 tamen
1332 1495 1439 1551 hoc
1488 1497 1681 1568 ipsum
1724 1514 1893 1569 argu-

241 1584 534 1642 mentum,
577 1580 731 1650 quod
785 1582 857 1636 ad
917 1583 1226 1655 erigendos
1281 1590 1603 1655 martyrum
1662 1586 1891 1641 animos

244 1667 610 1738 petitaviris
640 1669 1012 1738 clarissimis,
1074 1673 1175 1743 qui
1231 1673 1386 1729 idem
1440 1676 1658 1746 experti
1727 1680 1894 1730 erant

246 1756 457 1821 fatum,
493 1761 555 1811 ut
579 1757 750 1813 ludos
781 1759 1184 1831 intelligamus
1207 1780 1484 1834 eos,quos
1509 1765 1695 1820 editos
1728 1765 1894 1820 noxi-

1986 597 2100 648 test
2131 595 2199 647 de
2236 594 2607 649 Montanistis
2657 595 2791 661 dici,
2851 611 2982 649 cum
3048 594 3174 663 ejus
3234 592 3314 646 rei
3375 607 3478 645 nec
3521 589 3638 645 ulla

1990 686 2216 737 exstent
2271 683 2534 754 vestigia,
2575 684 2716 753 quin
2771 682 2963 753 potius
3022 681 3146 752 ipse
3214 678 3633 747 Tertullianus,

1990 773 2166 827 etiam
2202 772 2256 825 in
2290 772 2457 826 libris
2483 772 2553 826 iis
2576 790 2721 843 quos
2754 770 3050 842 popularis
3098 768 3364 823 Ecclesiae
3423 768 3636 823 doctri-

1993 862 2086 916 nis
2111 862 2402 933 Opposuit,
2442 862 2752 933 Psychicos
2785 860 2854 915 ab
2888 859 3170 915 haereticis
3195 857 3491 913 subtiliter
3550 856 3636 910 di-

1994 951 2295 1023 stinguat;
2332 968 2435 1006 nec
2454 952 2525 1006 ad
2554 950 2732 1005 ullam
2758 967 2904 1014 rem,
2954 966 3078 1021 quae
3131 947 3555 1003 credendorum
3608 962 3641 1000 a

1993 1040 2342 1095 Christianis
2400 1039 2663 1111 regulam
2725 1039 3098 1110 attingerent,
3150 1036 3449 1092 discordes
3512 1050 3640 1089 esse

1994 1130 2377 1185 Montanislas
2423 1136 2479 1185 et
2511 1130 2861 1184 orthodoxos
2906 1130 3228 1183 confirmet.
3289 1126 3398 1180 Fac
3437 1124 3637 1195 igitur,

1996 1221 2263 1289 tumjam
2295 1218 2721 1273 Tertullianum
2755 1218 3145 1273 secessionem
3180 1215 3385 1270 fecisse
3428 1215 3497 1268 ab
3547 1231 3640 1269 or-

1995 1309 2387 1363 thodoxorum
2420 1309 2691 1371 decretis,
2755 1325 2888 1362 cum
2938 1306 3155 1360 librum
3207 1302 3636 1370 conscriberet;

1998 1398 2268 1469 potuitne
2301 1398 2453 1451 bona
2482 1414 2613 1451 cum
2649 1415 2750 1469 spe
2784 1400 3007 1451 tentare
3041 1411 3241 1466 pacem
3276 1394 3428 1448 inter
3464 1392 3639 1447 dissi-

2000 1488 2203 1542 dentes
2221 1488 2478 1557 captivos
2501 1485 2980 1541 restaurandam?
2996 1486 3119 1539 Non
3141 1484 3457 1538 admodum
3480 1487 3638 1553 puto.

2000 1577 2417 1631 Abhorruisset
2438 1576 2592 1631 enim
2627 1576 2745 1631 fere
2775 1594 2807 1631 a
2836 1574 3261 1630 consuetudine
3302 1588 3503 1628 eorum
3562 1572 3644 1625 in-

2002 1671 2091 1721 ter
2121 1665 2856 1737 captivosquiortbodoxa:
2884 1663 3147 1719 Ecclesiae
3200 1679 3261 1718 se
3311 1660 3498 1716 socios
3557 1660 3645 1713 di—

2004 1757 2234 1822 cebant,
2270 1756 2436 1824 sequi
2472 1759 2757 1826 praecepta
2780 1752 3036 1809 hominis
3059 1753 3229 1823 cujus
3271 1754 3490 1806 sectam
3543 1749 3645 1803 de-

247 1862 380 1900 mus
414 1848 983 1917 propterlvictoriam
1033 1867 1066 1905 a
1121 1851 1319 1923 Nigro.
1370 1855 1558 1925 magis
1602 1856 1776 1909 etiam
1824 1855 1895 1909 ab
1926 1884 1972 1949 B
2004 1846 2373 1899 testabantur
2400 1844 2829 1949 vehementips.
2876 1848 3096 1942 Contra.
3141 1859 3229 1910 ea,
3251 1840 3315 1949 isi
3344 1844 3646 1949 “tanqpnam

248 1934 463 1989 Albino
494 1941 871 2007 reportatam.
907 1938 1191 1994 Cmterum
1224 1957 1328 2012 ego
1353 1959 1467 1997 non
1526 1943 1727 1998 dubito
1778 1944 1893 2015 pri-

252 2040 417 2078 mum
444 2024 634 2079 locum
660 2032 859 2082 nostro
889 2026 1084 2083 libello
1108 2029 1400 2085 vindicare
1432 2030 1586 2086 inter
1614 2049 1735 2101 eos,
1756 2050 1896 2103 quo-

252 2129 385 2167 rum
415 2118 557 2169 tetas
588 2120 744 2170 certa
761 2117 1010 2187 quadam
1028 2118 1250 2174 ratione
1280 2121 1559 2189 cernitur,
1594 2128 1898 2193 propterea

250 2203 405 2273 quod
439 2203 839 2260 Tertullianus
857 2223 971 2260 non
997 2208 1167 2263 modo
1190 2216 1607 2265 commemorat
1629 2217 1896 2266 mutuam

250 2292 701 2348 candidatorum
736 2295 970 2367 Imperii
1022 2298 1300 2353 adversus
1360 2301 1544 2370 partis
1596 2301 1897 2356 contraria:

248 2383 440 2438 socios
473 2382 831 2451 violentiam,
868 2401 1040 2455 quam
1056 2403 1178 2441 rem
1206 2386 1317 2441 dici
1351 2405 1464 2443 non
1499 2394 1690 2461 potest
1721 2391 1895 2445 exsti-

246 2473 411 2539 tisse,
447 2472 563 2527 nisi
596 2473 800 2529 eodem
832 2490 984 2529 anno
1013 2492 1127 2546 quo
1160 2477 1333 2547 periit
1363 2477 1636 2548 Albinus,
1672 2481 1778 2535 hoc
1808 2485 1898 2535 est

250 2579 389 2617 ann.
425 2561 680 2629 CXCVII,
715 2563 817 2618 sed
849 2563 1025 2619 etiam
1079 2564 1436 2622 mentionem
1491 2568 1681 2639 injicit
1739 2569 1895 2625 cala-

246 2651 544 2718 mitatum,
579 2668 722 2723 quas
751 2652 980 2708 subiere
1002 2654 1336 2723 Christiani,
1361 2660 1644 2728 tanquam
1668 2675 1893 2729 earum,

253 2766 383 2821 quae
414 2765 569 2803 nunc
588 2749 829 2821 quidem
855 2750 1085 2806 initium
1118 2752 1375 2823 ceperint
1400 2772 1413 2821 ;
1434 2756 1740 2828 caeterique
1772 2774 1895 2813 om-

252 2855 355 2894 nes
380 2837 535 2904 libri,
570 2838 808 2909 quidem
842 2840 1167 2895 scribendis
1189 2842 1554 2899 occasionem
1589 2845 1708 2901 haec
1750 2851 1898 2902 tem-

254 2943 460 2998 porum
504 2926 864 2997 perturbatio
891 2927 1451 2994 dedit,Christianos
1496 2936 1649 2989 112
1708 2940 1899 2991 osten-

258 3016 405 3071 dunt
428 3016 557 3085 jam
591 3015 793 3071 multis
835 3017 1188 3074 cruciatibus
1214 3022 1651 3093 Itormentisque
1708 3025 1899 3097 exagi-

258 3109 431 3160 tatos.
466 3108 668 3176 Neque
699 3121 803 3177 ego
835 3122 991 3161 nunc
1019 3123 1238 3177 vereor,
1289 3126 1361 3164 ne
1426 3111 1581 3166 hunc
1632 3112 1897 3169 libellum

253 3193 312 3249 in
337 3210 653 3249 numerum
686 3210 888 3249 eorum
920 3196 1173 3251 referant
1202 3199 1491 3267 nonnulli,
1554 3218 1701 3272 quos
1759 3204 1895 3258 Ter-

254 3284 535 3339 tullianus
568 3284 919 3356 composuit,
944 3302 1079 3340 cum
1119 3287 1192 3341 ab
1252 3289 1507 3345 amicitia
1564 3291 1897 3349 orthodoxa:

253 3374 525 3429 Ecclesia
560 3390 622 3429 se
653 3373 1184 3446 removisset;ipsa
1204 3376 1359 3432 enim
1411 3378 1593 3435 libelli
1642 3386 1782 3438 aetas
1838 3382 1895 3437 id

252 3463 493 3533 quidem
526 3479 640 3519 non
678 3464 981 3535 permittit,
1016 3466 1065 3520 si
1099 3483 1299 3521 verum
1332 3469 1497 3523 estid
1552 3473 1706 3541 quod
1749 3472 1895 3527 dixi-

253 3567 387 3607 mus
418 3552 588 3619 alias,
622 3552 731 3625 Ξ3,
764 3552 1188 3611 Tertullianum
1248 3555 1384 3611 huic
1446 3562 1578 3613 ante
1627 3577 1764 3616 ann.
1815 3561 1897 3617 CC

255 3640 473 3695 bellum
495 3659 607 3697 non
643 3642 936 3698 intulisse.
972 3644 1093 3707 Qua
1126 3645 1181 3699 in
1216 3662 1276 3701 re
1306 3647 1575 3704 videmus
1609 3650 1898 3705 Hoﬂ‘man-

254 3746 397 3784 nam
422 3748 456 3785 a
489 3730 683 3795 nobis,
717 3735 781 3785 ut
805 3731 972 3801 solet,
997 3733 1465 3801 dissentientem,
1500 3738 1600 3792 sed
1650 3739 1721 3793 ad
1774 3740 1896 3810 opi-

254 3819 489 3874 nionem
514 3836 681 3874 suam
706 3820 1168 3876 confirmandam
1192 3840 1365 3878 usum
1399 3831 1743 3896 argumento
1770 3828 1897 3897 tali,

257 3925 324 3963 ex
353 3925 470 3979 quo
505 3909 691 3977 magis
721 3912 999 3980 appareat
1027 3909 1086 3964 id
1138 3912 1292 3981 quod
1325 3930 1431 3968 nos
1490 3920 1694 3969 contra
1740 3916 1898 3973 vole—

258 3997 467 4052 bamus
491 3996 663 4067 (diss.
696 3998 853 4065 cit.§
902 3998 1011 4069 10),
1073 3998 1339 4055 videlicet
1387 4008 1672 4073 martyres
1730 4005 1897 4075 istos,

256 4096 324 4150 ad
359 4112 511 4166 quos
562 4098 653 4150 est
693 4094 879 4151 oratio
928 4095 1269 4152 Tertulliani
1322 4099 1561 4171 directa,
1605 4102 1903 4160 existimat

253 4184 470 4256 partim
504 4183 856 4240 orthodoxos
889 4184 1088 4249 fuisse,
1123 4188 1335 4257 partim
1357 4190 1774 4261 Montanistas;
1810 4193 1898 4249 id-

253 4291 365 4345 que
397 4273 679 4341 effecisse,
713 4277 777 4327 ut
808 4273 1097 4330 dissensio
1130 4280 1267 4332 nata
1295 4277 1371 4332 sit
1399 4278 1554 4334 inter
1582 4296 1899 4353 eos,quam

251 4380 319 4419 ex
348 4362 566 4419 animis
624 4362 827 4418 tollere
874 4368 1115 4419 conatur
1171 4366 1567 4424 Tertullianus
1611 4371 1720 4424 sub
1764 4370 1899 4426 libri

252 4452 515 4508 initium.
547 4452 658 4507 Sed
692 4451 763 4507 ad
797 4452 1084 4509 uniendos
1112 4470 1212 4510 eos
1228 4472 1363 4527 opus
1416 4462 1536 4512 erat
1592 4442 1909 4530 hortatore,

254 4542 465 4613 inquit,
498 4543 839 4613 Ho/fmanus,
871 4544 967 4614 qui
994 4545 1215 4617 utrique
1264 4548 1417 4616 parti
1473 4548 1605 4604 bene
1661 4559 1897 4622 cuperet,

2007 1934 2147 1989 civis
2172 1933 2424 2005 purioris
2450 1932 2713 1988 Ecclesia:
2740 1932 2859 1987 haec
2892 1930 3200 2002 scripsisse
3245 1928 3458 1983 dicitur
3512 1928 3648 1982 Ter-

2006 2022 2325 2089 tullianus;
2358 2023 2515 2077 istud
2549 2028 2699 2077 certe
2731 2021 2931 2076 odium
2966 2019 3079 2075 dici
3111 2036 3225 2073 non
3258 2021 3447 2089 potest
3471 2016 3652 2087 impe-

2009 2113 2266 2169 dimento
2294 2113 2494 2182 fuisse,
2528 2113 2844 2184 quominus
2883 2116 2938 2166 et
2967 2109 3338 2165 montanistaz
3387 2124 3473 2175 ea,
3524 2106 3651 2177 quia

2008 2204 2116 2259 bus
2152 2204 2357 2258 moniti
2391 2207 2608 2269 essent,
2642 2203 2827 2257 amice
2860 2201 3154 2272 accepturi
3204 2199 3475 2255 fuissent.
3528 2198 3650 2252 Iino

2008 2292 2099 2346 vix
2130 2292 2273 2345 mihi
2308 2293 2654 2363 persuadeo,
2678 2289 3105 2345 Tertullianum
3139 2289 3209 2343 ad
3244 2305 3442 2359 pacem
3490 2303 3649 2341 mar-

2006 2384 2232 2455 tyribus
2254 2382 2782 2438 commendandam
2819 2398 3062 2436 usurum
3098 2380 3280 2434 fuisse
3337 2379 3445 2433 hoc
3476 2394 3647 2448 argu-

2010 2478 2203 2528 mento
2235 2489 2361 2544 cap.
2398 2473 2449 2541 1,
2490 2473 2667 2543 quod,
2702 2472 2749 2527 si
2803 2471 2927 2541 paci
2977 2487 3111 2525 cum
3177 2469 3275 2524 alii
3324 2468 3649 2538 studerent,

2007 2567 2247 2634 possent
2278 2563 2421 2617 forte
2453 2561 2769 2632 aliquando
2827 2565 2882 2615 et
2904 2559 3034 2615 aliis
3088 2575 3289 2631 pacem
3349 2558 3650 2624 conferre;

2007 2669 2140 2707 cum
2174 2651 2362 2707 sciant
2399 2668 2619 2718 omnes,
2654 2650 2753 2720 qui
2811 2650 2937 2720 ejus
2987 2648 3203 2703 librum
3262 2650 3331 2702 de
3384 2645 3653 2716 pudicitia

2006 2741 2253 2813 legerint
2286 2740 2356 2811 (c.
2389 2742 2502 2811 22),
2538 2757 2715 2811 quam
2746 2739 2949 2793 acerbe
2972 2739 3042 2792 de
3086 2738 3198 2792 isto
3256 2752 3417 2790 more
3469 2733 3648 2789 dandi

2006 2831 2166 2903 pacis
2194 2830 2418 2885 libellos
2440 2827 3078 2900 judicaverit.Denique
3099 2825 3361 2897 exemplo
3392 2823 3650 2879 hominis

2007 2919 2314 2987 auctorati,
2347 2920 2502 2989 quod
2527 2924 2616 2973 est
2640 2918 2698 2972 in
2719 2922 2918 2972 nostro
2950 2916 3145 2971 libello
3173 2933 3222 2970 e.
3254 2917 3308 2983 5,
3364 2931 3479 2968 non
3538 2912 3649 2966 mi-

2008 3026 2140 3075 nus,
2174 3025 2349 3078 quam
2383 3008 2441 3061 in
2474 3008 2662 3079 primo
2683 3006 2755 3061 ad
2784 3008 3042 3061 Nationes
3092 3004 3238 3059 libro
3268 3022 3295 3058 e
3330 3044 3343 3057 .
3398 3004 3484 3069 18,
3533 3018 3646 3056 non

2007 3102 2115 3166 est,
2148 3097 2300 3167 quod
2332 3096 2431 3149 diu
2465 3095 2869 3150 immoremur.
2918 3093 3004 3149 Sit
3050 3110 3191 3149 sane
3224 3093 3377 3146 “3
3432 3091 3647 3145 librum

2009 3191 2276 3241 nostrum
2311 3184 2689 3239 recentiorem
2731 3200 2858 3239 esse
2890 3183 3020 3250 illo,
3073 3182 3205 3253 quis
3260 3181 3413 3235 dicet
3469 3195 3537 3234 ea
3579 3179 3651 3235 de

2009 3280 2477 3331 causanostrum
2505 3291 2633 3329 esse
2681 3272 3054 3328 Montanismi
3112 3274 3474 3342 suspectum,
3534 3269 3648 3322 nisr

1998 3365 2124 3435 jam
2158 3367 2312 3419 certo
2335 3367 2562 3418 constet
2591 3362 2668 3429 id,
2694 3362 2848 3433 quod
2882 3361 3155 3416 falsitatis
3189 3368 3387 3431 postea
3415 3357 3651 3415 convin-

2007 3469 2229 3520 cemus,
2262 3451 2442 3508 libros
2472 3454 2544 3507 ad
2564 3452 2819 3507 Nationes
2854 3451 3034 3505 fuisse
3057 3468 3090 3505 a
3118 3448 3477 3505 Tertulliano
3511 3464 3649 3503 con-

2006 3543 2209 3608 fectos,
2244 3546 2557 3613 postquam
2589 3558 2719 3596 cum
2760 3540 3133 3595 Montanistis
3193 3537 3651 3594 familiaritatem

2006 3630 2727 3687 contraxeral?Prznterea
2759 3629 2806 3684 si
2866 3629 3252 3684 Hofi'mannus
3312 3626 3423 3682 sibi
3480 3626 3654 3680 licere

2009 3719 2253 3791 putavit,
2289 3725 2353 3774 ut
2374 3724 2640 3774 nostrum
2674 3717 2934 3773 libellum
2966 3718 3339 3789 posteriorem
3364 3732 3491 3771 esse
3521 3716 3655 3771 istis

2007 3809 2174 3864 libris
2210 3810 2457 3876 diceret;
2492 3808 2659 3863 nobis
2683 3807 2807 3879 pari
2834 3810 2969 3879 jure
3001 3807 3158 3875 licet,
3205 3807 3313 3861 hos
3366 3805 3653 3877 posterio-

2009 3917 2101 3955 res
2129 3899 2464 3954 existimare
2498 3904 2695 3954 nostro
2722 3898 2931 3969 ;idque
2960 3914 3027 3952 eo
3060 3897 3267 3967 magis,
3289 3912 3403 3966 quo
3434 3894 3650 3949 certius

2010 3994 2119 4058 est,
2150 3990 2308 4045 hunc
2340 3990 2789 4046 subvexationis
2820 3988 3217 4058 initium,illos
3249 3987 3309 4041 in
3333 3987 3459 4058 ipso
3482 3984 3649 4055 quasi

2010 4079 2468 4152 perturbationis
2498 4084 2641 4135 testu
2666 4066 2974 4151 prodiisse.

2011 4213 2147 4286 §14.
2181 4245 2251 4254 —
2293 4214 2452 4269 Liber
2497 4214 2561 4269 de
2602 4213 2937 4285 Spectaculis
2993 4230 3138 4286 ann.
3216 4212 3457 4286 CXCVIII
3530 4226 3653 4286 con-

2079 4288 2340 4357 scriptus.
2386 4284 2763 4342 Dubz'tationes
2810 4285 3159 4351 Tiltemontii,
3218 4284 3545 4355 IIo/Tmanni
3601 4286 3654 4338 et

2080 4359 2314 4429 Dupz‘niz‘
2340 4359 2648 4414 soluuntur.

2080 4475 2294 4529 Eadem
2326 4478 2696 4545 tempestate,
2730 4475 2978 4530 dubium
3010 4490 3125 4529 non
3156 4476 3265 4539 est,
3317 4470 3459 4542 quin
3517 4469 3652 4523 Ter-

2008 4563 2292 4619 tullianus
2322 4562 2539 4618 librum
2568 4564 2632 4619 de
2671 4564 3009 4635 Spectaculis
3054 4559 3320 4618 ediderit.
3361 4560 3444 4614 Ad
3496 4559 3651 4630 quod

256 4630 448 4704 qualis
475 4640 594 4686 erat
620 4633 988 4688 Tertullianus
1014 4633 1362 4703 Montanista,
1395 4642 1447 4691 et
1488 4639 1548 4692 in
1604 4639 1904 4697 catholicos
1933 4625 1980 4689 D
2011 4652 2383 4709 efficiendum
2418 4651 2530 4708 nisi
2580 4625 2879 4708 uteremur
2909 4652 3021 4707 alio
3066 4653 3434 4723 argumento,
3476 4625 3655 4720 q'uam

259 4721 481 4793 quidem
508 4737 653 4793 sape
676 4725 1034 4794 peracerbus,
1065 4740 1238 4797 neque
1269 4734 1453 4782 tamen
1483 4743 1571 4783 eos
1595 4730 1674 4783 ita
1700 4732 1758 4783 ut
1789 4731 1903 4787 hae-

260 4814 454 4867 reticos
479 4826 726 4882 perosus.
745 4812 950 4868 Audio.
974 4814 1082 4869 Sed
1117 4818 1182 4870 ut
1219 4820 1467 4887 utraque
1525 4835 1657 4889 pars
1705 4819 1901 4874 inimi-

265 4901 431 4955 citias
463 4901 736 4972 deponat,
768 4906 920 4958 certe
946 4920 1060 4959 non
1106 4905 1427 4976 requiritur
1470 4911 1536 4962 ut
1562 4908 1613 4963 is
1653 4909 1753 4979 qui
1802 4927 1903 4981 pa-

264 5006 385 5046 cem
421 4990 732 5046 conciliare
762 4992 976 5059 studet,
1009 4993 1243 5065 utrique
1287 4995 1764 5054 dissentientium
1818 5000 1901 5055 fa-

263 5085 410 5136 veat.
444 5079 594 5135 Illud
617 5080 898 5137 nimirum
932 5099 1168 5139 necesse
1207 5089 1296 5139 est
1350 5085 1566 5157 potius,
1621 5092 1684 5142 ut
1737 5087 1907 5144 dissi-

264 5170 466 5225 dentes
496 5170 647 5225 inter
675 5187 757 5235 se,
791 5188 923 5226 cum
957 5189 1022 5228 eo
1053 5173 1153 5245 qui
1184 5190 1387 5245 pacem
1447 5175 1718 5231 conciliat
1774 5194 1907 5233 con-

262 5261 517 5316 cordent.
547 5259 785 5316 Planius
808 5261 1019 5317 dicam.
1064 5264 1270 5319 Contat
1304 5280 1371 5319 ex
1400 5266 1685 5338 scriptore
1708 5267 1903 5323 nescio

262 5367 397 5422 quo,
429 5351 595 5422 cujus
622 5352 803 5408 verba
832 5347 1005 5403 habet
1042 5351 1327 5407 Eusebius
1370 5354 1435 5408 E.
1488 5358 1559 5409 H.
1610 5372 1662 5423 v,
1724 5373 1773 5412 e.
1816 5357 1902 5425 16,

262 5435 445 5505 p.232
474 5436 607 5491 edit.
642 5437 983 5509 Cantabrig.
1019 5439 1322 5512 Readingi,
1378 5459 1477 5498 eos
1527 5444 1627 5515 qui
1682 5445 1903 5517 puriori

265 5532 529 5595 Ecclesiae
557 5536 781 5595 addicti
815 5541 997 5609 erant,
1031 5540 1172 5594 adeo
1203 5542 1628 5614 contempsisse
1678 5543 1903 5599 Monta-

268 5624 461 5700 nistas,
482 5634 566 5699 ut,
590 5628 644 5685 si
676 5642 823 5683 casu
854 5627 1099 5698 conjecti
1121 5645 1254 5684 cum
1281 5630 1427 5703 ipsis
1457 5632 1748 5687 fuerintin
1780 5632 1904 5688 vin-

272 5717 403 5792 cula,
435 5736 680 5796 semper
713 5735 748 5775 a
780 5716 1156 5776 Montanistis
1186 5720 1594 5792 dissenserint,
1626 5723 1906 5794 atquede-

2014 4741 2143 4809 hoc,
2167 4742 2319 4811 quod
2353 4740 2764 4797 illumlibrum
2805 4742 3143 4797 excitaverit
3168 4741 3225 4795 in
3257 4757 3322 4795 eo
3364 4755 3536 4811 quem
3587 4736 3658 4792 de

2013 4831 2275 4887 Idolutria
2310 4831 2542 4902 scripsit
2598 4848 2724 4902 cap.
2773 4831 2860 4901 l3,
2924 4830 3199 4902 perfacile
3240 4835 3398 4885 esset
3443 4826 3658 4882 intelli-

2014 4938 2168 4993 gere,
2192 4920 2349 4976 hunc
2374 4925 2437 4975 ut
2483 4920 2795 4975 minimum
2857 4938 2992 4976 ann.
3049 4920 3331 4984 CXCVIII,
3386 4917 3503 4973 luci
3559 4932 3661 4986 pu-

2014 5009 2179 5065 1111010
2209 5009 2537 5079 expositum
2597 5009 2799 5079 fuisse,
2860 5026 2995 5064 eum
3052 5007 3451 5063 Tertullianus
3490 5002 3657 5058 illum

2014 5099 2217 5155 eodem
2251 5100 2368 5154 fere
2397 5116 2550 5154 anno
2583 5115 2716 5155 cum
2737 5097 3089 5155 Christianis
3119 5092 3657 5152 eommunicaverit.

2014 5190 2121 5244 Sed
2141 5191 2309 5244 docet
2352 5189 2545 5260 ipsum
2600 5190 2728 5259 ejus
2784 5189 2842 5243 in
2886 5189 2994 5243 hoc
3050 5187 3199 5241 libro
3240 5181 3658 5241 conscribendo

2015 5278 2327 5335 consilium
2362 5279 2855 5334 evertendiistam
2902 5277 3259 5349 opinionem,
3300 5273 3455 5345 quod
3502 5269 3661 5323 Chri-

2017 5368 2223 5424 stianis
2248 5368 2445 5423 liceret
2475 5368 2754 5424 interesse
2803 5365 3172 5440 spectaculis,
3231 5361 3483 5419 maxime
3530 5364 3658 5413 tum

2016 5458 2171 5513 edita
2194 5458 2512 5528 Spectacula
2544 5459 2746 5526 fuisse,
2779 5476 2901 5531 qua:
2935 5459 3267 5526 contempta
3297 5471 3330 5508 a
3379 5449 3659 5506 Christia-

2018 5546 2109 5602 nis
2140 5551 2424 5618 tanquam
2455 5548 2707 5619 expedito
2738 5551 2932 5604 mortis
2960 5562 3178 5617 genere,
3214 5545 3453 5599 deorum
3473 5538 3657 5594 culto-

2019 5654 2108 5692 res
2131 5637 2401 5693 dicebant
2430 5638 2519 5707 (de
2547 5639 2724 5709 Spect.
2767 5655 2817 5693 0.
2878 5640 2951 5709 1).
3004 5637 3137 5700 Quae
3198 5634 3437 5705 quidem
3495 5628 3665 5685 valde

2018 5727 2242 5797 dubito,
2274 5744 2348 5783 an
2371 5728 2442 5783 de
2472 5727 2602 5784 aliis
2634 5729 2761 5801 capi
2796 5725 3151 5800 spectaculis
3184 5724 3435 5798 possint,
3479 5736 3656 5792 quam
