4526 6376
709 369 823 429 155

1783 368 2297 429 DISSERTATIO
2341 366 2444 428 DE
2489 369 2700 429 VERA
2748 367 3026 428 IETATE

3987 371 4103 429 156

710 501 782 555 de
811 499 886 554 iis
915 515 1042 572 quae
1083 502 1318 570 propter
1373 497 1560 553 Severi
1619 499 1868 554 reditum
1927 499 2350 572 victoriamque
2377 502 2427 569 Α
2461 500 2837 570 posteriorem
2870 515 2998 555 esse
3021 517 3087 556 eo
3117 499 3183 555 de
3201 499 3562 570 Spectaculis,
3602 503 3660 555 et
3697 500 3900 556 eodem
3950 518 4103 558 anno

709 590 782 644 ab
813 588 1021 643 Albino
1053 594 1420 658 reportalam,
1455 605 1567 642 non
1602 591 1793 642 Romae
1818 587 2030 657 solum,
2091 590 2190 645 sed
2247 607 2349 660 per

705 678 1038 750 provincias
1070 677 1244 732 etiam
1278 676 1430 744 (coll.
1473 679 1598 747 0.7)
1641 679 1796 732 edita
1845 695 1972 734 esse
2039 680 2342 750 leguntur;

707 776 908 849 qualia
938 777 1050 832 isto
1089 782 1349 848 tempore
1380 776 1558 831 habet
1589 778 1955 848 Spartianus,
2007 777 2064 831 in
2115 779 2345 848 Severo,

708 865 1140 934 c.14.Namque
1164 865 1211 918 si
1231 863 1661 919 Tertullianum
1691 865 1860 920 ludos
1889 883 2348 922 commemorare

705 954 1068 1024 videmus(c.
1103 954 1192 1021 16)
1219 953 1282 1008 de
1338 955 1619 1009 natalibus
1668 963 1717 1010 ct
1765 956 2102 1011 solemnibus
2148 973 2347 1027 regum

707 1043 1017 1113 ctpubticis
1042 1043 1520 1114 prosperitatibus,
1581 1059 1833 1115 cumque
1890 1045 2097 1114 dicere,
2149 1044 2344 1101 nullos

703 1131 921 1187 acultu
946 1133 1188 1187 deorum
1219 1133 1508 1191 immunes
1548 1150 1698 1199 esse,
1747 1137 1846 1190 sub
1894 1152 2212 1208 quocunque
2255 1136 2344 1192 de-

699 1237 851 1275 mum
890 1223 1115 1276 nomino
1165 1229 1216 1276 et
1255 1223 1418 1277 titulo
1453 1223 1775 1285 ederentur;
1823 1224 1879 1279 id
1930 1241 2139 1297 nempe
2190 1226 2342 1296 quod

703 1310 963 1366 diximus
1022 1311 1416 1381 suspicamur,
1484 1313 1734 1368 maxime
1777 1314 1998 1370 inducti
2065 1334 2131 1371 eo
2187 1317 2341 1387 quod

703 1399 970 1470 praesides
1014 1399 1168 1454 dicat
1225 1401 1296 1472 (c.
1357 1401 1447 1467 50)
1496 1408 1862 1471 persecutores
1922 1407 2197 1460 Dominici
2250 1423 2344 1461 no-

704 1487 895 1553 minis,
965 1490 1305 1560 saevioribus,
1360 1506 1525 1561 quam
1588 1494 1696 1561 ipsi
1758 1498 1944 1548 contra
2011 1495 2344 1550 Christianos

700 1577 1006 1639 sxvierint,
1027 1578 1266 1645 ﬂammis
1310 1579 1707 1636 insultanlibus
1754 1582 1891 1636 olim
1947 1584 2340 1653 liquescentes;

703 1668 761 1718 et
803 1664 916 1720 alio
967 1667 1222 1736 quodam
1266 1667 1391 1723 loco
1447 1673 1517 1736 (c.
1560 1671 1649 1739 ‘26)
1709 1672 1847 1742 quod
1893 1674 1953 1726 in
2005 1672 2343 1728 Christianos

702 1753 1017 1825 quotidiani
1095 1757 1271 1812 leones
1335 1760 1764 1829 expostulentur,
1840 1777 1903 1815 ac
1977 1761 2344 1816 decernuntur

700 1845 1120 1940 persecutiones.
1157 1846 1347 1940 Igitur
1373 1848 1498 1918 jam
1551 1853 1674 1904 tum
1735 1850 2010 1920 praesides
2058 1853 2344 1906 vexabant
2375 1876 2420 1940 B

705 1931 917 1986 Christi
937 1931 1224 2001 cultores;
1251 1936 1466 2006 quibus
1488 1939 1864 2008 pertinaciam
1914 1940 1971 1994 in
2028 1940 2342 2009 rejicienda

704 2020 1184 2091 spectaculorum
1219 2023 1513 2096 voluptate
1535 2027 1706 2097 objici
1733 2045 1842 2083 usu
1875 2037 2108 2083 venerat
2144 2032 2216 2100 (c.
2265 2030 2338 2097 1).

701 2117 872 2172 Enim
903 2135 1036 2176 vero
1066 2121 1338 2191 diximus,
1370 2126 1470 2193 §7,
1528 2125 1588 2181 in
1646 2128 1839 2184 causis
1887 2128 2139 2183 violandi
2178 2129 2338 2184 Chri-

701 2206 926 2263 stianos
958 2226 1084 2264 eam
1119 2211 1299 2267 fuisse
1323 2213 1606 2280 habitam,
1640 2233 1756 2288 quo
1788 2216 1846 2270 hi
1913 2217 2022 2272 sibi
2073 2217 2340 2288 religioni

700 2295 978 2352 ducerent
999 2299 1190 2356 venire
1217 2303 1286 2356 ad
1312 2302 1501 2371 ludos,
1538 2305 1844 2377 ipsamque
1867 2307 2014 2362 hanc
2060 2309 2336 2362 saevitiam

699 2383 980 2442 adversus
1012 2403 1110 2444 eos
1129 2391 1252 2460 jam
1286 2409 1421 2446 ann.
1451 2393 2023 2463 CXCVIIexstitisse;
2059 2414 2235 2468 quam
2268 2398 2338 2452 ob

699 2489 820 2528 rem
845 2475 1029 2531 ullum
1066 2479 1183 2533 fore
1214 2481 1576 2551 dubitamus,
1601 2484 1702 2555 qui
1734 2484 1847 2540 alio
1878 2503 2050 2556 quam
2084 2486 2191 2541 hoc
2241 2491 2342 2541 aut

699 2565 968 2634 sequenti
1003 2583 1156 2622 anno
1177 2569 1461 2642 scriptum
1497 2590 1622 2628 esse
1651 2576 1715 2628 de
1743 2575 2085 2646 Spectaculis
2125 2575 2339 2630 librum

692 2652 942 2722 judicet.
968 2660 1158 2726 Atque
1189 2674 1293 2729 ego
1326 2677 1438 2715 non
1476 2661 1678 2732 ignoro
1713 2665 1932 2718 multos
1957 2665 2137 2719 fuisse
2187 2665 2243 2718 in
2275 2681 2342 2720 ea

701 2741 994 2814 opinione,
1028 2747 1194 2816 quasi
1227 2748 1624 2806 Tertullianus
1658 2759 1854 2808 nostro
1914 2753 1969 2808 in
2029 2753 2225 2808 libello
2260 2771 2343 2809 re-

702 2831 1405 2904 spexissetpotiusludos
1429 2839 1758 2905 saeculares,
1819 2859 2069 2914 quorum
2129 2861 2342 2898 memo-

703 2919 849 2974 riam
875 2924 957 2976 tot
989 2925 1249 2980 nummis
1281 2929 1549 2984 novimus
1580 2929 1952 3001 celebratam,
1987 2935 2042 2986 et
2086 2932 2210 3003 ipse
2269 2934 2339 2987 ad

702 3007 851 3064 hanc
885 3014 1238 3069 sententiam
1270 3015 1573 3073 inclinavit
1618 3019 2050 3088 Tillemontius,
2103 3039 2340 3078 accura-

702 3096 995 3167 tissimus,
1039 3102 1087 3156 si
1134 3121 1166 3158 a
1223 3105 1444 3161 ratione
1503 3107 1916 3181 chronologica
1979 3111 2337 3182 discesseris,

700 3185 913 3243 harum
946 3205 1141 3245 rerum
1172 3191 1457 3265 interpres
1484 3199 1793 3265 (Memoires
1821 3216 1960 3270 pour
1984 3202 2136 3254 “4
2159 3204 2340 3256 servir

701 3277 736 3329 a'
771 3275 1059 3334 l’Histoire
1077 3283 1481 3355 ecclesiastique
1527 3288 1622 3342 des
1673 3290 1764 3342 sia:
1814 3292 2079 3358 premiers
2128 3291 2334 3356 siécles,

701 3367 845 3420 tom.
883 3367 979 3434 III,
1013 3369 1149 3424 edit.
1176 3370 1358 3428 Paris.
1392 3374 1551 3444 1701,
1590 3376 1736 3443 in-II,
1772 3395 1822 3448 p.
1878 3380 2024 3446 210).
2077 3380 2187 3434 Sed
2247 3379 2341 3434 isti

703 3453 986 3526 opinioni,
1021 3474 1135 3528 quo
1169 3460 1362 3515 minus
1384 3462 1670 3520 calculum
1706 3467 2074 3536 adjiciamus,
2101 3468 2345 3540 impedit

705 3541 966 3612 primum
1009 3545 1138 3613 hoc,
1196 3551 1347 3619 quod
1409 3552 1805 3610 Tertullianus
1867 3557 2143 3628 praesides
2188 3557 2343 3613 dicat

703 3635 971 3688 auctores
1003 3633 1404 3693 calamitatum
1437 3638 1494 3695 in
1529 3641 1992 3711 Christianos,ut
2022 3646 2344 3702 abhorrens

705 3719 973 3776 videatur
1024 3724 1096 3778 ab
1145 3725 1259 3782 ista
1315 3729 1582 3786 cautione
1634 3749 1699 3787 ac
1750 3735 1943 3790 studio
2002 3735 2343 3792 Tertulliani

705 3812 1042 3868 removendi
1075 3831 1109 3869 a
1141 3815 1479 3874 christianis
1519 3837 1753 3877 omnem
1803 3824 2195 3896 suspicionem
2239 3843 2344 3882 ne-

704 3898 906 3970 glectae
938 3902 1173 3974 pietatis
1203 3907 1486 3964 adversus
1516 3910 1948 3982 Imperatorem.
1989 3913 2190 3986 Itaque
2237 3915 2343 3972 hac

705 3987 836 4059 ipsa
873 3993 1148 4048 cautione
1204 3995 1350 4051 alias
1400 3998 1759 4056 Tertulliano
1809 4003 1998 4059 ubivis
2058 4005 2339 4076 adhibita,

707 4101 886 4156 quam
919 4087 1014 4144 hic
1035 4090 1240 4147 abesse
1269 4094 1557 4163 videmus,
1593 4099 1941 4156 adducimur
1963 4102 2018 4157 in
2048 4119 2176 4158 eam
2212 4121 2341 4159 sen-

707 4176 950 4232 tentiam
980 4183 1046 4234 ut
1075 4183 1404 4249 credamus,
1441 4190 1704 4258 tempore
1744 4191 1879 4244 editi
1936 4191 2113 4262 hujus
2161 4193 2342 4250 libelli

709 4266 969 4351 nondum
1003 4267 1239 4324 sceleris
1266 4270 1437 4328 istius
1459 4275 1740 4331 adversus
1771 4277 2133 4335 Christianos
2173 4280 2347 4351 parti-

708 4343 901 4425 cipem
931 4356 1111 4413 fuisse
1133 4359 1628 4434 Severum,qualis
1653 4370 1843 4422 tamen
1870 4368 1977 4424 fuit
2007 4343 2342 4442 ann.CCIV,

710 4457 840 4498 cum
865 4443 987 4500 ludi
1023 4446 1119 4501 isti
1159 4450 1466 4508 saeculares
1495 4454 1824 4511 ederentur.
1886 4458 2099 4514 Deinde
2148 4460 2344 4515 efﬁce-

2459 589 2876 661 compositum,
2908 589 3029 645 hazc
3056 593 3256 645 nostra
3292 590 3362 644 de
3400 592 3565 644 aetate
3597 588 3726 644 libri
3775 590 3840 645 de
3879 589 4100 662 Specta-

2456 681 2596 734 culis
2628 679 2918 734 sententia
2950 680 3085 734 inde
3115 678 3445 734 necessario
3493 677 3868 749 intelligetur.
3915 682 4103 751 Atque

2457 768 2577 823 haec
2603 770 2803 823 eadem
2838 768 2971 823 libri
3002 774 3142 824 tetas
3172 769 3537 824 demonstrat
3574 767 3738 832 satis,
3775 784 3888 823 non
3926 785 4100 840 posse

2456 875 2590 914 eum
2621 857 2822 913 haberi
2854 859 2910 912 in
2939 874 3181 913 numero
3199 873 3423 922 eorum,
3447 874 3595 928 quos
3625 857 3896 912 addictus
3926 863 4098 913 sectis

2458 947 2948 1003 Montanistarum
3007 947 3401 1003 Tertullianus
3479 946 3863 1019 conscripsit;
3959 947 4096 1004 huic

2457 1039 2612 1093 enim
2646 1037 2984 1108 adjunxisse
3007 1053 3068 1092 se
3115 1054 3250 1093 eum
3309 1040 3376 1091 Δ.
3428 1037 3488 1090 Ρ.
3540 1037 3601 1092 C.
3654 1037 3722 1091 N.
3757 1036 3861 1092 CC.
3915 1053 4100 1104 supra

2456 1128 2926 1199 disputavimus;
2970 1143 3159 1198 neque
3190 1126 3311 1182 ulla
3336 1131 3426 1182 est
3453 1126 3561 1198 ipsi
3608 1125 3756 1182 libro
3813 1125 4099 1198 impressa

2456 1225 2593 1274 nota
2626 1218 2836 1273 imbuti
2869 1217 3360 1273 Montanistarum
3418 1215 3715 1271 erroribus
3767 1216 3968 1271 animi.
4022 1221 4099 1270 At

2454 1308 2547 1362 hic
2582 1305 3204 1363 tamenlibelluslibro
3249 1306 3314 1360 de
3367 1308 3582 1363 Corona
3640 1306 3930 1376 posterior
3981 1308 4095 1376 est,

2457 1424 2630 1480 quem
2655 1423 2824 1461 nemo
2850 1404 3222 1461 Montanismi
3280 1406 3451 1475 ngna
3483 1403 3696 1460 habere
3752 1407 3946 1476 negat.
4009 1403 4097 1458 Ita

2455 1498 2572 1552 fere
2612 1497 2967 1566 lloﬂmannus
3003 1494 3061 1549 in
3095 1493 3238 1549 diss.
3272 1492 3429 1549 laud.
3463 1494 3580 1560 §7;
3637 1511 3670 1548 a
3727 1510 3842 1565 quo
3894 1493 3942 1548 si
4003 1509 4096 1547 ra-

2453 1586 2671 1640 tionem
2704 1585 2830 1654 ejus
2852 1583 2932 1638 rei
2965 1583 3529 1654 postulas,nostrum
3563 1582 3849 1654 prodiisse
3876 1581 4097 1636 librum

2454 1674 2784 1744 respondet,
2817 1692 2836 1719 ι
2865 1688 2998 1728 cum
3033 1688 3139 1742 pax
3174 1670 3439 1726 Ecclesia
3474 1687 3589 1725 non
3622 1671 3858 1742 quidem
3902 1669 4100 1724 Severi

2453 1762 2678 1818 edictis.
2715 1763 2810 1817 sed
2849 1761 3210 1816 clamoribus
3243 1759 3441 1832 populi
3465 1764 3521 1814 et
3553 1759 3866 1832 praesidum
3900 1765 4099 1814 aucto-

2453 1852 2624 1906 ritate
2650 1850 2883 1905 sublata
2923 1855 3146 1905 esset.»
3197 1853 3271 1904 At
3326 1852 3527 1904 eodem
3587 1847 3684 1904 illo
3745 1852 4098 1918 argumento

2451 1941 2759 2008 adductus,
2785 1956 2917 1993 cum
2951 1939 3213 1994 animum
3242 1937 3558 2009 appelleret
3593 1938 3664 1992 ad
3715 1936 4097 1992 scribendum

2451 2029 2664 2084 librum
2700 2028 2767 2083 de
2797 2029 3156 2100 Spectaculis,
3182 2025 3793 2098 Tcrtullianumplane
3821 2024 4100 2081 existimo

2453 2119 2784 2174 orthodoxae
2819 2116 3051 2172 familiae
3085 2116 3343 2172 sodalem
3401 2116 3598 2172 fuisse.
3650 2116 3915 2186 Namque
3970 2114 4097 2170 vim

2450 2207 2778 2277 argumenti
2803 2205 3077 2262 contrarii
3109 2205 3444 2260 universam
3502 2205 3561 2259 in
3619 2220 3685 2260 eo
3743 2220 3872 2260 esse
3925 2203 4099 2260 video

2450 2297 2605 2368 quod
2641 2297 2696 2350 in
2732 2296 2840 2350 isto
2871 2295 3018 2350 libro
3061 2295 3126 2350 de
3185 2295 3414 2364 Corona,
3472 2311 3521 2350 c.
3583 2294 3635 2364 1,
3693 2292 4102 2349 Tertullianus

2449 2387 2664 2442 bonam
2697 2387 3051 2456 longamque
3077 2401 3274 2457 pacem
3309 2385 3658 2440 Christianis
3689 2384 3881 2440 adhuc
3912 2384 4104 2440 fuisse

2452 2476 2645 2540 dicat;
2673 2475 2763 2530 cui
2791 2476 2928 2546 quid
2962 2475 3437 2546 respondendum
3469 2475 3568 2544 sit,
3604 2480 3804 2546 postea
3858 2473 4107 2528 dabitur

2451 2565 2812 2620 commodior
2852 2565 3083 2620 dicendi
3134 2565 3314 2620 locus.
3372 2564 3481 2619 Sed
3543 2564 3699 2620 istud
3761 2581 3794 2619 a
3847 2562 4098 2618 veritate

2451 2654 2704 2710 alienum
2740 2659 2848 2722 est,
2882 2653 3034 2724 quod
3061 2654 3132 2708 de
3161 2654 3500 2724 Spectaculis
3532 2652 3682 2708 liber
3712 2652 3970 2724 scriptus
4016 2651 4104 2706 sit

2451 2749 2584 2814 post
2612 2742 2825 2797 librum
2856 2744 2922 2798 de
2951 2747 3208 2805 Corona;
3241 2745 3409 2813 cujus
3431 2744 3509 2798 rei
3543 2747 3750 2798 testem
3806 2741 4105 2796 habemus

2449 2831 2644 2902 ipsum
2684 2833 3081 2887 Tertullianum
3107 2831 3276 2902 plane
3305 2831 3691 2896 contrarium,
3725 2831 3824 2901 qui
3871 2829 3929 2884 in
3979 2828 4102 2882 isto

2450 2919 2513 2974 de
2535 2920 2745 2975 Corona
2787 2919 3003 2989 libello,
3067 2937 3193 2989 cap.
3244 2923 3298 2988 6,
3362 2922 3500 2976 Huic
3545 2921 3815 2985 materie,
3876 2918 4098 2989 inquit,

2445 3025 2667 3090 prepter
2696 3020 3038 3076 suavitudios
3067 3029 3298 3087 nostros,
3331 3035 3510 3090 graeco
3556 3035 3768 3092 quoque
3812 3019 3952 3090 style
3998 3035 4094 3072 sa-

2450 3111 2781 3177 tis/“coimus;
2819 3108 3116 3179 loquimur
3162 3113 3356 3163 autem
3415 3110 3485 3164 de
3529 3106 3905 3180 Spectaculis,
3957 3123 4098 3178 quas

2450 3197 2626 3252 ducta
2645 3201 2810 3270 putat
2840 3215 2868 3253 e
2899 3197 3123 3254 diaboli
3153 3197 3482 3270 disciplina.
3503 3199 3573 3253 Et
3603 3199 3708 3253 hoc
3739 3197 3935 3268 ipsum
3959 3196 4097 3267 jam

2450 3289 2719 3344 Allixium
2789 3290 3119 3360 commovit,
3181 3294 3245 3344 ut
3303 3294 3570 3346 nostrum
3637 3289 3702 3344 de
3753 3287 4100 3359 Spectaculis

2450 3374 2666 3431 librum
2728 3376 3117 3448 antiquiorem
3168 3393 3234 3432 eo
3291 3394 3420 3434 esse
3489 3379 3855 3443 decerneret;
3916 3376 4099 3446 cujus

2451 3467 2782 3535 argumenti
2815 3467 2929 3520 vim
2966 3466 3308 3523 Hoﬂ‘manus
3330 3465 3453 3522 vult
3486 3466 3775 3538 frangere,
3813 3465 3968 3536 quod
4019 3465 4099 3520 de

2451 3556 2644 3610 Graeco
2676 3553 2871 3610 libello
2931 3571 3260 3611 sermonem
3335 3571 3465 3611 esse
3522 3556 3670 3611 “5
3724 3553 4098 3625 pronuntiat,

2455 3649 2765 3717 negatque,
2790 3647 2943 3700 idem
2984 3646 3054 3700 de
3114 3645 3310 3701 Latine
3360 3649 3595 3718 propter
3637 3645 3892 3700 rationes
3948 3661 3983 3698 a
4030 3660 4104 3700 se

2451 3734 2735 3789 adductas
2768 3734 3139 3790 sentiendum
3171 3750 3320 3790 esse.
3347 3738 3532 3805 Atque
3553 3749 3659 3806 ego
3692 3750 3807 3789 non
3838 3731 4098 3800 inficior,

2451 3831 2876 3888 Tertullianum
2909 3834 2979 3887 de
3010 3848 3076 3888 eo
3109 3831 3257 3888 libro
3292 3831 3473 3888 fuisse
3504 3831 3786 3898 locutum,
3830 3845 4002 3903 quem
4033 3831 4109 3888 de

2463 3922 2797 3993 Spectaculis
2829 3921 2967 3976 olim
2999 3927 3190 3978 Graece
3238 3921 3661 3993 composuisset
3694 3939 3706 3987 ;
3755 3921 3854 3975 sed
3909 3936 4109 3991 neque

2452 4012 2599 4067 illud
2625 4018 2815 4085 potest
2844 4030 2972 4069 esse
3003 4015 3345 4080 obscurum,
3389 4017 3521 4068 ante
3563 4012 3740 4067 istum
3808 4012 4106 4083 Graecum,

2455 4102 2651 4158 Latine
2681 4102 2853 4158 etiam
2893 4119 3027 4157 eum
3079 4107 3544 4158 commentatum
3593 4118 3722 4158 esse
3770 4103 3841 4156 de
3889 4102 4104 4157 eodem

2453 4197 2820 4263 argumento.
2864 4192 3065 4247 Nonne
3103 4193 3259 4248 enim
3321 4194 3390 4261 is,
3453 4191 3553 4263 qui
3611 4192 3681 4246 de
3744 4191 4107 4262 spectaculis

2449 4285 2643 4336 GPEPCB
2674 4297 2903 4352 quoque
2934 4299 2994 4337 se
3025 4281 3241 4337 dixisse
3273 4281 3510 4351 fatetur,
3533 4280 3684 4336 idem
3704 4279 3814 4336 hoc
3843 4279 4108 4336 voluisse

2426 4371 2786 4436 censendus
2807 4376 2913 4440 est,
2951 4387 3011 4427 se
3044 4370 3182 4426 olim
3207 4371 3320 4426 alia
3342 4371 3519 4426 etiam
3549 4369 3749 4442 lingua
3797 4369 3956 4425 istud
3999 4386 4106 4424 ar-

2455 4464 2800 4531 gumentum
2835 4463 3163 4516 tractasse?
3200 4461 3271 4515 de
3321 4459 3647 4515 rationibus
3706 4462 3898 4514 autem
3948 4457 4107 4514 Hoif-

707 4535 869 4621 retur
897 4533 1145 4605 ipeahac
1177 4539 1630 4598 dissentientum
1653 4544 2107 4617 opinione,hunc
2125 4547 2341 4604 librum
2382 4614 2413 4621 ᾳ
2454 4549 2654 4604 manui
2685 4549 2744 4604 in
2775 4549 3130 4606 contrariam
3165 4553 3389 4621 partem
3449 4547 3666 4613 allatis,
3707 4548 3832 4619 jam
3895 4548 4106 4604 monui

709 4620 991 4691 scriptum
1027 4641 1157 4682 esse
1204 4646 1238 4684 a
1289 4631 1646 4699 Tertulliano,
1692 4614 1835 4690 cum
1886 4614 2218 4694 transiisset
2273 4640 2344 4694 ad
2380 4614 2422 4678 D
2456 4654 2549 4693 me
2582 4614 4103 4710 posteadicturum.NequeestaudiendusDupinius,

709 4713 906 4778 partes
937 4711 1458 4789 Montanistarum;
1495 4723 1647 4791 quod
1671 4722 1840 4795 longe
1898 4742 2065 4780 secus
2114 4731 2224 4797 est,
2283 4733 2347 4784 ut

709 4812 842 4852 mox
889 4800 1204 4869 videbitur,
1262 4824 1327 4861 ac
1368 4810 1710 4880 repudiatur
1768 4813 1839 4867 ab
1900 4813 2046 4885 ipsis
2093 4815 2186 4871 his
2245 4817 2346 4888 qui

711 4901 881 4942 secus
911 4889 1268 4948 existimant.
1299 4897 1496 4969 Neque
1527 4916 1660 4956 vero
1693 4901 1996 4969 aliorsum,
2019 4921 2195 4975 quam
2232 4906 2348 4962 fere

707 4975 779 5028 ad
814 4975 992 5047 hujus
1010 4981 1146 5034 anni
1167 4982 1426 5042 CXCVIII
1451 4988 1706 5056 initium,
1735 4991 2121 5050 hunclibrum
2146 4997 2346 5053 referri

705 5072 940 5135 parcet,
975 5071 1255 5141 quoniam
1286 5083 1418 5132 ante
1468 5078 1686 5136 Maium
1747 5083 1884 5137 anni
1946 5087 2344 5158 praecedentis,

708 5163 803 5253 vix
830 5167 1108 5226 credibile
1130 5177 1237 5239 est,
1288 5181 1558 5232 Severum
1603 5183 1844 5236 Romam
1905 5183 2167 5253 rediisse,
2213 5203 2344 5242 cum

705 5252 827 5343 sint
857 5263 991 5328 post
1014 5275 1273 5331 pugnam
1298 5264 1748 5336 Lugdunensem
1781 5272 1828 5341 (§
1869 5271 1958 5343 10)
2003 5276 2192 5330 multa
2239 5277 2347 5331 ad-

701 5341 817 5399 huc
850 5345 922 5400 ab
948 5347 1078 5420 ipso
1109 5354 1433 5423 composita
1457 5356 1612 5425 (Vid.
1638 5341 1950 5416 Herodiani
1982 5366 2156 5434 Ilist.,
2189 5367 2232 5420 Ι.
2259 5382 2344 5433 m,

703 5447 754 5486 c.
785 5434 840 5504 8,
885 5438 976 5492 ed.
1027 5438 1325 5515 Boecleri),
1369 5447 1522 5502 unde
1567 5448 1652 5518 ﬁt,
1715 5454 1779 5505 ut
1826 5467 1934 5509 nec
1988 5452 2222 5511 libellus
2277 5456 2347 5510 ad

708 5524 1006 5600 Martyres,
1041 5531 1141 5603 qui
1164 5540 1364 5592 nostro
1421 5541 1512 5594 est
1556 5539 1852 5611 superior;
1906 5543 2019 5599 nisi
2070 5546 2142 5600 ad
2186 5545 2346 5601 illius

704 5612 1063 5710 apnitinem,
1095 5623 1557 5701 scriptuspossit
1614 5628 1749 5686 dici.
1807 5631 1908 5688 Cui
1961 5633 2012 5690 si
2061 5636 2347 5692 addamus

700 5701 783 5770 id,
816 5707 971 5775 quod
1003 5726 1109 5768 suo
1137 5713 1264 5773 loco
1297 5718 1658 5793 docebimus,
1682 5720 1900 5781 librum
1931 5723 1997 5782 de
2024 5726 2347 5785 ldololatria

2457 4735 2557 4807 qui
2590 4736 2745 4791 hunc
2778 4735 3015 4808 quidem
3031 4753 3164 4792 cum
3197 4753 3262 4792 eo
3290 4736 3389 4807 qui
3423 4736 3598 4791 estde
3659 4736 3928 4792 Idolatria
3987 4735 4105 4790 cir-

2457 4827 2601 4880 citer
2625 4843 2761 4882 ann.
2787 4828 2924 4882 CCII
2956 4831 3058 4883 aut
3087 4825 3246 4882 CCIII
3305 4825 3589 4897 scriptum
3639 4843 3769 4883 esse
3825 4824 4108 4898 opinatur

2457 4932 2490 4970 a
2521 4916 2878 4973 Tertulliano
2899 4919 3025 4989 jam
3049 4918 3118 4973 ad
3153 4933 3376 4972 errores
3435 4915 3924 4972 Montanistarum
3971 4931 4108 4988 pro-

2457 5004 2585 5061 clivi
2615 5009 2782 5076 (dans
2817 5007 2874 5063 Ia
2901 5009 3157 5064 Nouvelle
3203 5006 3579 5078 Bibliotheque
3633 5006 3727 5062 des
3772 5015 3968 5063 auteur
4020 5021 4107 5061 ec-

2455 5097 2856 5170 clesiastiques,
2888 5099 3027 5154 édit.
3062 5100 3132 5154 de
3153 5097 3339 5166 Paris,
3372 5099 3530 5163 1693,
3559 5097 3696 5166 in-4,
3728 5101 3771 5152 t.
3807 5098 3851 5163 Ι,
3898 5113 3956 5168 p.
4007 5095 4102 5163 91,

2456 5191 2513 5242 et
2574 5189 2693 5258 108,
2748 5193 2865 5244 not.
2915 5191 2988 5258 1).
3041 5191 3164 5254 Qua
3207 5188 3266 5243 in
3301 5203 3361 5243 re
3406 5181 3716 5258 deceptum
3769 5203 3902 5242 eum
3971 5201 4108 5242 esse

2456 5277 2724 5347 suspicor
2749 5277 2930 5334 natali
2960 5279 3113 5335 Getae
3144 5277 3406 5345 Caesaris,
3439 5278 3609 5347 cujus
3641 5276 3882 5332 memini
3932 5292 4107 5331 men-

2456 5365 2674 5422 tionem
2709 5368 2832 5422 tieri
2858 5369 2915 5424 in
2949 5368 3110 5424 Actis
3144 5369 3438 5438 Perpetuae
3481 5371 3540 5421 et
3572 5365 3906 5432 Felicitatis,
3968 5382 4106 5436 quas

2455 5456 2692 5528 quidem
2717 5460 3040 5515 creduntur
3070 5476 3136 5515 eo
3162 5475 3314 5515 anno
3348 5462 3595 5512 mortem
3628 5456 3900 5513 subiisse.
3933 5458 4109 5512 Hunc

2453 5563 2586 5603 vero
2611 5549 2866 5605 natalem
2889 5555 3054 5622 putat
3083 5547 3494 5606 aTertulliano
3541 5546 3601 5602 in
3654 5546 3804 5604 libro
3853 5545 3923 5603 de
3977 5547 4108 5603 Ido-

2454 5636 2690 5694 lolatria
2718 5638 3064 5712 indicatum,
3096 5641 3271 5711 cujus
3323 5637 3429 5709 rei,
3491 5637 3699 5694 saltem
3743 5637 3804 5694 in
3860 5654 3927 5694 eo
3972 5635 4106 5694 loco

2453 5742 2626 5800 quem
2649 5727 2939 5799 excitavit,
2971 5729 3202 5788 nullum
3232 5733 3324 5787 est
3351 5726 3687 5800 vestigium,
3720 5743 3806 5797 ac,
3839 5727 3889 5785 si
3923 5731 4105 5795 esset,
