4526 6348
448 406 557 466 157

1334 406 1434 467 AC
1478 403 1871 467 DOC'l‘RINA
1917 398 2423 463 SCRIPTORUM
2467 401 3022 464 TERTULLIANI.

3749 395 3867 456 158

446 537 499 591 id
532 536 814 592 nimirum
852 536 1093 593 cederet
1124 536 1181 591 in
1203 537 1707 609 disceptationem,
1731 531 2101 591 intellexerit-
2127 530 2181 597 Α
2212 534 2334 586 tum
2392 532 2689 604 paulisper
2755 533 3075 599 accederet,
3147 530 3350 586 dubito
3414 546 3487 585 an
3554 532 3869 585 tractasset

451 643 514 680 ne
571 624 982 681 Tertullianus
1046 627 1295 682 natalem
1348 627 1577 699 imperii
1637 644 1710 681 an
1764 624 1889 679 vitzs
1948 622 2099 677 Getae

448 712 731 769 Caesaris?
781 715 872 769 Fit
922 715 1106 787 igitur
1155 715 1380 783 stabile,
1442 716 1599 770 hunc
1647 716 1710 770 de
1767 712 2100 785 Spectaculis

448 803 661 858 librum
695 803 926 859 editum
963 805 1081 860 fere
1113 804 1291 860 fuisse
1331 804 1441 860 sub
1493 822 1627 860 ann.
1676 803 1941 859 CXCVIII
1990 800 2101 855 ini-

450 895 616 948 tium.

451 1000 687 1073 §15.—
720 1002 889 1056 Liber
912 1001 977 1056 de
1030 1002 1342 1057 Idololatria
1387 1002 1565 1057 eidem
1612 1018 1758 1056 anno
1810 1002 2095 1055 asseritur.

519 1074 831 1127 Titlemonii
855 1081 906 1128 et
936 1073 1252 1144 Ho/fmanni
1280 1075 1608 1145 conjectum?
1638 1074 2024 1144 dispelluntur.

514 1179 682 1234 Ilunc
705 1180 922 1252 excipit
952 1179 1018 1235 de
1052 1180 1376 1235 Idololatria
1425 1180 1679 1237 libellus.
1733 1183 1913 1246 Quem
1964 1196 2095 1234 cum

447 1268 849 1324 Tertullianus
876 1268 1178 1339 scriberet,
1211 1274 1377 1325 erant
1399 1286 1538 1325 sane
1565 1271 1808 1325 Romani
1833 1271 2097 1341 occupati

444 1357 501 1412 in
535 1374 626 1427 eo,
654 1374 771 1429 quo
805 1358 1183 1414 ostenderent
1214 1358 1473 1414 laetitiam
1507 1376 1800 1414 summam
1834 1360 1904 1413 de
1954 1366 2095 1413 tem-

444 1462 656 1517 porum
710 1446 957 1501 istorum
1011 1447 1302 1513 felicitate,
1349 1464 1529 1519 eaque
1579 1449 1649 1502 de
1699 1465 1877 1503 causa
1940 1448 2098 1518 ipsas

435 1536 658 1607 januas
681 1553 821 1591 suas
843 1535 1061 1592 laureis
1084 1542 1499 1592 exornaverant
1518 1541 1570 1592 et
1599 1537 1801 1592 multis
1842 1536 2098 1591 lucernis

442 1624 600 1691 (coll.
636 1641 685 1679 c.
731 1626 832 1692 l5).
870 1625 931 1679 ld
963 1642 1095 1680 vero
1128 1626 1185 1679 in
1220 1625 1498 1681 honorem
1558 1625 1930 1696 imperatoris
1976 1626 2093 1679 fac-

441 1718 569 1768 tum
624 1731 779 1779 esse,
829 1716 1192 1770 demonstrat
1256 1715 1450 1771 omnis
1511 1716 1856 1787 disputatio,
1918 1732 2095 1786 quam

442 1802 692 1871 subjicit
734 1803 1131 1859 Tertullianus
1180 1822 1357 1875 super
1423 1805 1536 1859 ista
1596 1805 1954 1875 quaestione:
2024 1822 2094 1859 an

2212 620 2630 691 Tertullianus,
2681 623 2729 677 si
2777 622 3009 692 quidem
3056 626 3180 676 tum
3230 619 3547 675 Christiani
3617 619 3867 673 admissi

2211 709 2280 763 ad
2315 710 2698 782 magistratus
2726 728 2839 765 non
2872 715 3087 765 essent.
3124 709 3233 763 Sed
3268 707 3506 779 quidem
3539 707 3694 761 haud
3760 723 3867 762 ne-

2211 814 2303 869 go,
2339 816 2430 854 me
2473 800 2874 865 subdubitare,
2933 800 3086 871 quod
3130 797 3384 868 amplius
3430 795 3864 852 communicata

2211 903 2343 942 cum
2373 887 2721 944 Christianis
2762 888 2977 943 fuerint
3008 887 3201 942 ofﬁcia
3249 885 3504 957 publica,
3558 902 3692 940 cum
3735 886 3861 956 jam

2210 977 2455 1032 Severus
2486 976 2742 1032 edictum
2778 979 2849 1032 de
2901 976 3181 1048 religione
3224 974 3689 1030 Christianorum
3746 990 3863 1029 non

2210 1074 2543 1145 recipienda
2574 1074 2823 1129 tulisset.
2862 1075 3060 1129 Restat
3090 1073 3271 1145 igitur
3310 1071 3557 1127 alterum
3588 1072 3743 1143 quod
3769 1072 3863 1126 di-

2207 1162 2401 1217 ximus
2433 1164 2888 1219 eelebrationum
2924 1180 3131 1233 genus,
3164 1163 3317 1233 quod
3368 1164 3501 1233 post
3548 1161 3743 1216 Severi
3794 1178 3862 1217 ex

2209 1251 2397 1306 Gallia
2444 1254 2697 1306 reditum
2741 1253 3036 1307 exstitisse
3078 1250 3454 1323 perspicuum
3513 1253 3621 1304 est.
3678 1249 3861 1320 Cujus

2209 1340 2506 1396 sententiae
2540 1358 2751 1396 novum
2786 1341 3022 1412 aliquod
3067 1343 3508 1412 argumentum,
3541 1354 3647 1394 nec
3700 1339 3857 1394 istud

2209 1431 2463 1500 profecto
2495 1432 3012 1489 contemnendum.
3046 1430 3165 1500 peti
3219 1432 3409 1501 potest
3446 1444 3515 1483 ex
3561 1444 3647 1492 eo,
3699 1428 3851 1498 quod

2207 1518 2600 1573 ’l‘ertullianus
2634 1520 2764 1585 isto,
2799 1535 2914 1589 quo
2948 1518 3163 1573 librum
3195 1517 3353 1572 hunc
3408 1515 3662 1588 scripsit,
3707 1521 3857 1572 tem-

2209 1620 2347 1675 pore
2378 1606 2688 1677 astrologis
2722 1622 2910 1675 nuper
2941 1605 3257 1659 admodum
3294 1604 3503 1659 Urbem
3538 1607 3593 1658 et
3629 1602 3860 1658 Italiam

2208 1692 2581 1748 interdictam
2617 1711 2743 1747 esse
2776 1700 3218 1761 commemorat,
3247 1710 3301 1748 c.
3341 1694 3396 1747 9.
3427 1692 3590 1755 Quod
3628 1692 3863 1762 quando

2208 1781 2285 1835 sit
2315 1782 2553 1848 factum,
2590 1798 2658 1836 ex
2683 1783 2990 1853 Spartiano
3023 1799 3136 1837 non
3192 1782 3389 1836 minus
3436 1781 3657 1835 discere
3701 1780 3860 1848 licet,

445 1892 638 1964 pietas
672 1892 1010 1964 imperatori
1042 1894 1236 1948 debita
1267 1896 1543 1965 requirat,
1580 1900 1641 1947 ut
1671 1893 1999 1961 christiani,
2028 1893 2095 1948 ad
2130 1903 2176 1967 B
2208 1895 2232 1949 ί]

2069 1893 2095 1947 d
2130 1903 2176 1967 Β
2208 1895 2383 1949 quam
2417 1896 2483 1934 ex
2516 1881 2641 1950 ipso
2668 1880 3045 1944 Tertulliano,
3078 1879 3364 1944 Primum,
3388 1879 3695 1934 audiamus
3722 1895 3856 1933 nos-

448 1981 874 2037 declarandum
909 1984 979 2038 de
1009 1982 1251 2038 Caesaris
1283 1983 1474 2039 salute
1504 1984 1810 2056 gaudium,
1862 2000 1924 2038 se
1972 1985 2102 2038 deo-

453 2086 585 2124 rum
621 2070 948 2126 cultoribus
980 2071 1307 2144 adjungant
1336 2073 1492 2128 vario
1529 2072 1737 2126 laztitiae
1769 2078 2050 2143 apparatu
2073 2072 2101 2126 ‘l

452 2158 608 2227 Hec,
641 2160 691 2215 si
727 2161 858 2231 quis
889 2161 1238 2232 quaesiverit,
1271 2162 1343 2216 ad
1366 2179 1631 2232 quasnam
1649 2167 1913 2233 tempora
1934 2178 2098 2233 spec-

448 2253 598 2316 tent,
632 2249 834 2305 nullus
883 2266 985 2320 ego
1035 2250 1237 2305 dubito
1284 2251 1510 2306 dicere:
1564 2252 1631 2305 ad
1683 2251 1841 2307 varia
1890 2250 2099 2305 lartitiaa

450 2336 642 2409 signa,
678 2338 896 2409 quibus
927 2339 1091 2409 quasi
1137 2340 1360 2409 Severo,
1407 2356 1436 2395 e
1488 2338 1639 2395 bello
1688 2356 1821 2395 cum
1871 2340 2099 2395 aemulis

451 2425 683 2497 imperii
720 2426 940 2494 reduci,
973 2428 1218 2483 Romani
1252 2428 1707 2499 applaudebant.
1733 2428 1990 2499 Namque
2012 2433 2101 2483 ter

447 2514 705 2587 legimus
736 2516 890 2587 apud
939 2516 1252 2588 scriptores
1302 2523 1526 2572 veteres
1574 2517 1909 2573 istiusmodi
1957 2518 2095 2589 quid

459 2604 679 2659 factum
713 2605 824 2660 sub
854 2606 1045 2661 Severi
1078 2604 1359 2676 imperio:
1414 2605 1668 2678 primum
1720 2624 1814 2663 an.
1866 2606 2096 2675 CXCIII,

451 2709 586 2747 cum
623 2693 895 2759 Severus,
932 2710 1173 2765 regnum
1226 2698 1637 2766 occupaturus,
1694 2695 1959 2763 Romam,
2012 2695 2098 2748 in-

452 2782 695 2836 terfecto
728 2781 980 2851 Juliano,
1016 2782 1292 2838 intrasset
1321 2784 1471 2854 (Dio,
1531 2784 1681 2854 apud
1731 2783 2097 2855 Xiphilnum,

454 2870 505 2924 l.
540 2870 726 2935 Lxva,
760 2888 807 2925 c.
840 2873 892 2937 2,
924 2888 978 2942 p.
1016 2872 1153 2925 1242
1200 2872 1299 2941 C);
1346 2876 1572 2943 postea,
1620 2889 1750 2927 cum
1810 2872 1991 2927 victor
2033 2890 2101 2928 ex

456 2958 643 3013 (lallia
675 2959 968 3023 rediisset,
1000 2958 1206 3015 Albino
1240 2964 1531 3031 prostrato
1561 2961 1891 3032 (Herodian.
1929 2962 1965 3015 l.
2014 2977 2097 3026 nx,

456 3063 507 3102 ο.
564 3049 639 3115 8;
692 3047 996 3118 Spartian.
1041 3048 1098 3102 in
1144 3052 1369 3116 Severo,
1424 3064 1473 3103 c.
1527 3049 1648 3117 12);
1720 3049 1973 3120 denique
2039 3051 2096 3104 in

456 3136 863 3193 decennalibus
889 3139 1109 3208 imperti
1127 3139 1235 3207 sui,
1258 3154 1389 3192 cum
1415 3144 1797 3193 reverteretur
1816 3156 1882 3193 ex
1905 3138 2100 3193 Orien-

456 3227 687 3295 te(Dio,
714 3226 752 3281 l.
780 3243 964 3295 LXXVI,
1008 3243 1055 3280 c.
1112 3227 1159 3296 1,
1216 3243 1271 3297 p.
1322 3227 1495 3294 l272;
1538 3231 1593 3282 et
1642 3228 1873 3298 Herod.,
1922 3226 1959 3282 l.
2011 3245 2095 3296 ιη,

454 3331 504 3369 c.
540 3316 670 3385 {0);
704 3315 859 3385 quod
902 3331 1075 3370 omne
1116 3331 1299 3387 genus
1348 3314 1548 3370 multis
1598 3316 1932 3371 conﬁrmari
1991 3333 2095 3370 nu-

455 3404 635 3459 meris
670 3409 880 3475 potest.
913 3406 1097 3475 Atque
1132 3405 1387 3475 primum
1429 3404 1572 3459 illud
1628 3406 1778 3459 haud
1830 3409 2019 3477 potest
2068 3422 2101 3461 a

454 3493 823 3548 Tertulliano
855 3492 1193 3564 signiﬁcari.
1219 3493 1502 3565 Namque,
1528 3497 1592 3547 ut
1615 3493 1720 3549 hoc
1745 3511 1857 3549 non
1885 3495 2097 3563 dicam,

453 3582 498 3636 si
552 3581 747 3637 adhuc
796 3582 1006 3636 fuisset
1047 3582 1276 3652 imperii
1324 3581 1590 3649 aemulus,
1641 3600 1815 3652 quem
1861 3582 2099 3655 plurimi

454 3670 756 3741 optabant,
790 3669 981 3742 qualis
1011 3669 1186 3742 Niger
1215 3675 1337 3726 erat
1390 3676 1520 3743 post
1570 3676 1813 3727 mortem
1857 3671 2096 3741 Juliani,

454 3759 541 3813 vi!
592 3759 1013 3831 negligentiam
1056 3760 1113 3813 in
1161 3760 1523 3815 ostendenda
1558 3761 1837 3816 adversus
1882 3778 2095 3816 novum

456 3852 741 3903 Caesarem
768 3848 1066 3919 impietate
1090 3848 1262 3919 objici
1288 3848 1546 3920 potuisse
1578 3849 1920 3904 Christianis
1943 3852 2032 3904 11
2049 3852 2096 3905 6

458 3938 634 4009 (quod
668 3942 867 3993 tamen
901 3939 1119 3992 factum
1153 3942 1392 4008 apparet
1423 3954 1488 3993 ex
1540 3938 1700 3994 omni
1748 3938 2098 3994 Tertulliani

458 4027 788 4098 sermone);
840 4032 1113 4098 provocat
1160 4027 1759 4082 certe’Tertullianus
1801 4028 1870 4083 ad
1920 4045 2095 4084 suum

454 4116 520 4170 de
587 4115 923 4187 Spectaculis
983 4114 1222 4183 librum,
1293 4132 1468 4187 quem
1537 4116 1793 4171 diximus
1858 4118 2095 4173 demum

455 4222 592 4269 ann,
644 4204 909 4261 CXCVIII
959 4206 1242 4277 scriptum
1298 4205 1495 4260 fuisse.
1543 4210 1741 4276 Neque
1787 4222 1922 4261 vero
1963 4207 2095 4278 quis

455 4295 628 4349 debet
676 4294 893 4349 hairere
942 4292 999 4348 in
1051 4310 1140 4363 eo,
1187 4295 1341 4365 quod
1391 4311 1505 4349 non
1559 4294 1628 4350 de
1678 4294 1873 4351 Graeco
1917 4295 2095 4367 hujus

455 4383 785 4455 argumenti
816 4382 983 4448 libro,
1008 4384 1107 4438 sed
1140 4383 1210 4437 de
1242 4384 1440 4438 Latino
1471 4382 1773 4455 loquatur;
1802 4401 1935 4439 nam
1962 4403 2094 4441 nos-

455 4477 609 4527 trum
646 4471 908 4527 libellum
943 4488 1075 4527 eum
1110 4471 1410 4543 scripserit
1440 4473 1660 4541 Latine,
1684 4472 1836 4529 haud
1889 4475 2093 4530 dubito

456 4562 623 4634 quin,
675 4561 725 4616 si
777 4560 1039 4616 Graecum
1093 4560 1157 4616 de
1210 4562 1540 4632 Spectaculis
1591 4560 1806 4617 librum
1877 4563 2093 4619 voluis-

2210 1973 2388 2037 trum,
2422 1970 2637 2039 Apolog.
2674 1986 2721 2023 c.
2751 1971 2855 2023 33:
2896 1968 2999 2024 Sed
3043 1976 3093 2023 et
3131 1968 3226 2039 qui
3252 1985 3423 2033 nunc,
3476 1967 3690 2038 inquit,
3740 1984 3858 2023 sce-

2211 2057 2473 2112 lestarum
2497 2060 2749 2130 partium
2803 2059 2939 2113 socii
2994 2062 3091 2113 aut
3147 2059 3432 2129 plausores
3476 2057 3720 2128 quotidie
3769 2074 3858 2112 re-

2208 2146 2480 2201 velantur.
2527 2190 2539 2201 .
2586 2189 2598 2201 .
2647 2189 2659 2202 .
2707 2191 2718 2201 .
2765 2189 2777 2201 .
2814 2164 2978 2219 quam
3011 2148 3399 2203 recentissimis
3442 2148 3656 2201 laureis
3684 2154 3860 2218 postes

2206 2236 2652 2307 praestruebant?
2693 2241 2873 2306 Quam
2912 2237 3232 2292 elatissimis
3277 2245 3328 2293 et
3387 2236 3714 2291 clarissimis
3774 2235 3859 2289 lu-
3953 2300 3961 2307 η

2207 2327 2389 2380 cernis
2428 2326 2695 2380 vestibula
2729 2326 3111 2381 nubilabant?
3153 2367 3165 2380 .
3213 2368 3225 2380 .
3272 2366 3283 2379 .
3330 2367 3342 2378 .
3385 2331 3506 2382 Non
3551 2328 3609 2378 ut
3649 2324 3858 2395 gaudia

2208 2414 2429 2482 publica
2459 2414 2813 2479 celebrarent,
2838 2414 2929 2468 sed
2961 2417 3018 2468 ut
3071 2422 3191 2469 vota
3230 2430 3461 2485 propria
3505 2416 3623 2483 iam
3671 2413 3855 2467 edice-

2207 2511 2333 2557 rent
2364 2505 2425 2555 in
2456 2503 3021 2571 alienasolemnitate,
3068 2544 3079 2556 .
3126 2545 3138 2558 .
3184 2544 3195 2555 .
3244 2542 3256 2555 .
3292 2502 3779 2574 nomenprincipis
3798 2502 3857 2556 in

2208 2591 2367 2645 corde
2394 2594 2683 2645 mutantes.
2716 2592 2924 2646 Eadem
2950 2592 3133 2661 ofﬁcia
3155 2589 3486 2662 dependunt,
3528 2594 3579 2644 et
3628 2590 3723 2659 qui
3765 2605 3856 2643 as-

2210 2680 2442 2748 trologos
2463 2682 2511 2734 et
2559 2682 2841 2750 aruspices
2862 2684 2915 2733 et
2964 2696 3199 2748 augures
3240 2684 3291 2734 et
3341 2696 3520 2749 magos
3568 2678 3633 2733 de
3681 2678 3861 2735 Caesa-

2209 2786 2334 2824 rum
2366 2772 2541 2837 capite
2584 2772 2927 2825 consultant.
2974 2770 3079 2825 Sed
3124 2770 3181 2823 in
3225 2769 3333 2825 hoc
3364 2770 3698 2840 .«lpologctz’ci
3728 2767 3851 2823 loco

2210 2856 2330 2911 haec
2358 2858 2553 2924 gaudii
2606 2858 2822 2929 publici
2858 2859 3026 2929 signa
3074 2858 3229 2913 edita
3276 2858 3409 2912 olim
3457 2874 3491 2912 a
3546 2856 3847 2912 sceleratis

2213 2945 2391 3000 fuisse
2417 2946 2814 3001 Tertullianus
2845 2948 3004 3012 dicit,
3029 2963 3154 3017 quae
3190 2948 3245 3000 in
3278 2945 3425 3000 libro
3463 2950 3658 3000 nostro
3706 2961 3855 2999 nunc

2209 3033 2332 3088 ﬁeri
2366 3034 2703 3104 planissime
2734 3036 2972 3089 indicat.
3002 3036 3102 3090 Est
3150 3034 3332 3104 igitur
3381 3034 3489 3089 iste
3522 3034 3587 3088 de
3620 3034 3849 3088 Idololav

2209 3124 2317 3177 tria
2349 3122 2583 3179 libellus
2615 3130 2748 3178 ante
2805 3125 3214 3191 Apologeticum
3266 3123 3541 3193 scriptus,
3593 3123 3851 3193 adeoque

2214 3218 2347 3270 ante
2370 3212 2602 3267 initium
2631 3212 2767 3267 anni
2798 3213 3024 3278 CXCIX,
3061 3219 3122 3267 ut
3154 3216 3352 3283 postea
3380 3211 3700 3285 apparebit,
3736 3212 3851 3282 Ego

2212 3318 2347 3356 vero
2405 3301 2560 3356 haud
2614 3301 2804 3372 inepte
2853 3302 3140 3373 suspicari
3184 3300 3385 3355 videor
3431 3299 3596 3367 mihi,
3648 3298 3852 3371 pulsos

2210 3393 2395 3447 Roma
2428 3392 2704 3463 Italiaque
2737 3391 3061 3463 astrologos
3094 3398 3220 3446 tum
3252 3391 3456 3457 fuisse,
3482 3406 3613 3446 cum
3639 3406 3671 3444 a
3693 3389 3850 3444 mul-

2206 3482 2283 3537 tis
2317 3482 2386 3536 de
2417 3482 2604 3536 salute
2629 3481 2871 3536 Caesaris
2905 3481 3156 3536 fuissent
3202 3480 3479 3537 consulti.
3539 3481 3724 3550 Atque
3768 3478 3852 3545 hi,

2208 3578 2308 3650 qui
2357 3577 2472 3633 tale
2520 3578 2659 3648 quia
2710 3578 2988 3633 sciscitati
3036 3583 3204 3634 erant
3248 3595 3316 3633 ex
3362 3577 3573 3649 magis,
3644 3575 3852 3647 capitis

2208 3667 2643 3722 damnabantur
2672 3682 2737 3721 eo
2761 3672 3021 3738 tempore
3047 3667 3186 3733 fere,
3218 3684 3329 3738 quo
3379 3667 3626 3722 Severus
3676 3665 3851 3736 proﬁ-

2207 3756 2537 3810 ciscebatur
2553 3755 2830 3810 adversus
2861 3756 3128 3822 Parthos,
3148 3755 3256 3811 hoc
3278 3760 3366 3811 est
3396 3772 3534 3810 ann.
3566 3753 3847 3810 CXCVIII.

2206 3844 2367 3907 Quod
2400 3842 2750 3916 intelligitur
2778 3861 2808 3899 e
2837 3844 2962 3899 loco
2994 3844 3248 3915 quodam
3290 3842 3587 3915 Spartiani
3635 3842 3694 3897 in
3749 3844 3851 3898 Vit.

2202 3938 2323 3990 Sev.
2356 3951 2404 3988 c.
2438 3935 2522 3999 15,
2559 3950 2755 4004 quem,
2792 3935 3067 4005 quoniam
3102 3952 3218 3991 non
3249 3934 3391 3989 satis
3431 3938 3520 3990 est
3568 3948 3851 3988 excussus

2207 4025 2277 4078 ab
2309 4023 2459 4092 aliis,
2485 4023 2579 4077 hic
2612 4023 2857 4092 subjicio
2885 4040 2896 4077 :
2935 4028 3235 4095 Postquam
3267 4023 3499 4078 Severus
3530 4021 3852 4077 Parthicum

2206 4113 2409 4167 bellum
2470 4116 2801 4183 susceperat,
2866 4114 3089 4181 traiecto
3152 4116 3405 4168 exercitu
3452 4130 3485 4167 a
3532 4110 3850 4179 Brundisio,

2202 4203 2516 4257 continuato
2549 4202 2748 4257 itinere
2778 4203 2924 4256 venit
2957 4204 3015 4257 in
3063 4203 3308 4275 Syriam,
3358 4202 3696 4271 Parthosque
3732 4200 3855 4254 sub-

2202 4293 2395 4346 movit.
2432 4292 2579 4345 117
2617 4290 2722 4345 Sed
2746 4301 2933 4362 postea
2965 4294 3024 4347 in
3055 4292 3278 4363 Syriam
3319 4292 3505 4358 rediit,
3554 4292 3641 4344 ita
3687 4293 3747 4344 ut
3795 4304 3852 4343 se

2199 4388 2423 4450 pararet
2448 4396 2512 4433 ac
2561 4378 2768 4433 bellum
2819 4381 3047 4434 Parthis
3090 4382 3345 4450 inferret.
3386 4381 3535 4434 Inter
3574 4377 3689 4433 ha’c
3724 4378 3844 4431 Pes-

2200 4469 2499 4524 cennianas
2530 4467 2815 4538 reliquias,
2842 4468 3138 4522 Plautiano
3187 4471 3431 4533 nuctore,
3483 4464 3845 4537 persequeba-

2201 4562 2311 4613 tur.
2360 4587 2427 4596 —-
2482 4556 2673 4610 Multos
2757 4559 2945 4623 etiam,
3013 4558 3173 4627 quasi
3245 4556 3519 4610 Chaldaeos
3599 4557 3695 4608 aut
3758 4569 3854 4607 va-

455 4656 540 4707 set
571 4651 869 4720 denotare,
901 4649 1067 4706 illum
1099 4650 1513 4723 designaturus
1562 4652 1785 4723 adjecto
1833 4654 2088 4724 quodam
2121 4639 2165 4703 D
2197 4652 2277 4702 tes
2322 4645 2386 4700 de
2441 4661 2543 4700 sua
2596 4646 2774 4699 salute
2827 4645 3253 4715 consuluissent,
3311 4643 3610 4713 interemit,
3694 4656 3844 4715 pra?-

455 4741 630 4796 verbo
664 4740 911 4808 fuisset;
952 4745 1125 4812 atque
1174 4757 1279 4796 nos
1322 4741 1450 4812 jam
1507 4740 1764 4798 diximus
1819 4759 1851 4797 a
1899 4743 2094 4799 Graeco

457 4847 628 4902 posse
676 4831 746 4885 ad
796 4830 1063 4885 Latinum
1098 4831 1223 4901 jam
1275 4830 1562 4903 scriptum
1613 4831 1835 4903 absque
1904 4849 2096 4889 errore

458 4919 875 4992 argumentari.
935 4919 1132 4992 Neque
1201 4919 1375 4976 etiam
1442 4925 1736 4992 postrema
1804 4922 2096 4978 sententia

457 5009 682 5064 videtur
712 5007 1092 5078 admittenda,
1127 5026 1254 5081 quis
1286 5009 1458 5066 istam
1485 5008 1779 5081 publicam
1828 5009 2092 5067 laetitiam

457 5098 771 5154 transferre
826 5096 953 5153 vult
1001 5098 1059 5153 in
1109 5098 1438 5155 decennalia
1486 5102 1699 5156 Severi.
1750 5100 1894 5156 Nolo
1939 5118 2094 5156 nunc

457 5189 753 5260 disputare
785 5188 854 5243 de
893 5204 980 5255 eo,
1020 5189 1173 5260 quod
1209 5192 1429 5261 pugnet
1477 5206 1608 5245 cum
1668 5189 1776 5245 hac
1820 5190 2093 5262 Opinione

457 5277 573 5348 ipsa
599 5277 776 5347 hujus
804 5277 935 5333 libri
986 5271 1293 5350 ὀρθοδοξία,
1326 5295 1497 5349 quam
1529 5280 1577 5334 ei
1612 5284 1814 5351 postea
1842 5280 2095 5337 vindica-

457 5367 685 5428 bimus;
722 5368 819 5421 sed
856 5374 944 5423 est
976 5372 1171 5422 tamen
1196 5367 1413 5438 aliquis
1446 5370 1764 5439 suspicioni
1795 5368 1978 5435 locus,
2026 5387 2091 5426 eo

458 5462 713 5527 tempore
747 5456 798 5509 in
835 5456 1200 5511 Christianos
1242 5457 1434 5511 adhuc
1484 5457 1865 5530 magistratus
1911 5458 2093 5514 fuisse

461 5544 713 5598 collatos.
767 5544 1036 5615 Namque
1116 5542 1285 5599 istam
1353 5547 1734 5615 quaestionem
1802 5551 2091 5617 quatenus

462 5634 738 5703 ejusmodi
771 5635 1031 5690 ofﬁcium
1066 5633 1334 5704 progredi
1368 5634 1604 5690 deberet
1628 5635 1682 5690 in
1717 5635 2093 5707 suscipienda

465 5721 724 5795 religiosa
750 5723 949 5797 aliqua
975 5721 1402 5780 consuetudine
1432 5738 1559 5794 qua:
1593 5724 1665 5780 ad
1697 5725 1937 5781 deorum
1970 5724 2091 5781 cul-

2204 4736 2361 4807 cipue
2415 4743 2690 4805 suspectos
2734 4751 3176 4806 unumquemque
3256 4736 3513 4792 idoneum
3589 4734 3844 4805 imperio.

2205 4834 2389 4887 Istum
2417 4832 2608 4888 locum
2645 4834 2693 4888 si
2726 4834 3097 4890 conferamus
3124 4851 3257 4890 cum
3290 4852 3355 4891 eo
3387 4851 3562 4907 quem
3586 4832 3758 4888 modo
3782 4847 3849 4887 ex

2204 4922 2560 4978 Tertulliano
2595 4924 2988 4992 recitavimus,
3049 4929 3295 4996 apparet
3341 4930 3660 4995 utrumque
3711 4920 3850 4977 scri-

2204 5018 2452 5085 ptorem,
2487 5030 2617 5068 cum
2649 5013 2924 5085 loquatur
2952 5015 3023 5069 de
3064 5012 3329 5085 reliquiis
3382 5012 3848 5069 adversariorum

2203 5102 2397 5158 Severi
2431 5103 2792 5175 perquisitis,
2826 5104 3020 5175 ipsum
3054 5104 3227 5159 etiam
3258 5108 3515 5175 tempus,
3570 5119 3687 5173 quo
3735 5101 3849 5155 ista

2202 5192 2575 5264 contigerint,
2608 5193 2848 5247 deﬁnire
2877 5211 2888 5248 :
2924 5194 3075 5265 quod
3110 5211 3277 5248 secus
3310 5198 3398 5247 est
3427 5194 3484 5246 in
3518 5189 3845 5245 enarrando

2201 5281 2382 5337 altero
2430 5282 2501 5336 de
2548 5282 2827 5337 adhibitis
2872 5282 2930 5336 in
2985 5283 3293 5337 consilium
3347 5278 3676 5351 astrologis.
3735 5274 3847 5330 Sed

2203 5371 2697 5443 quemadmodum
2732 5370 2874 5425 illud
2922 5371 3091 5425 nobis
3121 5372 3219 5425 dat
3246 5371 3396 5424 viam
3429 5374 3648 5424 certam
3689 5365 3847 5419 inve-

2204 5460 2401 5516 niendi
2436 5477 2629 5515 veram
2665 5464 2891 5515 eetatem
2937 5459 3308 5530 Apologetici;
3342 5460 3422 5515 ita
3452 5459 3561 5512 hoc
3611 5455 3848 5526 quidem

2204 5567 2309 5606 nos
2340 5551 2527 5617 docet,
2559 5566 2655 5604 eos
2690 5549 2788 5620 qui
2832 5566 3035 5620 magos
3074 5551 3145 5603 de
3198 5549 3386 5605 salute
3428 5546 3670 5603 Cmsaris
3718 5561 3849 5616 per-

2202 5635 2457 5693 cunctati
2490 5636 2741 5703 fuerant,
2794 5636 2910 5692 fore
2962 5637 3165 5691 eodem
3215 5641 3474 5708 tempore
3522 5635 3706 5690 fuisse
3752 5650 3821 5688 ex

2203 5726 2486 5793 stinctos;
2519 5741 2587 5781 ex
2614 5741 2725 5795 quo
2751 5724 2957 5782 saltem
2990 5723 3337 5797 intelligitur
3384 5726 3442 5782 id
3494 5725 3649 5797 quod
3695 5721 3820 5779 vols
