4526 6364
453 367 556 427 161

1310 360 1408 422 AC
1448 359 1842 420 DOCTRINA
1886 358 2390 421 SCRIPTORUM
2436 359 2990 422 TERTULLIANI.

3739 370 3855 428 162

445 502 603 574 getico
633 497 1067 554 constituimus
1113 496 1389 565 tribuere,
1442 494 1772 551 accuratius
1824 493 2086 550 invenire
2121 496 2174 562 Α
2204 493 2397 548 aninae
2424 495 2738 551 testimonio
2764 495 2921 551 haud
2954 496 3200 552 dubium
3235 501 3345 569 est,
3385 516 3452 554 ac
3500 500 3568 555 de
3600 502 3757 557 libris
3785 504 3854 558 ad

448 606 777 664 possumus.
811 587 1127 657 Nihiljam
1178 586 1248 641 de
1288 585 1579 656 congiaris
1626 586 1698 639 ab
1744 585 2093 655 imperatore

448 680 650 753 populo
681 678 880 745 datis;
916 676 1065 731 nihil
1097 676 1167 731 de
1199 675 1291 729 die
1321 674 1567 729 solemni
1620 672 1900 745 principis
1932 672 2092 728 omni

445 769 808 825 lautitiarum
844 769 1129 839 apparatu
1163 763 1489 831 celebrato;
1525 763 1674 817 nihil
1707 764 1777 818 de
1810 763 1957 817 votis
1990 780 2092 833 pro

446 857 814 930 imperatoris
845 855 1036 912 salute
1069 856 1359 926 susceptis
1410 854 1713 909 dicemus:
1768 857 1906 908 sunt
1936 852 2092 909 enim

447 949 584 1017 haec,
610 946 701 1002 vel
732 963 850 1001 non
888 950 1029 1017 apta
1060 944 1202 999 satis
1233 945 1302 998 ad
1337 960 1458 999 rem
1490 942 2035 1015 exsequendam,vel
2061 959 2094 996 a

446 1037 758 1093 Moshemio
785 1037 912 1106 jam
945 1034 1381 1107 elegantissime
1430 1033 1747 1105 disputata.
1784 1032 1974 1087 Unum
2008 1032 2091 1086 lo-

447 1145 575 1184 cum
606 1125 998 1190 excutiamus,
1033 1128 1089 1179 et
1120 1140 1255 1181 eum
1288 1122 1525 1194 quidem
1559 1122 1829 1194 superius
1879 1123 1937 1176 in
1971 1136 2091 1176 me-

446 1218 603 1272 dium
640 1215 995 1287 productum
1029 1213 1082 1285 (ἓ
1113 1213 1219 1282 15),
1253 1216 1559 1283 propterea
1605 1212 1758 1282 quod
1793 1215 1848 1265 et
1886 1210 1937 1265 is
1970 1226 2093 1265 rem

445 1305 789 1379 planissime
819 1302 1057 1359 conficit
1084 1306 1140 1356 et
1172 1306 1362 1356 movet
1414 1318 1543 1371 nos,
1578 1308 1638 1355 ul
1668 1302 1739 1355 ab
1784 1300 1958 1355 istius
1990 1301 2094 1355 d0-

442 1393 692 1451 ctissimi
742 1392 849 1447 viri
882 1390 1173 1447 sententia
1202 1389 1509 1462 paululum
1540 1389 1949 1444 difﬂectamus.
1998 1389 2095 1442 Ait

442 1486 621 1557 igitur
644 1481 1072 1550 Tertullianus,
1107 1482 1457 1535 scelestarum
1502 1482 1751 1550 partium
1797 1480 1966 1534 socios
1999 1482 2095 1533 aut

439 1576 750 1646 plausores,
777 1576 899 1643 post
924 1571 1264 1626 vendemiam
1305 1568 1720 1640 parricidarum
1768 1570 2093 1623 racematio-

439 1680 563 1719 nem
595 1664 973 1733 superstitem,
1004 1659 1247 1731 quotidie
1289 1660 1561 1720 revelari;
1600 1658 1682 1712 ait
1710 1657 1909 1721 etiam,
1943 1672 2097 1727 quos-

439 1754 565 1807 dam
596 1752 934 1822 Astrologos,
984 1750 1250 1818 Augures,
1310 1748 1495 1814 Magos
1551 1746 1617 1801 de
1670 1749 1955 1803 Caesarum
1994 1762 2093 1801 ca-

436 1844 545 1915 pite
624 1841 983 1896 consuluisse.
1062 1838 1275 1892 Eadem
1362 1835 1664 1906 conjunxit
1718 1836 2085 1907 Spartianus,

440 1931 751 2002 effecitque
784 1929 898 1984 ista
928 1926 1275 1991 similitudo,
1302 1942 1427 1997 quae
1460 1926 1769 1996 utriusque
1797 1925 2097 1996 scriptoris

442 2021 565 2077 loca
605 2020 859 2075 excitata
888 2017 1220 2083 intercedit,
1254 2020 1318 2071 ut
1350 2020 1666 2087 utrumque
1693 2016 1896 2071 eadem
1928 2016 2097 2086 plane

441 2117 716 2182 tempora
773 2107 1103 2179 respexisse
1161 2105 1436 2160 dicerem.
1497 2105 1606 2160 Sed
1668 2105 1945 2175 quoniam
1992 2121 2097 2160 nec

440 2198 851 2256 Tertullianus
900 2194 1387 2251 consultationem
1440 2210 1745 2264 magorum
1797 2193 1969 2266 plane
2008 2209 2096 2249 re-

442 2292 548 2344 fert
583 2289 647 2342 in
681 2287 884 2342 eadem
917 2285 1019 2340 illa
1050 2290 1332 2356 tempora,
1387 2284 1445 2337 in
1488 2300 1617 2354 quae
1646 2282 1920 2355 reliquias
1952 2283 2096 2338 ami-

440 2395 651 2435 corum
686 2376 848 2447 Nigri
880 2373 1253 2446 perquisitas,
1287 2390 1393 2428 nec
1423 2373 1793 2444 Spartianus,
1820 2373 1917 2427 ubi
1951 2380 2097 2428 tem-

440 2486 550 2541 pus
589 2467 814 2521 diserte
848 2480 962 2519 non
1014 2462 1237 2529 definit,
1300 2462 1562 2517 ordinem
1603 2479 1797 2517 rerum
1857 2479 2095 2517 accura-

440 2558 680 2613 tissime
713 2552 1019 2623 sequitur;
1056 2553 1138 2621 lit,
1171 2556 1237 2606 ut
1284 2568 1440 2607 nunc
1488 2552 1793 2607 mittamus
1839 2568 1925 2619 ea,
1968 2569 2097 2622 quae

440 2649 509 2702 de
571 2643 871 2700 consultis
933 2641 1123 2713 magis
1197 2642 1348 2713 apud
1426 2645 1743 2712 utrumque
1799 2641 2094 2713 leguntur.

439 2742 512 2791 At
564 2735 825 2789 alterum
886 2746 1208 2802 sequamur
1269 2730 1561 2801 judicium
1620 2732 1921 2802 temporis,
1983 2748 2097 2802 quo

441 2826 711 2896 scriptus
784 2821 1185 2893 Apologeticus,
1262 2818 1532 2874 videlicet
1604 2820 1762 2875 istud
1834 2819 2094 2875 studium

444 2911 763 2977 Plautiani,
850 2908 1230 2981 protrahendi
1306 2924 1512 2963 omnes
1586 2925 1705 2979 eos,
1785 2925 1932 2980 quos
2002 2927 2098 2964 su-

442 3008 681 3076 spectos
715 2999 946 3054 dicebat
995 3014 1205 3053 aversis
1238 3014 1270 3052 a
1311 3001 1517 3053 Severo
1565 2997 1903 3053 voluntatis.
1963 3000 2096 3067 Hos,

442 3090 805 3165 Spartianus
835 3089 935 3155 ait,
996 3090 1366 3158 persecutum
1416 3102 1543 3142 esse
1598 3086 1966 3142 Plautianum
2010 3087 2097 3142 in-

442 3188 632 3247 terea,
708 3194 843 3233 cum
917 3181 1161 3231 Severus
1236 3175 1477 3231 Parthos
1554 3177 1797 3231 adortus
1869 3176 2096 3245 fuisset,

444 3271 844 3338 rediissetque
891 3266 950 3319 in
982 3265 1230 3336 Syriam,
1274 3268 1339 3320 ut
1395 3281 1456 3320 se
1488 3268 1719 3337 pararet
1773 3266 1842 3321 ad
1878 3264 2095 3321 bellum
2129 3247 2171 3313 Ο

441 3358 682 3415 Parthis
741 3354 949 3425 majori
1005 3370 1136 3408 cum
1198 3352 1251 3407 vi
1329 3353 1721 3409 inferendum.
1791 3355 2096 3410 Enimvero

444 3447 733 3504 credibile
789 3448 899 3510 est,
957 3448 1231 3498 Severum
1289 3443 1405 3498 fere
1458 3447 1591 3514 post
1647 3443 1907 3499 medium
1957 3461 2094 3499 ann.

445 3536 737 3601 CXCVIII,
770 3533 953 3589 fuisse
984 3532 1266 3588 adversus
1294 3532 1540 3588 Parthos
1588 3533 1913 3605 profectum
1946 3535 2094 3603 (14):

448 3641 709 3697 quorum
740 3624 1000 3694 impetus
1031 3637 1164 3677 cum
1196 3620 1566 3692 aliquantum
1607 3623 2006 3694 repressisset,
2040 3624 2100 3678 in

449 3714 678 3787 Syriam
712 3710 887 3767 rediit
915 3710 1083 3777 forte,
1118 3714 1181 3764 ut
1208 3708 1287 3764 ibi
1320 3709 1571 3765 hiemem
1602 3712 1970 3783 transigeret.
1996 3712 2103 3769 Ubi

451 3820 584 3859 cum
621 3806 861 3875 pararet
913 3817 1001 3871 ea,
1055 3816 1181 3870 quae
1242 3800 1571 3855 necessaria
1626 3800 1977 3856 videbantur
2032 3803 2105 3857 ad

450 3893 706 3949 Parthos
756 3889 906 3944 bello
966 3889 1420 3961 persequendos,
1470 3888 1818 3946 Plautianus
1865 3890 2105 3947 investi-

449 3982 611 4054 gavit
638 3997 766 4047 eos,
799 3995 945 4049 quos
968 3977 1315 4049 superstites
1339 3982 1574 4032 noverat
1604 3993 1633 4032 e
1664 3978 1824 4049 Nigri
1856 3979 2063 4035 amicis
2088 3998 2102 4049 ;

451 4072 606 4143 quod
639 4070 827 4141 igitur
856 4068 973 4123 fere
1018 4068 1233 4122 factum
1281 4071 1371 4122 est
1401 4067 1509 4121 sub
1558 4068 1696 4122 anni
1756 4068 1963 4124 CXCIX
1996 4071 2106 4124 ini-

450 4160 623 4216 tium.
677 4160 871 4223 Quare
928 4157 1130 4212 nullus
1186 4172 1290 4228 ego
1346 4157 1573 4221 dubito,
1635 4158 1775 4228 quin
1818 4160 2106 4215 sententia

447 4247 785 4313 Moshemii,
820 4265 934 4319 qua
965 4264 1103 4302 ann.
1151 4245 1411 4302 CXCVIII
1459 4247 1649 4301 medio
1698 4247 1854 4303 hunc
1886 4248 2104 4306 librum

446 4344 759 4395 exaratum
793 4352 920 4391 esse
978 4336 1298 4404 existimat,
1349 4335 1738 4408 relinquenda
1795 4337 1872 4392 sit
1902 4339 2015 4394 ista
2045 4340 2103 4394 in

448 4445 527 4499 re,
564 4431 882 4498 propterea
912 4427 1067 4497 quod
1125 4430 1250 4481 tum
1303 4427 1477 4481 modo
1530 4426 1810 4482 adversus
1861 4428 2105 4486 Parthos

450 4518 756 4589 profectus
786 4518 874 4571 est
914 4516 1181 4582 Severus,
1211 4519 1385 4587 atque
1435 4514 1837 4570 Teatullianus
1869 4534 1984 4572 non
2035 4519 2105 4573 de

2202 584 2459 637 nationes
2488 585 2789 654 probabile
2843 586 3182 640 admodum.
3232 591 3432 657 Neque
3489 607 3644 646 nunc
3683 594 3853 647 credo

2204 672 2323 726 fore
2355 672 2452 743 qui
2504 678 2713 743 putent
2760 674 3189 729 Tertullianum
3244 681 3371 731 tum
3433 678 3849 737 Montanistam

2204 761 2406 825 fuisse,
2439 778 2572 817 cum
2606 764 3006 834 Apologeticum
3050 771 3440 835 componeret.
3478 770 3701 825 Etenim
3738 771 3857 828 nisi

2204 852 2480 906 mavelint
2512 854 2730 923 ﬁngere
2760 870 2892 907 cum
2930 857 3300 925 llavercampo
3335 856 3392 910 V.
3419 857 3477 911 Ο.
3509 858 3591 928 (in
3626 861 3850 929 praefat.

2204 942 2273 995 ad
2318 941 2627 997 editionem
2668 942 2940 1013 Apologet.
2972 943 3237 1014 Tertull.)
3278 945 3710 1003 Tertullianum
3756 951 3848 1006 bis

2202 1030 2354 1085 hanc
2406 1032 2723 1103 Apologiam
2794 1031 3099 1103 paululum
3158 1034 3521 1092 immutatam
3574 1038 3851 1108 edidisse,

2204 1122 2570 1192 argumentis
2602 1122 2822 1177 nostris
2843 1124 3053 1179 cedant
3073 1140 3310 1181 necesse
3337 1131 3444 1193 est,
3469 1129 3685 1199 quibus
3719 1147 3844 1186 eam

2204 1210 2566 1282 superiorem
2598 1227 2726 1267 esse
2773 1212 2963 1267 Severi
3008 1213 3195 1268 edicto
3238 1216 3631 1285 probavimus.
3668 1221 3851 1289 Atque

2202 1316 2306 1370 ego
2339 1300 2673 1370 opinionem
2708 1301 3085 1373 Havercampi
3108 1319 3223 1357 non
3257 1305 3457 1374 probo,
3483 1321 3617 1361 cum
3649 1306 3851 1363 lectio-

2203 1405 2305 1444 nes
2337 1390 2603 1460 quaedam
2637 1394 2829 1445 textus
2860 1390 3038 1460 hujus
3068 1391 3200 1446 libri
3232 1393 3631 1465 discrepantes
3672 1397 3846 1452 istam

2204 1494 2326 1533 rem
2358 1478 2668 1533 conficiant
2693 1479 2838 1535 satis
2868 1497 2881 1546 ;
2916 1480 3180 1551 mihique
3226 1498 3295 1535 ex
3333 1482 3580 1538 Eusebio
3607 1484 3844 1555 quidem

2204 1568 2264 1620 Η.
2300 1569 2358 1621 Ε.
2396 1584 2455 1633 Ιῐ,
2490 1584 2616 1638 cap.
2649 1570 2703 1637 2,
2768 1574 3013 1637 constet,
3063 1570 3214 1639 quod
3247 1571 3595 1627 Tertulliani
3650 1575 3850 1646 Apolo-

2202 1658 2295 1725 gia
2328 1656 2528 1710 Latine
2559 1655 2776 1727 scripta
2807 1656 2903 1725 sit,
2946 1661 3146 1727 postea
3175 1660 3365 1713 Graece
3415 1675 3714 1725 conversa,
3748 1664 3849 1718 sed

2205 1747 2356 1817 quod
2390 1746 2480 1801 his
2511 1746 2669 1801 edita
2696 1746 2793 1816 sit,
2827 1751 2884 1801 et
2914 1746 3227 1802 immutata
3256 1748 3515 1818 quidem,
3542 1750 3700 1806 nullo
3725 1768 3851 1807 mo-

2204 1836 2294 1891 do.
2334 1836 2496 1902 Quod
2528 1836 2576 1891 si
2606 1836 2786 1908 igitur
2828 1838 3169 1906 concedant,
3221 1838 3629 1907 Apologeticum
3659 1841 3850 1897 Severi

2206 1926 2395 1980 edicto
2453 1941 2581 1980 esse
2649 1926 3077 1997 antiquiorem:
3151 1942 3251 1981 eos
3310 1927 3568 1999 profecto
3625 1934 3855 2000 oportet

2207 2020 2408 2069 contra
2439 2030 2568 2080 nos,
2601 2015 2648 2069 si
2682 2014 2932 2086 possint,
2968 2015 3316 2071 certioribus
3348 2019 3711 2088 argumentis
3745 2035 3854 2090 pu-

2206 2120 2406 2176 gnare,
2436 2120 2609 2173 quam
2641 2104 2734 2173 iis,
2786 2104 2999 2175 quibus
3059 2106 3409 2161 sententiam
3443 2123 3477 2161 a
3530 2106 3855 2163 Moshemio

2207 2194 2669 2248 demonstratam
2702 2193 3087 2249 Hotl‘mannus
3128 2194 3513 2266 impugnavit,
3549 2213 3676 2267 quae
3709 2196 3855 2251 nihil

2206 2282 2502 2336 firmitatis
2521 2281 2735 2337 habere
2751 2284 2981 2355 egregie
2995 2300 3119 2337 com
3131 2285 3480 2339 monstravit
3496 2286 3855 2342 Moshemius

2207 2371 2265 2425 in
2294 2372 2594 2426 Addendis
2638 2373 2708 2425 ad
2749 2371 2860 2426 vol.
2914 2377 2936 2425 Ι
2987 2371 3130 2426 diss.
3182 2388 3419 2426 suarum
3452 2375 3588 2427 Hist.
3649 2375 3849 2431 Eccles.

2208 2477 2263 2531 p.
2295 2461 2521 2514 741-48.
2556 2462 2739 2531 Atque
2771 2477 2876 2515 nos
2926 2461 3037 2532 ipsi
3088 2461 3254 2515 alteri
3313 2460 3641 2517 Hoti'manni
3673 2480 3850 2536 argu-

2207 2555 2402 2605 mento
2433 2566 2540 2604 suo
2571 2549 2695 2605 loco
2722 2549 3229 2620 respondebimus,
3263 2549 3511 2605 alterum
3559 2567 3691 2607 vere
3722 2569 3849 2607 mo-

2207 2656 2416 2694 nemus
2449 2656 2581 2694 cum
2614 2638 2744 2710 ipsa
2772 2639 3105 2694 Hoﬁ‘manni
3128 2640 3420 2694 sententia
3441 2656 3702 2712 pugnare
3743 2641 3853 2713 (lu-

2207 2730 2303 2785 bet
2332 2728 2488 2784 enim
2540 2727 2646 2783 bos
2698 2727 3109 2783 Moshemianaa
3158 2728 3526 2798 responsioni
3558 2729 3850 2803 adjicere).

2206 2825 2352 2875 Nam
2385 2819 2433 2873 si
2467 2836 2599 2874 vera
2644 2824 2783 2874 sunt
2832 2818 3009 2874 etiam
3059 2836 3189 2889 quis
3235 2820 3306 2874 de
3344 2819 3503 2874 cultu
3557 2821 3852 2893 Serapidis

2208 2913 2404 2965 Romae
2434 2925 2535 2980 per
2590 2912 2860 2964 Severum
2921 2908 3187 2963 restituto
3244 2910 3631 2965 Hoti'mannus
3689 2910 3851 2979 dicit,

2209 2999 2360 3053 facta
2390 3014 2517 3053 esse
2546 3014 2612 3053 ea
2642 3002 2768 3052 tum
2801 2998 3059 3067 domum,
3085 3014 3215 3052 cum
3238 3002 3573 3069 Egyptum,
3607 2999 3850 3055 devictis

2207 3087 2463 3155 Parthis,
2495 3090 2880 3158 peragrasset,
2926 3086 3034 3141 hoc
3074 3090 3162 3142 est
3209 3103 3361 3141 anno
3391 3088 3559 3154 CCII;
3594 3087 3850 3143 concidit

2208 3179 2289 3245 id,
2334 3177 2490 3248 quod
2548 3181 2719 3231 antea
2775 3176 3107 3230 decreverat
3168 3182 3299 3231 ante
3348 3175 3541 3231 Severi
3590 3178 3849 3232 edictum

2210 3268 2493 3338 scriptum
2524 3265 2961 3337 Apologeticum
3002 3281 3168 3332 esse;
3217 3266 3494 3336 quoniam
3547 3271 3680 3322 ante
3711 3284 3848 3324 ann.

2212 3358 2347 3412 CCII
2381 3357 2626 3411 Romam
2661 3356 2906 3410 Severus
2960 3372 3075 3409 non
3119 3354 3310 3425 rediit,
3371 3360 3429 3410 et
3486 3360 3682 3411 tamen
3715 3374 3853 3412 ann.

2214 3446 2351 3502 CCII
2380 3446 2634 3501 edictum
2682 3446 2962 3500 adversus
3006 3444 3371 3499 Christianos
3416 3445 3856 3517 promulgatum

2216 3536 2417 3601 fuisse,
2446 3550 2617 3589 nemo
2662 3551 2815 3590 unus
2864 3549 3070 3590 vocare
3127 3534 3187 3588 in
3244 3535 3700 3590 controversiam
3756 3552 3858 3607 po-

2216 3629 2351 3681 test.

2215 3790 2243 3855 §
2310 3788 2395 3842 17.
2465 3816 2532 3827 —
2598 3786 2757 3840 Libri
2816 3784 2921 3840 duo
2974 3784 3051 3840 ad
3117 3787 3382 3842 Nationes
3447 3802 3592 3841 anno
3674 3786 3863 3843 CXCIX

2934 3859 3145 3927 scripti.

2287 3986 2495 4039 Narrat
2525 3983 2583 4038 in
2616 3982 2988 4055 Apologetico
3020 4000 3125 4038 suo
3155 3982 3553 4039 Tertullianus
3584 3983 3735 4055 (cap.
3770 3983 3865 4054 l6)

2210 4076 2467 4145 proxime
2497 4072 2677 4128 fuisse
2709 4073 3044 4143 quemdam,
3079 4071 3179 4143 qui
3231 4072 3544 4142 imaginem
3577 4076 3860 4144 togatam,

2217 4162 2459 4218 auribus
2479 4162 2824 4217 instructam
2848 4160 3308 4231 asininis,altero
3329 4163 3473 4233 pede
3496 4161 3860 4233 ungulatam,

2217 4252 2419 4308 addita
2462 4250 2859 4323 inscriptione,
2904 4252 3048 4307 Deus
3100 4251 3547 4308 Christianorum
3604 4252 3863 4307 onochoe-

2217 4346 2309 4413 tes,
2345 4341 2729 4413 proposuerit.
2762 4340 2919 4395 Idem
2951 4356 3131 4409 nuper
3180 4342 3399 4396 factum
3440 4356 3569 4396 esse
3602 4341 3774 4395 refert
3804 4340 3864 4394 in

2216 4432 2406 4504 priore
2437 4432 2507 4485 ad
2546 4432 2803 4486 Nationes
2849 4429 2997 4484 libro
3029 4446 3078 4483 c.
3132 4430 3259 4497 14.;
3312 4430 3465 4500 quod
3517 4433 3863 4499 argumento

2214 4538 2341 4577 esse
2372 4524 2582 4592 potest,
2614 4520 2816 4574 eodem
2852 4519 2967 4574 fere
2997 4523 3259 4589 tempore
3307 4535 3440 4573 cum
3489 4516 3863 4588 Apologetico

447 4606 763 4664 exstinctis
792 4603 1009 4671 Albini,
1059 4604 1159 4659 sed
1208 4603 1369 4675 Nigri
1430 4603 1634 4658 amicis
1693 4604 1973 4677 loquitur,
2007 4608 2105 4679 qui
2138 4626 2181 4690 ι)
2215 4617 2532 4679 utrumque
2562 4609 2646 4664 ad
2678 4608 2931 4662 Nationes
2958 4608 3174 4662 librum
3207 4608 3428 4663 editum
3456 4606 3659 4672 fuisse,
3692 4610 3865 4676 atque

446 4700 617 4751 erant
650 4694 848 4749 adhuc
879 4698 1011 4765 post
1044 4693 1384 4748 Albinianos
1406 4693 1881 4764 superstites,sed
1915 4713 2105 4767 neque
2214 4703 2314 4768 ita,
2370 4702 2426 4755 ni
2488 4698 2676 4766 fallor,
2740 4702 2803 4752 ut
2862 4702 2992 4768 post
3036 4714 3170 4753 eum
3227 4698 3285 4752 hi
3345 4698 3536 4753 lucem
3592 4697 3864 4755 viderint.

449 4789 717 4857 tempore
750 4783 881 4853 isto,
921 4784 1075 4854 quod
1108 4784 1387 4850 diximus,
1439 4782 1744 4853 posteriori
1796 4784 1947 4840 facta
1977 4802 2105 4843 esse
2215 4791 2563 4861 Utrumque,
2615 4789 2897 4858 inquam;
2948 4787 3123 4841 verba
3168 4787 3348 4853 enim,
3383 4788 3599 4859 quibus
3651 4787 3864 4841 librum

446 4877 683 4932 videtur
715 4875 838 4929 haec
868 4874 1244 4930 inimicorum
1277 4875 1469 4929 Severi
1522 4874 1964 4945 pervestigatio;
1997 4877 2105 4933 hoc

450 4966 604 5021 enim
640 4969 937 5038 pugnaret
968 4981 1100 5019 cum
1134 4981 1219 5033 eo,
1255 4964 1411 5036 quod
1437 4963 1563 5034 jam
1596 4979 1731 5018 ann.
1766 4966 1849 5020 CC
1876 4966 2103 5021 Tertul-

450 5054 646 5111 lianus
680 5054 1174 5110 Montanistarum
1224 5053 1494 5126 partibus
1525 5052 1790 5123 accessit,
1842 5055 2105 5127 scripsit~

452 5160 562 5216 que
596 5149 735 5200 ante
766 5142 916 5199 hanc
948 5145 1159 5199 factam
1190 5144 1261 5199 ab
1291 5141 1551 5198 Ecclesia
1586 5142 2009 5200 seccessionem
2043 5144 2107 5200 li-

454 5234 591 5289 bros
626 5233 705 5290 ad
733 5235 995 5289 Nationes
1024 5237 1083 5289 et
1110 5233 1174 5289 de
1205 5233 1524 5290 Testimonio
1555 5233 1783 5296 animae.
1815 5235 1975 5289 I20
2006 5235 2108 5305 qui

453 5340 523 5381 ne
540 5322 851 5380 minimam
877 5324 1115 5395 quidem
1135 5324 1269 5380 dant
1292 5322 1666 5379 Montanismi
1685 5322 2105 5394 suspicionem,

454 5418 507 5467 et
532 5416 678 5469 sunt
705 5412 1045 5485 Apologetico
1075 5414 1405 5486 superiores
1433 5430 1445 5481 ;
1479 5412 1633 5483 quod
1666 5412 1737 5466 de
1769 5410 1916 5469 libro
1947 5430 2109 5488 super

525 5573 644 5643 (14)
676 5576 939 5646 Profectio
983 5577 1215 5645 Augusti
1260 5574 1638 5645 conjungitur
1687 5574 1840 5643 apud
1893 5577 2107 5633 Medio-

461 5645 708 5721 barbum
739 5645 808 5702 ad
841 5665 893 5705 a.
928 5666 977 5704 c.
1016 5650 1137 5719 199,
1188 5666 1244 5721 p.
1278 5649 1404 5711 172,
1436 5653 1492 5703 et
1538 5646 1691 5721 apud
1724 5646 2108 5721 Vaillantium

464 5716 523 5774 in
552 5718 727 5776 Num.
760 5720 967 5795 impp.,
998 5716 1275 5793 vol.'I,'p.
1312 5722 1435 5790 113,
1459 5716 1592 5776 cum
1624 5719 1721 5775 Tr.
1754 5723 1816 5775 P.
1851 5720 1940 5777 VI.
1968 5739 2105 5780 ann.

2217 4881 2596 4952 posteriorem
2629 4878 2877 4943 orditur,
2914 4876 3111 4931 statim
3146 4893 3279 4931 eum
3323 4876 3499 4949 priori
3534 4878 3865 4947 subjectum

2220 4971 2538 5026 ostendunt
2572 4972 2699 5039 post
2730 4966 3199 5037 Apologeticum:
3236 4972 3362 5022 tum
3394 4966 3675 5038 quoniam
3720 4965 3866 5020 illud

2213 5062 2467 5134 proxime
2492 5058 2729 5112 videtur
2785 5056 3015 5111 brevius
3064 5056 3345 5127 temporis
3398 5057 3655 5128 spatium
3708 5054 3867 5110 desi-

2217 5166 2417 5224 gnere,
2452 5164 2628 5220 quam
2660 5162 2838 5218 nuper
2865 5166 2884 5213 ,ο
2915 5146 3349 5217 tum,quoniam
3381 5143 3757 5200 verisimilius
3778 5146 3869 5197 est

2218 5242 2267 5297 si
2301 5240 2432 5311 quis
2468 5238 2621 5293 dicat
2652 5234 3074 5291 Tertullianum
3108 5235 3357 5308 primum
3400 5232 3674 5306 praesides
3707 5246 3865 5285 com-

2217 5329 2488 5404 pellasse,
2524 5343 2774 5400 quorum
2808 5326 3125 5382 auctoritas
3175 5326 3365 5397 major
3417 5326 3572 5379 esset
3602 5320 3865 5377 animus-

2219 5439 2333 5494 que
2364 5416 2725 5475 tractabilior
2756 5433 2932 5489 quam
2989 5416 3209 5489 populi.
3258 5420 3447 5486 Atque
3495 5415 3635 5468 sunt
3665 5412 3868 5481 praeter

2221 5580 2423 5637 CXCIX
2458 5577 2667 5633 medio.
2702 5576 2812 5632 Sed
2848 5578 2997 5649 apud
3049 5577 3216 5632 illum
3249 5594 3303 5649 p.
3334 5578 3463 5642 273,
3513 5573 3662 5649 alius
3694 5588 3867 5649 num-

2223 5671 2355 5709 mus
2387 5652 2562 5708 habet
2592 5650 2781 5706 Severi
2812 5646 2907 5722 Tr'.
2942 5649 3149 5722 P._VI,
3171 5646 3306 5706 cum
3356 5647 3703 5722 cognomine
3739 5646 3863 5703 Par.

2223 5729 2315 5783 Ar.
2350 5725 2456 5782 Ad.
2490 5724 2795 5795 signisque
2823 5720 3076 5779 victoriae
3105 5721 3256 5780 aliis.
