4526 6346
765 329 884 392 163

1845 318 2362 385 DISSER’I‘A’I‘IO
2402 316 2508 379 DE
2552 315 2764 377 VERA
2803 314 3092 377 ETATE

4051 319 4156 382 16⁸

767 465 890 521 Ι]ωο
923 480 1039 520 non
1069 481 1276 534 pauca,
1300 463 1512 534 quibus
1541 475 1743 518 eorum
1766 462 1903 514 aetas
1935 455 2116 512 multo
2149 453 2416 526 superior
2441 457 2496 522 Α
2529 449 2910 519 sectionibus,
2945 446 3088 506 nihil
3122 446 3399 522 reperies,
3431 448 3588 521 quod
3618 446 3696 504 sit
3725 447 3784 506 in
3831 448 4156 523 Apologetieo

765 555 956 610 edicto
987 553 1180 610 Severi
1214 552 1460 624 intelligi
1495 551 1714 623 possit;
1747 567 1779 604 a
1810 547 2024 620 quibus
2053 559 2411 601 enumeran-

767 643 859 698 dis
891 660 983 698 me
1014 661 1170 698 nunc
1197 641 1433 713 quidem
1467 640 1760 707 contineo,
1804 637 1903 692 sed
1938 640 2068 691 utor
2111 639 2305 689 tamen
2339 631 2410 686 ad

765 731 918 787 hanc
950 748 1069 786 rem
1104 732 1333 786 duobus
1365 727 1962 802 argumentis.Unum
1993 728 2101 792 est,
2133 723 2285 792 quod
2312 721 2410 777 isti

767 820 902 875 libri
953 821 1070 876 sint
1127 819 1342 892 populo
1392 819 1449 873 in
1501 818 1708 891 primis
1767 814 2085 881 destinati;
2141 811 2409 877 alterum,

765 921 915 986 quod
951 919 1250 974 victoriam
1284 936 1314 974 a
1349 918 1522 989 Nigro
1550 923 1723 987 atque
1749 914 1950 969 Albino
1985 918 2265 982 tanquam
2294 926 2410 964 non

762 1009 842 1062 ita
872 1009 1054 1063 multo
1087 1009 1234 1064 121
1273 1013 1405 1064 ante
1460 1010 1811 1079 reportatam
1863 1003 2211 1074 signiﬁcent.
2259 999 2409 1055 Nus-

766 1096 920 1166 piam
958 1097 1234 1167 priesides
1282 1094 1618 1166 alloquitur,
1663 1100 1724 1148 ut
1774 1095 1906 1149 fecit
1936 1093 1994 1146 in
2055 1091 2406 1162 Apologctico,

765 1186 863 1238 sed
898 1185 1068 1240 unice
1101 1185 1404 1256 populum,
1434 1203 1466 1239 a
1518 1201 1632 1255 quo
1690 1182 1931 1237 memini
1985 1180 2406 1236 Tertullinnum

762 1273 976 1328 alicubi
1011 1275 1186 1329 etiam
1221 1276 1295 1342 (ν.
1321 1291 1349 1328 c
1406 1272 1420 1326 l
1463 1290 1553 1328 1c.
1586 1273 1639 1343 3)
1673 1272 1887 1326 diserte
1908 1269 2181 1342 prmsides
2205 1268 2408 1322 distin-

758 1363 932 1417 xisse.
970 1361 1258 1434 Deinceps
1289 1363 1416 1432 hos,
1475 1363 1556 1416 ait
1613 1362 1828 1434 quibus
1886 1358 2097 1414 dicavit
2148 1357 2292 1412 istos
2338 1357 2404 1410 li-

757 1452 917 1518 bros,
952 1469 1258 1507 accusasse
1289 1453 1648 1507 Christianos
1696 1452 1756 1521 (l.
1790 1469 1805 1506 ι
1840 1467 1889 1506 c.
1923 1451 2012 1520 ‘20)
2041 1467 2053 1515 ;
2087 1449 2239 1519 quod
2275 1449 2404 1518 qui-

758 1542 887 1596 dem
939 1541 1245 1596 convenire
1301 1542 1467 1596 video
1526 1540 1584 1595 in
1620 1540 1918 1612 praesides,
1979 1546 2169 1592 tamen
2221 1537 2404 1592 multo

759 1630 949 1701 magis
984 1630 1232 1685 refertur
1261 1631 1328 1686 ad
1365 1630 1612 1702 plebem.
1658 1630 1916 1701 Denique
1965 1627 2159 1698 ipsum
2191 1643 2402 1697 cogno-

758 1735 891 1775 men
924 1720 1421 1790 Nationum,quod
1453 1724 1540 1774 est
1588 1719 1645 1773 in
1697 1718 1902 1773 horum
1955 1717 2236 1770 librorum
2281 1715 2404 1786 epi-

2524 541 2865 595 tractatum.

2558 708 2702 778 §18.
2735 738 2803 750 ——
2860 707 3023 763 Liber
3077 707 3142 763 de
3197 709 3503 834 testi-mpnio
3560 709 3764 765 anima:
3819 708 3994 766 eidem
4019 727 4156 768 anno

3197 796 3372 834 asserz
3399 797 3486 834 ur.

3197 796 3486 835 asseritur.

2589 933 2714 988 Stat
2744 933 2888 988 mihi
2919 933 3122 988 eadem
3157 933 3450 990 sententia
3506 934 3578 990 de
3613 951 3681 990 eo
3733 934 3953 1001 libello,
3986 952 4152 1008 quem

2518 1022 2913 1078 Tertullianus
2934 1024 3007 1078 de
3034 1025 3351 1079 Testimonio
3373 1026 3573 1079 animae
3601 1024 3972 1096 conscripsit.
4003 1027 4154 1080 llunc

2518 1113 2788 1183 equidem
2825 1129 2937 1167 non
2964 1129 3106 1183 nego
3130 1112 3412 1183 aaqualem
3436 1130 3563 1168 esse
3589 1113 3756 1169 libris
3779 1115 3864 1170 ad
3883 1115 4151 1170 Nationes.

2517 1201 2671 1257 122
2698 1201 2805 1256 Sed
2864 1201 3065 1256 dubito
3123 1218 3197 1256 an
3257 1206 3410 1256 recte
3469 1202 3540 1256 ab
3599 1201 3969 1270 Hotl‘manno,
4009 1201 4151 1275 l.c.,

2517 1307 2574 1362 p.
2607 1291 2697 1358 34,
2732 1289 2959 1345 dicatur
2991 1289 3173 1346 altera
3200 1290 3368 1362 quasi
3401 1308 3535 1362 pars
3573 1308 3702 1346 esse
3733 1292 4152 1358 commentarii,

2517 1395 2690 1448 quem
2725 1379 2780 1432 in
2815 1377 3229 1448 Apologeticum
3274 1379 3675 1434 Tertullianus
3723 1381 3998 1448 ediderit,
4029 1398 4153 1436 cum

2515 1467 2647 1521 libri
2678 1467 2745 1521 ad
2774 1469 3044 1522 Nationes
3084 1468 3334 1539 priorem
3387 1468 3704 1524 Lifecerint.
3756 1469 4018 1542 Namque
4050 1471 4155 1526 ista

2515 1556 2685 1611 verba
2715 1557 3057 1627 Apologetici
3086 1573 3135 1610 c.
3168 1558 3254 1622 17,
3286 1557 3452 1611 vultis
3480 1559 3761 1614 exanima?
3791 1559 3966 1629 ipsius
4010 1561 4153 1614 testi-

2513 1646 2695 1699 monio
2733 1645 3190 1715 comprobemus?
3223 1662 3349 1716 quas
3409 1662 3613 1701 ansam
3677 1647 4019 1702 Hotl‘manno
4075 1649 4150 1703 ita

2514 1733 2800 1787 sentiendi
2835 1733 3188 1799 dodere,non
3221 1733 3301 1787 ita
3324 1739 3658 1804 comparata
3690 1735 3962 1790 videntur
3991 1735 4152 1802 mihi,

754 1808 1000 1902 ξνθβδίῗν
1033 1807 1413 1902 ξῖιίξξιξῖθειυῐη
1434 1812 1524 1902 es?
1545 1806 2250 1902 δ”ΓίξΓωῙῙίθηΟ-ίξὶάίίυηῖ
2275 1820 2402 1858 esse
2436 1839 2480 1902 Β
2514 1827 2574 1876 ut
2609 1822 2836 1893 possint
2866 1823 3108 1877 lectores
3139 1839 3344 1878 omnes
3374 1823 3444 1877 ad
3476 1823 3655 1893 hujus
3685 1812 3980 1894 opinionis
4015 1825 4152 1880 veri-

751 1896 848 1965 iis,
884 1896 981 1968 qui
1017 1897 1196 1951 dediti
1229 1901 1395 1951 erant
1426 1895 1609 1952 cultui
1659 1897 1896 1950 deOrum
1926 1913 1940 1963 ;
1976 1895 2070 1949 hic
2104 1911 2234 1950 vero
2269 1911 2399 1964 pro-

754 1984 876 2055 prie
908 1984 1133 2056 plebem
1185 1985 1654 2055 superstitiosam
1706 1984 1974 2055 designat
2015 1984 2169 2038 haud
2204 1983 2400 2049 dubie,

753 2078 1060 2145 propterea
1089 2075 1242 2146 quod
1293 2091 1440 2146 pene
1482 2075 1708 2139 eadem,
1759 2091 1886 2144 quae
1937 2073 2234 2143 disputata
2262 2075 2401 2126 sunt

755 2162 813 2217 in
856 2168 1104 2234 utroque
1153 2161 1370 2227 libello,
1414 2164 1540 2233 jam
1590 2162 1927 2234 praesidibus
1981 2161 2402 2216 consideranda

754 2251 1060 2323 proposuit
1091 2250 1148 2306 in
1180 2252 1546 2322 Apologetico.
1578 2252 1686 2306 Sed
1720 2267 1951 2323 nuperis
1989 2249 2202 2320 stragis
2239 2249 2398 2319 Nigri

747 2339 1065 2413 Albinique
1098 2339 1450 2396 mentionem
1483 2340 1672 2411 injicit
1721 2339 1829 2395 hoc
1860 2340 2052 2404 modo,
2085 2343 2150 2393 ut
2179 2339 2398 2409 Syriam

749 2429 1080 2486 cadaverum
1109 2430 1364 2486 odoribus
1403 2431 1638 2500 spirare,
1678 2429 2000 2500 Galliasque
2025 2427 2210 2483 adhuc
2253 2427 2397 2482 Rho-

748 2519 896 2574 dano
925 2535 1022 2575 suo
1070 2536 1180 2575 non
1227 2521 1413 2574 lavare
1459 2519 1651 2586 dicat;
1713 2519 1864 2588 quod
1918 2517 2059 2588 quid
2119 2517 2229 2571 sibi
2277 2516 2399 2570 vult

745 2607 904 2662 aliud
939 2625 1117 2678 quam
1152 2609 1282 2675 hoc,
1314 2609 1409 2662 vix
1445 2608 1616 2662 ﬁnem
1657 2606 1803 2662 bello
1831 2606 2020 2662 Severi
2053 2621 2184 2659 cum
2221 2605 2395 2675 Nigro

743 2700 918 2768 atque
949 2695 1159 2751 Albino
1190 2695 1372 2751 fuisse
1403 2695 1743 2767 impositum
1768 2695 1795 2750 ?
1828 2697 1961 2759 Quis
1994 2695 2228 2766 quidem
2264 2711 2393 2749 om-

752 2784 867 2851 nia,
903 2785 1046 2840 istos
1077 2785 1146 2840 ad
1196 2785 1456 2840 Nationes
1487 2784 1665 2840 libros
1709 2801 1822 2839 non
1849 2789 1980 2855 post
2009 2785 2262 2839 edictum
2296 2785 2392 2838 Se-

738 2873 856 2928 veri
889 2873 1076 2928 aditos
1108 2873 1310 2941 fuisse,
1347 2873 1448 2928 sed
1495 2877 1648 2938 ante,
1683 2872 2009 2928 luculenter
2051 2873 2389 2940 ostendunt,

745 2975 1104 3042 possuntque
1149 2972 1390 3026 edocere
1445 2987 1669 3037 omnes,
1708 2987 1822 3026 non
1874 2975 2080 3042 praeter
2132 2987 2253 3026 rem
2285 2969 2391 3026 hos

739 3058 921 3116 libros
977 3060 1218 3115 comites
1276 3061 1442 3116 datos
1499 3078 1532 3115 a
1589 3061 1757 3115 nobis
1813 3061 1994 3115 fuisse
2052 3060 2390 3132 Apologetico

740 3149 1105 3217 Tertulliani,
1140 3150 1358 3222 quippe
1387 3166 1534 3220 quos
1568 3166 1634 3204 ea
1664 3150 1734 3205 de
1777 3166 1956 3205 causa
1985 3153 2213 3219 oportet
2244 3149 2384 3204 scri-

740 3243 870 3311 ptos
902 3257 1050 3307 esse,
1083 3256 1214 3294 cum
1241 3241 1365 3310 jam
1401 3239 1644 3294 dimidia
1676 3257 1779 3311 par
1825 3256 1964 3295 ann.
1997 3239 2204 3294 CXCIX
2238 3237 2378 3292 fuis-

740 3333 830 3383 set
877 3345 1175 3384 convcrsa.
1235 3329 1313 3382 Ex
1373 3345 1488 3400 quo
1546 3333 1806 3399 apparet,
1870 3327 2068 3394 simul,
2118 3327 2381 3398 ipsorum

738 3421 1031 3472 auctorem
1092 3422 1218 3472 tum
1276 3418 1539 3472 nondum
1612 3417 1827 3471 abiisse
1884 3417 1943 3471 in
1999 3415 2382 3470 Montanista-

738 3522 871 3560 rum
904 3505 1278 3570 sententiam,
1303 3505 1596 3576 siquidem
1641 3503 1696 3558 id
1726 3505 1964 3560 demum
1990 3521 2124 3558 ann.
2152 3507 2230 3557 CG
2253 3520 2384 3558 con-

735 3594 890 3665 tigit,
923 3609 1112 3665 neque
1142 3594 1521 3649 inveniuntur
1549 3592 1608 3646 in
1639 3593 1806 3648 libris
1835 3591 1984 3656 istis,
2034 3609 2160 3663 quze
2191 3591 2382 3664 suspi-

735 3683 960 3738 cionem
992 3682 1366 3738 Montanismi
1428 3697 1657 3737 movere
1712 3681 2080 3752 aliquantum
2133 3682 2378 3752 possint.

732 3783 807 3835 At
838 3798 1019 3837 unum
1051 3779 1159 3835 hoc
1181 3780 1324 3835 mihi
1351 3778 1853 3834 animadversione
1879 3778 2122 3850 dignum
2155 3777 2386 3833 videtur

734 3870 793 3925 in
827 3869 1160 3926 Hotl'manni
1200 3868 1582 3939 argumentis,
1617 3868 1715 3940 qui
1767 3867 1953 3922 eidem
2005 3867 2382 3922 similitudini

731 3959 1036 4028 insistens,
1068 3975 1192 4030 quas
1223 3961 1637 4030 argumentum
1687 3955 2030 4026 Apologctici
2058 3955 2383 4027 horumque

730 4046 1016 4104 librorum
1048 4047 1375 4115 intercedit,
1402 4046 1741 4117 pronuntiat
1773 4046 1829 4100 in
1861 4044 2214 4101 contrariam
2248 4061 2380 4116 par-

733 4142 851 4193 tem
886 4153 1001 4191 non
1037 4137 1198 4191 bene.
1240 4135 1504 4206 Namque
1533 4150 1600 4189 ea
1630 4135 1757 4204 eius
1789 4135 1986 4204 opinio
2026 4151 2150 4205 quas
2183 4136 2240 4188 in
2275 4133 2384 4188 hoc

728 4229 1019 4294 versatur,
1061 4225 1201 4298 quod
1245 4225 1376 4279 libri
1405 4223 1475 4278 ad
1532 4224 1781 4278 nationes
1811 4239 1934 4278 cum
1992 4223 2182 4278 libello
2212 4221 2276 4277 de
2305 4225 2380 4276 te-

726 4317 986 4371 stimonio
1043 4316 1251 4369 animae
1281 4329 1390 4368 non
1447 4313 1710 4383 diﬂerant
1739 4313 1806 4367 ab
1865 4312 2224 4382 Apologetico,
2273 4312 2386 4364 nisi

724 4406 1072 4478 prolixitate,
1123 4402 1479 4472 eamdemque
1528 4402 1916 4473 defensionem,
1951 4418 2119 4472 quam
2177 4401 2383 4454 Tertul-

729 4497 917 4550 lianus
947 4494 1007 4548 in
1036 4493 1378 4564 Apologetieo
1425 4493 1570 4546 velut
1619 4492 1680 4545 in
1706 4507 1953 4562 pugnum
1975 4497 2384 4560 compresserat,

2510 1915 2687 1965 tatem
2720 1911 3148 1982 agnoscendum
3179 1911 3484 1979 adducere,
3505 1928 3634 1966 cum
3669 1913 3873 1967 eodem
3905 1911 4005 1968 illo
4037 1913 4155 1968 loco

2510 1999 2908 2054 Tertullianus
2935 2004 2989 2054 et
3019 2001 3420 2054 demonstrare
3453 2016 3514 2056 se
3559 2016 3728 2071 posse
3761 2017 3946 2056 unum
3984 2003 4153 2057 Deum

2508 2105 2576 2144 ex
2603 2089 2732 2158 ejus
2762 2088 3036 2159 Operibus
3067 2089 3263 2155 dicat;
3307 2089 3377 2142 de
3410 2105 3521 2160 qua
3549 2106 3608 2143 re
3638 2077 3833 2144 tamen
3871 2107 4152 2160 nusquam

2508 2193 2641 2232 eum
2675 2177 2914 2232 memini
2944 2195 3010 2232 ex
3038 2177 3309 2232 instituto
3341 2177 3667 2248 disputare,
3689 2179 3897 2233 saltem
3923 2179 3980 2233 in
4015 2180 4155 2234 libro

2508 2265 2631 2331 tali,
2666 2266 2762 2335 qui
2797 2267 2873 2321 sit
2902 2266 3104 2322 eodem
3158 2270 3419 2334 tempore
3462 2283 3597 2321 cum
3645 2268 3986 2336 Apologetico
4017 2268 4155 2322 scri-

2507 2361 2662 2426 ptus.
2714 2354 2940 2410 Certius
2997 2355 3150 2409 hunc
3213 2353 3428 2409 librum
3488 2354 3835 2425 Apologetico
3875 2355 4152 2427 mqualem

2508 2460 2637 2498 esse
2667 2444 2841 2499 verba
2888 2444 3093 2498 decent
3139 2460 3227 2512 ea,
3287 2443 3504 2514 quibus
3537 2444 3593 2497 in
3645 2445 3903 2499 sectione
3935 2445 4158 2516 quinta,

2506 2549 2564 2603 p.
2597 2533 2686 2598 84,
2722 2533 2908 2587 utitur
2938 2531 3375 2587 Tertullianus:
3430 2534 3644 2588 Divina
3691 2534 4001 2603 Scriptura?
4037 2548 4159 2604 qua:

2503 2636 2668 2689 penes
2695 2635 2789 2676 nos
2817 2621 2900 2674 vel
2929 2621 3152 2676 Iudaeos
3176 2623 3325 2689 sunt,
3353 2619 3524 2675 multo
3566 2622 3931 2677 secularibus
3962 2623 4157 2678 litteris

2504 2727 2614 2764 non
2647 2709 2859 2764 modica
2903 2712 3122 2764 tantum
3153 2714 3317 2763 aetate
3343 2710 3533 2779 aliqua
3579 2710 3928 2778 antecedunt,
3961 2716 4022 2765 ut
4047 2711 4157 2765 loco

2502 2815 2598 2854 suo
2645 2798 2978 2853 edocuimus.
3035 2797 3151 2852 Hoc
3199 2814 3332 2852 vero
3383 2798 3624 2852 ubinam
3675 2799 3890 2867 docuit,
3957 2798 4069 2854 nisi
4100 2797 4154 2851 in

2501 2888 2885 2958 Apologetico?
2916 2903 3042 2957 cap.
3077 2887 3142 2940 18
3189 2903 3351 2957 seqq.
3398 2888 3579 2952 Quem
3613 2903 3746 2942 cum
3797 2887 3912 2942 sub
3944 2887 4150 2942 initum

2500 2993 2638 3032 ann.
2671 2975 2899 3040 CXCIX,
2929 2991 3029 3030 eos
3058 2991 3191 3030 vero
3222 2975 3293 3028 ad
3322 2975 3581 3031 Nationes
3629 2974 3802 3046 paulo
3833 2982 3971 3046 post
4001 2993 4152 3032 com-

2499 3066 2780 3137 posuerit,
2816 3081 2967 3118 anno
3000 3063 3112 3118 isto
3147 3080 3291 3134 pene
3323 3061 3549 3134 expleto
3587 3069 3854 3118 nostrum
3887 3064 4149 3121 libellum

2497 3154 2754 3210 edidisse
2787 3153 3116 3208 censendus
3163 3156 3270 3207 est.
3306 3152 3500 3222 Neque
3551 3152 3607 3206 id
3660 3152 3942 3209 abhorret
3990 3154 4062 3209 ab
4092 3169 4153 3207 eo

2493 3245 2645 3314 quod
2661 3242 2772 3298 sibi
2793 3242 2848 3296 in
2872 3241 3070 3296 libello
3083 3241 3479 3296 Tertullianus
3493 3243 3937 3312 exsequendum
3959 3259 4158 3312 sump-

2493 3332 2590 3398 sit,
2614 3336 2673 3385 ut
2702 3330 2898 3387 aemuli
2915 3334 3394 3400 persecutoresque
3429 3330 3875 3386 Christianorum
3899 3333 4154 3387 veritatis

2492 3429 2542 3477 et
2569 3421 2776 3476 erroris
2819 3421 2876 3473 in
2927 3435 2984 3474 se
3031 3427 3081 3474 et
3125 3419 3444 3489 iniquitatis
3494 3422 3555 3474 in
3601 3435 3692 3474 eos
3735 3421 4155 3476 revincerentur

2491 3513 2562 3580 (c.
2601 3511 2669 3577 1).
2703 3509 2812 3564 Sed
2845 3508 2903 3562 in
2937 3507 3145 3574 alium,
3169 3525 3426 3580 eumque
3457 3508 3840 3579 posteriorem
3875 3524 4148 3582 eo,quem

2493 3598 2768 3666 diximus,
2815 3613 3038 3652 annum
3088 3597 3522 3666 conjiciendum
3575 3596 3732 3652 hunc
3782 3597 4002 3654 librum
4037 3615 4147 3654 non

2494 3693 2656 3759 puto.
2691 3685 2912 3740 Etenim
2963 3692 3254 3757 praeterea,
3309 3687 3461 3756 quod
3524 3685 3686 3740 nulla
3735 3687 3794 3741 in
3854 3687 3972 3744 isto
4008 3687 4152 3742 libro

2501 3774 2850 3846 signiﬁcatio
2882 3773 3257 3829 Montanismi
3288 3780 3589 3846 appareat,
3612 3773 3766 3830 haud
3800 3775 4002 3848 inepte
4025 3775 4154 3847 quis

2492 3864 2722 3930 dixerit,
2760 3864 2918 3918 hunc
2949 3862 3125 3918 veluti
3185 3864 3570 3934 appendicem
3619 3880 3749 3919 esse
3806 3865 4153 3934 Apologctico

2492 3951 2779 4022 librisque
2828 3953 2897 4007 ad
2949 3951 3213 4007 nationes
3263 3952 3596 4022 adjectum;
3651 3953 3936 4023 quoniam
3997 3956 4056 4007 in
4086 3969 4149 4008 eo

2494 4042 2790 4112 disputata
2819 4045 2908 4096 est
2953 4039 3124 4112 paulo
3173 4039 3427 4111 amplius
3478 4041 3744 4096 doctrina
3791 4041 4146 4098 Christiana.

2491 4135 2692 4202 Neque
2738 4128 2892 4184 ullus
2921 4130 3050 4200 ejus
3083 4129 3312 4200 generis
3365 4129 3514 4185 liber
3561 4130 3844 4186 adversus
3879 4131 4144 4202 ineptum

2493 4220 2736 4274 deorum
2778 4217 3001 4272 cultum
3033 4223 3123 4272 est
3149 4235 3182 4272 a
3229 4216 3590 4273 Tertulliano
3622 4220 4016 4289 compositus,
4052 4218 4149 4290 qui

2495 4311 2694 4380 posset
2725 4305 2820 4362 alii
2854 4306 3103 4378 tempori
3134 4306 3438 4376 vindicari,
3468 4323 3645 4378 quam
3679 4306 3837 4370 huic,
3873 4325 3992 4378 quo
4025 4309 4154 4380 ipsa

2494 4396 2767 4450 violentia
2788 4395 2844 4450 in
2863 4395 3224 4450 Christianos
3239 4395 4148 4466 requirebatdemonstrationem

2495 4501 2744 4540 summie
2776 4483 3080 4554 injustitias
3110 4486 3444 4555 conspicuae
3465 4484 3523 4538 in
3557 4485 3977 4556 superstitione
4002 4485 4150 4540 ferro

726 4583 1023 4654 aliquanto
1081 4584 1254 4638 latius
1300 4582 1573 4652 explicent
1595 4597 1616 4641 ;
1673 4598 1740 4636 ea
1790 4597 1921 4636 vero
1974 4595 2079 4634 nec
2138 4583 2292 4634 recte
2324 4595 2386 4634 se
2417 4570 2462 4634 D
2496 4573 2868 4644 ﬂammisque
2899 4573 3296 4645 propaganda.

729 4670 906 4726 habet
935 4670 1196 4737 omnino,
1256 4687 1361 4725 nec
1393 4675 1481 4725 est
1528 4669 1599 4724 ad
1661 4685 1781 4724 rem
1814 4668 2182 4723 efﬁciendam
2238 4667 2382 4722 satis

727 4759 960 4815 idonea.
997 4765 1073 4814 De
1103 4759 1291 4829 ipsius
1321 4757 1653 4831 argumenti
1699 4756 2070 4811 conclusione
2115 4755 2260 4810 nihil
2295 4760 2381 4810 at-

727 4848 879 4904 tinet
903 4849 1095 4904 dicere
1121 4865 1134 4916 ;
1160 4850 1249 4902 est
1269 4847 1423 4901 enim
1451 4847 1558 4901 hoc
1575 4845 1719 4900 satis
1741 4845 2107 4917 disputatum
2133 4861 2166 4899 a
2189 4844 2381 4911 nobis,

729 4951 789 5004 et
843 4946 1035 5003 adhuc
1087 4945 1444 5017 quibusdam
1521 4945 1580 4998 in
1637 4942 1785 4999 locis
1841 4942 2260 5014 disputabitur.
2320 4946 2384 4998 Et

729 5036 1002 5110 quamvis
1036 5035 1092 5090 in
1127 5032 1469 5105 Apologetico
1501 5033 1618 5088 fere
1649 5031 1867 5088 similia
1915 5032 2108 5087 tradat
2155 5031 2379 5086 Tertul-

729 5128 927 5184 lianus
957 5142 1183 5191 eorum,
1240 5140 1365 5195 qua:
1415 5123 1652 5178 fuerunt
1705 5121 1764 5175 in
1798 5120 1964 5176 libris
2022 5121 2091 5176 ad
2121 5121 2382 5178 Nationes

728 5215 1031 5288 exposita;
1063 5211 1246 5268 multa
1293 5216 1489 5266 tamen
1545 5214 1683 5267 sunt
1733 5210 1793 5264 in
1826 5209 1961 5278 isto,
2014 5226 2144 5282 quas
2195 5209 2255 5265 in
2290 5210 2382 5267 his

729 5323 973 5379 prorsus
1009 5321 1122 5358 non
1153 5304 1467 5366 exstant,et
1498 5299 1757 5355 vicissim
1792 5299 1850 5354 in
1883 5298 2131 5370 his,quze
2163 5299 2382 5356 frustra

727 5397 787 5452 in
845 5395 1183 5465 Apologetieo
1236 5393 1598 5462 quaaruntnr.
1674 5389 1836 5454 Quod
1895 5387 1993 5459 qui
2055 5389 2382 5461 perspicere

731 5485 962 5558 plenius
993 5482 1151 5550 velit,
1183 5497 1319 5536 eum
1351 5480 1419 5534 nd
1473 5477 1812 5534 universum
1845 5478 2063 5533 librum
2097 5479 2379 5550 posterio-

730 5592 849 5631 rem
902 5571 1282 5638 remittimus,
1345 5569 1500 5642 quod
1559 5572 1828 5624 versatur
1882 5567 1941 5622 in
1999 5567 2380 5639 explodendis

732 5662 1041 5738 gentilium
1073 5662 1223 5717 diis:
1275 5659 1375 5717 ubi
1408 5659 1458 5716 si
1503 5657 1813 5717 dicesseris
1860 5657 1931 5716 ab
1963 5657 2189 5717 ultimis
2248 5657 2380 5716 libri

3040 4749 3439 4806 ARTICULUS
3481 4749 3582 4805 IlI.

2492 4845 2576 4898 De
2605 4839 2762 4896 libris
2796 4839 3143 4905 Tertulliani,
3176 4855 3411 4966 quantm:
3428 4848 3478 4894 et
3497 4847 3627 4894 astas
3657 4843 3707 4895 et
3737 4840 4155 4896 Montanismus

3193 4926 3320 4966 cons
3347 4928 3382 4966 α
3418 4952 3430 4966 .

3193 4926 3430 4967 constat.

2490 5027 2600 5096 §i.
2633 5057 2702 5068 —-
2752 5026 2921 5082 Liber
2977 5025 3040 5082 de
3095 5028 3525 5153 Coronatanno
3584 5026 3688 5083 CCI
3741 5026 3969 5084 docetur
4017 5042 4146 5083 con-

3188 5115 3333 5153 scrin
3361 5115 3448 5153 us.

3188 5115 3448 5170 scriptus.

2563 5212 2625 5269 In
2658 5211 2958 5284 superiore
2988 5212 3407 5285 disputationis
3437 5216 3602 5286 parte
3632 5213 3780 5270 satis
3810 5213 4152 5286 expositum

2493 5307 2930 5374 esse’putamus
2959 5303 3030 5358 de
3062 5301 3228 5359 libris
3260 5302 3354 5372 iis,
3387 5319 3637 5374 quorum
3669 5308 3809 5360 aetas
3833 5307 3889 5358 et
3923 5303 4154 5375 puritas

2491 5393 2770 5448 doctrinas
2815 5395 2969 5448 certo
3025 5392 3276 5463 quodam
3345 5393 3516 5448 modo
3575 5392 3724 5448 efﬁci
3784 5409 3961 5464 posse
3991 5392 4154 5447 vide-

2490 5482 2723 5537 bantur.
2756 5481 2921 5537 Nunc
2953 5481 3222 5553 sequitur
3250 5481 3398 5537 alter
3427 5481 3613 5549 locus,
3633 5482 3731 5554 qui
3765 5480 4152 5555 pertractabit

2490 5587 2612 5636 eos,
2645 5587 2897 5644 quorum
2949 5574 3089 5628 satas
3137 5587 3252 5626 non
3306 5569 3505 5628 minus
3561 5576 3810 5642 constat,
3853 5586 4040 5641 quam
4069 5569 4150 5633 id,

2491 5660 2647 5734 quod
2677 5659 2796 5717 sint
2826 5676 2859 5715 a
2891 5658 3250 5717 Tertulliano
3283 5664 3408 5717 tum
3437 5660 3602 5731 editi,
3639 5677 3772 5717 cum
3804 5659 3873 5717 ad
3904 5659 4157 5716 Montani
