4526 6382
464 348 570 407 165

1318 342 1420 402 AC
1460 339 1851 402 DOCTRINA
1902 338 2406 401 SCRIPTORUM
2449 339 3013 402 TERTULLIANI.

3749 345 3868 404 166

461 479 823 554 disciplinam
872 494 956 547 se,
1012 478 1215 534 relicta
1256 480 1474 544 vetere,
1522 473 1893 530 contulisset.
1950 474 2113 529 Inter
2144 476 2195 543 Α
2226 474 2285 529 in
2319 474 2637 545 periculum
2671 474 2937 531 nonnulli
2986 475 3317 546 credebant,
3350 492 3479 532 esse
3535 491 3688 545 eam,
3746 496 3864 552 qua

462 589 597 643 quos
630 569 890 643 primum
919 568 1117 625 locum
1154 571 1307 623 tenet
1337 565 1487 622 liber
1506 565 1571 620 de
1604 562 1905 634 Corona,in
1934 564 2106 634 cujus

461 668 679 719 aetatem
708 664 775 715 ut
805 660 1178 731 inquiramus
1208 654 1376 727 paulo
1394 654 1843 727 plenius,0per:e
1876 654 2109 709 videtur

462 753 707 826 pretium
736 767 869 806 esse
899 764 966 804 eo
999 748 1210 820 magis,
1237 763 1352 819 quo
1402 744 1618 801 certius
1649 744 1742 798 hic
1778 743 1953 799 veluti
2005 762 2109 795 m-

462 840 719 917 ρίπηγμα
749 844 857 909 est,
894 839 965 894 ad
990 838 1144 910 quod
1174 836 1443 909 exigendi
1478 838 1616 890 sunt
1651 834 1843 889 caeteri
1905 849 2110 887 omnes

461 932 610 997 libri,
647 931 695 986 si
725 929 873 984 illud
906 928 1102 983 veniat
1132 927 1185 981 in
1220 925 1697 990 controversiam,
1731 927 1931 977 utrum
1992 923 2111 978 sint

462 1028 589 1077 ante
635 1018 985 1075 Tertulliani
1054 1017 1435 1072 defectionem
1471 1014 1693 1085 scripti,
1726 1030 1926 1067 necne.
1987 1013 2109 1076 Qua

462 1114 528 1167 de
557 1126 617 1166 re
650 1126 786 1165 cum
837 1108 1138 1163 videamus
1170 1107 1375 1161 doctos
1408 1104 1680 1159 homines
1728 1102 1910 1157 variis
1958 1102 2111 1157 inter

460 1218 515 1256 se
543 1198 832 1255 dissidere
864 1195 1194 1265 sententiis,
1245 1194 1461 1265 quibus
1514 1192 1871 1262 impedivere
1921 1190 2108 1261 magis

458 1290 755 1346 veritatem
790 1286 1202 1341 inveniendam
1234 1300 1411 1355 quam
1434 1282 1776 1353 expedivere
1812 1300 1828 1345 ;
1862 1280 2109 1335 candide

456 1380 740 1443 dicemus,
785 1392 912 1446 quae
947 1374 1064 1428 veri
1098 1372 1310 1427 similia
1342 1371 1619 1425 videntur
1649 1370 1840 1433 nobis,
1876 1385 1941 1425 ac
1990 1386 2109 1423 una

460 1473 692 1522 utemur
739 1480 922 1535 eaque
973 1463 1161 1534 prima
1206 1460 1339 1515 libri
1390 1460 1666 1525 sectione,
1719 1474 1748 1513 e
1807 1476 1924 1530 qua
1970 1455 2107 1520 "erui

460 1560 647 1628 potest
676 1559 732 1609 et
763 1553 892 1624 ipsa
922 1549 1222 1622 scriptoris
1255 1548 1540 1615 doctrina,
1574 1551 1631 1602 et
1662 1553 1919 1618 tempus,
1956 1548 2107 1602 1‘23

461 1661 571 1716 quo
603 1644 788 1699 istum
814 1641 1028 1696 librum
1059 1639 1117 1693 in
1134 1637 1428 1709 publicum
1463 1635 1921 1708 protulit.Atquo
1944 1634 2104 1689 illam

460 1733 641 1789 cuivis
672 1732 810 1786 licet
842 1728 1169 1799 intelligere
1187 1744 1254 1782 ex
1275 1727 1388 1782 ista
1411 1725 1805 1795 disputatione
1837 1724 2109 1779 universa

2220 564 2565 619 fruebantur
2594 564 2907 619 Christiani
2942 565 3207 620 nondum
3238 566 3429 621 Severi
3452 566 3577 639 lege
3629 567 3863 638 publica

2220 653 2518 723 exagitati,
2576 670 2749 725 quam
2810 654 2990 709 latam
3050 671 3177 709 esse
3228 672 3361 710 ann.
3425 656 3578 723 CCII,
3640 662 3869 714 constat

2218 743 2370 798 inter
2398 760 2618 799 omnes.
2657 744 2816 798 llunc
2848 745 3022 812 igitur
3051 743 3266 799 librum
3299 744 3584 815 scriptum
3644 751 3871 817 oportet

2220 849 2347 889 esse
2376 833 2433 887 in
2468 832 2774 888 intervallo
2806 850 2891 901 eo,
2930 834 3083 904 quod
3135 834 3205 888 ab
3262 852 3413 889 anno
3473 838 3633 890 sexto
3675 837 3866 892 Severi

2220 924 2290 979 ad
2353 939 2570 978 nonum
2631 923 2872 978 effluxit.
2936 925 2994 977 In
3030 939 3144 993 quo
3179 923 3455 994 temporis
3510 925 3699 994 spatio
3748 930 3867 982 tres

2219 1012 2514 1068 observari
2538 1030 2722 1067 annos
2754 1013 3179 1085 imperatorum
3212 1012 3559 1068 liberalitate
3592 1018 3824 1070 notatos
3851 1034 3864 1071 :

2218 1102 2473 1173 primum
2506 1101 2676 1172 paulo
2726 1104 3040 1170 antequam
3098 1104 3341 1155 Severus
3398 1101 3868 1170 proficisceretur

2218 1191 2278 1245 in
2312 1191 2602 1246 Orientem
2637 1189 3089 1245 ann.tCXCVllI.
3136 1190 3269 1261 (15).
3321 1189 3583 1246 Alterum
3642 1209 3863 1249 annum

2217 1280 2349 1346 CCI,
2382 1297 2517 1335 cum
2551 1280 2601 1335 is
2648 1279 2941 1334 militibus
2985 1279 3133 1348 suis,
3166 1280 3490 1349 {propterea
3551 1282 3705 1352 quod
3761 1284 3863 1338 Ca-

2218 1368 2501 1425 racallum
2542 1371 2894 1441 Augustum,
2958 1367 3160 1423 Getam
3220 1368 3526 1436 Caesarem,
3580 1369 3862 1441 dixerant,

2217 1459 2655 1529 Ctesiphontem
2687 1458 3591 1531 spoliandamtradidisset(16);
3624 1461 3863 1516 tertium

2217 1566 2353 1604 ann.
2385 1549 2542 1618 CCII,
2585 1565 2718 1603 cum
2770 1549 3013 1603 Severus
3065 1551 3122 1603 et
3167 1546 3505 1603 Caracallus
3544 1548 3654 1604 iter
3689 1551 3865 1623 Egy-

2218 1638 2475 1710 ptiacum
2510 1638 2939 1692 meditarentur
2964 1638 3095 1708 (17).
3119 1637 3338 1691 Horum
3371 1638 3525 1693 I24
3553 1637 3864 1709 {annorum

2218 1728 2471 1799 primum
2504 1728 2702 1782 statim
2720 1726 2812 1782 hic
2844 1725 3288 1797 intelligendum
3304 1744 3416 1781 non
3432 1743 3560 1783 esse
3592 1728 3861 1785 defendo.

458 1825 525 1879 de
557 1820 854 1894 fugiendis
887 1817 980 1884 iis,
1030 1834 1155 1888 quae
1208 1815 1296 1871 vel
1351 1814 1654 1869 minimam
1707 1812 2105 1884 suspicionem
2140 1857 2186 1922 Β
2220 1817 2442 1871 Etenim
2475 1815 2764 1887 disputari
2811 1819 3023 1887 potest,
3076 1819 3271 1870 utrum
3311 1815 3420 1870 hoc
3450 1815 3864 1888 gladiatorium

456 1911 649 1968 cultus
682 1906 1223 1966 commentitiorum
1254 1904 1493 1958 deorum
1527 1902 1775 1957 excitare
1825 1906 2108 1973 possent;

458 2002 557 2056 ubi
605 2001 995 2056 disserentem
1042 1995 1240 2050 audiet
1291 1990 1736 2055 Tertullianum,
1809 2008 1923 2045 non
1973 2007 2106 2045 eum

457 2091 697 2165 quidem
760 2086 1083 2160 placidum,
1145 2084 1500 2151 modestum,
1552 2087 1727 2152 atque
1785 2081 2103 2146 cedentem,

456 2182 552 2237 sed
586 2182 917 2243 austerum,
949 2175 1051 2229 sed
1086 2171 1511 2243 vehementem,
1543 2169 1643 2224 sed
1695 2170 1781 2224 ira
1828 2169 2108 2224 adversus

456 2286 624 2327 secus
648 2266 972 2323 sentientes
1002 2261 1346 2317 mirabiliter
1384 2260 1717 2326 incensum,
1750 2264 1815 2313 ut
1846 2259 1961 2313 fere
2014 2275 2107 2313 so-

456 2359 573 2415 lent
602 2355 774 2426 ii,qui
809 2354 982 2408 modo
1014 2351 1085 2406 ad
1110 2348 1485 2421 disciplinam
1506 2347 1763 2419 aliquam
1792 2346 2108 2419 progressi,

456 2447 779 2520 plurimum
827 2441 939 2497 sibi
1004 2454 1209 2511 sapere
1274 2438 1568 2493 videntur.
1631 2436 1885 2490 Alterius
1948 2435 2103 2491 enim

457 2542 623 2591 sectae
654 2537 901 2602 pastores
935 2531 1076 2584 dum
1109 2528 1189 2583 ait
1218 2543 1346 2583 esse
1377 2527 1435 2580 in
1468 2526 1877 2597 paceleones,in
1908 2526 2107 2596 prazlio

453 2640 653 2689 ceruos,
686 2637 882 2692 eosque
927 2620 1202 2689 respuisse
1252 2617 1495 2688 Spiritus
1533 2617 1713 2670 sancti
1756 2615 2097 2685 prophetias,

461 2717 704 2787 apparet
752 2727 893 2766 sane
932 2706 1187 2763 Montani
1237 2705 1592 2776 discipulum
1639 2703 1731 2759 hic
1763 2702 1944 2775 loqui,
1992 2721 2108 2759 non

469 2794 1645 2864 communisEcclesiaesodalemNamque
1677 2792 1769 2847 his
1819 2793 2009 2847 verbis
2056 2796 2113 2847 et

470 2891 621 2947 alius
651 2905 715 2945 se
747 2887 939 2960 gregis
971 2902 1098 2940 esse
1132 2884 1435 2956 profitetur
1465 2900 1529 2937 ac
1574 2882 1631 2948 ii,
1681 2898 1929 2952 quorum
1973 2882 2108 2937 doc-

465 2986 617 3037 tores
650 2979 981 3049 impugnat,
1016 2978 1071 3029 et
1102 2973 1240 3045 quid
1283 2990 1457 3027 suum
1508 2972 1785 3027 adversus
1835 2988 1933 3026 eos
1986 2969 2109 3025 ani-

469 3086 628 3125 mum
663 3064 990 3134 concitarit,
1026 3061 1584 3135 perspicueindicat,
1633 3060 1911 3115 nimirum
1940 3059 2108 3130 illud,

468 3158 621 3230 quod
651 3172 853 3212 secum
885 3154 1088 3208 eadem
1131 3150 1411 3206 Paracleti
1459 3150 1947 3205 Montanistarum
2007 3149 2109 3203 de-

2220 1924 2435 1962 munus
2483 1910 2540 1960 et
2587 1904 2972 1975 congiarium,
3023 1904 3198 1975 {quod
3261 1903 3435 1959 habet
3499 1905 3865 1977 Spartianus,

2219 1996 2370 2050 idem
2405 1995 2482 2049 sit
2504 2012 2569 2050 ac
2598 1993 2766 2059 illud,
2789 1994 2943 2064 quod
2977 1994 3181 2048 datum
3216 2010 3247 2049 a
3276 1996 3481 2049 Severo
3532 1995 3714 2050 fuisse
3762 2012 3867 2067 po-

2220 2086 2357 2157 pulo
2389 2085 2751 2139 Herodianus
2774 2083 2949 2137 refert
2981 2083 3101 2153 (lib.
3131 2099 3211 2149 ιιι,
3247 2099 3296 2137 c.
3345 2082 3400 2151 8,
3436 2084 3528 2140 ed.
3580 2083 3746 2139 Boec.
3806 2102 3865 2157 p.

2225 2176 2340 2242 145)
2374 2191 2438 2230 eo
2471 2179 2747 2245 tempore,
2783 2189 2900 2244 quo
2926 2173 2998 2227 ab
3028 2172 3241 2227 Aibino
3272 2172 3422 2227 victo
3474 2173 3718 2229 Romam
3777 2192 3865 2231 re-

2219 2266 2422 2320 dierat.
2476 2268 2676 2334 Neque
2724 2263 2880 2317 enim
2922 2262 3096 2331 objici
3133 2262 3308 2317 debet
3355 2262 3435 2328 id,
3477 2263 3861 2333 Spautianum

2219 2354 2330 2409 alio
2363 2353 2489 2408 loca
2520 2353 2601 2423 (in
2634 2353 2761 2409 Sev.
2816 2369 2865 2407 c.
2926 2352 3011 2421 12)
3040 2350 3217 2421 idem,
3268 2351 3423 2422 quod
3473 2352 3671 2406 statim
3733 2356 3866 2423 post

2219 2443 2470 2498 reditum
2500 2442 2746 2497 Severus
2778 2439 2980 2508 edidit,
3013 2455 3525 2495 commemorasse.
3574 2440 3860 2512 Namque,

2221 2536 2283 2586 ut
2311 2531 2684 2601 Spartianum
2716 2546 2833 2584 non
2867 2527 3056 2583 dicam
3080 2528 3283 2583 eadem
3331 2529 3550 2600 smpius
3573 2533 3857 2600 tanquam

2218 2620 2447 2676 diversa
2480 2624 2757 2690 repetere,
2792 2619 2841 2673 is
2873 2617 3106 2688 quidem
3140 2633 3205 2672 eo
3237 2617 3294 2673 in
3324 2617 3450 2672 loco
3500 2635 3613 2673 non
3672 2620 3862 2691 loqui-

2218 2714 2314 2765 tur
2370 2710 2440 2764 de
2490 2708 2760 2765 donativo
2806 2722 3082 2763 concesso
3130 2706 3442 2775 militibus,
3516 2709 3615 2762 sed
3662 2709 3731 2764 de
3775 2724 3861 2780 eo,

2220 2798 2370 2869 quod
2435 2800 2679 2853 Severus
2751 2796 3040 2851 militibus
3103 2800 3333 2851 tantum
3412 2796 3860 2867 stipendiorum.

2220 2892 2507 2958 quantum
2530 2903 2700 2941 nemo
2732 2885 3107 2957 principium,
3142 2884 3383 2939 dederit.
3409 2886 3571 2950 Quod
3603 2886 3652 2941 si
3682 2886 3864 2959 igitur

2218 2977 2374 3032 idem
2406 2976 2768 3048 congiarium
2796 2980 3039 3044 uterque
3070 2975 3490 3045 respexit,sane
3516 2974 3866 3047 intelligitur

2221 3083 2334 3120 non
2364 3066 2518 3119 idem
2540 3065 2793 3120 voluisse
2818 3063 3407 3131 Tertullianum,cum
3439 3081 3592 3119 anno
3622 3066 3861 3121 demum

2219 3154 2505 3219 CXCVIII,
2541 3171 2573 3207 a
2602 3158 2808 3207 senatu
2842 3151 3096 3222 dignitas
3128 3154 3377 3223 Augusti
3411 3151 3466 3207 in
3501 3153 3860 3209 Caracallum

469 3252 624 3303 creta
654 3262 771 3300 non
802 3243 1050 3299 fuissent
1080 3239 1286 3295 secuti.
1321 3238 1481 3294 Hauc
1503 3239 1769 3293 eamdem
1804 3236 1937 3292 libri
1980 3253 2109 3292 sec-
2145 3230 2186 3296 C
2226 3243 2455 3298 collata.
2493 3247 2704 3297 Verum
2730 3242 2778 3297 si
2812 3242 2985 3296 detur
3020 3241 3074 3295 id
3098 3240 3461 3306 etiam,aliud
3495 3243 3862 3314 congiarium

468 3338 685 3392 tionem
718 3334 789 3388 iis
820 3331 1011 3387 verbis
1035 3329 1279 3396 orditur,
1314 3345 1440 3399 quae
1468 3328 1643 3384 fontis
1671 3328 1858 3383 instar
1889 3331 2046 3397 sunt,
2080 3342 2111 3381 e

470 3444 582 3498 quo
616 3422 810 3479 omnis
862 3420 1189 3475 haurienda
1237 3421 1326 3474 est
1364 3418 1551 3473 aetatis
1585 3417 1811 3473 notitia.
1850 3417 1934 3471 Ita
1978 3433 2111 3471 vero

471 3516 600 3571 ille:
637 3512 896 3568 Proxime
907 3512 1053 3579 facta
1084 3511 1160 3562 est
1190 3508 1494 3563 liberalitas
1514 3509 2110 3578 prazstautissimorum

472 3605 866 3675 Imperatorum
889 3643 901 3665 ,
930 3597 1387 3668 expungebautur
1416 3598 1475 3650 in
1501 3597 1669 3650 castri
1716 3596 1930 3650 milites
1990 3595 2113 3648 lau-

469 3695 639 3749 reati.
697 3690 998 3747 Adhibetur
1035 3687 1259 3759 quidam
1297 3686 1417 3740 illic
1464 3687 1640 3753 magis
1711 3687 1811 3739 Dei
1877 3683 2109 3738 miles...

468 3786 618 3839 solus
650 3781 829 3835 libero
858 3780 1058 3849 capite,
1120 3778 1501 3830 coronamento
1548 3774 1605 3827 in
1648 3790 1821 3828 manu
1868 3774 2109 3827 otioso...

470 3876 737 3929 Murmur
792 3867 1011 3923 tribuno
1067 3864 1331 3936 defertur.
1392 3862 1590 3918 Statim
1642 3863 1935 3918 tribunus:
1984 3861 2112 3925 Cur,

468 3962 669 4032 inquit,
701 3962 815 4013 tam
846 3957 1091 4011 diversus
1135 3952 1370 4008 habitu?
1413 3952 1640 4023 Negavis
1691 3952 1787 4007 ille
1832 3953 1941 4006 sibi
1991 3968 2115 4005 cum

469 4051 679 4106 exteris
702 4046 886 4102 licere.
914 4046 1126 4099 Causas
1141 4042 1536 4113 expostulatus;
1580 4041 1946 4097 Christianus
1968 4056 2112 4107 sum,

470 4136 779 4210 respondit.
813 4134 997 4204 Hujus
1031 4132 1238 4187 militis
1268 4132 1485 4187 factum
1519 4146 1650 4185 cum
1702 4131 1893 4185 caeteri
1954 4129 2114 4183 Chri-

469 4226 645 4283 stiani
668 4220 1520 4296 improbarent,existimantes,
1564 4236 1629 4274 eo
1661 4222 1779 4274 tam
1813 4219 2026 4274 bonam
2059 4224 2116 4274 et

468 4317 708 4387 longam
769 4328 968 4384 pacem
1019 4309 1354 4382 periclitari,
1415 4313 1621 4362 contra
1677 4307 1884 4362 nititur
1968 4306 2113 4363 illud

468 4403 728 4461 summis
760 4400 1028 4456 laudibus
1086 4400 1328 4454 efferens
1359 4396 1777 4452 Tertullianus.
1809 4400 1995 4469 Atque
2055 4397 2113 4452 in

468 4496 583 4551 isto
615 4492 745 4548 loco
778 4489 1026 4562 primum
1060 4487 1325 4543 videmus
1346 4487 1417 4541 ab
1443 4502 1510 4541 eo
1538 4485 1950 4541 liberalitatem
2008 4485 2116 4541 im-

468 4588 810 4658 peratorum
844 4578 1177 4650 nuperrime
1208 4577 1421 4632 factam
1448 4576 1916 4641 commemorari,
1967 4592 2115 4648 quos
2144 4604 2192 4669 D

466 4674 678 4730 dubito
701 4687 776 4725 an
807 4668 941 4741 quis
971 4667 1118 4723 alios
1148 4666 1328 4722 fuisse
1359 4664 1587 4735 dixerit,
1622 4682 1799 4737 quam
1839 4668 2112 4722 Severum

467 4768 526 4819 et
553 4757 942 4825 Caracallum,
974 4760 1290 4828 utrumque
1329 4756 1677 4826 Augustum.
1728 4756 1800 4810 At
1847 4756 2003 4812 enim
2054 4756 2114 4812 in

468 4849 878 4924 superioribus
904 4844 1266 4903 Caracallum
1322 4844 1663 4901 dicebamus
1685 4845 1967 4917 dignitate
1998 4848 2114 4901 Au-

472 4940 631 5012 gusti
664 4944 792 4993 tum
842 4937 1020 4991 fuisse
1068 4939 1359 5004 ornatum,
1417 4950 1548 4990 cum
1602 4934 1846 4991 Severus
1896 4935 2007 4990 iter
2055 4934 2115 4990 in

470 5029 769 5085 Orientem
800 5026 1085 5081 adversus
1115 5024 1357 5080 Parthos
1388 5033 1638 5096 pararet,
1681 5040 1796 5095 quo
1827 5024 1943 5080 fere
1973 5024 2117 5079 abiit

472 5122 604 5188 post
634 5113 943 5171 dimidiam
996 5116 1219 5184 partem
1252 5112 1388 5168 anni
1438 5111 1695 5168 CXCVIII
1721 5128 2063 5168 conversam
2100 5131 2113 5181 ;

470 5210 529 5261 et
558 5210 761 5278 postea
818 5202 1219 5268 ostendemus,
1272 5217 1497 5273 pacem,
1531 5218 1706 5273 quam
1757 5201 1851 5258 hic
1902 5202 2114 5258 adduci

543 5405 651 5532 315)
685 5402 1036 5485 Spartianus
1066 5399 1125 5456 in
1157 5404 1385 5484 Severo,
1410 5417 1458 5455 c.
1494 5401 1578 5484 ili.
1610 5418 1621 5456 :
1658 5423 1686 5451 «
1710 5401 2012 5483 'Profectus
2044 5403 2113 5458 ad

572 5478 687 5532 lum
723 5475 1062 5532 Parthicum
1094 5476 1202 5532 est.
1236 5474 1387 5529 edito
1422 5472 1761 5532 gladiatorio
1792 5482 2113 5532 numerc.et

472 5475 687 5532 bellum
723 5475 1062 5533 Parthicum
1094 5476 1202 5538 est,
1236 5475 1387 5529 edito
1422 5475 1761 5544 gladiatorio
1792 5482 2119 5545 numerc,et

472 5550 761 5627 congiario
794 5545 1262 5627 ρορυιρηάειιριν
1597 5615 1632 5627 ..
1685 5617 1718 5627 ,.

540 5615 643 5692 (ὦ)
668 5615 847 5690 Idem,
872 5615 1078 5692 eis:
1114 5640 1142 5667 ‹‹
1172 5617 1401 5692 Harum
1445 5615 1909 5692 appellatipnum
1940 5634 2118 5674 causa

474 5688 797 5755 donativum
833 5688 1139 5751 militibus
1171 5688 1575 5763 largissimum
1616 5690 1794 5761 dedit,
1840 5706 2118 5749 concessa

2222 3333 2292 3388 ab
2317 3332 2663 3397 Herodiano,
2698 3349 2731 3385 a
2777 3330 3083 3401 Spartiano
3132 3329 3291 3384 aliud
3341 3330 3626 3401 intelligi;
3667 3335 3861 3388 tamen

2222 3423 2372 3492 quod
2408 3438 2474 3476 ex
2534 3421 2637 3476 hoc
2670 3421 2860 3491 primo
2906 3421 3030 3474 loco
3082 3419 3484 3489 excitavimus,
3511 3437 3625 3476 non
3676 3425 3866 3493 potest

2223 3511 2292 3566 ad
2318 3511 2510 3566 locum
2540 3509 2883 3565 Tertulliani
2916 3508 3117 3564 referri
3146 3524 3274 3563 eam
3316 3510 3387 3564 ob
3428 3526 3692 3581 causam,
3726 3511 3865 3584 quia

2220 3599 2333 3670 ipsi
2360 3601 2429 3654 do
2467 3599 2758 3671 congiario
2806 3615 2923 3653 non
2973 3597 3085 3653 nisi
3136 3597 3350 3669 populo
3390 3598 3524 3653 dato
3575 3599 3866 3671 editisque

2222 3689 2594 3760 spectaculis,
2640 3688 2995 3743 Tertulliano
3045 3690 3240 3742 autem
3292 3688 3363 3743 de
3404 3703 3464 3743 re
3531 3687 3701 3760 plane
3752 3689 3868 3746 alia

2225 3778 2513 3833 militibus
2543 3778 2601 3832 in
2637 3777 2844 3833 castris
2888 3792 3164 3832 concessa
3193 3780 3281 3831 est
3329 3775 3574 3831 dictum.
3615 3778 3720 3833 Sed
3765 3795 3866 3834 ne-

2223 3883 2336 3940 que
2366 3866 2465 3922 illa
2506 3872 2799 3938 postrema
2819 3866 3106 3921 sententia
3135 3865 3496 3921 admittenda
3526 3871 3633 3936 est,
3668 3872 3731 3921 ut
3754 3867 3868 3924 ista

2223 3955 2563 4021 liberalitas,
2600 3956 2760 4010 finito
2792 3956 2849 4009 in
2872 3955 3104 4010 Oriente
3139 3953 3312 4023 bello,
3353 3955 3411 4009 in
3460 3956 3623 4026 Syria
3680 3957 3864 4011 conti-

2224 4045 2370 4115 gerit
2400 4046 2715 4113 ann.CClI,
2752 4049 2882 4115 post
2930 4048 3270 4115 susceptum
3320 4044 3391 4099 ab
3449 4048 3703 4116 utroque
3755 4050 3870 4102 Au-

2224 4137 2397 4206 gusto
2427 4134 2820 4189 consulatum.
2846 4132 2954 4198 Qui
3005 4133 3161 4188 enim
3195 4134 3323 4204 ejus
3370 4133 3454 4189 rei
3485 4134 3648 4191 solus
3699 4152 3867 4193 men-

2224 4224 2443 4278 tionem
2495 4223 2686 4292 injicit
2734 4224 2911 4278 zEtius
2957 4222 3310 4294 Spartianus,
3352 4223 3543 4279 datum
3586 4242 3719 4296 esse,
3762 4226 3863 4294 ait,

2223 4314 2493 4367 militibus
2524 4313 2858 4367 cumulatius
2872 4313 3401 4383 stipendium,quod
3433 4314 3636 4369 dubito
3667 4331 3739 4369 an
3764 4316 3867 4371 do-

2224 4401 2488 4456 nativum
2513 4400 2624 4455 dici
2658 4400 2862 4471 possit,
2895 4400 3067 4470 quale
3107 4400 3504 4455 Tertullianus
3537 4401 3868 4471 significare

2223 4491 2470 4545 videtur.
2496 4491 2568 4545 Ac
2600 4490 2645 4544 si
2680 4489 2765 4546 vel
2800 4489 3049 4543 maxime
3080 4489 3217 4555 sint,
3245 4489 3342 4559 qui
3382 4489 3589 4545 malint
3630 4489 3691 4545 in
3749 4491 3865 4547 isto

2223 4579 2349 4635 loco
2407 4578 2699 4649 Spartiani
2752 4578 3092 4632 donativum
3136 4577 3482 4649 intelligere,
3536 4596 3634 4635 eos
3696 4597 3867 4653 spero

2223 4685 2339 4725 non
2372 4667 2605 4740 penitus
2635 4671 3093 4737 comtempturos
3124 4667 3472 4723 sententiam
3520 4685 3871 4742 meam,qua

2222 4758 2631 4814 liberalitatem
2664 4775 2696 4813 a
2740 4756 3097 4812 Tertulliano
3146 4757 3470 4830 expositam
3519 4761 3689 4816 credo
3739 4779 3866 4817 eam

2224 4848 2531 4921 attingere,
2557 4849 2628 4904 dc
2651 4865 2766 4919 qua
2805 4847 3178 4919 Spartianum
3237 4848 3500 4904 locutum
3550 4866 3679 4905 esse
3729 4852 3866 4921 dixi,

2224 4939 2365 4994 dum
2396 4955 2463 4994 ea
2486 4938 2787 5008 referebat,
2812 4954 2937 5008 quae
2960 4937 3297 4993 acciderunt
3334 4941 3463 5007 post
3526 4945 3870 5012 occupatam

2224 5028 2677 5099 Ctesiphontem.
2715 5029 2848 5092 Quae
2880 5026 2962 5081 ita
2992 5043 3125 5081 cum
3170 5026 3707 5099 circumspicimus,
3754 5048 3870 5086 non

2224 5117 2423 5173 omnia
2452 5116 2667 5181 solum,
2702 5116 2750 5171 si
2773 5116 3063 5174 contentio
3096 5117 3363 5189 quaedam
3396 5122 3452 5172 et
3505 5121 3867 5192 comparatio

2226 5207 2346 5275 fiat,
2370 5206 2517 5263 bene
2547 5222 2609 5261 se
2638 5206 2876 5277 habere,
2927 5206 3029 5261 sed
3071 5206 3345 5279 explicari
3421 5208 3597 5264 etiam
3648 5209 3873 5280 egregie

2227 5404 2384 5460 omni
2420 5405 2615 5476 prmda
2637 5403 2837 5475 oppidi
2872 5403 3145 5459 Parthicii
3199 5406 3354 5476 quod
3388 5405 3603 5461 milites
3649 5422 3871 5477 quaere-

2227 5478 2549 5617 ba([iti))id.,
2583 5546 2724 5601 ibid.
2752 5563 2765 5601 :
2801 5567 2829 5596 «
2862 5550 2997 5602 Post
3028 5546 3136 5601 hoc
3167 5549 3325 5617 (cum
3356 5547 3543 5602 tilium
3592 5548 3875 5618 majorem

2226 5620 2526 5676 consulem
2564 5636 2763 5675 secum
2796 5619 3204 5746 designasset),
3254 5619 3388 5674 dato
3433 5620 3727 5692 stipendio
3779 5640 3880 5680 cu-

2227 5692 2535 5746 mulatiore
2556 5690 2865 5746 militibus.
2900 5692 2939 5746 A
2967 5691 3307 5746 exandriam
3334 5691 3518 5746 netiit.
3556 5716 3578 5746 π

2227 5692 2535 5751 mulatiore
2556 5690 2865 5763 militibus,
2900 5690 3307 5749 Alexandriam
3333 5690 3534 5763 petiit.‘
3556 5716 3578 5746 π
