  <div class='ocr_page' id='page_1' title='image "/cluster/home/n/w/nwhite01/storage/ocr_20150623/1/umn.31951002477295j/091.png"; bbox 0 0 4526 6352; ppageno 0'>
   <div class='ocr_carea' id='block_1_1' title="bbox 713 339 827 399">
    <p class='ocr_par' dir='ltr' id='par_1_1' title="bbox 713 339 827 399">
     <span class='ocr_line' id='line_1_1' title="bbox 713 339 827 399; baseline 0.009 -1"><span class='ocrx_word' id='word_1_1' title='bbox 713 339 827 399; x_wconf 79' lang='grc' dir='ltr'>16Ἷ</span> 
     </span>
    </p>
   </div>
   <div class='ocr_carea' id='block_1_2' title="bbox 1786 318 3030 389">
    <p class='ocr_par' dir='ltr' id='par_1_2' title="bbox 1786 318 3030 389">
     <span class='ocr_line' id='line_1_2' title="bbox 1786 318 3030 389; baseline -0.009 0"><span class='ocrx_word' id='word_1_2' title='bbox 1786 321 2308 389; x_wconf 79' lang='lat' dir='ltr'>DlSSEBTATIO</span> <span class='ocrx_word' id='word_1_3' title='bbox 2350 319 2453 380; x_wconf 87' lang='lat' dir='ltr'>DE</span> <span class='ocrx_word' id='word_1_4' title='bbox 2495 318 2705 379; x_wconf 79' lang='lat' dir='ltr'>VERA</span> <span class='ocrx_word' id='word_1_5' title='bbox 2747 319 3030 380; x_wconf 75' lang='grc' dir='ltr'>ᾹΞΤΑΤΕ</span> 
     </span>
    </p>
   </div>
   <div class='ocr_carea' id='block_1_3' title="bbox 3996 315 4102 376">
    <p class='ocr_par' dir='ltr' id='par_1_3' title="bbox 3996 315 4102 376">
     <span class='ocr_line' id='line_1_3' title="bbox 3996 315 4102 376; baseline 0.019 -2"><span class='ocrx_word' id='word_1_6' title='bbox 3996 315 4102 376; x_wconf 79' lang='lat'>168</span> 
     </span>
    </p>
   </div>
   <div class='ocr_carea' id='block_1_4' title="bbox 709 449 4101 541">
    <p class='ocr_par' dir='ltr' id='par_1_4' title="bbox 709 449 4101 541">
     <span class='ocr_line' id='line_1_4' title="bbox 709 449 4101 541; baseline -0.006 -15"><span class='ocrx_word' id='word_1_7' title='bbox 709 470 961 528; x_wconf 85' lang='lat' dir='ltr'>alterum</span> <span class='ocrx_word' id='word_1_8' title='bbox 1010 483 1181 541; x_wconf 82' lang='lat' dir='ltr'>posse</span> <span class='ocrx_word' id='word_1_9' title='bbox 1229 482 1296 522; x_wconf 87' lang='lat' dir='ltr'>ex</span> <span class='ocrx_word' id='word_1_10' title='bbox 1339 465 1519 521; x_wconf 90' lang='lat' dir='ltr'>altero</span> <span class='ocrx_word' id='word_1_11' title='bbox 1593 459 2138 520; x_wconf 79' lang='lat' dir='ltr'>animadvertimus.</span> <span class='ocrx_word' id='word_1_12' title='bbox 2197 455 2344 510; x_wconf 89' lang='lat' dir='ltr'>Nam</span> <span class='ocrx_word' id='word_1_13' title='bbox 2377 453 2433 520; x_wconf 88' lang='grc' dir='ltr'><strong>Α</strong></span> <span class='ocrx_word' id='word_1_14' title='bbox 2462 453 2728 508; x_wconf 87' lang='lat' dir='ltr'>Parthica</span> <span class='ocrx_word' id='word_1_15' title='bbox 2757 452 3042 518; x_wconf 80' lang='lat' dir='ltr'>exordiar,</span> <span class='ocrx_word' id='word_1_16' title='bbox 3076 467 3193 507; x_wconf 87' lang='lat' dir='ltr'>non</span> <span class='ocrx_word' id='word_1_17' title='bbox 3223 449 3508 541; x_wconf 82' lang='lat' dir='ltr'>Eusebius</span> <span class='ocrx_word' id='word_1_18' title='bbox 3531 449 3731 541; x_wconf 76' lang='lat' dir='ltr'>solum</span> <span class='ocrx_word' id='word_1_19' title='bbox 3762 449 3931 520; x_wconf 85' lang='lat' dir='ltr'>cujus</span> <span class='ocrx_word' id='word_1_20' title='bbox 3961 449 4101 506; x_wconf 82' lang='lat' dir='ltr'>forte</span> 
     </span>
    </p>
   </div>
   <div class='ocr_carea' id='block_1_5' title="bbox 709 545 2356 633">
    <p class='ocr_par' dir='ltr' id='par_1_5' title="bbox 709 545 2356 633">
     <span class='ocr_line' id='line_1_5' title="bbox 709 545 2356 633; baseline -0.01 -18"><span class='ocrx_word' id='word_1_21' title='bbox 709 561 967 633; x_wconf 90' lang='lat' dir='ltr'>primum</span> <span class='ocrx_word' id='word_1_22' title='bbox 1002 558 1112 613; x_wconf 91' lang='lat' dir='ltr'>isto</span> <span class='ocrx_word' id='word_1_23' title='bbox 1143 561 1402 628; x_wconf 91' lang='lat' dir='ltr'>tempore</span> <span class='ocrx_word' id='word_1_24' title='bbox 1431 556 1579 610; x_wconf 85' lang='lat' dir='ltr'>duos</span> <span class='ocrx_word' id='word_1_25' title='bbox 1613 553 1793 608; x_wconf 85' lang='lat' dir='ltr'>fuisse</span> <span class='ocrx_word' id='word_1_26' title='bbox 1818 554 2118 622; x_wconf 84' lang='lat' dir='ltr'>Augustos</span> <span class='ocrx_word' id='word_1_27' title='bbox 2168 545 2356 600; x_wconf 89' lang='lat' dir='ltr'>nemi-</span> 
     </span>
    </p>
   </div>
   <div class='ocr_carea' id='block_1_6' title="bbox 712 636 2354 719">
    <p class='ocr_par' dir='ltr' id='par_1_6' title="bbox 712 636 2354 719">
     <span class='ocr_line' id='line_1_6' title="bbox 712 636 2354 719; baseline -0.01 -14"><span class='ocrx_word' id='word_1_28' title='bbox 712 666 846 706; x_wconf 87' lang='lat' dir='ltr'>nem</span> <span class='ocrx_word' id='word_1_29' title='bbox 879 647 1171 719; x_wconf 73' lang='lat' dir='ltr'>praeterire</span> <span class='ocrx_word' id='word_1_30' title='bbox 1211 649 1438 716; x_wconf 85' lang='lat' dir='ltr'>potest;</span> <span class='ocrx_word' id='word_1_31' title='bbox 1492 648 1616 699; x_wconf 89' lang='lat' dir='ltr'>erat</span> <span class='ocrx_word' id='word_1_32' title='bbox 1667 643 1822 697; x_wconf 86' lang='lat' dir='ltr'>enim</span> <span class='ocrx_word' id='word_1_33' title='bbox 1861 636 2189 694; x_wconf 86' lang='lat' dir='ltr'>Caracallus</span> <span class='ocrx_word' id='word_1_34' title='bbox 2229 636 2354 705; x_wconf 90' lang='lat' dir='ltr'>jam</span> 
     </span>
    </p>
   </div>
   <div class='ocr_carea' id='block_1_7' title="bbox 709 727 2361 808">
    <p class='ocr_par' dir='ltr' id='par_1_7' title="bbox 709 727 2361 808">
     <span class='ocr_line' id='line_1_7' title="bbox 709 727 2361 808; baseline -0.012 -12"><span class='ocrx_word' id='word_1_35' title='bbox 709 745 843 796; x_wconf 90' lang='lat' dir='ltr'>ante</span> <span class='ocrx_word' id='word_1_36' title='bbox 895 736 1322 808; x_wconf 78' lang='lat' dir='ltr'>expeditionem</span> <span class='ocrx_word' id='word_1_37' title='bbox 1391 733 1720 788; x_wconf 89' lang='lat' dir='ltr'>Parthicam</span> <span class='ocrx_word' id='word_1_38' title='bbox 1781 747 1916 785; x_wconf 89' lang='lat' dir='ltr'>ann.</span> <span class='ocrx_word' id='word_1_39' title='bbox 1965 727 2244 794; x_wconf 81' lang='lat' dir='ltr'>CXCVIII,</span> <span class='ocrx_word' id='word_1_40' title='bbox 2305 727 2361 778; x_wconf 92' lang='lat' dir='ltr'>et</span> 
     </span>
    </p>
   </div>
   <div class='ocr_carea' id='block_1_8' title="bbox 707 814 2354 890">
    <p class='ocr_par' dir='ltr' id='par_1_8' title="bbox 707 814 2354 890">
     <span class='ocr_line' id='line_1_8' title="bbox 707 814 2354 890; baseline -0.01 -8"><span class='ocrx_word' id='word_1_41' title='bbox 707 845 863 883; x_wconf 90' lang='lat' dir='ltr'>nunc</span> <span class='ocrx_word' id='word_1_42' title='bbox 895 843 928 880; x_wconf 89' lang='lat' dir='ltr'>a</span> <span class='ocrx_word' id='word_1_43' title='bbox 983 823 1269 878; x_wconf 77' lang='lat' dir='ltr'>militibus</span> <span class='ocrx_word' id='word_1_44' title='bbox 1319 821 1497 877; x_wconf 91' lang='lat' dir='ltr'>etiam</span> <span class='ocrx_word' id='word_1_45' title='bbox 1543 820 1830 890; x_wconf 75' lang='lat' dir='ltr'>particeps</span> <span class='ocrx_word' id='word_1_46' title='bbox 1861 815 2092 888; x_wconf 89' lang='lat' dir='ltr'>imperii</span> <span class='ocrx_word' id='word_1_47' title='bbox 2138 814 2354 868; x_wconf 91' lang='lat' dir='ltr'>dictus.</span> 
     </span>
    </p>
   </div>
   <div class='ocr_carea' id='block_1_9' title="bbox 709 903 2355 977">
    <p class='ocr_par' dir='ltr' id='par_1_9' title="bbox 709 903 2355 977">
     <span class='ocr_line' id='line_1_9' title="bbox 709 903 2355 977; baseline -0.01 -4"><span class='ocrx_word' id='word_1_48' title='bbox 709 918 927 973; x_wconf 86' lang='lat' dir='ltr'>Deinde</span> <span class='ocrx_word' id='word_1_49' title='bbox 981 913 1316 970; x_wconf 80' lang='lat' dir='ltr'>donativum</span> <span class='ocrx_word' id='word_1_50' title='bbox 1387 911 1678 966; x_wconf 82' lang='lat' dir='ltr'>militibus</span> <span class='ocrx_word' id='word_1_51' title='bbox 1753 910 1954 963; x_wconf 86' lang='lat' dir='ltr'>datum</span> <span class='ocrx_word' id='word_1_52' title='bbox 2010 903 2355 977; x_wconf 79' lang='lat' dir='ltr'>Spartianus</span> 
     </span>
    </p>
   </div>
   <div class='ocr_carea' id='block_1_10' title="bbox 707 992 2351 1068">
    <p class='ocr_par' dir='ltr' id='par_1_10' title="bbox 707 992 2351 1068">
     <span class='ocr_line' id='line_1_10' title="bbox 707 992 2351 1068; baseline -0.01 -7"><span class='ocrx_word' id='word_1_53' title='bbox 707 1007 1145 1068; x_wconf 81' lang='lat' dir='ltr'>commemorat,</span> <span class='ocrx_word' id='word_1_54' title='bbox 1175 1003 1331 1056; x_wconf 90' lang='lat' dir='ltr'>unde</span> <span class='ocrx_word' id='word_1_55' title='bbox 1362 1000 1464 1056; x_wconf 90' lang='lat' dir='ltr'>illa</span> <span class='ocrx_word' id='word_1_56' title='bbox 1495 997 1818 1054; x_wconf 86' lang='lat' dir='ltr'>liberalitas</span> <span class='ocrx_word' id='word_1_57' title='bbox 1848 997 2267 1067; x_wconf 85' lang='lat' dir='ltr'>imperatorum</span> <span class='ocrx_word' id='word_1_58' title='bbox 2291 992 2351 1045; x_wconf 90' lang='lat' dir='ltr'>in</span> 
     </span>
    </p>
   </div>
   <div class='ocr_carea' id='block_1_11' title="bbox 706 1082 2355 1160">
    <p class='ocr_par' dir='ltr' id='par_1_11' title="bbox 706 1082 2355 1160">
     <span class='ocr_line' id='line_1_11' title="bbox 706 1082 2355 1160; baseline -0.01 -8"><span class='ocrx_word' id='word_1_59' title='bbox 706 1094 913 1152; x_wconf 86' lang='lat' dir='ltr'>castris</span> <span class='ocrx_word' id='word_1_60' title='bbox 960 1091 1326 1159; x_wconf 75' lang='lat' dir='ltr'>intelligitur.</span> <span class='ocrx_word' id='word_1_61' title='bbox 1411 1089 1673 1160; x_wconf 87' lang='lat' dir='ltr'>Denique</span> <span class='ocrx_word' id='word_1_62' title='bbox 1729 1088 1838 1142; x_wconf 87' lang='lat' dir='ltr'>sub</span> <span class='ocrx_word' id='word_1_63' title='bbox 1897 1085 2128 1140; x_wconf 91' lang='lat' dir='ltr'>initium</span> <span class='ocrx_word' id='word_1_64' title='bbox 2181 1082 2355 1149; x_wconf 85' lang='lat' dir='ltr'>hujus</span> 
     </span>
    </p>
   </div>
   <div class='ocr_carea' id='block_1_12' title="bbox 704 1175 2354 1249">
    <p class='ocr_par' dir='ltr' id='par_1_12' title="bbox 704 1175 2354 1249">
     <span class='ocr_line' id='line_1_12' title="bbox 704 1175 2354 1249; baseline -0.009 -10"><span class='ocrx_word' id='word_1_65' title='bbox 704 1185 840 1240; x_wconf 89' lang='lat' dir='ltr'>anni</span> <span class='ocrx_word' id='word_1_66' title='bbox 872 1183 996 1249; x_wconf 89' lang='lat' dir='ltr'>CCI,</span> <span class='ocrx_word' id='word_1_67' title='bbox 1020 1181 1279 1236; x_wconf 88' lang='lat' dir='ltr'>nondum</span> <span class='ocrx_word' id='word_1_68' title='bbox 1313 1183 1438 1235; x_wconf 90' lang='lat' dir='ltr'>erat</span> <span class='ocrx_word' id='word_1_69' title='bbox 1479 1179 1571 1233; x_wconf 86' lang='lat' dir='ltr'>lex</span> <span class='ocrx_word' id='word_1_70' title='bbox 1616 1177 1882 1247; x_wconf 57' lang='lat' dir='ltr'>quaedam</span> <span class='ocrx_word' id='word_1_71' title='bbox 1914 1191 1947 1229; x_wconf 92' lang='lat' dir='ltr'>a</span> <span class='ocrx_word' id='word_1_72' title='bbox 1975 1175 2177 1228; x_wconf 87' lang='lat' dir='ltr'>Severo</span> <span class='ocrx_word' id='word_1_73' title='bbox 2221 1186 2354 1242; x_wconf 90' lang='lat' dir='ltr'>pro-</span> 
     </span>
    </p>
   </div>
   <div class='ocr_carea' id='block_1_13' title="bbox 702 1263 2357 1346">
    <p class='ocr_par' dir='ltr' id='par_1_13' title="bbox 702 1263 2357 1346">
     <span class='ocr_line' id='line_1_13' title="bbox 702 1263 2357 1346; baseline -0.008 -17"><span class='ocrx_word' id='word_1_74' title='bbox 702 1273 984 1346; x_wconf 88' lang='lat' dir='ltr'>mulgata,</span> <span class='ocrx_word' id='word_1_75' title='bbox 1018 1288 1145 1342; x_wconf 70' lang='lat' dir='ltr'>quae</span> <span class='ocrx_word' id='word_1_76' title='bbox 1178 1285 1383 1325; x_wconf 85' lang='lat' dir='ltr'>omnes</span> <span class='ocrx_word' id='word_1_77' title='bbox 1406 1287 1438 1322; x_wconf 90' lang='lat' dir='ltr'>a</span> <span class='ocrx_word' id='word_1_78' title='bbox 1464 1267 1749 1338; x_wconf 89' lang='lat' dir='ltr'>religione</span> <span class='ocrx_word' id='word_1_79' title='bbox 1766 1263 2236 1320; x_wconf 88' lang='lat' dir='ltr'>Christianorum</span> <span class='ocrx_word' id='word_1_80' title='bbox 2266 1276 2357 1316; x_wconf 89' lang='lat' dir='ltr'>ar-</span> 
     </span>
    </p>
   </div>
   <div class='ocr_carea' id='block_1_14' title="bbox 703 1355 2354 1432">
    <p class='ocr_par' dir='ltr' id='par_1_14' title="bbox 703 1355 2354 1432">
     <span class='ocr_line' id='line_1_14' title="bbox 703 1355 2354 1432; baseline -0.007 -15"><span class='ocrx_word' id='word_1_81' title='bbox 703 1379 876 1428; x_wconf 77' lang='lat' dir='ltr'>ceret,</span> <span class='ocrx_word' id='word_1_82' title='bbox 930 1376 1180 1432; x_wconf 90' lang='lat' dir='ltr'>quorum</span> <span class='ocrx_word' id='word_1_83' title='bbox 1245 1357 1527 1413; x_wconf 79' lang='lat' dir='ltr'>familiam</span> <span class='ocrx_word' id='word_1_84' title='bbox 1581 1372 1716 1411; x_wconf 86' lang='lat' dir='ltr'>mox</span> <span class='ocrx_word' id='word_1_85' title='bbox 1763 1355 2062 1408; x_wconf 86' lang='lat' dir='ltr'>turbatam</span> <span class='ocrx_word' id='word_1_86' title='bbox 2115 1368 2243 1406; x_wconf 88' lang='lat' dir='ltr'>esse</span> <span class='ocrx_word' id='word_1_87' title='bbox 2287 1368 2354 1406; x_wconf 89' lang='lat' dir='ltr'>ea</span> 
     </span>
    </p>
   </div>
   <div class='ocr_carea' id='block_1_15' title="bbox 703 1439 2352 1523">
    <p class='ocr_par' dir='ltr' id='par_1_15' title="bbox 703 1439 2352 1523">
     <span class='ocr_line' id='line_1_15' title="bbox 703 1439 2352 1523; baseline -0.007 -16"><span class='ocrx_word' id='word_1_88' title='bbox 703 1449 1024 1523; x_wconf 86' lang='lat' dir='ltr'>apparebit.</span> <span class='ocrx_word' id='word_1_89' title='bbox 1057 1449 1165 1502; x_wconf 87' lang='lat' dir='ltr'>Sed</span> <span class='ocrx_word' id='word_1_90' title='bbox 1197 1447 1304 1502; x_wconf 93' lang='lat' dir='ltr'>hoc</span> <span class='ocrx_word' id='word_1_91' title='bbox 1345 1445 1683 1500; x_wconf 89' lang='lat' dir='ltr'>donativum</span> <span class='ocrx_word' id='word_1_92' title='bbox 1745 1443 1928 1498; x_wconf 82' lang='lat' dir='ltr'>fuisse</span> <span class='ocrx_word' id='word_1_93' title='bbox 1960 1441 2068 1496; x_wconf 90' lang='lat' dir='ltr'>sub</span> <span class='ocrx_word' id='word_1_94' title='bbox 2117 1439 2352 1496; x_wconf 87' lang='lat' dir='ltr'>initium</span> 
     </span>
    </p>
   </div>
   <div class='ocr_carea' id='block_1_16' title="bbox 706 1529 2353 1608">
    <p class='ocr_par' dir='ltr' id='par_1_16' title="bbox 706 1529 2353 1608">
     <span class='ocr_line' id='line_1_16' title="bbox 706 1529 2353 1608; baseline -0.008 -12"><span class='ocrx_word' id='word_1_95' title='bbox 706 1539 842 1596; x_wconf 89' lang='lat' dir='ltr'>anni</span> <span class='ocrx_word' id='word_1_96' title='bbox 871 1537 998 1608; x_wconf 89' lang='lat' dir='ltr'>CCI,</span> <span class='ocrx_word' id='word_1_97' title='bbox 1043 1535 1331 1592; x_wconf 90' lang='lat' dir='ltr'>militibus</span> <span class='ocrx_word' id='word_1_98' title='bbox 1355 1534 1760 1602; x_wconf 85' lang='lat' dir='ltr'>distributum,</span> <span class='ocrx_word' id='word_1_99' title='bbox 1789 1531 1845 1585; x_wconf 91' lang='lat' dir='ltr'>id</span> <span class='ocrx_word' id='word_1_100' title='bbox 1876 1547 2012 1585; x_wconf 91' lang='lat' dir='ltr'>vero</span> <span class='ocrx_word' id='word_1_101' title='bbox 2053 1546 2187 1584; x_wconf 91' lang='lat' dir='ltr'>cum</span> <span class='ocrx_word' id='word_1_102' title='bbox 2245 1529 2353 1584; x_wconf 86' lang='lat' dir='ltr'>ha-</span> 
     </span>
    </p>
   </div>
   <div class='ocr_carea' id='block_1_17' title="bbox 703 1617 2346 1698">
    <p class='ocr_par' dir='ltr' id='par_1_17' title="bbox 703 1617 2346 1698">
     <span class='ocr_line' id='line_1_17' title="bbox 703 1617 2346 1698; baseline -0.006 -15"><span class='ocrx_word' id='word_1_103' title='bbox 703 1630 835 1684; x_wconf 91' lang='lat' dir='ltr'>beat</span> <span class='ocrx_word' id='word_1_104' title='bbox 869 1626 1127 1698; x_wconf 83' lang='lat' dir='ltr'>aliquam</span> <span class='ocrx_word' id='word_1_105' title='bbox 1159 1623 1607 1692; x_wconf 87' lang='lat' dir='ltr'>dubitationem,</span> <span class='ocrx_word' id='word_1_106' title='bbox 1641 1621 1935 1694; x_wconf 92' lang='lat' dir='ltr'>quomodo</span> <span class='ocrx_word' id='word_1_107' title='bbox 1962 1617 2173 1675; x_wconf 90' lang='lat' dir='ltr'>calculi</span> <span class='ocrx_word' id='word_1_108' title='bbox 2207 1619 2346 1674; x_wconf 91' lang='lat' dir='ltr'>sub-</span> 
     </span>
    </p>
   </div>
   <div class='ocr_carea' id='block_1_18' title="bbox 703 1709 2350 1784">
    <p class='ocr_par' dir='ltr' id='par_1_18' title="bbox 703 1709 2350 1784">
     <span class='ocr_line' id='line_1_18' title="bbox 703 1709 2350 1784; baseline -0.007 -11"><span class='ocrx_word' id='word_1_109' title='bbox 703 1716 957 1773; x_wconf 91' lang='lat' dir='ltr'>ducendi</span> <span class='ocrx_word' id='word_1_110' title='bbox 987 1716 1126 1784; x_wconf 90' lang='lat' dir='ltr'>sint,</span> <span class='ocrx_word' id='word_1_111' title='bbox 1173 1714 1427 1769; x_wconf 84' lang='lat' dir='ltr'>breviter</span> <span class='ocrx_word' id='word_1_112' title='bbox 1473 1727 1852 1784; x_wconf 82' lang='lat' dir='ltr'>exponemus.</span> <span class='ocrx_word' id='word_1_113' title='bbox 1912 1709 2205 1781; x_wconf 90' lang='lat' dir='ltr'>Principio</span> <span class='ocrx_word' id='word_1_114' title='bbox 2253 1725 2350 1762; x_wconf 89' lang='lat' dir='ltr'>ve-</span> 
     </span>
    </p>
   </div>
   <div class='ocr_carea' id='block_1_19' title="bbox 708 1796 2350 1871">
    <p class='ocr_par' dir='ltr' id='par_1_19' title="bbox 708 1796 2350 1871">
     <span class='ocr_line' id='line_1_19' title="bbox 708 1796 2350 1871; baseline -0.008 -11"><span class='ocrx_word' id='word_1_115' title='bbox 708 1806 881 1861; x_wconf 88' lang='lat' dir='ltr'>limus</span> <span class='ocrx_word' id='word_1_116' title='bbox 912 1802 1298 1859; x_wconf 87' lang='lat' dir='ltr'>animadverti</span> <span class='ocrx_word' id='word_1_117' title='bbox 1331 1801 1486 1871; x_wconf 91' lang='lat' dir='ltr'>quod</span> <span class='ocrx_word' id='word_1_118' title='bbox 1515 1799 1628 1854; x_wconf 89' lang='lat' dir='ltr'>alio</span> <span class='ocrx_word' id='word_1_119' title='bbox 1657 1799 1914 1871; x_wconf 89' lang='lat' dir='ltr'>quodam</span> <span class='ocrx_word' id='word_1_120' title='bbox 1969 1797 2093 1852; x_wconf 92' lang='lat' dir='ltr'>loco</span> <span class='ocrx_word' id='word_1_121' title='bbox 2143 1796 2350 1866; x_wconf 87' lang='lat' dir='ltr'>dispu-</span> 
     </span>
    </p>
   </div>
   <div class='ocr_carea' id='block_1_20' title="bbox 705 1884 2343 1961">
    <p class='ocr_par' dir='ltr' id='par_1_20' title="bbox 705 1884 2343 1961">
     <span class='ocr_line' id='line_1_20' title="bbox 705 1884 2343 1961; baseline -0.007 -13"><span class='ocrx_word' id='word_1_122' title='bbox 705 1893 956 1949; x_wconf 88' lang='lat' dir='ltr'>tavimus</span> <span class='ocrx_word' id='word_1_123' title='bbox 1012 1891 1213 1961; x_wconf 81' lang='lat' dir='ltr'>(supra</span> <span class='ocrx_word' id='word_1_124' title='bbox 1259 1890 1289 1960; x_wconf 84' lang='lat'>§</span> <span class='ocrx_word' id='word_1_125' title='bbox 1341 1889 1427 1953; x_wconf 83' lang='lat'>16,</span> <span class='ocrx_word' id='word_1_126' title='bbox 1481 1886 1589 1942; x_wconf 91' lang='lat' dir='ltr'>col.</span> <span class='ocrx_word' id='word_1_127' title='bbox 1653 1888 1774 1950; x_wconf 81' lang='lat'>119,</span> <span class='ocrx_word' id='word_1_128' title='bbox 1831 1885 1976 1955; x_wconf 89' lang='lat' dir='ltr'>not.)</span> <span class='ocrx_word' id='word_1_129' title='bbox 2067 1884 2343 1939; x_wconf 88' lang='lat' dir='ltr'>Severum</span> 
     </span>
    </p>
   </div>
   <div class='ocr_carea' id='block_1_21' title="bbox 702 1972 2343 2054">
    <p class='ocr_par' dir='ltr' id='par_1_21' title="bbox 702 1972 2343 2054">
     <span class='ocr_line' id='line_1_21' title="bbox 702 1972 2343 2054; baseline -0.008 -15"><span class='ocrx_word' id='word_1_130' title='bbox 702 1981 930 2054; x_wconf 90' lang='lat' dir='ltr'>expleta</span> <span class='ocrx_word' id='word_1_131' title='bbox 979 1978 1157 2051; x_wconf 86' lang='lat' dir='ltr'>priori</span> <span class='ocrx_word' id='word_1_132' title='bbox 1209 1981 1369 2050; x_wconf 92' lang='lat' dir='ltr'>parte</span> <span class='ocrx_word' id='word_1_133' title='bbox 1426 1975 1563 2032; x_wconf 88' lang='lat' dir='ltr'>anni</span> <span class='ocrx_word' id='word_1_134' title='bbox 1605 1973 1888 2043; x_wconf 79' lang='lat' dir='ltr'>CXCXIII,</span> <span class='ocrx_word' id='word_1_135' title='bbox 1939 1973 1999 2027; x_wconf 90' lang='lat' dir='ltr'>in</span> <span class='ocrx_word' id='word_1_136' title='bbox 2054 1972 2343 2027; x_wconf 86' lang='lat' dir='ltr'>Orientem</span> 
     </span>
    </p>
   </div>
   <div class='ocr_carea' id='block_1_22' title="bbox 705 2063 2344 2140">
    <p class='ocr_par' dir='ltr' id='par_1_22' title="bbox 705 2063 2344 2140">
     <span class='ocr_line' id='line_1_22' title="bbox 705 2063 2344 2140; baseline -0.005 -14"><span class='ocrx_word' id='word_1_137' title='bbox 705 2071 890 2126; x_wconf 82' lang='lat' dir='ltr'>fuisse</span> <span class='ocrx_word' id='word_1_138' title='bbox 921 2069 1260 2140; x_wconf 78' lang='lat' dir='ltr'>profectum.</span> <span class='ocrx_word' id='word_1_139' title='bbox 1296 2067 1439 2122; x_wconf 88' lang='lat' dir='ltr'>Huic</span> <span class='ocrx_word' id='word_1_140' title='bbox 1463 2064 1613 2121; x_wconf 89' lang='lat' dir='ltr'>bello</span> <span class='ocrx_word' id='word_1_141' title='bbox 1642 2065 1925 2121; x_wconf 89' lang='lat' dir='ltr'>adversus</span> <span class='ocrx_word' id='word_1_142' title='bbox 1964 2063 2208 2118; x_wconf 86' lang='lat' dir='ltr'>Parthos</span> <span class='ocrx_word' id='word_1_143' title='bbox 2241 2080 2344 2118; x_wconf 90' lang='lat' dir='ltr'>su-</span> 
     </span>
    </p>
   </div>
   <div class='ocr_carea' id='block_1_23' title="bbox 702 2152 2340 2232">
    <p class='ocr_par' dir='ltr' id='par_1_23' title="bbox 702 2152 2340 2232">
     <span class='ocr_line' id='line_1_23' title="bbox 702 2152 2340 2232; baseline -0.007 -15"><span class='ocrx_word' id='word_1_144' title='bbox 702 2166 902 2232; x_wconf 85' lang='lat' dir='ltr'>scepto</span> <span class='ocrx_word' id='word_1_145' title='bbox 926 2160 1098 2214; x_wconf 80' lang='lat' dir='ltr'>linem</span> <span class='ocrx_word' id='word_1_146' title='bbox 1134 2158 1250 2212; x_wconf 89' lang='lat' dir='ltr'>fere</span> <span class='ocrx_word' id='word_1_147' title='bbox 1291 2156 1574 2227; x_wconf 88' lang='lat' dir='ltr'>imposuit</span> <span class='ocrx_word' id='word_1_148' title='bbox 1622 2159 1900 2225; x_wconf 86' lang='lat' dir='ltr'>occupata</span> <span class='ocrx_word' id='word_1_149' title='bbox 1947 2152 2340 2224; x_wconf 85' lang='lat' dir='ltr'>Ctesiphonte.</span> 
     </span>
    </p>
   </div>
   <div class='ocr_carea' id='block_1_24' title="bbox 700 2243 2340 2320">
    <p class='ocr_par' dir='ltr' id='par_1_24' title="bbox 700 2243 2340 2320">
     <span class='ocr_line' id='line_1_24' title="bbox 700 2243 2340 2320; baseline -0.005 -15"><span class='ocrx_word' id='word_1_150' title='bbox 700 2249 1044 2320; x_wconf 89' lang='lat' dir='ltr'>Nam,quod</span> <span class='ocrx_word' id='word_1_151' title='bbox 1078 2247 1536 2318; x_wconf 89' lang='lat' dir='ltr'>posteademum</span> <span class='ocrx_word' id='word_1_152' title='bbox 1596 2244 1696 2298; x_wconf 91' lang='lat' dir='ltr'>Dio</span> <span class='ocrx_word' id='word_1_153' title='bbox 1765 2243 1999 2298; x_wconf 86' lang='lat' dir='ltr'>Cassius</span> <span class='ocrx_word' id='word_1_154' title='bbox 2065 2243 2340 2297; x_wconf 88' lang='lat' dir='ltr'>Severum</span> 
     </span>
    </p>
   </div>
   <div class='ocr_carea' id='block_1_25' title="bbox 702 2331 2339 2405">
    <p class='ocr_par' dir='ltr' id='par_1_25' title="bbox 702 2331 2339 2405">
     <span class='ocr_line' id='line_1_25' title="bbox 702 2331 2339 2405; baseline -0.005 -12"><span class='ocrx_word' id='word_1_155' title='bbox 702 2340 875 2394; x_wconf 84' lang='lat' dir='ltr'>rel&#39;ert</span> <span class='ocrx_word' id='word_1_156' title='bbox 915 2337 1006 2392; x_wconf 89' lang='lat' dir='ltr'>bis</span> <span class='ocrx_word' id='word_1_157' title='bbox 1058 2337 1276 2391; x_wconf 78' lang='lat' dir='ltr'>frustra</span> <span class='ocrx_word' id='word_1_158' title='bbox 1307 2338 1507 2390; x_wconf 89' lang='lat' dir='ltr'>Atram</span> <span class='ocrx_word' id='word_1_159' title='bbox 1556 2333 1940 2405; x_wconf 88' lang='lat' dir='ltr'>impugnasse</span> <span class='ocrx_word' id='word_1_160' title='bbox 1980 2349 1994 2400; x_wconf 89' lang='lat'><strong>;</strong></span> <span class='ocrx_word' id='word_1_161' title='bbox 2047 2332 2104 2386; x_wconf 91' lang='lat' dir='ltr'>in</span> <span class='ocrx_word' id='word_1_162' title='bbox 2165 2348 2252 2398; x_wconf 93' lang='lat' dir='ltr'>eo,</span> <span class='ocrx_word' id='word_1_163' title='bbox 2291 2331 2339 2386; x_wconf 89' lang='lat' dir='ltr'>si</span> 
     </span>
    </p>
   </div>
   <div class='ocr_carea' id='block_1_26' title="bbox 699 2420 2340 2496">
    <p class='ocr_par' dir='ltr' id='par_1_26' title="bbox 699 2420 2340 2496">
     <span class='ocr_line' id='line_1_26' title="bbox 699 2420 2340 2496; baseline -0.004 -13"><span class='ocrx_word' id='word_1_164' title='bbox 699 2432 853 2483; x_wconf 91' lang='lat' dir='ltr'>recte</span> <span class='ocrx_word' id='word_1_165' title='bbox 883 2427 1048 2496; x_wconf 84' lang='lat' dir='ltr'>dixit,</span> <span class='ocrx_word' id='word_1_166' title='bbox 1081 2426 1328 2481; x_wconf 89' lang='lat' dir='ltr'>Severus</span> <span class='ocrx_word' id='word_1_167' title='bbox 1359 2440 1471 2478; x_wconf 91' lang='lat' dir='ltr'>non</span> <span class='ocrx_word' id='word_1_168' title='bbox 1500 2424 1729 2478; x_wconf 90' lang='lat' dir='ltr'>videtur</span> <span class='ocrx_word' id='word_1_169' title='bbox 1758 2421 2010 2476; x_wconf 90' lang='lat' dir='ltr'>multum</span> <span class='ocrx_word' id='word_1_170' title='bbox 2060 2420 2340 2491; x_wconf 87' lang='lat' dir='ltr'>temporis</span> 
     </span>
    </p>
   </div>
   <div class='ocr_carea' id='block_1_27' title="bbox 700 2510 2342 2587">
    <p class='ocr_par' dir='ltr' id='par_1_27' title="bbox 700 2510 2342 2587">
     <span class='ocr_line' id='line_1_27' title="bbox 700 2510 2342 2587; baseline -0.005 -15"><span class='ocrx_word' id='word_1_171' title='bbox 700 2515 1159 2587; x_wconf 87' lang='lat' dir='ltr'>consumpsisse,</span> <span class='ocrx_word' id='word_1_172' title='bbox 1213 2514 1360 2569; x_wconf 75' lang='lat' dir='ltr'>I25</span> <span class='ocrx_word' id='word_1_173' title='bbox 1415 2528 1548 2567; x_wconf 91' lang='lat' dir='ltr'>cum</span> <span class='ocrx_word' id='word_1_174' title='bbox 1592 2511 1774 2566; x_wconf 89' lang='lat' dir='ltr'>altera</span> <span class='ocrx_word' id='word_1_175' title='bbox 1811 2527 1994 2580; x_wconf 88' lang='lat' dir='ltr'>eaque</span> <span class='ocrx_word' id='word_1_176' title='bbox 2033 2510 2342 2564; x_wconf 84' lang='lat' dir='ltr'>vehemen-</span> 
     </span>
    </p>
   </div>
   <div class='ocr_carea' id='block_1_28' title="bbox 701 2599 2342 2673">
    <p class='ocr_par' dir='ltr' id='par_1_28' title="bbox 701 2599 2342 2673">
     <span class='ocr_line' id='line_1_28' title="bbox 701 2599 2342 2673; baseline -0.002 -15"><span class='ocrx_word' id='word_1_177' title='bbox 701 2605 935 2658; x_wconf 87' lang='lat' dir='ltr'>tissima</span> <span class='ocrx_word' id='word_1_178' title='bbox 964 2603 1142 2673; x_wconf 88' lang='lat' dir='ltr'>hujus</span> <span class='ocrx_word' id='word_1_179' title='bbox 1173 2602 1338 2657; x_wconf 91' lang='lat' dir='ltr'>urbis</span> <span class='ocrx_word' id='word_1_180' title='bbox 1358 2602 1719 2672; x_wconf 86' lang='lat' dir='ltr'>oppugnatio</span> <span class='ocrx_word' id='word_1_181' title='bbox 1762 2599 1969 2670; x_wconf 86' lang='lat' dir='ltr'>viginti</span> <span class='ocrx_word' id='word_1_182' title='bbox 2017 2599 2098 2654; x_wconf 87' lang='lat' dir='ltr'>sit</span> <span class='ocrx_word' id='word_1_183' title='bbox 2135 2599 2342 2654; x_wconf 89' lang='lat' dir='ltr'>diebus</span> 
     </span>
    </p>
   </div>
   <div class='ocr_carea' id='block_1_29' title="bbox 703 2688 2344 2762">
    <p class='ocr_par' dir='ltr' id='par_1_29' title="bbox 703 2688 2344 2762">
     <span class='ocr_line' id='line_1_29' title="bbox 703 2688 2344 2762; baseline -0.004 -14"><span class='ocrx_word' id='word_1_184' title='bbox 703 2694 964 2748; x_wconf 68' lang='lat' dir='ltr'>confecta</span> <span class='ocrx_word' id='word_1_185' title='bbox 1030 2691 1158 2762; x_wconf 85' lang='lat' dir='ltr'>(Dio</span> <span class='ocrx_word' id='word_1_186' title='bbox 1210 2690 1245 2744; x_wconf 94' lang='lat' dir='ltr'>l.</span> <span class='ocrx_word' id='word_1_187' title='bbox 1307 2707 1469 2756; x_wconf 68' lang='lat' dir='ltr'>xxxv,</span> <span class='ocrx_word' id='word_1_188' title='bbox 1519 2706 1568 2744; x_wconf 85' lang='grc' dir='ltr'><strong>ο.</strong></span> <span class='ocrx_word' id='word_1_189' title='bbox 1625 2691 1707 2756; x_wconf 87' lang='grc'>13,</span> <span class='ocrx_word' id='word_1_190' title='bbox 1764 2705 1819 2759; x_wconf 85' lang='grc' dir='ltr'><strong>ρ.</strong></span> <span class='ocrx_word' id='word_1_191' title='bbox 1862 2688 2041 2759; x_wconf 80' lang='grc'>1265),</span> <span class='ocrx_word' id='word_1_192' title='bbox 2095 2703 2344 2759; x_wconf 85' lang='lat' dir='ltr'>eamque</span> 
     </span>
    </p>
   </div>
   <div class='ocr_carea' id='block_1_30' title="bbox 706 2775 2343 2846">
    <p class='ocr_par' dir='ltr' id='par_1_30' title="bbox 706 2775 2343 2846">
     <span class='ocr_line' id='line_1_30' title="bbox 706 2775 2343 2846; baseline -0.003 -11"><span class='ocrx_word' id='word_1_193' title='bbox 706 2781 905 2836; x_wconf 83' lang='lat' dir='ltr'>statim</span> <span class='ocrx_word' id='word_1_194' title='bbox 967 2784 1235 2834; x_wconf 88' lang='lat' dir='ltr'>secutum</span> <span class='ocrx_word' id='word_1_195' title='bbox 1279 2779 1386 2834; x_wconf 89' lang='lat' dir='ltr'>iter</span> <span class='ocrx_word' id='word_1_196' title='bbox 1417 2777 1602 2832; x_wconf 90' lang='lat' dir='ltr'>Severi</span> <span class='ocrx_word' id='word_1_197' title='bbox 1651 2778 1708 2831; x_wconf 88' lang='lat' dir='ltr'>in</span> <span class='ocrx_word' id='word_1_198' title='bbox 1754 2775 2123 2831; x_wconf 67' lang='lat' dir='ltr'>Palaestinam</span> <span class='ocrx_word' id='word_1_199' title='bbox 2169 2781 2343 2846; x_wconf 89' lang='lat' dir='ltr'>atque</span> 
     </span>
    </p>
   </div>
   <div class='ocr_carea' id='block_1_31' title="bbox 706 2864 2344 2941">
    <p class='ocr_par' dir='ltr' id='par_1_31' title="bbox 706 2864 2344 2941">
     <span class='ocr_line' id='line_1_31' title="bbox 706 2864 2344 2941; baseline -0.004 -17"><span class='ocrx_word' id='word_1_200' title='bbox 706 2871 1034 2941; x_wconf 65' lang='lat' dir='ltr'>Atgyptum.</span> <span class='ocrx_word' id='word_1_201' title='bbox 1070 2868 1179 2922; x_wconf 90' lang='lat' dir='ltr'>Sed</span> <span class='ocrx_word' id='word_1_202' title='bbox 1213 2883 1445 2938; x_wconf 88' lang='lat' dir='ltr'>quoquo</span> <span class='ocrx_word' id='word_1_203' title='bbox 1471 2865 1641 2921; x_wconf 93' lang='lat' dir='ltr'>modo</span> <span class='ocrx_word' id='word_1_204' title='bbox 1692 2864 1800 2920; x_wconf 91' lang='lat' dir='ltr'>hoc</span> <span class='ocrx_word' id='word_1_205' title='bbox 1831 2865 2174 2936; x_wconf 86' lang='lat' dir='ltr'>accipiatur,</span> <span class='ocrx_word' id='word_1_206' title='bbox 2222 2869 2344 2919; x_wconf 90' lang='lat' dir='ltr'>Cte-</span> 
     </span>
    </p>
   </div>
   <div class='ocr_carea' id='block_1_32' title="bbox 705 2955 2342 3029">
    <p class='ocr_par' dir='ltr' id='par_1_32' title="bbox 705 2955 2342 3029">
     <span class='ocr_line' id='line_1_32' title="bbox 705 2955 2342 3029; baseline -0.003 -17"><span class='ocrx_word' id='word_1_207' title='bbox 705 2958 1040 3029; x_wconf 89' lang='lat' dir='ltr'>siphontem</span> <span class='ocrx_word' id='word_1_208' title='bbox 1091 2955 1329 3011; x_wconf 88' lang='lat' dir='ltr'>hiemali</span> <span class='ocrx_word' id='word_1_209' title='bbox 1404 2971 1582 3026; x_wconf 92' lang='lat' dir='ltr'>prope</span> <span class='ocrx_word' id='word_1_210' title='bbox 1634 2959 1888 3023; x_wconf 88' lang='lat' dir='ltr'>tempore</span> <span class='ocrx_word' id='word_1_211' title='bbox 1929 2958 2158 3025; x_wconf 90' lang='lat' dir='ltr'>captam</span> <span class='ocrx_word' id='word_1_212' title='bbox 2215 2969 2342 3008; x_wconf 88' lang='lat' dir='ltr'>esse</span> 
     </span>
    </p>
   </div>
   <div class='ocr_carea' id='block_1_33' title="bbox 701 3041 2341 3118">
    <p class='ocr_par' dir='ltr' id='par_1_33' title="bbox 701 3041 2341 3118">
     <span class='ocr_line' id='line_1_33' title="bbox 701 3041 2341 3118; baseline -0.003 -16"><span class='ocrx_word' id='word_1_213' title='bbox 701 3047 1046 3118; x_wconf 87' lang='lat' dir='ltr'>Spartianus</span> <span class='ocrx_word' id='word_1_214' title='bbox 1096 3044 1405 3100; x_wconf 76' lang='lat' dir='ltr'>confirmat</span> <span class='ocrx_word' id='word_1_215' title='bbox 1445 3044 1498 3097; x_wconf 90' lang='lat' dir='ltr'>in</span> <span class='ocrx_word' id='word_1_216' title='bbox 1534 3043 1660 3098; x_wconf 92' lang='lat' dir='ltr'>Sev.</span> <span class='ocrx_word' id='word_1_217' title='bbox 1695 3059 1744 3097; x_wconf 93' lang='lat' dir='ltr'>c.</span> <span class='ocrx_word' id='word_1_218' title='bbox 1780 3043 1864 3098; x_wconf 88' lang='lat'>16.</span> <span class='ocrx_word' id='word_1_219' title='bbox 1916 3042 2034 3097; x_wconf 90' lang='lat' dir='ltr'>Hoc</span> <span class='ocrx_word' id='word_1_220' title='bbox 2065 3041 2178 3097; x_wconf 90' lang='lat' dir='ltr'>dici</span> <span class='ocrx_word' id='word_1_221' title='bbox 2227 3058 2341 3097; x_wconf 88' lang='lat' dir='ltr'>non</span> 
     </span>
    </p>
   </div>
   <div class='ocr_carea' id='block_1_34' title="bbox 705 3133 2339 3209">
    <p class='ocr_par' dir='ltr' id='par_1_34' title="bbox 705 3133 2339 3209">
     <span class='ocr_line' id='line_1_34' title="bbox 705 3133 2339 3209; baseline -0.004 -17"><span class='ocrx_word' id='word_1_222' title='bbox 705 3141 890 3209; x_wconf 88' lang='lat' dir='ltr'>potest</span> <span class='ocrx_word' id='word_1_223' title='bbox 935 3135 1218 3191; x_wconf 90' lang='lat' dir='ltr'>accidisse</span> <span class='ocrx_word' id='word_1_224' title='bbox 1276 3151 1412 3189; x_wconf 86' lang='lat' dir='ltr'>ann.</span> <span class='ocrx_word' id='word_1_225' title='bbox 1465 3133 1770 3200; x_wconf 81' lang='lat' dir='ltr'>CXCVIII;</span> <span class='ocrx_word' id='word_1_226' title='bbox 1817 3133 2110 3205; x_wconf 88' lang='lat' dir='ltr'>quomodo</span> <span class='ocrx_word' id='word_1_227' title='bbox 2161 3133 2339 3199; x_wconf 91' lang='lat' dir='ltr'>enim,</span> 
     </span>
    </p>
   </div>
   <div class='ocr_carea' id='block_1_35' title="bbox 703 3194 2417 3294">
    <p class='ocr_par' dir='ltr' id='par_1_35' title="bbox 703 3194 2417 3294">
     <span class='ocr_line' id='line_1_35' title="bbox 703 3194 2417 3294; baseline -0.004 -12"><span class='ocrx_word' id='word_1_228' title='bbox 703 3226 754 3283; x_wconf 91' lang='lat' dir='ltr'>ei</span> <span class='ocrx_word' id='word_1_229' title='bbox 788 3227 1053 3281; x_wconf 91' lang='lat' dir='ltr'>dicamus</span> <span class='ocrx_word' id='word_1_230' title='bbox 1083 3224 1259 3279; x_wconf 90' lang='lat' dir='ltr'>etiam</span> <span class='ocrx_word' id='word_1_231' title='bbox 1293 3229 1564 3279; x_wconf 87' lang='lat' dir='ltr'>Severum</span> <span class='ocrx_word' id='word_1_232' title='bbox 1599 3223 1797 3278; x_wconf 84' lang='lat' dir='ltr'>statim</span> <span class='ocrx_word' id='word_1_233' title='bbox 1839 3227 1970 3294; x_wconf 89' lang='lat' dir='ltr'>post</span> <span class='ocrx_word' id='word_1_234' title='bbox 2011 3227 2342 3293; x_wconf 86' lang='lat' dir='ltr'>susceptam</span> <span class='ocrx_word' id='word_1_235' title='bbox 2373 3194 2417 3262; x_wconf 68' lang='lat' dir='ltr'>CI</span> 
     </span>
    </p>
   </div>
   <div class='ocr_carea' id='block_1_36' title="bbox 705 3309 2347 3384">
    <p class='ocr_par' dir='ltr' id='par_1_36' title="bbox 705 3309 2347 3384">
     <span class='ocr_line' id='line_1_36' title="bbox 705 3309 2347 3384; baseline -0.003 -15"><span class='ocrx_word' id='word_1_236' title='bbox 705 3332 739 3369; x_wconf 89' lang='lat' dir='ltr'>a</span> <span class='ocrx_word' id='word_1_237' title='bbox 768 3313 1058 3369; x_wconf 90' lang='lat' dir='ltr'>Caracallo</span> <span class='ocrx_word' id='word_1_238' title='bbox 1091 3313 1332 3384; x_wconf 84' lang='lat' dir='ltr'>Augusti</span> <span class='ocrx_word' id='word_1_239' title='bbox 1364 3312 1708 3382; x_wconf 87' lang='lat' dir='ltr'>dignitatem</span> <span class='ocrx_word' id='word_1_240' title='bbox 1738 3316 1917 3366; x_wconf 83' lang='lat' dir='ltr'>Roma</span> <span class='ocrx_word' id='word_1_241' title='bbox 1947 3309 2178 3376; x_wconf 85' lang='lat' dir='ltr'>abiisse,</span> <span class='ocrx_word' id='word_1_242' title='bbox 2205 3327 2347 3381; x_wconf 86' lang='lat' dir='ltr'>quo-</span> 
     </span>
    </p>
   </div>
   <div class='ocr_carea' id='block_1_37' title="bbox 706 3400 2349 3472">
    <p class='ocr_par' dir='ltr' id='par_1_37' title="bbox 706 3400 2349 3472">
     <span class='ocr_line' id='line_1_37' title="bbox 706 3400 2349 3472; baseline -0.002 -15"><span class='ocrx_word' id='word_1_243' title='bbox 706 3403 899 3472; x_wconf 92' lang='lat' dir='ltr'>modo,</span> <span class='ocrx_word' id='word_1_244' title='bbox 933 3401 1198 3472; x_wconf 90' lang='lat' dir='ltr'>inquam,</span> <span class='ocrx_word' id='word_1_245' title='bbox 1231 3406 1487 3472; x_wconf 89' lang='lat' dir='ltr'>tempore</span> <span class='ocrx_word' id='word_1_246' title='bbox 1522 3405 1641 3455; x_wconf 88' lang='lat' dir='ltr'>tam</span> <span class='ocrx_word' id='word_1_247' title='bbox 1683 3400 1840 3455; x_wconf 89' lang='lat' dir='ltr'>brevi</span> <span class='ocrx_word' id='word_1_248' title='bbox 1873 3405 2099 3455; x_wconf 89' lang='lat' dir='ltr'>tantum</span> <span class='ocrx_word' id='word_1_249' title='bbox 2131 3400 2243 3455; x_wconf 88' lang='lat' dir='ltr'>iter</span> <span class='ocrx_word' id='word_1_250' title='bbox 2289 3400 2349 3455; x_wconf 90' lang='lat' dir='ltr'>in</span> 
     </span>
    </p>
   </div>
   <div class='ocr_carea' id='block_1_38' title="bbox 704 3488 2352 3561">
    <p class='ocr_par' dir='ltr' id='par_1_38' title="bbox 704 3488 2352 3561">
     <span class='ocr_line' id='line_1_38' title="bbox 704 3488 2352 3561; baseline -0.001 -15"><span class='ocrx_word' id='word_1_251' title='bbox 704 3491 946 3546; x_wconf 89' lang='lat' dir='ltr'>ultimas</span> <span class='ocrx_word' id='word_1_252' title='bbox 975 3489 1143 3561; x_wconf 90' lang='lat' dir='ltr'>quasi</span> <span class='ocrx_word' id='word_1_253' title='bbox 1179 3489 1443 3561; x_wconf 86' lang='lat' dir='ltr'>regiones</span> <span class='ocrx_word' id='word_1_254' title='bbox 1479 3488 2042 3560; x_wconf 74' lang='lat' dir='ltr'>perﬁcere,classcm</span> <span class='ocrx_word' id='word_1_255' title='bbox 2075 3505 2352 3545; x_wconf 86' lang='lat' dir='ltr'>exornare</span> 
     </span>
    </p>
   </div>
   <div class='ocr_carea' id='block_1_39' title="bbox 705 3577 2351 3652">
    <p class='ocr_par' dir='ltr' id='par_1_39' title="bbox 705 3577 2351 3652">
     <span class='ocr_line' id='line_1_39' title="bbox 705 3577 2351 3652; baseline -0.001 -17"><span class='ocrx_word' id='word_1_256' title='bbox 705 3596 1016 3652; x_wconf 87' lang='lat' dir='ltr'>peragrare</span> <span class='ocrx_word' id='word_1_257' title='bbox 1065 3579 1424 3648; x_wconf 84' lang='lat' dir='ltr'>Armeniam,</span> <span class='ocrx_word' id='word_1_258' title='bbox 1498 3577 1847 3649; x_wconf 85' lang='lat' dir='ltr'>Seleuciam,</span> <span class='ocrx_word' id='word_1_259' title='bbox 1883 3577 2351 3650; x_wconf 83' lang='lat' dir='ltr'>Babylonemque</span> 
     </span>
    </p>
   </div>
   <div class='ocr_carea' id='block_1_40' title="bbox 703 3667 2351 3741">
    <p class='ocr_par' dir='ltr' id='par_1_40' title="bbox 703 3667 2351 3741">
     <span class='ocr_line' id='line_1_40' title="bbox 703 3667 2351 3741; baseline -0.001 -17"><span class='ocrx_word' id='word_1_260' title='bbox 703 3685 928 3741; x_wconf 85' lang='lat' dir='ltr'>capere,</span> <span class='ocrx_word' id='word_1_261' title='bbox 963 3673 1136 3738; x_wconf 89' lang='lat' dir='ltr'>atque</span> <span class='ocrx_word' id='word_1_262' title='bbox 1160 3672 1388 3723; x_wconf 88' lang='lat' dir='ltr'>vastare</span> <span class='ocrx_word' id='word_1_263' title='bbox 1447 3667 1720 3722; x_wconf 82' lang='lat' dir='ltr'>Arabiam</span> <span class='ocrx_word' id='word_1_264' title='bbox 1785 3667 2118 3738; x_wconf 85' lang='lat' dir='ltr'>potuisset?</span> <span class='ocrx_word' id='word_1_265' title='bbox 2156 3668 2351 3738; x_wconf 88' lang='lat' dir='ltr'>Neque</span> 
     </span>
    </p>
   </div>
   <div class='ocr_carea' id='block_1_41' title="bbox 703 3756 2351 3829">
    <p class='ocr_par' dir='ltr' id='par_1_41' title="bbox 703 3756 2351 3829">
     <span class='ocr_line' id='line_1_41' title="bbox 703 3756 2351 3829; baseline -0.001 -15"><span class='ocrx_word' id='word_1_266' title='bbox 703 3775 834 3815; x_wconf 89' lang='lat' dir='ltr'>vero</span> <span class='ocrx_word' id='word_1_267' title='bbox 867 3758 922 3812; x_wconf 90' lang='lat' dir='ltr'>id</span> <span class='ocrx_word' id='word_1_268' title='bbox 957 3757 1144 3829; x_wconf 91' lang='lat' dir='ltr'>magis</span> <span class='ocrx_word' id='word_1_269' title='bbox 1203 3773 1354 3812; x_wconf 88' lang='lat' dir='ltr'>anno</span> <span class='ocrx_word' id='word_1_270' title='bbox 1386 3757 1655 3828; x_wconf 88' lang='lat' dir='ltr'>sequenti</span> <span class='ocrx_word' id='word_1_271' title='bbox 1713 3756 2031 3827; x_wconf 89' lang='lat' dir='ltr'>contigisse</span> <span class='ocrx_word' id='word_1_272' title='bbox 2077 3757 2351 3812; x_wconf 90' lang='lat' dir='ltr'>credibile</span> 
     </span>
    </p>
   </div>
   <div class='ocr_carea' id='block_1_42' title="bbox 700 3844 2350 3918">
    <p class='ocr_par' dir='ltr' id='par_1_42' title="bbox 700 3844 2350 3918">
     <span class='ocr_line' id='line_1_42' title="bbox 700 3844 2350 3918; baseline -0.002 -14"><span class='ocrx_word' id='word_1_273' title='bbox 700 3853 808 3904; x_wconf 92' lang='lat' dir='ltr'>est.</span> <span class='ocrx_word' id='word_1_274' title='bbox 843 3847 1066 3903; x_wconf 87' lang='lat' dir='ltr'>Etenim</span> <span class='ocrx_word' id='word_1_275' title='bbox 1101 3851 1232 3918; x_wconf 89' lang='lat' dir='ltr'>post</span> <span class='ocrx_word' id='word_1_276' title='bbox 1253 3852 1482 3917; x_wconf 88' lang='lat' dir='ltr'>captam</span> <span class='ocrx_word' id='word_1_277' title='bbox 1515 3844 1977 3916; x_wconf 86' lang='lat' dir='ltr'>Ctesiphontem,</span> <span class='ocrx_word' id='word_1_278' title='bbox 2026 3849 2350 3917; x_wconf 86' lang='lat' dir='ltr'>Atramque</span> 
     </span>
    </p>
   </div>
   <div class='ocr_carea' id='block_1_43' title="bbox 700 3933 2351 4006">
    <p class='ocr_par' dir='ltr' id='par_1_43' title="bbox 700 3933 2351 4006">
     <span class='ocr_line' id='line_1_43' title="bbox 700 3933 2351 4006; baseline -0.001 -14"><span class='ocrx_word' id='word_1_279' title='bbox 700 3937 791 3992; x_wconf 91' lang='lat' dir='ltr'>bis</span> <span class='ocrx_word' id='word_1_280' title='bbox 821 3938 1146 4002; x_wconf 81' lang='lat' dir='ltr'>obsessam,</span> <span class='ocrx_word' id='word_1_281' title='bbox 1180 3936 1424 3991; x_wconf 86' lang='lat' dir='ltr'>Severus</span> <span class='ocrx_word' id='word_1_282' title='bbox 1456 3933 1611 3990; x_wconf 89' lang='lat' dir='ltr'>venit</span> <span class='ocrx_word' id='word_1_283' title='bbox 1640 3934 1699 3988; x_wconf 91' lang='lat' dir='ltr'>in</span> <span class='ocrx_word' id='word_1_284' title='bbox 1732 3934 1978 4005; x_wconf 81' lang='lat' dir='ltr'>Syriam,</span> <span class='ocrx_word' id='word_1_285' title='bbox 2015 3933 2114 3989; x_wconf 91' lang='lat' dir='ltr'>ubi</span> <span class='ocrx_word' id='word_1_286' title='bbox 2152 3941 2351 4006; x_wconf 89' lang='lat' dir='ltr'>postea</span> 
     </span>
    </p>
   </div>
   <div class='ocr_carea' id='block_1_44' title="bbox 707 4023 2347 4097">
    <p class='ocr_par' dir='ltr' id='par_1_44' title="bbox 707 4023 2347 4097">
     <span class='ocr_line' id='line_1_44' title="bbox 707 4023 2347 4097; baseline -0.001 -18"><span class='ocrx_word' id='word_1_287' title='bbox 707 4027 902 4082; x_wconf 83' lang='lat' dir='ltr'>fasces</span> <span class='ocrx_word' id='word_1_288' title='bbox 931 4024 1167 4097; x_wconf 91' lang='lat' dir='ltr'>imperii</span> <span class='ocrx_word' id='word_1_289' title='bbox 1195 4025 1474 4096; x_wconf 89' lang='lat' dir='ltr'>suscepit.</span> <span class='ocrx_word' id='word_1_290' title='bbox 1509 4025 1614 4079; x_wconf 90' lang='lat' dir='ltr'>Sed</span> <span class='ocrx_word' id='word_1_291' title='bbox 1665 4040 1797 4078; x_wconf 90' lang='lat' dir='ltr'>eum</span> <span class='ocrx_word' id='word_1_292' title='bbox 1851 4040 1984 4078; x_wconf 90' lang='lat' dir='ltr'>cum</span> <span class='ocrx_word' id='word_1_293' title='bbox 2039 4023 2156 4078; x_wconf 84' lang='lat' dir='ltr'>ﬁlio</span> <span class='ocrx_word' id='word_1_294' title='bbox 2209 4041 2347 4078; x_wconf 89' lang='lat' dir='ltr'>ann.</span> 
     </span>
    </p>
   </div>
   <div class='ocr_carea' id='block_1_45' title="bbox 703 4111 2347 4182">
    <p class='ocr_par' dir='ltr' id='par_1_45' title="bbox 703 4111 2347 4182">
     <span class='ocr_line' id='line_1_45' title="bbox 703 4111 2347 4182; baseline -0.002 -13"><span class='ocrx_word' id='word_1_295' title='bbox 703 4113 863 4179; x_wconf 80' lang='lat' dir='ltr'>CCII,</span> <span class='ocrx_word' id='word_1_296' title='bbox 895 4113 1005 4168; x_wconf 91' lang='lat' dir='ltr'>hos</span> <span class='ocrx_word' id='word_1_297' title='bbox 1037 4113 1336 4178; x_wconf 91' lang='lat' dir='ltr'>habuisse,</span> <span class='ocrx_word' id='word_1_298' title='bbox 1361 4117 1600 4177; x_wconf 88' lang='lat' dir='ltr'>norunt,</span> <span class='ocrx_word' id='word_1_299' title='bbox 1653 4111 1750 4182; x_wconf 91' lang='lat' dir='ltr'>qui</span> <span class='ocrx_word' id='word_1_300' title='bbox 1803 4112 1986 4166; x_wconf 84' lang='lat' dir='ltr'>factos</span> <span class='ocrx_word' id='word_1_301' title='bbox 2037 4111 2347 4167; x_wconf 88' lang='lat' dir='ltr'>consulue-</span> 
     </span>
    </p>
   </div>
   <div class='ocr_carea' id='block_1_46' title="bbox 702 4200 2351 4272">
    <p class='ocr_par' dir='ltr' id='par_1_46' title="bbox 702 4200 2351 4272">
     <span class='ocr_line' id='line_1_46' title="bbox 702 4200 2351 4272; baseline -0.002 -14"><span class='ocrx_word' id='word_1_302' title='bbox 702 4208 842 4258; x_wconf 88' lang='lat' dir='ltr'>runt</span> <span class='ocrx_word' id='word_1_303' title='bbox 876 4202 1129 4258; x_wconf 88' lang='lat' dir='ltr'>universi</span> <span class='ocrx_word' id='word_1_304' title='bbox 1166 4201 1395 4272; x_wconf 89' lang='lat' dir='ltr'>;itaque</span> <span class='ocrx_word' id='word_1_305' title='bbox 1425 4201 1741 4256; x_wconf 90' lang='lat' dir='ltr'>dicendum</span> <span class='ocrx_word' id='word_1_306' title='bbox 1775 4200 1905 4268; x_wconf 87' lang='lat' dir='ltr'>erit,</span> <span class='ocrx_word' id='word_1_307' title='bbox 1951 4217 2050 4271; x_wconf 90' lang='lat' dir='ltr'>per</span> <span class='ocrx_word' id='word_1_308' title='bbox 2080 4205 2198 4256; x_wconf 91' lang='lat' dir='ltr'>tres</span> <span class='ocrx_word' id='word_1_309' title='bbox 2235 4202 2351 4255; x_wconf 88' lang='lat' dir='ltr'>fere</span> 
     </span>
    </p>
   </div>
   <div class='ocr_carea' id='block_1_47' title="bbox 701 4289 2350 4362">
    <p class='ocr_par' dir='ltr' id='par_1_47' title="bbox 701 4289 2350 4362">
     <span class='ocr_line' id='line_1_47' title="bbox 701 4289 2350 4362; baseline -0.002 -15"><span class='ocrx_word' id='word_1_310' title='bbox 701 4296 803 4348; x_wconf 90' lang='lat' dir='ltr'>aut</span> <span class='ocrx_word' id='word_1_311' title='bbox 831 4293 980 4347; x_wconf 83' lang='lat' dir='ltr'>duos</span> <span class='ocrx_word' id='word_1_312' title='bbox 1011 4309 1196 4347; x_wconf 88' lang='lat' dir='ltr'>annos</span> <span class='ocrx_word' id='word_1_313' title='bbox 1227 4290 1373 4346; x_wconf 87' lang='lat' dir='ltr'>nihil</span> <span class='ocrx_word' id='word_1_314' title='bbox 1409 4291 1597 4362; x_wconf 89' lang='lat' dir='ltr'>egisse</span> <span class='ocrx_word' id='word_1_315' title='bbox 1628 4291 1901 4345; x_wconf 89' lang='lat' dir='ltr'>Severum</span> <span class='ocrx_word' id='word_1_316' title='bbox 1936 4289 1996 4343; x_wconf 88' lang='lat' dir='ltr'>in</span> <span class='ocrx_word' id='word_1_317' title='bbox 2049 4289 2200 4346; x_wconf 80' lang='lat' dir='ltr'>bello</span> <span class='ocrx_word' id='word_1_318' title='bbox 2249 4290 2350 4345; x_wconf 90' lang='lat' dir='ltr'>ad-</span> 
     </span>
    </p>
   </div>
   <div class='ocr_carea' id='block_1_48' title="bbox 699 4380 2348 4453">
    <p class='ocr_par' dir='ltr' id='par_1_48' title="bbox 699 4380 2348 4453">
     <span class='ocr_line' id='line_1_48' title="bbox 699 4380 2348 4453; baseline -0.002 -16"><span class='ocrx_word' id='word_1_319' title='bbox 699 4399 903 4438; x_wconf 82' lang='lat' dir='ltr'>versus</span> <span class='ocrx_word' id='word_1_320' title='bbox 917 4387 1152 4438; x_wconf 70' lang='lat' dir='ltr'>cmteros</span> <span class='ocrx_word' id='word_1_321' title='bbox 1166 4380 1753 4453; x_wconf 89' lang='lat' dir='ltr'>persequendo,quod</span> <span class='ocrx_word' id='word_1_322' title='bbox 1787 4396 2027 4452; x_wconf 90' lang='lat' dir='ltr'>prorsus</span> <span class='ocrx_word' id='word_1_323' title='bbox 2055 4380 2348 4435; x_wconf 88' lang='lat' dir='ltr'>abhorret.</span> 
     </span>
    </p>
   </div>
   <div class='ocr_carea' id='block_1_49' title="bbox 703 4468 2349 4542">
    <p class='ocr_par' dir='ltr' id='par_1_49' title="bbox 703 4468 2349 4542">
     <span class='ocr_line' id='line_1_49' title="bbox 703 4468 2349 4542; baseline -0.002 -15"><span class='ocrx_word' id='word_1_324' title='bbox 703 4472 905 4526; x_wconf 82' lang='lat' dir='ltr'>Restat</span> <span class='ocrx_word' id='word_1_325' title='bbox 932 4471 1134 4542; x_wconf 90' lang='lat' dir='ltr'>igitur,</span> <span class='ocrx_word' id='word_1_326' title='bbox 1186 4474 1249 4525; x_wconf 93' lang='lat' dir='ltr'>ut</span> <span class='ocrx_word' id='word_1_327' title='bbox 1299 4475 1526 4541; x_wconf 89' lang='lat' dir='ltr'>captam</span> <span class='ocrx_word' id='word_1_328' title='bbox 1581 4487 1614 4524; x_wconf 90' lang='lat' dir='ltr'>a</span> <span class='ocrx_word' id='word_1_329' title='bbox 1658 4469 1864 4524; x_wconf 90' lang='lat' dir='ltr'>Severo</span> <span class='ocrx_word' id='word_1_330' title='bbox 1907 4468 2349 4539; x_wconf 88' lang='lat' dir='ltr'>Ctesiphontem</span> 
     </span>
    </p>
   </div>
   <div class='ocr_carea' id='block_1_50' title="bbox 2470 538 4106 614">
    <p class='ocr_par' dir='ltr' id='par_1_50' title="bbox 2470 538 4106 614">
     <span class='ocr_line' id='line_1_50' title="bbox 2470 538 4106 614; baseline -0.002 -17"><span class='ocrx_word' id='word_1_331' title='bbox 2470 543 2710 614; x_wconf 91' lang='lat' dir='ltr'>quidam</span> <span class='ocrx_word' id='word_1_332' title='bbox 2767 546 2920 597; x_wconf 89' lang='lat' dir='ltr'>stare</span> <span class='ocrx_word' id='word_1_333' title='bbox 2970 541 3168 597; x_wconf 90' lang='lat' dir='ltr'>nolent</span> <span class='ocrx_word' id='word_1_334' title='bbox 3235 539 3481 611; x_wconf 88' lang='lat' dir='ltr'>judicio,</span> <span class='ocrx_word' id='word_1_335' title='bbox 3529 539 3679 595; x_wconf 85' lang='lat' dir='ltr'>hanc</span> <span class='ocrx_word' id='word_1_336' title='bbox 3736 538 4035 594; x_wconf 88' lang='lat' dir='ltr'>victoriam</span> <span class='ocrx_word' id='word_1_337' title='bbox 4075 555 4106 594; x_wconf 93' lang='lat' dir='ltr'>a</span> 
     </span>
    </p>
   </div>
   <div class='ocr_carea' id='block_1_51' title="bbox 2470 630 4112 702">
    <p class='ocr_par' dir='ltr' id='par_1_51' title="bbox 2470 630 4112 702">
     <span class='ocr_line' id='line_1_51' title="bbox 2470 630 4112 702; baseline -0.002 -16"><span class='ocrx_word' id='word_1_338' title='bbox 2470 631 3062 702; x_wconf 86' lang='lat' dir='ltr'>Parthis,Adiabeuis,</span> <span class='ocrx_word' id='word_1_339' title='bbox 3097 630 3507 702; x_wconf 87' lang='lat' dir='ltr'>Arabibusque</span> <span class='ocrx_word' id='word_1_340' title='bbox 3531 647 3702 701; x_wconf 91' lang='lat' dir='ltr'>repor</span> <span class='ocrx_word' id='word_1_341' title='bbox 3721 633 3903 684; x_wconf 90' lang='lat' dir='ltr'>tatam</span> <span class='ocrx_word' id='word_1_342' title='bbox 3935 632 4112 684; x_wconf 82' lang='lat' dir='ltr'>trans-</span> 
     </span>
    </p>
   </div>
   <div class='ocr_carea' id='block_1_52' title="bbox 2469 718 4102 791">
    <p class='ocr_par' dir='ltr' id='par_1_52' title="bbox 2469 718 4102 791">
     <span class='ocr_line' id='line_1_52' title="bbox 2469 718 4102 791; baseline -0.001 -16"><span class='ocrx_word' id='word_1_343' title='bbox 2469 722 2579 776; x_wconf 85' lang='lat' dir='ltr'>fert</span> <span class='ocrx_word' id='word_1_344' title='bbox 2626 721 2687 776; x_wconf 87' lang='lat' dir='ltr'>in</span> <span class='ocrx_word' id='word_1_345' title='bbox 2744 738 2881 776; x_wconf 89' lang='lat' dir='ltr'>ann.</span> <span class='ocrx_word' id='word_1_346' title='bbox 2943 722 3046 776; x_wconf 92' lang='lat' dir='ltr'>CC.</span> <span class='ocrx_word' id='word_1_347' title='bbox 3105 721 3384 791; x_wconf 80' lang='lat' dir='ltr'>(Chronic.</span> <span class='ocrx_word' id='word_1_348' title='bbox 3438 719 3572 786; x_wconf 78' lang='lat'>1.11,</span> <span class='ocrx_word' id='word_1_349' title='bbox 3619 719 3689 774; x_wconf 92' lang='lat' dir='ltr'>ad</span> <span class='ocrx_word' id='word_1_350' title='bbox 3752 719 3812 774; x_wconf 93' lang='lat' dir='ltr'>h.</span> <span class='ocrx_word' id='word_1_351' title='bbox 3870 735 3924 774; x_wconf 89' lang='lat' dir='ltr'>a.</span> <span class='ocrx_word' id='word_1_352' title='bbox 3973 718 4102 773; x_wconf 90' lang='lat' dir='ltr'>edit.</span> 
     </span>
    </p>
   </div>
   <div class='ocr_carea' id='block_1_53' title="bbox 2465 807 4102 883">
    <p class='ocr_par' dir='ltr' id='par_1_53' title="bbox 2465 807 4102 883">
     <span class='ocr_line' id='line_1_53' title="bbox 2465 807 4102 883; baseline -0.001 -17"><span class='ocrx_word' id='word_1_353' title='bbox 2465 811 2764 883; x_wconf 85' lang='lat' dir='ltr'>Scaligeri,</span> <span class='ocrx_word' id='word_1_354' title='bbox 2799 827 2854 881; x_wconf 93' lang='lat' dir='ltr'>p.</span> <span class='ocrx_word' id='word_1_355' title='bbox 2893 810 3036 880; x_wconf 83' lang='lat'>182);</span> <span class='ocrx_word' id='word_1_356' title='bbox 3063 811 3163 865; x_wconf 91' lang='lat' dir='ltr'>sed</span> <span class='ocrx_word' id='word_1_357' title='bbox 3200 810 3329 864; x_wconf 83' lang='lat' dir='ltr'>fasti</span> <span class='ocrx_word' id='word_1_358' title='bbox 3361 809 3537 864; x_wconf 92' lang='lat' dir='ltr'>etiam</span> <span class='ocrx_word' id='word_1_359' title='bbox 3560 809 3735 880; x_wconf 82' lang='lat' dir='ltr'>(apud</span> <span class='ocrx_word' id='word_1_360' title='bbox 3767 807 4102 874; x_wconf 88' lang='lat' dir='ltr'>Pamelium,</span> 
     </span>
    </p>
   </div>
   <div class='ocr_carea' id='block_1_54' title="bbox 2469 897 4112 971">
    <p class='ocr_par' dir='ltr' id='par_1_54' title="bbox 2469 897 4112 971">
     <span class='ocr_line' id='line_1_54' title="bbox 2469 897 4112 971; baseline -0.001 -16"><span class='ocrx_word' id='word_1_361' title='bbox 2469 901 2527 955; x_wconf 91' lang='lat' dir='ltr'>in</span> <span class='ocrx_word' id='word_1_362' title='bbox 2573 899 2706 954; x_wconf 88' lang='lat' dir='ltr'>Vita</span> <span class='ocrx_word' id='word_1_363' title='bbox 2742 900 2940 955; x_wconf 86' lang='lat' dir='ltr'>Tertul.</span> <span class='ocrx_word' id='word_1_364' title='bbox 3000 916 3057 970; x_wconf 93' lang='lat' dir='ltr'>p.</span> <span class='ocrx_word' id='word_1_365' title='bbox 3111 899 3302 971; x_wconf 85' lang='lat'>18,11)</span> <span class='ocrx_word' id='word_1_366' title='bbox 3361 903 3418 954; x_wconf 89' lang='lat' dir='ltr'>et</span> <span class='ocrx_word' id='word_1_367' title='bbox 3467 898 3868 970; x_wconf 90' lang='lat' dir='ltr'>nummiapud</span> <span class='ocrx_word' id='word_1_368' title='bbox 3908 897 4112 953; x_wconf 90' lang='lat' dir='ltr'>Medio-</span> 
     </span>
    </p>
   </div>
   <div class='ocr_carea' id='block_1_55' title="bbox 2467 987 4110 1058">
    <p class='ocr_par' dir='ltr' id='par_1_55' title="bbox 2467 987 4110 1058">
     <span class='ocr_line' id='line_1_55' title="bbox 2467 987 4110 1058; baseline -0.001 -15"><span class='ocrx_word' id='word_1_369' title='bbox 2467 988 2716 1044; x_wconf 89' lang='lat' dir='ltr'>barbum</span> <span class='ocrx_word' id='word_1_370' title='bbox 2744 988 2813 1043; x_wconf 91' lang='lat' dir='ltr'>ad</span> <span class='ocrx_word' id='word_1_371' title='bbox 2849 1005 2986 1042; x_wconf 85' lang='lat' dir='ltr'>ann.</span> <span class='ocrx_word' id='word_1_372' title='bbox 3047 989 3105 1042; x_wconf 93' lang='lat' dir='ltr'>C.</span> <span class='ocrx_word' id='word_1_373' title='bbox 3153 989 3280 1042; x_wconf 85' lang='lat'>201.</span> <span class='ocrx_word' id='word_1_374' title='bbox 3335 1004 3392 1058; x_wconf 89' lang='lat' dir='ltr'>p.</span> <span class='ocrx_word' id='word_1_375' title='bbox 3425 987 3554 1055; x_wconf 78' lang='grc'>274)</span> <span class='ocrx_word' id='word_1_376' title='bbox 3603 1002 3924 1058; x_wconf 88' lang='lat' dir='ltr'>cognomen</span> <span class='ocrx_word' id='word_1_377' title='bbox 3981 989 4110 1041; x_wconf 88' lang='lat' dir='ltr'>Par-</span> 
     </span>
    </p>
   </div>
   <div class='ocr_carea' id='block_1_56' title="bbox 2466 1075 4104 1147">
    <p class='ocr_par' dir='ltr' id='par_1_56' title="bbox 2466 1075 4104 1147">
     <span class='ocr_line' id='line_1_56' title="bbox 2466 1075 4104 1147; baseline -0.001 -15"><span class='ocrx_word' id='word_1_378' title='bbox 2466 1079 2601 1133; x_wconf 78' lang='lat' dir='ltr'>thici</span> <span class='ocrx_word' id='word_1_379' title='bbox 2627 1079 2862 1132; x_wconf 72' lang='lat' dir='ltr'>maximi</span> <span class='ocrx_word' id='word_1_380' title='bbox 2889 1081 3095 1132; x_wconf 90' lang='lat' dir='ltr'>Severo</span> <span class='ocrx_word' id='word_1_381' title='bbox 3126 1078 3219 1131; x_wconf 90' lang='lat' dir='ltr'>Tr.</span> <span class='ocrx_word' id='word_1_382' title='bbox 3256 1077 3314 1134; x_wconf 88' lang='lat' dir='ltr'>P.</span> <span class='ocrx_word' id='word_1_383' title='bbox 3338 1075 3458 1132; x_wconf 87' lang='lat' dir='ltr'>VllI</span> <span class='ocrx_word' id='word_1_384' title='bbox 3491 1075 3802 1131; x_wconf 88' lang='lat' dir='ltr'>sustinenti</span> <span class='ocrx_word' id='word_1_385' title='bbox 3823 1076 4104 1147; x_wconf 84' lang='lat' dir='ltr'>tribuunt,</span> 
     </span>
    </p>
   </div>
   <div class='ocr_carea' id='block_1_57' title="bbox 2461 1165 4114 1238">
    <p class='ocr_par' dir='ltr' id='par_1_57' title="bbox 2461 1165 4114 1238">
     <span class='ocr_line' id='line_1_57' title="bbox 2461 1165 4114 1238; baseline -0.001 -17"><span class='ocrx_word' id='word_1_386' title='bbox 2461 1183 2635 1238; x_wconf 89' lang='lat' dir='ltr'>quam</span> <span class='ocrx_word' id='word_1_387' title='bbox 2668 1165 2937 1238; x_wconf 91' lang='lat' dir='ltr'>progredi</span> <span class='ocrx_word' id='word_1_388' title='bbox 2968 1183 3001 1220; x_wconf 93' lang='lat' dir='ltr'>a</span> <span class='ocrx_word' id='word_1_389' title='bbox 3031 1165 3222 1220; x_wconf 91' lang='lat' dir='ltr'>medio</span> <span class='ocrx_word' id='word_1_390' title='bbox 3253 1165 3390 1220; x_wconf 90' lang='lat' dir='ltr'>anni</span> <span class='ocrx_word' id='word_1_391' title='bbox 3419 1168 3517 1234; x_wconf 89' lang='lat' dir='ltr'>CC,</span> <span class='ocrx_word' id='word_1_392' title='bbox 3553 1181 3623 1219; x_wconf 89' lang='lat' dir='ltr'>an</span> <span class='ocrx_word' id='word_1_393' title='bbox 3683 1165 3821 1218; x_wconf 90' lang='lat' dir='ltr'>anni</span> <span class='ocrx_word' id='word_1_394' title='bbox 3878 1180 4114 1235; x_wconf 84' lang='lat' dir='ltr'>sequen-</span> 
     </span>
    </p>
   </div>
   <div class='ocr_carea' id='block_1_58' title="bbox 2463 1252 4109 1325">
    <p class='ocr_par' dir='ltr' id='par_1_58' title="bbox 2463 1252 4109 1325">
     <span class='ocr_line' id='line_1_58' title="bbox 2463 1252 4109 1325; baseline 0 -17"><span class='ocrx_word' id='word_1_395' title='bbox 2463 1257 2539 1310; x_wconf 88' lang='lat' dir='ltr'>tis</span> <span class='ocrx_word' id='word_1_396' title='bbox 2571 1255 2826 1310; x_wconf 91' lang='lat' dir='ltr'>mediam</span> <span class='ocrx_word' id='word_1_397' title='bbox 2884 1259 3130 1324; x_wconf 87' lang='lat' dir='ltr'>partem,</span> <span class='ocrx_word' id='word_1_398' title='bbox 3193 1270 3362 1309; x_wconf 91' lang='lat' dir='ltr'>nemo</span> <span class='ocrx_word' id='word_1_399' title='bbox 3413 1253 3662 1325; x_wconf 87' lang='lat' dir='ltr'>ignorat.</span> <span class='ocrx_word' id='word_1_400' title='bbox 3717 1252 3999 1324; x_wconf 84' lang='lat' dir='ltr'>Deinceps</span> <span class='ocrx_word' id='word_1_401' title='bbox 4056 1253 4109 1308; x_wconf 91' lang='lat' dir='ltr'>in</span> 
     </span>
    </p>
   </div>
   <div class='ocr_carea' id='block_1_59' title="bbox 2463 1343 4110 1416">
    <p class='ocr_par' dir='ltr' id='par_1_59' title="bbox 2463 1343 4110 1416">
     <span class='ocr_line' id='line_1_59' title="bbox 2463 1343 4110 1416; baseline -0.001 -18"><span class='ocrx_word' id='word_1_402' title='bbox 2463 1343 2820 1399; x_wconf 89' lang='lat' dir='ltr'>Caracallum</span> <span class='ocrx_word' id='word_1_403' title='bbox 2849 1343 3122 1416; x_wconf 84' lang='lat' dir='ltr'>Augusti,</span> <span class='ocrx_word' id='word_1_404' title='bbox 3171 1343 3231 1398; x_wconf 90' lang='lat' dir='ltr'>in</span> <span class='ocrx_word' id='word_1_405' title='bbox 3289 1345 3492 1399; x_wconf 90' lang='lat' dir='ltr'>Getam</span> <span class='ocrx_word' id='word_1_406' title='bbox 3548 1343 3791 1398; x_wconf 72' lang='lat' dir='ltr'>Caesaris</span> <span class='ocrx_word' id='word_1_407' title='bbox 3861 1343 4110 1415; x_wconf 72' lang='lat' dir='ltr'>dignita-</span> 
     </span>
    </p>
   </div>
   <div class='ocr_carea' id='block_1_60' title="bbox 2462 1431 4112 1504">
    <p class='ocr_par' dir='ltr' id='par_1_60' title="bbox 2462 1431 4112 1504">
     <span class='ocr_line' id='line_1_60' title="bbox 2462 1431 4112 1504; baseline -0.001 -17"><span class='ocrx_word' id='word_1_408' title='bbox 2462 1437 2577 1488; x_wconf 89' lang='lat' dir='ltr'>tem</span> <span class='ocrx_word' id='word_1_409' title='bbox 2609 1450 2643 1489; x_wconf 89' lang='lat' dir='ltr'>a</span> <span class='ocrx_word' id='word_1_410' title='bbox 2675 1433 2960 1488; x_wconf 89' lang='lat' dir='ltr'>militibus</span> <span class='ocrx_word' id='word_1_411' title='bbox 2988 1431 3257 1488; x_wconf 80' lang='lat' dir='ltr'>coliatam</span> <span class='ocrx_word' id='word_1_412' title='bbox 3291 1447 3418 1488; x_wconf 90' lang='lat' dir='ltr'>esse</span> <span class='ocrx_word' id='word_1_413' title='bbox 3467 1449 3603 1488; x_wconf 88' lang='lat' dir='ltr'>ann.</span> <span class='ocrx_word' id='word_1_414' title='bbox 3651 1432 3783 1500; x_wconf 91' lang='lat' dir='ltr'>CCI,</span> <span class='ocrx_word' id='word_1_415' title='bbox 3837 1448 3906 1487; x_wconf 80' lang='lat' dir='ltr'>ex</span> <span class='ocrx_word' id='word_1_416' title='bbox 3952 1431 4112 1504; x_wconf 88' lang='lat' dir='ltr'>Spar-</span> 
     </span>
    </p>
   </div>
   <div class='ocr_carea' id='block_1_61' title="bbox 2461 1521 4104 1594">
    <p class='ocr_par' dir='ltr' id='par_1_61' title="bbox 2461 1521 4104 1594">
     <span class='ocr_line' id='line_1_61' title="bbox 2461 1521 4104 1594; baseline 0 -18"><span class='ocrx_word' id='word_1_417' title='bbox 2461 1524 2619 1578; x_wconf 90' lang='lat' dir='ltr'>tiano</span> <span class='ocrx_word' id='word_1_418' title='bbox 2650 1522 3000 1593; x_wconf 89' lang='lat' dir='ltr'>intelligitur</span> <span class='ocrx_word' id='word_1_419' title='bbox 3021 1523 3275 1594; x_wconf 88' lang='lat' dir='ltr'>quodam</span> <span class='ocrx_word' id='word_1_420' title='bbox 3307 1521 3608 1592; x_wconf 78' lang='lat' dir='ltr'>modo,qui</span> <span class='ocrx_word' id='word_1_421' title='bbox 3642 1521 3750 1576; x_wconf 91' lang='lat' dir='ltr'>hoc</span> <span class='ocrx_word' id='word_1_422' title='bbox 3781 1521 3859 1574; x_wconf 85' lang='lat' dir='ltr'>ait</span> <span class='ocrx_word' id='word_1_423' title='bbox 3890 1521 4104 1576; x_wconf 88' lang='lat' dir='ltr'>factum</span> 
     </span>
    </p>
   </div>
   <div class='ocr_carea' id='block_1_62' title="bbox 2460 1609 4105 1681">
    <p class='ocr_par' dir='ltr' id='par_1_62' title="bbox 2460 1609 4105 1681">
     <span class='ocr_line' id='line_1_62' title="bbox 2460 1609 4105 1681; baseline -0.002 -14"><span class='ocrx_word' id='word_1_424' title='bbox 2460 1627 2610 1677; x_wconf 88' lang='lat' dir='ltr'>esse,</span> <span class='ocrx_word' id='word_1_425' title='bbox 2645 1628 2775 1667; x_wconf 92' lang='lat' dir='ltr'>cum</span> <span class='ocrx_word' id='word_1_426' title='bbox 2808 1611 3141 1667; x_wconf 89' lang='lat' dir='ltr'>Caracallus</span> <span class='ocrx_word' id='word_1_427' title='bbox 3188 1627 3407 1666; x_wconf 89' lang='lat' dir='ltr'>annum</span> <span class='ocrx_word' id='word_1_428' title='bbox 3439 1610 3565 1665; x_wconf 87' lang='lat' dir='ltr'>Xlll</span> <span class='ocrx_word' id='word_1_429' title='bbox 3614 1614 3849 1681; x_wconf 85' lang='lat' dir='ltr'>ageret(</span> <span class='ocrx_word' id='word_1_430' title='bbox 3882 1609 3921 1664; x_wconf 93' lang='lat' dir='ltr'>l.</span> <span class='ocrx_word' id='word_1_431' title='bbox 3956 1626 4004 1664; x_wconf 92' lang='lat' dir='ltr'>c.</span> <span class='ocrx_word' id='word_1_432' title='bbox 4057 1626 4105 1665; x_wconf 92' lang='lat' dir='ltr'>c.</span> 
     </span>
    </p>
   </div>
   <div class='ocr_carea' id='block_1_63' title="bbox 2463 1699 4109 1772">
    <p class='ocr_par' dir='ltr' id='par_1_63' title="bbox 2463 1699 4109 1772">
     <span class='ocr_line' id='line_1_63' title="bbox 2463 1699 4109 1772; baseline -0.001 -17"><span class='ocrx_word' id='word_1_433' title='bbox 2463 1702 2550 1770; x_wconf 87' lang='lat'>16)</span> <span class='ocrx_word' id='word_1_434' title='bbox 2578 1719 2591 1767; x_wconf 88' lang='lat'><strong>;</strong></span> <span class='ocrx_word' id='word_1_435' title='bbox 2621 1717 2795 1772; x_wconf 89' lang='lat' dir='ltr'>quem</span> <span class='ocrx_word' id='word_1_436' title='bbox 2853 1717 2918 1755; x_wconf 91' lang='lat' dir='ltr'>eo</span> <span class='ocrx_word' id='word_1_437' title='bbox 2979 1716 3128 1756; x_wconf 89' lang='lat' dir='ltr'>anno</span> <span class='ocrx_word' id='word_1_438' title='bbox 3187 1699 3309 1772; x_wconf 88' lang='lat' dir='ltr'>egit</span> <span class='ocrx_word' id='word_1_439' title='bbox 3339 1699 3492 1754; x_wconf 89' lang='lat' dir='ltr'>haud</span> <span class='ocrx_word' id='word_1_440' title='bbox 3517 1699 3716 1766; x_wconf 87' lang='lat' dir='ltr'>dubie,</span> <span class='ocrx_word' id='word_1_441' title='bbox 3748 1703 3814 1753; x_wconf 90' lang='lat' dir='ltr'>ut</span> <span class='ocrx_word' id='word_1_442' title='bbox 3871 1703 4109 1770; x_wconf 89' lang='lat' dir='ltr'>apparet</span> 
     </span>
    </p>
   </div>
   <div class='ocr_carea' id='block_1_64' title="bbox 2461 1786 4104 1861">
    <p class='ocr_par' dir='ltr' id='par_1_64' title="bbox 2461 1786 4104 1861">
     <span class='ocr_line' id='line_1_64' title="bbox 2461 1786 4104 1861; baseline -0.002 -16"><span class='ocrx_word' id='word_1_443' title='bbox 2461 1805 2530 1845; x_wconf 86' lang='lat' dir='ltr'>ex</span> <span class='ocrx_word' id='word_1_444' title='bbox 2559 1790 2630 1846; x_wconf 88' lang='lat' dir='ltr'>iis</span> <span class='ocrx_word' id='word_1_445' title='bbox 2662 1807 2792 1861; x_wconf 82' lang='lat' dir='ltr'>quae</span> <span class='ocrx_word' id='word_1_446' title='bbox 2813 1790 2882 1844; x_wconf 91' lang='lat' dir='ltr'>de</span> <span class='ocrx_word' id='word_1_447' title='bbox 2913 1789 3040 1859; x_wconf 89' lang='lat' dir='ltr'>ejus</span> <span class='ocrx_word' id='word_1_448' title='bbox 3074 1789 3251 1844; x_wconf 90' lang='lat' dir='ltr'>natali</span> <span class='ocrx_word' id='word_1_449' title='bbox 3295 1787 3439 1844; x_wconf 89' lang='lat' dir='ltr'>alias</span> <span class='ocrx_word' id='word_1_450' title='bbox 3490 1787 3927 1858; x_wconf 86' lang='lat' dir='ltr'>disputavimus</span> <span class='ocrx_word' id='word_1_451' title='bbox 3976 1786 4104 1856; x_wconf 84' lang='lat'>§(6).</span> 
     </span>
    </p>
   </div>
   <div class='ocr_carea' id='block_1_65' title="bbox 2457 1877 4102 1950">
    <p class='ocr_par' dir='ltr' id='par_1_65' title="bbox 2457 1877 4102 1950">
     <span class='ocr_line' id='line_1_65' title="bbox 2457 1877 4102 1950; baseline -0.002 -17"><span class='ocrx_word' id='word_1_452' title='bbox 2457 1885 2538 1934; x_wconf 83' lang='lat' dir='ltr'>Ac</span> <span class='ocrx_word' id='word_1_453' title='bbox 2585 1879 2764 1950; x_wconf 89' lang='lat' dir='ltr'>hujus</span> <span class='ocrx_word' id='word_1_454' title='bbox 2787 1879 3024 1949; x_wconf 90' lang='lat' dir='ltr'>quidem</span> <span class='ocrx_word' id='word_1_455' title='bbox 3059 1878 3376 1933; x_wconf 89' lang='lat' dir='ltr'>auctoritas</span> <span class='ocrx_word' id='word_1_456' title='bbox 3409 1878 3455 1932; x_wconf 90' lang='lat' dir='ltr'>si</span> <span class='ocrx_word' id='word_1_457' title='bbox 3483 1877 3627 1932; x_wconf 85' lang='lat' dir='ltr'>forte</span> <span class='ocrx_word' id='word_1_458' title='bbox 3643 1877 4009 1948; x_wconf 84' lang='lat' dir='ltr'>repudianda</span> <span class='ocrx_word' id='word_1_459' title='bbox 4028 1877 4102 1930; x_wconf 88' lang='lat' dir='ltr'>vi-</span> 
     </span>
    </p>
   </div>
   <div class='ocr_carea' id='block_1_66' title="bbox 2454 1964 4099 2040">
    <p class='ocr_par' dir='ltr' id='par_1_66' title="bbox 2454 1964 4099 2040">
     <span class='ocr_line' id='line_1_66' title="bbox 2454 1964 4099 2040; baseline -0.002 -17"><span class='ocrx_word' id='word_1_460' title='bbox 2454 1969 2624 2024; x_wconf 90' lang='lat' dir='ltr'>detur</span> <span class='ocrx_word' id='word_1_461' title='bbox 2685 1971 3012 2040; x_wconf 85' lang='lat' dir='ltr'>propterea,</span> <span class='ocrx_word' id='word_1_462' title='bbox 3087 1967 3240 2038; x_wconf 90' lang='lat' dir='ltr'>quod</span> <span class='ocrx_word' id='word_1_463' title='bbox 3292 1967 3352 2021; x_wconf 90' lang='lat' dir='ltr'>in</span> <span class='ocrx_word' id='word_1_464' title='bbox 3422 1965 3756 2022; x_wconf 82' lang='lat' dir='ltr'>deﬁnienda</span> <span class='ocrx_word' id='word_1_465' title='bbox 3819 1964 4099 2022; x_wconf 87' lang='lat' dir='ltr'>Caracalli</span> 
     </span>
    </p>
   </div>
   <div class='ocr_carea' id='block_1_67' title="bbox 2453 2055 4109 2128">
    <p class='ocr_par' dir='ltr' id='par_1_67' title="bbox 2453 2055 4109 2128">
     <span class='ocr_line' id='line_1_67' title="bbox 2453 2055 4109 2128; baseline -0.002 -15"><span class='ocrx_word' id='word_1_466' title='bbox 2453 2062 2617 2113; x_wconf 60' lang='lat' dir='ltr'>aetate</span> <span class='ocrx_word' id='word_1_467' title='bbox 2639 2057 2749 2112; x_wconf 91' lang='lat' dir='ltr'>sibi</span> <span class='ocrx_word' id='word_1_468' title='bbox 2791 2057 2916 2128; x_wconf 90' lang='lat' dir='ltr'>ipse</span> <span class='ocrx_word' id='word_1_469' title='bbox 2948 2073 3061 2111; x_wconf 90' lang='lat' dir='ltr'>non</span> <span class='ocrx_word' id='word_1_470' title='bbox 3096 2060 3366 2111; x_wconf 87' lang='lat' dir='ltr'>constant</span> <span class='ocrx_word' id='word_1_471' title='bbox 3396 2055 3727 2121; x_wconf 88' lang='lat' dir='ltr'>satis;hunc</span> <span class='ocrx_word' id='word_1_472' title='bbox 3757 2059 3912 2111; x_wconf 91' lang='lat' dir='ltr'>certe</span> <span class='ocrx_word' id='word_1_473' title='bbox 3945 2071 4109 2110; x_wconf 90' lang='lat' dir='ltr'>scru-</span> 
     </span>
    </p>
   </div>
   <div class='ocr_carea' id='block_1_68' title="bbox 2451 2144 4104 2219">
    <p class='ocr_par' dir='ltr' id='par_1_68' title="bbox 2451 2144 4104 2219">
     <span class='ocr_line' id='line_1_68' title="bbox 2451 2144 4104 2219; baseline -0.001 -17"><span class='ocrx_word' id='word_1_474' title='bbox 2451 2145 2656 2219; x_wconf 89' lang='lat' dir='ltr'>pulum</span> <span class='ocrx_word' id='word_1_475' title='bbox 2697 2144 3946 2215; x_wconf 80' lang='lat' dir='ltr'>eximitelegantissimusnummusthesauri</span> <span class='ocrx_word' id='word_1_476' title='bbox 3965 2144 4104 2200; x_wconf 90' lang='lat' dir='ltr'>olim</span> 
     </span>
    </p>
   </div>
   <div class='ocr_carea' id='block_1_69' title="bbox 2452 2233 4104 2306">
    <p class='ocr_par' dir='ltr' id='par_1_69' title="bbox 2452 2233 4104 2306">
     <span class='ocr_line' id='line_1_69' title="bbox 2452 2233 4104 2306; baseline -0.001 -16"><span class='ocrx_word' id='word_1_477' title='bbox 2452 2236 2750 2290; x_wconf 88' lang='lat' dir='ltr'>Schwartz</span> <span class='ocrx_word' id='word_1_478' title='bbox 2783 2235 3030 2306; x_wconf 88' lang='lat' dir='ltr'>burgiei,</span> <span class='ocrx_word' id='word_1_479' title='bbox 3064 2249 3221 2289; x_wconf 89' lang='lat' dir='ltr'>nunc</span> <span class='ocrx_word' id='word_1_480' title='bbox 3253 2233 3527 2302; x_wconf 88' lang='lat' dir='ltr'>Gothani,</span> <span class='ocrx_word' id='word_1_481' title='bbox 3579 2249 3757 2305; x_wconf 88' lang='lat' dir='ltr'>quem</span> <span class='ocrx_word' id='word_1_482' title='bbox 3807 2233 4104 2289; x_wconf 64' lang='lat' dir='ltr'>memoria;</span> 
     </span>
    </p>
   </div>
   <div class='ocr_carea' id='block_1_70' title="bbox 2451 2324 4108 2397">
    <p class='ocr_par' dir='ltr' id='par_1_70' title="bbox 2451 2324 4108 2397">
     <span class='ocr_line' id='line_1_70' title="bbox 2451 2324 4108 2397; baseline -0.001 -16"><span class='ocrx_word' id='word_1_483' title='bbox 2451 2327 2628 2397; x_wconf 87' lang='lat' dir='ltr'>hujus</span> <span class='ocrx_word' id='word_1_484' title='bbox 2659 2327 2740 2382; x_wconf 87' lang='lat' dir='ltr'>rei</span> <span class='ocrx_word' id='word_1_485' title='bbox 2771 2327 3176 2382; x_wconf 65' lang='lat' dir='ltr'>conservandae</span> <span class='ocrx_word' id='word_1_486' title='bbox 3211 2325 3571 2380; x_wconf 87' lang='lat' dir='ltr'>destinatum</span> <span class='ocrx_word' id='word_1_487' title='bbox 3607 2325 3810 2394; x_wconf 80' lang='lat' dir='ltr'>fuisse,</span> <span class='ocrx_word' id='word_1_488' title='bbox 3845 2324 4108 2381; x_wconf 87' lang='lat' dir='ltr'>dubitari</span> 
     </span>
    </p>
   </div>
   <div class='ocr_carea' id='block_1_71' title="bbox 2451 2414 4107 2489">
    <p class='ocr_par' dir='ltr' id='par_1_71' title="bbox 2451 2414 4107 2489">
     <span class='ocr_line' id='line_1_71' title="bbox 2451 2414 4107 2489; baseline -0.001 -17"><span class='ocrx_word' id='word_1_489' title='bbox 2451 2435 2566 2472; x_wconf 89' lang='lat' dir='ltr'>non</span> <span class='ocrx_word' id='word_1_490' title='bbox 2599 2422 2789 2489; x_wconf 91' lang='lat' dir='ltr'>potest</span> <span class='ocrx_word' id='word_1_491' title='bbox 2817 2419 2949 2489; x_wconf 86' lang='lat'>(18).</span> <span class='ocrx_word' id='word_1_492' title='bbox 2989 2419 3128 2488; x_wconf 85' lang='lat' dir='ltr'>Ejus</span> <span class='ocrx_word' id='word_1_493' title='bbox 3151 2416 3231 2471; x_wconf 91' lang='lat' dir='ltr'>rei</span> <span class='ocrx_word' id='word_1_494' title='bbox 3277 2416 3458 2472; x_wconf 90' lang='lat' dir='ltr'>altera</span> <span class='ocrx_word' id='word_1_495' title='bbox 3510 2432 3644 2486; x_wconf 88' lang='lat' dir='ltr'>pars</span> <span class='ocrx_word' id='word_1_496' title='bbox 3688 2420 3865 2487; x_wconf 89' lang='lat' dir='ltr'>caput</span> <span class='ocrx_word' id='word_1_497' title='bbox 3907 2414 4107 2471; x_wconf 89' lang='lat' dir='ltr'>Severi</span> 
     </span>
    </p>
   </div>
   <div class='ocr_carea' id='block_1_72' title="bbox 2451 2503 4113 2576">
    <p class='ocr_par' dir='ltr' id='par_1_72' title="bbox 2451 2503 4113 2576">
     <span class='ocr_line' id='line_1_72' title="bbox 2451 2503 4113 2576; baseline 0.001 -16"><span class='ocrx_word' id='word_1_498' title='bbox 2451 2505 2652 2561; x_wconf 89' lang='lat' dir='ltr'>laurea</span> <span class='ocrx_word' id='word_1_499' title='bbox 2682 2505 2939 2560; x_wconf 89' lang='lat' dir='ltr'>cinctum</span> <span class='ocrx_word' id='word_1_500' title='bbox 2970 2507 3134 2561; x_wconf 79' lang='lat' dir='ltr'>oii‘ert</span> <span class='ocrx_word' id='word_1_501' title='bbox 3160 2505 3358 2560; x_wconf 85' lang='lat' dir='ltr'>addita</span> <span class='ocrx_word' id='word_1_502' title='bbox 3408 2503 3826 2576; x_wconf 88' lang='lat' dir='ltr'>inscriptione:</span> <span class='ocrx_word' id='word_1_503' title='bbox 3880 2504 4113 2562; x_wconf 72' lang='lat' dir='ltr'>Severus</span> 
     </span>
    </p>
   </div>
   <div class='ocr_carea' id='block_1_73' title="bbox 2451 2595 4110 2666">
    <p class='ocr_par' dir='ltr' id='par_1_73' title="bbox 2451 2595 4110 2666">
     <span class='ocr_line' id='line_1_73' title="bbox 2451 2595 4110 2666; baseline 0 -14"><span class='ocrx_word' id='word_1_504' title='bbox 2451 2597 2587 2666; x_wconf 83' lang='lat' dir='ltr'>Aug.</span> <span class='ocrx_word' id='word_1_505' title='bbox 2622 2599 2771 2652; x_wconf 84' lang='lat' dir='ltr'>Part.</span> <span class='ocrx_word' id='word_1_506' title='bbox 2823 2598 2965 2652; x_wconf 72' lang='lat' dir='ltr'>Max.</span> <span class='ocrx_word' id='word_1_507' title='bbox 3026 2602 3089 2652; x_wconf 87' lang='lat' dir='ltr'>P.</span> <span class='ocrx_word' id='word_1_508' title='bbox 3151 2596 3217 2651; x_wconf 78' lang='grc' dir='ltr'>Μ.</span> <span class='ocrx_word' id='word_1_509' title='bbox 3281 2602 3375 2652; x_wconf 88' lang='lat' dir='ltr'>Tr.</span> <span class='ocrx_word' id='word_1_510' title='bbox 3434 2602 3495 2652; x_wconf 85' lang='lat' dir='ltr'>P.</span> <span class='ocrx_word' id='word_1_511' title='bbox 3545 2598 3629 2653; x_wconf 89' lang='lat' dir='ltr'>IX.</span> <span class='ocrx_word' id='word_1_512' title='bbox 3666 2595 3850 2652; x_wconf 89' lang='lat' dir='ltr'>altera</span> <span class='ocrx_word' id='word_1_513' title='bbox 3881 2597 4110 2652; x_wconf 88' lang='lat' dir='ltr'>nudum</span> 
     </span>
    </p>
   </div>
   <div class='ocr_carea' id='block_1_74' title="bbox 2452 2686 4110 2760">
    <p class='ocr_par' dir='ltr' id='par_1_74' title="bbox 2452 2686 4110 2760">
     <span class='ocr_line' id='line_1_74' title="bbox 2452 2686 4110 2760; baseline 0 -18"><span class='ocrx_word' id='word_1_514' title='bbox 2452 2689 2605 2744; x_wconf 74' lang='lat' dir='ltr'>I26</span> <span class='ocrx_word' id='word_1_515' title='bbox 2640 2688 2880 2751; x_wconf 67' lang='lat' dir='ltr'>Getae,et</span> <span class='ocrx_word' id='word_1_516' title='bbox 2911 2686 3187 2744; x_wconf 80' lang='lat' dir='ltr'>Caracalli</span> <span class='ocrx_word' id='word_1_517' title='bbox 3210 2686 3539 2744; x_wconf 87' lang='lat' dir='ltr'>laureatum</span> <span class='ocrx_word' id='word_1_518' title='bbox 3559 2689 3914 2760; x_wconf 87' lang='lat' dir='ltr'>caput,quod</span> <span class='ocrx_word' id='word_1_519' title='bbox 3950 2688 4110 2744; x_wconf 90' lang='lat' dir='ltr'>hunc</span> 
     </span>
    </p>
   </div>
   <div class='ocr_carea' id='block_1_75' title="bbox 2453 2776 4114 2848">
    <p class='ocr_par' dir='ltr' id='par_1_75' title="bbox 2453 2776 4114 2848">
     <span class='ocr_line' id='line_1_75' title="bbox 2453 2776 4114 2848; baseline -0.001 -17"><span class='ocrx_word' id='word_1_520' title='bbox 2453 2778 2687 2848; x_wconf 91' lang='lat' dir='ltr'>quidem</span> <span class='ocrx_word' id='word_1_521' title='bbox 2720 2781 3072 2846; x_wconf 82' lang='lat' dir='ltr'>Augustum,</span> <span class='ocrx_word' id='word_1_522' title='bbox 3106 2776 3274 2832; x_wconf 92' lang='lat' dir='ltr'>illum</span> <span class='ocrx_word' id='word_1_523' title='bbox 3305 2777 3587 2833; x_wconf 78' lang='lat' dir='ltr'>Caesarem</span> <span class='ocrx_word' id='word_1_524' title='bbox 3639 2778 3823 2833; x_wconf 81' lang='lat' dir='ltr'>fuisse</span> <span class='ocrx_word' id='word_1_525' title='bbox 3867 2776 4114 2844; x_wconf 87' lang='lat' dir='ltr'>indicat,</span> 
     </span>
    </p>
   </div>
   <div class='ocr_carea' id='block_1_76' title="bbox 2452 2866 4119 2939">
    <p class='ocr_par' dir='ltr' id='par_1_76' title="bbox 2452 2866 4119 2939">
     <span class='ocr_line' id='line_1_76' title="bbox 2452 2866 4119 2939; baseline 0 -17"><span class='ocrx_word' id='word_1_526' title='bbox 2452 2883 2585 2922; x_wconf 91' lang='lat' dir='ltr'>cum</span> <span class='ocrx_word' id='word_1_527' title='bbox 2619 2866 2978 2938; x_wconf 84' lang='lat' dir='ltr'>epigraphe:</span> <span class='ocrx_word' id='word_1_528' title='bbox 3043 2867 3300 2922; x_wconf 70' lang='lat' dir='ltr'>.Eternit.</span> <span class='ocrx_word' id='word_1_529' title='bbox 3354 2869 3550 2938; x_wconf 76' lang='lat' dir='ltr'>imper.</span> <span class='ocrx_word' id='word_1_530' title='bbox 3607 2867 3825 2939; x_wconf 85' lang='lat' dir='ltr'>Nempe</span> <span class='ocrx_word' id='word_1_531' title='bbox 3881 2883 3951 2923; x_wconf 92' lang='lat' dir='ltr'>eo</span> <span class='ocrx_word' id='word_1_532' title='bbox 4001 2883 4119 2922; x_wconf 88' lang='lat' dir='ltr'>non</span> 
     </span>
    </p>
   </div>
   <div class='ocr_carea' id='block_1_77' title="bbox 2450 2955 4119 3028">
    <p class='ocr_par' dir='ltr' id='par_1_77' title="bbox 2450 2955 4119 3028">
     <span class='ocr_line' id='line_1_77' title="bbox 2450 2955 4119 3028; baseline -0.002 -16"><span class='ocrx_word' id='word_1_533' title='bbox 2450 2957 2643 3012; x_wconf 78' lang='lat' dir='ltr'>solum</span> <span class='ocrx_word' id='word_1_534' title='bbox 2674 2956 3054 3011; x_wconf 85' lang='lat' dir='ltr'>conﬁrmatur</span> <span class='ocrx_word' id='word_1_535' title='bbox 3082 2956 3161 3022; x_wconf 91' lang='lat' dir='ltr'>id,</span> <span class='ocrx_word' id='word_1_536' title='bbox 3185 2955 3340 3026; x_wconf 91' lang='lat' dir='ltr'>quod</span> <span class='ocrx_word' id='word_1_537' title='bbox 3371 2956 3719 3028; x_wconf 88' lang='lat' dir='ltr'>Spartianus</span> <span class='ocrx_word' id='word_1_538' title='bbox 3753 2957 3825 3012; x_wconf 89' lang='lat' dir='ltr'>de</span> <span class='ocrx_word' id='word_1_539' title='bbox 3856 2955 4119 3027; x_wconf 84' lang='lat' dir='ltr'>tempori</span> 
     </span>
    </p>
   </div>
   <div class='ocr_carea' id='block_1_78' title="bbox 2450 3045 4119 3117">
    <p class='ocr_par' dir='ltr' id='par_1_78' title="bbox 2450 3045 4119 3117">
     <span class='ocr_line' id='line_1_78' title="bbox 2450 3045 4119 3117; baseline -0.001 -15"><span class='ocrx_word' id='word_1_540' title='bbox 2450 3047 2628 3117; x_wconf 90' lang='lat' dir='ltr'>hujus</span> <span class='ocrx_word' id='word_1_541' title='bbox 2652 3047 2721 3102; x_wconf 88' lang='lat' dir='ltr'>ab</span> <span class='ocrx_word' id='word_1_542' title='bbox 2752 3045 2826 3100; x_wconf 88' lang='lat' dir='ltr'>iis</span> <span class='ocrx_word' id='word_1_543' title='bbox 2860 3049 3146 3117; x_wconf 79' lang='lat' dir='ltr'>susceptae</span> <span class='ocrx_word' id='word_1_544' title='bbox 3179 3045 3486 3117; x_wconf 89' lang='lat' dir='ltr'>dignitatis</span> <span class='ocrx_word' id='word_1_545' title='bbox 3515 3045 3778 3114; x_wconf 88' lang='lat' dir='ltr'>tradidit,</span> <span class='ocrx_word' id='word_1_546' title='bbox 3825 3046 3933 3101; x_wconf 89' lang='lat' dir='ltr'>sed</span> <span class='ocrx_word' id='word_1_547' title='bbox 3997 3045 4119 3100; x_wconf 63' lang='lat' dir='ltr'>hac</span> 
     </span>
    </p>
   </div>
   <div class='ocr_carea' id='block_1_79' title="bbox 2453 3134 4117 3206">
    <p class='ocr_par' dir='ltr' id='par_1_79' title="bbox 2453 3134 4117 3206">
     <span class='ocr_line' id='line_1_79' title="bbox 2453 3134 4117 3206; baseline -0.001 -16"><span class='ocrx_word' id='word_1_548' title='bbox 2453 3136 2628 3191; x_wconf 88' lang='lat' dir='ltr'>etiam</span> <span class='ocrx_word' id='word_1_549' title='bbox 2682 3138 3034 3206; x_wconf 87' lang='lat' dir='ltr'>sequuntur,</span> <span class='ocrx_word' id='word_1_550' title='bbox 3085 3150 3212 3204; x_wconf 59' lang='lat' dir='ltr'>qua</span> <span class='ocrx_word' id='word_1_551' title='bbox 3271 3138 3441 3190; x_wconf 88' lang='lat' dir='ltr'>antea</span> <span class='ocrx_word' id='word_1_552' title='bbox 3492 3134 3770 3202; x_wconf 82' lang='lat' dir='ltr'>diximus,</span> <span class='ocrx_word' id='word_1_553' title='bbox 3819 3149 3954 3189; x_wconf 92' lang='lat' dir='ltr'>eam</span> <span class='ocrx_word' id='word_1_554' title='bbox 3991 3150 4117 3189; x_wconf 88' lang='lat' dir='ltr'>rem</span> 
     </span>
    </p>
   </div>
   <div class='ocr_carea' id='block_1_80' title="bbox 2457 3222 4116 3293">
    <p class='ocr_par' dir='ltr' id='par_1_80' title="bbox 2457 3222 4116 3293">
     <span class='ocr_line' id='line_1_80' title="bbox 2457 3222 4116 3293; baseline -0.001 -13"><span class='ocrx_word' id='word_1_555' title='bbox 2457 3242 2611 3282; x_wconf 88' lang='lat' dir='ltr'>anno</span> <span class='ocrx_word' id='word_1_556' title='bbox 2633 3225 2741 3280; x_wconf 88' lang='lat' dir='ltr'>CCI</span> <span class='ocrx_word' id='word_1_557' title='bbox 2780 3223 3091 3290; x_wconf 84' lang='lat' dir='ltr'>exstitisse,</span> <span class='ocrx_word' id='word_1_558' title='bbox 3126 3222 3418 3293; x_wconf 90' lang='lat' dir='ltr'>siquidem</span> <span class='ocrx_word' id='word_1_559' title='bbox 3467 3239 3533 3278; x_wconf 93' lang='lat' dir='ltr'>eo</span> <span class='ocrx_word' id='word_1_560' title='bbox 3586 3240 3738 3278; x_wconf 87' lang='lat' dir='ltr'>anno</span> <span class='ocrx_word' id='word_1_561' title='bbox 3789 3224 3936 3280; x_wconf 80' lang='lat' dir='ltr'>Trib.</span> <span class='ocrx_word' id='word_1_562' title='bbox 3995 3225 4116 3279; x_wconf 81' lang='lat' dir='ltr'>Pot.</span> 
     </span>
    </p>
   </div>
   <div class='ocr_carea' id='block_1_81' title="bbox 2459 3311 4122 3383">
    <p class='ocr_par' dir='ltr' id='par_1_81' title="bbox 2459 3311 4122 3383">
     <span class='ocr_line' id='line_1_81' title="bbox 2459 3311 4122 3383; baseline -0.002 -12"><span class='ocrx_word' id='word_1_563' title='bbox 2459 3317 2524 3371; x_wconf 79' lang='lat' dir='ltr'>IX</span> <span class='ocrx_word' id='word_1_564' title='bbox 2553 3315 2782 3370; x_wconf 73' lang='lat' dir='ltr'>Severus</span> <span class='ocrx_word' id='word_1_565' title='bbox 2801 3313 3078 3383; x_wconf 85' lang='lat' dir='ltr'>suscepit.</span> <span class='ocrx_word' id='word_1_566' title='bbox 3131 3312 3240 3367; x_wconf 91' lang='lat' dir='ltr'>Sed</span> <span class='ocrx_word' id='word_1_567' title='bbox 3291 3313 3600 3368; x_wconf 90' lang='lat' dir='ltr'>redeamus</span> <span class='ocrx_word' id='word_1_568' title='bbox 3653 3313 3726 3367; x_wconf 90' lang='lat' dir='ltr'>ad</span> <span class='ocrx_word' id='word_1_569' title='bbox 3775 3311 4006 3367; x_wconf 90' lang='lat' dir='ltr'>librum</span> <span class='ocrx_word' id='word_1_570' title='bbox 4056 3311 4122 3367; x_wconf 80' lang='lat' dir='ltr'>de</span> 
     </span>
    </p>
   </div>
   <div class='ocr_carea' id='block_1_82' title="bbox 2461 3399 4119 3473">
    <p class='ocr_par' dir='ltr' id='par_1_82' title="bbox 2461 3399 4119 3473">
     <span class='ocr_line' id='line_1_82' title="bbox 2461 3399 4119 3473; baseline -0.003 -13"><span class='ocrx_word' id='word_1_571' title='bbox 2461 3407 2694 3461; x_wconf 83' lang='lat' dir='ltr'>Corona.</span> <span class='ocrx_word' id='word_1_572' title='bbox 2730 3403 2917 3473; x_wconf 84' lang='lat' dir='ltr'>Hujus</span> <span class='ocrx_word' id='word_1_573' title='bbox 2947 3401 3138 3456; x_wconf 85' lang='lat' dir='ltr'>locum</span> <span class='ocrx_word' id='word_1_574' title='bbox 3172 3418 3353 3472; x_wconf 91' lang='lat' dir='ltr'>supra</span> <span class='ocrx_word' id='word_1_575' title='bbox 3385 3417 3696 3456; x_wconf 89' lang='lat' dir='ltr'>excussum</span> <span class='ocrx_word' id='word_1_576' title='bbox 3731 3400 3990 3456; x_wconf 89' lang='lat' dir='ltr'>dicimus</span> <span class='ocrx_word' id='word_1_577' title='bbox 4021 3399 4119 3455; x_wconf 89' lang='lat' dir='ltr'>in-</span> 
     </span>
    </p>
   </div>
   <div class='ocr_carea' id='block_1_83' title="bbox 2459 3490 4122 3566">
    <p class='ocr_par' dir='ltr' id='par_1_83' title="bbox 2459 3490 4122 3566">
     <span class='ocr_line' id='line_1_83' title="bbox 2459 3490 4122 3566; baseline -0.002 -17"><span class='ocrx_word' id='word_1_578' title='bbox 2459 3493 2645 3566; x_wconf 90' lang='lat' dir='ltr'>telligi</span> <span class='ocrx_word' id='word_1_579' title='bbox 2675 3491 2893 3563; x_wconf 90' lang='lat' dir='ltr'>optime</span> <span class='ocrx_word' id='word_1_580' title='bbox 2924 3506 3117 3563; x_wconf 89' lang='lat' dir='ltr'>posse,</span> <span class='ocrx_word' id='word_1_581' title='bbox 3162 3490 3210 3546; x_wconf 88' lang='lat' dir='ltr'>si</span> <span class='ocrx_word' id='word_1_582' title='bbox 3261 3490 3608 3545; x_wconf 88' lang='lat' dir='ltr'>admittatur</span> <span class='ocrx_word' id='word_1_583' title='bbox 3665 3490 3967 3546; x_wconf 88' lang='lat' dir='ltr'>sententia</span> <span class='ocrx_word' id='word_1_584' title='bbox 4027 3506 4122 3558; x_wconf 86' lang='lat' dir='ltr'>ea,</span> 
     </span>
    </p>
   </div>
   <div class='ocr_carea' id='block_1_84' title="bbox 2460 3579 4124 3655">
    <p class='ocr_par' dir='ltr' id='par_1_84' title="bbox 2460 3579 4124 3655">
     <span class='ocr_line' id='line_1_84' title="bbox 2460 3579 4124 3655; baseline -0.003 -17"><span class='ocrx_word' id='word_1_585' title='bbox 2460 3599 2635 3655; x_wconf 88' lang='lat' dir='ltr'>quam</span> <span class='ocrx_word' id='word_1_586' title='bbox 2670 3580 2839 3636; x_wconf 90' lang='lat' dir='ltr'>nobis</span> <span class='ocrx_word' id='word_1_587' title='bbox 2873 3581 3150 3650; x_wconf 87' lang='lat' dir='ltr'>probasse</span> <span class='ocrx_word' id='word_1_588' title='bbox 3170 3579 3312 3635; x_wconf 90' lang='lat' dir='ltr'>satis</span> <span class='ocrx_word' id='word_1_589' title='bbox 3335 3579 3622 3634; x_wconf 91' lang='lat' dir='ltr'>videmur.</span> <span class='ocrx_word' id='word_1_590' title='bbox 3656 3579 3929 3650; x_wconf 87' lang='lat' dir='ltr'>Namque</span> <span class='ocrx_word' id='word_1_591' title='bbox 3961 3596 4035 3635; x_wconf 86' lang='lat' dir='ltr'>ex</span> <span class='ocrx_word' id='word_1_592' title='bbox 4055 3595 4124 3634; x_wconf 91' lang='lat' dir='ltr'>ea</span> 
     </span>
    </p>
   </div>
   <div class='ocr_carea' id='block_1_85' title="bbox 2459 3668 4128 3743">
    <p class='ocr_par' dir='ltr' id='par_1_85' title="bbox 2459 3668 4128 3743">
     <span class='ocr_line' id='line_1_85' title="bbox 2459 3668 4128 3743; baseline -0.002 -16"><span class='ocrx_word' id='word_1_593' title='bbox 2459 3671 2708 3743; x_wconf 88' lang='lat' dir='ltr'>intelligi</span> <span class='ocrx_word' id='word_1_594' title='bbox 2743 3669 2992 3725; x_wconf 80' lang='lat' dir='ltr'>maxime</span> <span class='ocrx_word' id='word_1_595' title='bbox 3025 3673 3236 3740; x_wconf 88' lang='lat' dir='ltr'>potest,</span> <span class='ocrx_word' id='word_1_596' title='bbox 3270 3669 3369 3739; x_wconf 92' lang='lat' dir='ltr'>qui</span> <span class='ocrx_word' id='word_1_597' title='bbox 3407 3669 3620 3723; x_wconf 81' lang='lat' dir='ltr'>factum</span> <span class='ocrx_word' id='word_1_598' title='bbox 3656 3669 3755 3736; x_wconf 84' lang='lat' dir='ltr'>sit,</span> <span class='ocrx_word' id='word_1_599' title='bbox 3795 3674 3862 3724; x_wconf 89' lang='lat' dir='ltr'>ut</span> <span class='ocrx_word' id='word_1_600' title='bbox 3897 3668 4128 3724; x_wconf 88' lang='lat' dir='ltr'>milites</span> 
     </span>
    </p>
   </div>
   <div class='ocr_carea' id='block_1_86' title="bbox 2457 3756 4134 3828">
    <p class='ocr_par' dir='ltr' id='par_1_86' title="bbox 2457 3756 4134 3828">
     <span class='ocr_line' id='line_1_86' title="bbox 2457 3756 4134 3828; baseline -0.005 -10"><span class='ocrx_word' id='word_1_601' title='bbox 2457 3761 2714 3818; x_wconf 89' lang='lat' dir='ltr'>laureati</span> <span class='ocrx_word' id='word_1_602' title='bbox 2748 3759 3120 3823; x_wconf 87' lang='lat' dir='ltr'>incederent;</span> <span class='ocrx_word' id='word_1_603' title='bbox 3155 3757 3307 3828; x_wconf 91' lang='lat' dir='ltr'>quod</span> <span class='ocrx_word' id='word_1_604' title='bbox 3350 3774 3520 3812; x_wconf 90' lang='lat' dir='ltr'>nemo</span> <span class='ocrx_word' id='word_1_605' title='bbox 3552 3757 3753 3812; x_wconf 89' lang='lat' dir='ltr'>mirari</span> <span class='ocrx_word' id='word_1_606' title='bbox 3784 3757 3992 3827; x_wconf 90' lang='lat' dir='ltr'>debet,</span> <span class='ocrx_word' id='word_1_607' title='bbox 4027 3756 4134 3828; x_wconf 89' lang='lat' dir='ltr'>qui</span> 
     </span>
    </p>
   </div>
   <div class='ocr_carea' id='block_1_87' title="bbox 2460 3845 4131 3918">
    <p class='ocr_par' dir='ltr' id='par_1_87' title="bbox 2460 3845 4131 3918">
     <span class='ocr_line' id='line_1_87' title="bbox 2460 3845 4131 3918; baseline -0.002 -13"><span class='ocrx_word' id='word_1_608' title='bbox 2460 3851 2675 3906; x_wconf 89' lang='lat' dir='ltr'>milites</span> <span class='ocrx_word' id='word_1_609' title='bbox 2697 3849 2874 3904; x_wconf 90' lang='lat' dir='ltr'>etiam</span> <span class='ocrx_word' id='word_1_610' title='bbox 2907 3846 3345 3918; x_wconf 87' lang='lat' dir='ltr'>triumphantes</span> <span class='ocrx_word' id='word_1_611' title='bbox 3377 3845 3600 3901; x_wconf 91' lang='lat' dir='ltr'>cinctos</span> <span class='ocrx_word' id='word_1_612' title='bbox 3643 3845 3878 3901; x_wconf 87' lang='lat' dir='ltr'>coronis</span> <span class='ocrx_word' id='word_1_613' title='bbox 3936 3847 4131 3902; x_wconf 86' lang='lat' dir='ltr'>fuisse</span> 
     </span>
    </p>
   </div>
   <div class='ocr_carea' id='block_1_88' title="bbox 2460 3935 4132 4009">
    <p class='ocr_par' dir='ltr' id='par_1_88' title="bbox 2460 3935 4132 4009">
     <span class='ocr_line' id='line_1_88' title="bbox 2460 3935 4132 4009; baseline -0.005 -13"><span class='ocrx_word' id='word_1_614' title='bbox 2460 3941 2637 4006; x_wconf 54' lang='lat' dir='ltr'>novit»,</span> <span class='ocrx_word' id='word_1_615' title='bbox 2689 3937 2860 4009; x_wconf 87' lang='lat' dir='ltr'>quale</span> <span class='ocrx_word' id='word_1_616' title='bbox 2911 3937 3051 4008; x_wconf 90' lang='lat' dir='ltr'>quid</span> <span class='ocrx_word' id='word_1_617' title='bbox 3106 3935 3200 3990; x_wconf 92' lang='lat' dir='ltr'>hic</span> <span class='ocrx_word' id='word_1_618' title='bbox 3244 3935 3425 3991; x_wconf 83' lang='lat' dir='ltr'>fuisse</span> <span class='ocrx_word' id='word_1_619' title='bbox 3483 3935 3650 3991; x_wconf 83' lang='lat' dir='ltr'>facile</span> <span class='ocrx_word' id='word_1_620' title='bbox 3740 3937 4132 4008; x_wconf 90' lang='lat' dir='ltr'>perspicitur.</span> 
     </span>
    </p>
   </div>
   <div class='ocr_carea' id='block_1_89' title="bbox 2459 4025 4134 4096">
    <p class='ocr_par' dir='ltr' id='par_1_89' title="bbox 2459 4025 4134 4096">
     <span class='ocr_line' id='line_1_89' title="bbox 2459 4025 4134 4096; baseline -0.003 -12"><span class='ocrx_word' id='word_1_621' title='bbox 2459 4029 2604 4084; x_wconf 89' lang='lat' dir='ltr'>Nam</span> <span class='ocrx_word' id='word_1_622' title='bbox 2637 4032 2695 4082; x_wconf 90' lang='lat' dir='ltr'>et</span> <span class='ocrx_word' id='word_1_623' title='bbox 2726 4042 2882 4081; x_wconf 89' lang='lat' dir='ltr'>nunc</span> <span class='ocrx_word' id='word_1_624' title='bbox 2915 4025 3145 4081; x_wconf 80' lang='lat' dir='ltr'>subacti</span> <span class='ocrx_word' id='word_1_625' title='bbox 3179 4041 3324 4096; x_wconf 91' lang='lat' dir='ltr'>pene</span> <span class='ocrx_word' id='word_1_626' title='bbox 3354 4029 3522 4079; x_wconf 85' lang='lat' dir='ltr'>erant</span> <span class='ocrx_word' id='word_1_627' title='bbox 3561 4040 3789 4092; x_wconf 87' lang='lat' dir='ltr'>omnes,</span> <span class='ocrx_word' id='word_1_628' title='bbox 3824 4026 4134 4081; x_wconf 89' lang='lat' dir='ltr'>adversus</span> 
     </span>
    </p>
   </div>
   <div class='ocr_carea' id='block_1_90' title="bbox 2461 4113 4133 4189">
    <p class='ocr_par' dir='ltr' id='par_1_90' title="bbox 2461 4113 4133 4189">
     <span class='ocr_line' id='line_1_90' title="bbox 2461 4113 4133 4189; baseline -0.001 -18"><span class='ocrx_word' id='word_1_629' title='bbox 2461 4135 2608 4189; x_wconf 86' lang='lat' dir='ltr'>quos</span> <span class='ocrx_word' id='word_1_630' title='bbox 2640 4117 2888 4172; x_wconf 87' lang='lat' dir='ltr'>Severus</span> <span class='ocrx_word' id='word_1_631' title='bbox 2913 4115 3235 4170; x_wconf 88' lang='lat' dir='ltr'>exercitum</span> <span class='ocrx_word' id='word_1_632' title='bbox 3285 4114 3550 4183; x_wconf 85' lang='lat' dir='ltr'>duxerat,</span> <span class='ocrx_word' id='word_1_633' title='bbox 3612 4113 3669 4167; x_wconf 87' lang='lat' dir='ltr'>in</span> <span class='ocrx_word' id='word_1_634' title='bbox 3721 4113 3940 4184; x_wconf 89' lang='lat' dir='ltr'>primis</span> <span class='ocrx_word' id='word_1_635' title='bbox 3989 4114 4133 4169; x_wconf 87' lang='lat' dir='ltr'>Par-</span> 
     </span>
    </p>
   </div>
   <div class='ocr_carea' id='block_1_91' title="bbox 2459 4203 4134 4274">
    <p class='ocr_par' dir='ltr' id='par_1_91' title="bbox 2459 4203 4134 4274">
     <span class='ocr_line' id='line_1_91' title="bbox 2459 4203 4134 4274; baseline -0.002 -12"><span class='ocrx_word' id='word_1_636' title='bbox 2459 4207 2694 4262; x_wconf 88' lang='lat' dir='ltr'>thorum</span> <span class='ocrx_word' id='word_1_637' title='bbox 2723 4203 3174 4260; x_wconf 88' lang='lat' dir='ltr'>bellicosissima</span> <span class='ocrx_word' id='word_1_638' title='bbox 3206 4203 3384 4270; x_wconf 89' lang='lat' dir='ltr'>natio,</span> <span class='ocrx_word' id='word_1_639' title='bbox 3417 4208 3474 4258; x_wconf 93' lang='lat' dir='ltr'>et</span> <span class='ocrx_word' id='word_1_640' title='bbox 3495 4204 3619 4274; x_wconf 91' lang='lat' dir='ltr'>ipse</span> <span class='ocrx_word' id='word_1_641' title='bbox 3649 4203 3928 4269; x_wconf 89' lang='lat' dir='ltr'>Severus,</span> <span class='ocrx_word' id='word_1_642' title='bbox 3993 4221 4134 4259; x_wconf 89' lang='lat' dir='ltr'>cum</span> 
     </span>
    </p>
   </div>
   <div class='ocr_carea' id='block_1_92' title="bbox 2461 4291 4133 4367">
    <p class='ocr_par' dir='ltr' id='par_1_92' title="bbox 2461 4291 4133 4367">
     <span class='ocr_line' id='line_1_92' title="bbox 2461 4291 4133 4367; baseline -0.002 -17"><span class='ocrx_word' id='word_1_643' title='bbox 2461 4299 2698 4367; x_wconf 87' lang='lat' dir='ltr'>pr0pter</span> <span class='ocrx_word' id='word_1_644' title='bbox 2729 4293 3104 4349; x_wconf 87' lang='lat' dir='ltr'>articularem</span> <span class='ocrx_word' id='word_1_645' title='bbox 3135 4294 3405 4348; x_wconf 92' lang='lat' dir='ltr'>morbum</span> <span class='ocrx_word' id='word_1_646' title='bbox 3439 4308 3611 4364; x_wconf 89' lang='lat' dir='ltr'>agere</span> <span class='ocrx_word' id='word_1_647' title='bbox 3640 4291 4022 4363; x_wconf 89' lang='lat' dir='ltr'>triumphum</span> <span class='ocrx_word' id='word_1_648' title='bbox 4059 4293 4133 4347; x_wconf 91' lang='lat' dir='ltr'>de</span> 
     </span>
    </p>
   </div>
   <div class='ocr_carea' id='block_1_93' title="bbox 2462 4382 4139 4454">
    <p class='ocr_par' dir='ltr' id='par_1_93' title="bbox 2462 4382 4139 4454">
     <span class='ocr_line' id='line_1_93' title="bbox 2462 4382 4139 4454; baseline -0.002 -15"><span class='ocrx_word' id='word_1_649' title='bbox 2462 4385 2691 4440; x_wconf 88' lang='lat' dir='ltr'>Parthis</span> <span class='ocrx_word' id='word_1_650' title='bbox 2723 4401 2836 4439; x_wconf 90' lang='lat' dir='ltr'>non</span> <span class='ocrx_word' id='word_1_651' title='bbox 2861 4384 3156 4454; x_wconf 86' lang='lat' dir='ltr'>posset,de</span> <span class='ocrx_word' id='word_1_652' title='bbox 3177 4382 3396 4438; x_wconf 71' lang='lat' dir='ltr'>Judmis</span> <span class='ocrx_word' id='word_1_653' title='bbox 3423 4387 3610 4437; x_wconf 88' lang='lat' dir='ltr'>tamen</span> <span class='ocrx_word' id='word_1_654' title='bbox 3640 4397 3773 4436; x_wconf 91' lang='lat' dir='ltr'>eum</span> <span class='ocrx_word' id='word_1_655' title='bbox 3816 4383 4139 4454; x_wconf 86' lang='lat' dir='ltr'>agendum</span> 
     </span>
    </p>
   </div>
   <div class='ocr_carea' id='block_1_94' title="bbox 2461 4469 4144 4543">
    <p class='ocr_par' dir='ltr' id='par_1_94' title="bbox 2461 4469 4144 4543">
     <span class='ocr_line' id='line_1_94' title="bbox 2461 4469 4144 4543; baseline -0.002 -15"><span class='ocrx_word' id='word_1_656' title='bbox 2461 4474 2674 4538; x_wconf 85' lang='lat' dir='ltr'>tilio,ac</span> <span class='ocrx_word' id='word_1_657' title='bbox 2696 4473 2946 4528; x_wconf 90' lang='lat' dir='ltr'>Parthici</span> <span class='ocrx_word' id='word_1_658' title='bbox 2973 4487 3351 4543; x_wconf 89' lang='lat' dir='ltr'>compensam</span> <span class='ocrx_word' id='word_1_659' title='bbox 3382 4471 3630 4542; x_wconf 86' lang='lat' dir='ltr'>digratia</span> <span class='ocrx_word' id='word_1_660' title='bbox 3654 4469 3957 4526; x_wconf 88' lang='lat' dir='ltr'>militibus</span> <span class='ocrx_word' id='word_1_661' title='bbox 3987 4472 4144 4526; x_wconf 86' lang='lat' dir='ltr'>forte</span> 
     </span>
    </p>
   </div>
   <div class='ocr_carea' id='block_1_95' title="bbox 713 4556 4141 4635">
    <p class='ocr_par' dir='ltr' id='par_1_95' title="bbox 713 4556 4141 4635">
     <span class='ocr_line' id='line_1_95' title="bbox 713 4556 4141 4635; baseline -0.001 -18"><span class='ocrx_word' id='word_1_662' title='bbox 713 4577 849 4614; x_wconf 85' lang='lat' dir='ltr'>ann.</span> <span class='ocrx_word' id='word_1_663' title='bbox 884 4559 968 4615; x_wconf 87' lang='lat' dir='ltr'>CC</span> <span class='ocrx_word' id='word_1_664' title='bbox 997 4560 1114 4614; x_wconf 83' lang='lat' dir='ltr'>fere</span> <span class='ocrx_word' id='word_1_665' title='bbox 1143 4563 1400 4614; x_wconf 84' lang='lat' dir='ltr'>vertente</span> <span class='ocrx_word' id='word_1_666' title='bbox 1431 4559 1720 4626; x_wconf 84' lang='lat' dir='ltr'>dicamus,</span> <span class='ocrx_word' id='word_1_667' title='bbox 1808 4559 1979 4627; x_wconf 76' lang='lat' dir='ltr'>Clljus</span> <span class='ocrx_word' id='word_1_668' title='bbox 2035 4556 2364 4628; x_wconf 80' lang='lat' dir='ltr'>occupatio-</span> <span class='ocrx_word' id='word_1_669' title='bbox 2389 4572 2436 4635; x_wconf 75' lang='grc' dir='ltr'><strong>ι)</strong></span> <span class='ocrx_word' id='word_1_670' title='bbox 2470 4563 2639 4634; x_wconf 89' lang='lat' dir='ltr'>signa</span> <span class='ocrx_word' id='word_1_671' title='bbox 2668 4561 3166 4632; x_wconf 88' lang='lat' dir='ltr'>triumphantium</span> <span class='ocrx_word' id='word_1_672' title='bbox 3191 4561 3497 4616; x_wconf 90' lang='lat' dir='ltr'>concessit.</span> <span class='ocrx_word' id='word_1_673' title='bbox 3535 4559 3668 4622; x_wconf 66' lang='lat' dir='ltr'>Quae</span> <span class='ocrx_word' id='word_1_674' title='bbox 3695 4559 3744 4615; x_wconf 93' lang='lat' dir='ltr'>si</span> <span class='ocrx_word' id='word_1_675' title='bbox 3783 4563 4141 4625; x_wconf 88' lang='lat' dir='ltr'>teneamus,</span> 
     </span>
    </p>
   </div>
   <div class='ocr_carea' id='block_1_96' title="bbox 703 4646 2350 4718">
    <p class='ocr_par' dir='ltr' id='par_1_96' title="bbox 703 4646 2350 4718">
     <span class='ocr_line' id='line_1_96' title="bbox 703 4646 2350 4718; baseline 0 -16"><span class='ocrx_word' id='word_1_676' title='bbox 703 4664 836 4702; x_wconf 89' lang='lat' dir='ltr'>nem</span> <span class='ocrx_word' id='word_1_677' title='bbox 868 4665 1002 4703; x_wconf 91' lang='lat' dir='ltr'>eum</span> <span class='ocrx_word' id='word_1_678' title='bbox 1033 4648 1234 4702; x_wconf 88' lang='lat' dir='ltr'>statim</span> <span class='ocrx_word' id='word_1_679' title='bbox 1268 4647 1554 4718; x_wconf 81' lang='lat' dir='ltr'>exceperit</span> <span class='ocrx_word' id='word_1_680' title='bbox 1585 4647 1832 4718; x_wconf 87' lang='lat' dir='ltr'>Augusti</span> <span class='ocrx_word' id='word_1_681' title='bbox 1863 4646 2120 4718; x_wconf 87' lang='lat' dir='ltr'>dignitas</span> <span class='ocrx_word' id='word_1_682' title='bbox 2152 4646 2209 4700; x_wconf 93' lang='lat' dir='ltr'>in</span> <span class='ocrx_word' id='word_1_683' title='bbox 2243 4647 2350 4702; x_wconf 82' lang='lat' dir='ltr'>Ca-</span> 
     </span>
    </p>
   </div>
   <div class='ocr_carea' id='block_1_97' title="bbox 705 4724 2353 4805">
    <p class='ocr_par' dir='ltr' id='par_1_97' title="bbox 705 4724 2353 4805">
     <span class='ocr_line' id='line_1_97' title="bbox 705 4724 2353 4805; baseline 0 -15"><span class='ocrx_word' id='word_1_684' title='bbox 705 4735 985 4791; x_wconf 87' lang='lat' dir='ltr'>racallum</span> <span class='ocrx_word' id='word_1_685' title='bbox 1018 4724 1368 4792; x_wconf 16' lang='lat' dir='ltr'>a&#39;militibus</span> <span class='ocrx_word' id='word_1_686' title='bbox 1401 4735 1634 4805; x_wconf 87' lang='lat' dir='ltr'>collata,</span> <span class='ocrx_word' id='word_1_687' title='bbox 1670 4752 1734 4790; x_wconf 91' lang='lat' dir='ltr'>ac</span> <span class='ocrx_word' id='word_1_688' title='bbox 1768 4735 2105 4790; x_wconf 83' lang='lat' dir='ltr'>donativum</span> <span class='ocrx_word' id='word_1_689' title='bbox 2157 4734 2230 4790; x_wconf 90' lang='lat' dir='ltr'>iis</span> <span class='ocrx_word' id='word_1_690' title='bbox 2285 4752 2353 4790; x_wconf 87' lang='lat' dir='ltr'>ea</span> 
     </span>
    </p>
   </div>
   <div class='ocr_carea' id='block_1_98' title="bbox 706 4823 2350 4894">
    <p class='ocr_par' dir='ltr' id='par_1_98' title="bbox 706 4823 2350 4894">
     <span class='ocr_line' id='line_1_98' title="bbox 706 4823 2350 4894; baseline 0 -15"><span class='ocrx_word' id='word_1_691' title='bbox 706 4826 776 4880; x_wconf 92' lang='lat' dir='ltr'>de</span> <span class='ocrx_word' id='word_1_692' title='bbox 807 4842 983 4880; x_wconf 90' lang='lat' dir='ltr'>causa</span> <span class='ocrx_word' id='word_1_693' title='bbox 1014 4841 1378 4893; x_wconf 78' lang='lat' dir='ltr'>concessum,</span> <span class='ocrx_word' id='word_1_694' title='bbox 1413 4824 1523 4880; x_wconf 93' lang='lat' dir='ltr'>hoc</span> <span class='ocrx_word' id='word_1_695' title='bbox 1556 4830 1708 4879; x_wconf 87' lang='lat' dir='ltr'>certe</span> <span class='ocrx_word' id='word_1_696' title='bbox 1733 4842 1848 4879; x_wconf 90' lang='lat' dir='ltr'>non</span> <span class='ocrx_word' id='word_1_697' title='bbox 1901 4823 2013 4878; x_wconf 90' lang='lat' dir='ltr'>alio</span> <span class='ocrx_word' id='word_1_698' title='bbox 2069 4830 2350 4894; x_wconf 82' lang='lat' dir='ltr'>tempore,</span> 
     </span>
    </p>
   </div>
   <div class='ocr_carea' id='block_1_99' title="bbox 707 4912 2350 4983">
    <p class='ocr_par' dir='ltr' id='par_1_99' title="bbox 707 4912 2350 4983">
     <span class='ocr_line' id='line_1_99' title="bbox 707 4912 2350 4983; baseline -0.001 -15"><span class='ocrx_word' id='word_1_699' title='bbox 707 4914 820 4970; x_wconf 87' lang='lat' dir='ltr'>nisi</span> <span class='ocrx_word' id='word_1_700' title='bbox 853 4915 961 4969; x_wconf 89' lang='lat' dir='ltr'>sub</span> <span class='ocrx_word' id='word_1_701' title='bbox 1022 4914 1159 4968; x_wconf 89' lang='lat' dir='ltr'>anni</span> <span class='ocrx_word' id='word_1_702' title='bbox 1201 4913 1282 4968; x_wconf 90' lang='lat' dir='ltr'>CC</span> <span class='ocrx_word' id='word_1_703' title='bbox 1343 4914 1519 4968; x_wconf 88' lang='lat' dir='ltr'>tinem</span> <span class='ocrx_word' id='word_1_704' title='bbox 1580 4918 1682 4967; x_wconf 90' lang='lat' dir='ltr'>aut</span> <span class='ocrx_word' id='word_1_705' title='bbox 1765 4912 2066 4983; x_wconf 88' lang='lat' dir='ltr'>sequentis</span> <span class='ocrx_word' id='word_1_706' title='bbox 2119 4912 2350 4968; x_wconf 89' lang='lat' dir='ltr'>initium</span> 
     </span>
    </p>
   </div>
   <div class='ocr_carea' id='block_1_100' title="bbox 705 5002 2352 5074">
    <p class='ocr_par' dir='ltr' id='par_1_100' title="bbox 705 5002 2352 5074">
     <span class='ocr_line' id='line_1_100' title="bbox 705 5002 2352 5074; baseline 0 -16"><span class='ocrx_word' id='word_1_707' title='bbox 705 5003 970 5074; x_wconf 88' lang='lat' dir='ltr'>contigit.</span> <span class='ocrx_word' id='word_1_708' title='bbox 1005 5004 1140 5067; x_wconf 85' lang='lat' dir='ltr'>Quae</span> <span class='ocrx_word' id='word_1_709' title='bbox 1171 5003 1408 5074; x_wconf 85' lang='lat' dir='ltr'>quidem</span> <span class='ocrx_word' id='word_1_710' title='bbox 1444 5019 1537 5058; x_wconf 90' lang='lat' dir='ltr'>res</span> <span class='ocrx_word' id='word_1_711' title='bbox 1568 5002 1798 5074; x_wconf 89' lang='lat' dir='ltr'>egregie</span> <span class='ocrx_word' id='word_1_712' title='bbox 1851 5002 2233 5060; x_wconf 79' lang='lat' dir='ltr'>confirmatur</span> <span class='ocrx_word' id='word_1_713' title='bbox 2280 5003 2352 5058; x_wconf 88' lang='lat' dir='ltr'>iis</span> 
     </span>
    </p>
   </div>
   <div class='ocr_carea' id='block_1_101' title="bbox 706 5091 2349 5164">
    <p class='ocr_par' dir='ltr' id='par_1_101' title="bbox 706 5091 2349 5164">
     <span class='ocr_line' id='line_1_101' title="bbox 706 5091 2349 5164; baseline -0.001 -15"><span class='ocrx_word' id='word_1_714' title='bbox 706 5091 1128 5163; x_wconf 82' lang='lat' dir='ltr'>antiquitatum</span> <span class='ocrx_word' id='word_1_715' title='bbox 1160 5093 1582 5160; x_wconf 88' lang='lat' dir='ltr'>monumentis,</span> <span class='ocrx_word' id='word_1_716' title='bbox 1617 5109 1743 5164; x_wconf 70' lang='lat' dir='ltr'>quae</span> <span class='ocrx_word' id='word_1_717' title='bbox 1775 5091 2083 5164; x_wconf 89' lang='lat' dir='ltr'>utriusque</span> <span class='ocrx_word' id='word_1_718' title='bbox 2113 5093 2195 5147; x_wconf 91' lang='lat' dir='ltr'>rei</span> <span class='ocrx_word' id='word_1_719' title='bbox 2230 5109 2349 5148; x_wconf 82' lang='lat' dir='ltr'>me-</span> 
     </span>
    </p>
   </div>
   <div class='ocr_carea' id='block_1_102' title="bbox 705 5181 2353 5251">
    <p class='ocr_par' dir='ltr' id='par_1_102' title="bbox 705 5181 2353 5251">
     <span class='ocr_line' id='line_1_102' title="bbox 705 5181 2353 5251; baseline -0.001 -12"><span class='ocrx_word' id='word_1_720' title='bbox 705 5183 951 5240; x_wconf 85' lang='lat' dir='ltr'>moriam</span> <span class='ocrx_word' id='word_1_721' title='bbox 986 5181 1155 5238; x_wconf 87' lang='lat' dir='ltr'>nobis</span> <span class='ocrx_word' id='word_1_722' title='bbox 1200 5181 1591 5250; x_wconf 90' lang='lat' dir='ltr'>tradiderunt,</span> <span class='ocrx_word' id='word_1_723' title='bbox 1625 5182 1875 5251; x_wconf 87' lang='lat' dir='ltr'>Etenim,</span> <span class='ocrx_word' id='word_1_724' title='bbox 1909 5185 1973 5236; x_wconf 88' lang='lat' dir='ltr'>ut</span> <span class='ocrx_word' id='word_1_725' title='bbox 2028 5199 2062 5237; x_wconf 89' lang='lat' dir='ltr'>a</span> <span class='ocrx_word' id='word_1_726' title='bbox 2113 5181 2353 5238; x_wconf 89' lang='lat' dir='ltr'>victoria</span> 
     </span>
    </p>
   </div>
   <div class='ocr_carea' id='block_1_103' title="bbox 777 5377 2352 5451">
    <p class='ocr_par' dir='ltr' id='par_1_103' title="bbox 777 5377 2352 5451">
     <span class='ocr_line' id='line_1_103' title="bbox 777 5377 2352 5451; baseline 0 -17"><span class='ocrx_word' id='word_1_727' title='bbox 777 5380 890 5451; x_wconf 89' lang='lat'>(18)</span> <span class='ocrx_word' id='word_1_728' title='bbox 922 5379 1069 5435; x_wconf 89' lang='lat' dir='ltr'>Eum</span> <span class='ocrx_word' id='word_1_729' title='bbox 1104 5394 1232 5434; x_wconf 92' lang='lat' dir='ltr'>cum</span> <span class='ocrx_word' id='word_1_730' title='bbox 1277 5379 1505 5451; x_wconf 86' lang='lat' dir='ltr'>erudito</span> <span class='ocrx_word' id='word_1_731' title='bbox 1561 5377 1699 5434; x_wconf 90' lang='lat' dir='ltr'>orbe</span> <span class='ocrx_word' id='word_1_732' title='bbox 1750 5378 2204 5434; x_wconf 89' lang='lat' dir='ltr'>communicavit</span> <span class='ocrx_word' id='word_1_733' title='bbox 2247 5379 2352 5434; x_wconf 86' lang='lat' dir='ltr'>Po-</span> 
     </span>
    </p>
   </div>
   <div class='ocr_carea' id='block_1_104' title="bbox 704 5450 2354 5524">
    <p class='ocr_par' dir='ltr' id='par_1_104' title="bbox 704 5450 2354 5524">
     <span class='ocr_line' id='line_1_104' title="bbox 704 5450 2354 5524; baseline 0 -18"><span class='ocrx_word' id='word_1_734' title='bbox 704 5450 975 5524; x_wconf 75' lang='lat' dir='ltr'>lycarpus</span> <span class='ocrx_word' id='word_1_735' title='bbox 1017 5451 1345 5524; x_wconf 82' lang='lat' dir='ltr'>’l‘entzelius</span> <span class='ocrx_word' id='word_1_736' title='bbox 1391 5450 1464 5524; x_wconf 3' lang='lat' dir='ltr'>(in</span> <span class='ocrx_word' id='word_1_737' title='bbox 1521 5451 1665 5524; x_wconf 83' lang='lat' dir='ltr'>diss.</span> <span class='ocrx_word' id='word_1_738' title='bbox 1725 5451 1814 5506; x_wconf 89' lang='lat' dir='ltr'>Jo.</span> <span class='ocrx_word' id='word_1_739' title='bbox 1876 5451 2060 5505; x_wconf 85' lang='lat' dir='ltr'>Andr.</span> <span class='ocrx_word' id='word_1_740' title='bbox 2113 5451 2354 5506; x_wconf 89' lang='lat' dir='ltr'>Semidii</span> 
     </span>
    </p>
   </div>
   <div class='ocr_carea' id='block_1_105' title="bbox 705 5522 2350 5596">
    <p class='ocr_par' dir='ltr' id='par_1_105' title="bbox 705 5522 2350 5596">
     <span class='ocr_line' id='line_1_105' title="bbox 705 5522 2350 5596; baseline 0 -18"><span class='ocrx_word' id='word_1_741' title='bbox 705 5522 972 5596; x_wconf 63' lang='lat' dir='ltr'>praesidio</span> <span class='ocrx_word' id='word_1_742' title='bbox 1022 5523 1242 5593; x_wconf 89' lang='lat' dir='ltr'>habita,</span> <span class='ocrx_word' id='word_1_743' title='bbox 1305 5522 1432 5596; x_wconf 11' lang='lat' dir='ltr'>ubi,</span> <span class='ocrx_word' id='word_1_744' title='bbox 1465 5522 1682 5578; x_wconf 89' lang='lat' dir='ltr'>selecta</span> <span class='ocrx_word' id='word_1_745' title='bbox 1727 5524 2087 5596; x_wconf 77' lang='lat' dir='ltr'>nomismata</span> <span class='ocrx_word' id='word_1_746' title='bbox 2133 5540 2350 5596; x_wconf 82' lang='lat' dir='ltr'>aurea,</span> 
     </span>
    </p>
   </div>
   <div class='ocr_carea' id='block_1_106' title="bbox 706 5595 2353 5668">
    <p class='ocr_par' dir='ltr' id='par_1_106' title="bbox 706 5595 2353 5668">
     <span class='ocr_line' id='line_1_106' title="bbox 706 5595 2353 5668; baseline 0.001 -18"><span class='ocrx_word' id='word_1_747' title='bbox 706 5595 977 5668; x_wconf 83' lang='lat' dir='ltr'>argentea</span> <span class='ocrx_word' id='word_1_748' title='bbox 1004 5601 1060 5651; x_wconf 91' lang='lat' dir='ltr'>et</span> <span class='ocrx_word' id='word_1_749' title='bbox 1088 5613 1234 5652; x_wconf 72' lang='lat' dir='ltr'>aerea.</span> <span class='ocrx_word' id='word_1_750' title='bbox 1283 5595 1522 5650; x_wconf 85' lang='lat' dir='ltr'>maximi</span> <span class='ocrx_word' id='word_1_751' title='bbox 1573 5595 1791 5668; x_wconf 83' lang='lat' dir='ltr'>moduli</span> <span class='ocrx_word' id='word_1_752' title='bbox 1823 5613 1888 5652; x_wconf 84' lang='lat' dir='ltr'>ex</span> <span class='ocrx_word' id='word_1_753' title='bbox 1944 5595 2353 5668; x_wconf 74' lang='lat' dir='ltr'>gazophylacio</span> 
     </span>
    </p>
   </div>
   <div class='ocr_carea' id='block_1_107' title="bbox 704 5667 2350 5743">
    <p class='ocr_par' dir='ltr' id='par_1_107' title="bbox 704 5667 2350 5743">
     <span class='ocr_line' id='line_1_107' title="bbox 704 5667 2350 5743; baseline -0.001 -18"><span class='ocrx_word' id='word_1_754' title='bbox 704 5667 1006 5725; x_wconf 77' lang='lat' dir='ltr'>Amatadio</span> <span class='ocrx_word' id='word_1_755' title='bbox 1038 5668 1587 5743; x_wconf 87' lang='lat' dir='ltr'>Schwartzburgico</span> <span class='ocrx_word' id='word_1_756' title='bbox 1618 5667 1870 5742; x_wconf 88' lang='lat' dir='ltr'>explicat</span> <span class='ocrx_word' id='word_1_757' title='bbox 1912 5685 2044 5742; x_wconf 86' lang='lat' dir='ltr'>pag.</span> <span class='ocrx_word' id='word_1_758' title='bbox 2069 5669 2139 5724; x_wconf 78' lang='lat'>22</span> <span class='ocrx_word' id='word_1_759' title='bbox 2178 5667 2350 5743; x_wconf 87' lang='lat' dir='ltr'>seqq.</span> 
     </span>
    </p>
   </div>
   <div class='ocr_carea' id='block_1_108' title="bbox 2460 4648 4143 4721">
    <p class='ocr_par' dir='ltr' id='par_1_108' title="bbox 2460 4648 4143 4721">
     <span class='ocr_line' id='line_1_108' title="bbox 2460 4648 4143 4721; baseline -0.001 -15"><span class='ocrx_word' id='word_1_760' title='bbox 2460 4651 2635 4707; x_wconf 91' lang='lat' dir='ltr'>simul</span> <span class='ocrx_word' id='word_1_761' title='bbox 2679 4650 2822 4705; x_wconf 91' lang='lat' dir='ltr'>illud</span> <span class='ocrx_word' id='word_1_762' title='bbox 2868 4649 3147 4721; x_wconf 87' lang='lat' dir='ltr'>aperitur,</span> <span class='ocrx_word' id='word_1_763' title='bbox 3201 4665 3316 4721; x_wconf 91' lang='lat' dir='ltr'>quo</span> <span class='ocrx_word' id='word_1_764' title='bbox 3368 4649 3540 4703; x_wconf 92' lang='lat' dir='ltr'>modo</span> <span class='ocrx_word' id='word_1_765' title='bbox 3580 4664 3736 4703; x_wconf 89' lang='lat' dir='ltr'>nunc</span> <span class='ocrx_word' id='word_1_766' title='bbox 3805 4648 4143 4704; x_wconf 70' lang='lat' dir='ltr'>turbandae</span> 
     </span>
    </p>
   </div>
   <div class='ocr_carea' id='block_1_109' title="bbox 2462 4737 4147 4814">
    <p class='ocr_par' dir='ltr' id='par_1_109' title="bbox 2462 4737 4147 4814">
     <span class='ocr_line' id='line_1_109' title="bbox 2462 4737 4147 4814; baseline -0.001 -18"><span class='ocrx_word' id='word_1_767' title='bbox 2462 4742 2622 4814; x_wconf 91' lang='lat' dir='ltr'>pacis</span> <span class='ocrx_word' id='word_1_768' title='bbox 2670 4739 2925 4812; x_wconf 88' lang='lat' dir='ltr'>suspicio</span> <span class='ocrx_word' id='word_1_769' title='bbox 2982 4739 3322 4794; x_wconf 86' lang='lat' dir='ltr'>christianis</span> <span class='ocrx_word' id='word_1_770' title='bbox 3381 4739 3634 4809; x_wconf 91' lang='lat' dir='ltr'>potuerit</span> <span class='ocrx_word' id='word_1_771' title='bbox 3683 4737 3936 4794; x_wconf 87' lang='lat' dir='ltr'>oboriri.</span> <span class='ocrx_word' id='word_1_772' title='bbox 4003 4739 4147 4794; x_wconf 86' lang='lat' dir='ltr'>Jam</span> 
     </span>
    </p>
   </div>
   <div class='ocr_carea' id='block_1_110' title="bbox 2462 4826 4147 4901">
    <p class='ocr_par' dir='ltr' id='par_1_110' title="bbox 2462 4826 4147 4901">
     <span class='ocr_line' id='line_1_110' title="bbox 2462 4826 4147 4901; baseline -0.002 -16"><span class='ocrx_word' id='word_1_773' title='bbox 2462 4830 2616 4885; x_wconf 87' lang='lat' dir='ltr'>enim</span> <span class='ocrx_word' id='word_1_774' title='bbox 2670 4827 2914 4901; x_wconf 87' lang='lat' dir='ltr'>postrati</span> <span class='ocrx_word' id='word_1_775' title='bbox 2973 4833 3139 4883; x_wconf 89' lang='lat' dir='ltr'>erant</span> <span class='ocrx_word' id='word_1_776' title='bbox 3196 4827 3394 4882; x_wconf 89' lang='lat' dir='ltr'>hostes</span> <span class='ocrx_word' id='word_1_777' title='bbox 3469 4826 3838 4898; x_wconf 85' lang='lat' dir='ltr'>imperatoris</span> <span class='ocrx_word' id='word_1_778' title='bbox 3895 4843 4147 4898; x_wconf 87' lang='lat' dir='ltr'>omnes,</span> 
     </span>
    </p>
   </div>
   <div class='ocr_carea' id='block_1_111' title="bbox 2461 4915 4147 4991">
    <p class='ocr_par' dir='ltr' id='par_1_111' title="bbox 2461 4915 4147 4991">
     <span class='ocr_line' id='line_1_111' title="bbox 2461 4915 4147 4991; baseline 0 -19"><span class='ocrx_word' id='word_1_779' title='bbox 2461 4918 2706 4991; x_wconf 82' lang='lat' dir='ltr'>ipsaque</span> <span class='ocrx_word' id='word_1_780' title='bbox 2735 4917 2925 4973; x_wconf 83' lang='lat' dir='ltr'>Severi</span> <span class='ocrx_word' id='word_1_781' title='bbox 2945 4918 3072 4988; x_wconf 87' lang='lat' dir='ltr'>jam</span> <span class='ocrx_word' id='word_1_782' title='bbox 3108 4916 3280 4971; x_wconf 89' lang='lat' dir='ltr'>otiosi</span> <span class='ocrx_word' id='word_1_783' title='bbox 3314 4917 3600 4988; x_wconf 88' lang='lat' dir='ltr'>asperitas</span> <span class='ocrx_word' id='word_1_784' title='bbox 3629 4915 3988 4972; x_wconf 88' lang='lat' dir='ltr'>minabatur</span> <span class='ocrx_word' id='word_1_785' title='bbox 4043 4933 4147 4972; x_wconf 89' lang='lat' dir='ltr'>se-</span> 
     </span>
    </p>
   </div>
   <div class='ocr_carea' id='block_1_112' title="bbox 2461 5004 4145 5078">
    <p class='ocr_par' dir='ltr' id='par_1_112' title="bbox 2461 5004 4145 5078">
     <span class='ocr_line' id='line_1_112' title="bbox 2461 5004 4145 5078; baseline 0 -16"><span class='ocrx_word' id='word_1_786' title='bbox 2461 5008 2765 5063; x_wconf 80' lang='lat' dir='ltr'>veritatem</span> <span class='ocrx_word' id='word_1_787' title='bbox 2799 5005 3645 5078; x_wconf 77' lang='lat' dir='ltr'>summam,quam,distrietus</span> <span class='ocrx_word' id='word_1_788' title='bbox 3668 5004 3866 5060; x_wconf 90' lang='lat' dir='ltr'>adhuc</span> <span class='ocrx_word' id='word_1_789' title='bbox 3892 5006 4145 5077; x_wconf 85' lang='lat' dir='ltr'>gravio-</span> 
     </span>
    </p>
   </div>
   <div class='ocr_carea' id='block_1_113' title="bbox 2463 5092 4146 5168">
    <p class='ocr_par' dir='ltr' id='par_1_113' title="bbox 2463 5092 4146 5168">
     <span class='ocr_line' id='line_1_113' title="bbox 2463 5092 4146 5168; baseline -0.001 -17"><span class='ocrx_word' id='word_1_790' title='bbox 2463 5096 2628 5152; x_wconf 89' lang='lat' dir='ltr'>ribus</span> <span class='ocrx_word' id='word_1_791' title='bbox 2687 5096 2959 5168; x_wconf 89' lang='lat' dir='ltr'>negotiis,</span> <span class='ocrx_word' id='word_1_792' title='bbox 3012 5111 3127 5150; x_wconf 91' lang='lat' dir='ltr'>non</span> <span class='ocrx_word' id='word_1_793' title='bbox 3181 5098 3451 5166; x_wconf 84' lang='lat' dir='ltr'>potuerat</span> <span class='ocrx_word' id='word_1_794' title='bbox 3505 5092 3694 5164; x_wconf 91' lang='lat' dir='ltr'>sequi.</span> <span class='ocrx_word' id='word_1_795' title='bbox 3754 5093 3824 5148; x_wconf 87' lang='lat' dir='ltr'>Et</span> <span class='ocrx_word' id='word_1_796' title='bbox 3891 5094 4005 5150; x_wconf 89' lang='lat' dir='ltr'>isti</span> <span class='ocrx_word' id='word_1_797' title='bbox 4051 5095 4146 5150; x_wconf 88' lang='lat' dir='ltr'>iu-</span> 
     </span>
    </p>
   </div>
   <div class='ocr_carea' id='block_1_114' title="bbox 2465 5181 4153 5242">
    <p class='ocr_par' dir='ltr' id='par_1_114' title="bbox 2465 5181 4153 5242">
     <span class='ocr_line' id='line_1_114' title="bbox 2465 5181 4153 5242; baseline 0.001 -2"><span class='ocrx_word' id='word_1_798' title='bbox 2465 5185 2835 5242; x_wconf 73' lang='lat' dir='ltr'>ﬂammandze</span> <span class='ocrx_word' id='word_1_799' title='bbox 2896 5184 3150 5240; x_wconf 84' lang='lat' dir='ltr'>maxime</span> <span class='ocrx_word' id='word_1_800' title='bbox 3197 5183 3472 5240; x_wconf 91' lang='lat' dir='ltr'>idoneum</span> <span class='ocrx_word' id='word_1_801' title='bbox 3540 5181 3854 5239; x_wconf 81' lang='lat' dir='ltr'>videbatur</span> <span class='ocrx_word' id='word_1_802' title='bbox 3924 5184 4153 5241; x_wconf 87' lang='lat' dir='ltr'>militis</span> 
     </span>
    </p>
   </div>
   <div class='ocr_carea' id='block_1_115' title="bbox 2464 5378 4157 5453">
    <p class='ocr_par' dir='ltr' id='par_1_115' title="bbox 2464 5378 4157 5453">
     <span class='ocr_line' id='line_1_115' title="bbox 2464 5378 4157 5453; baseline 0.001 -17"><span class='ocrx_word' id='word_1_803' title='bbox 2464 5381 2653 5437; x_wconf 81' lang='lat' dir='ltr'>Aliam</span> <span class='ocrx_word' id='word_1_804' title='bbox 2689 5379 3225 5453; x_wconf 86' lang='lat' dir='ltr'>inscriptionem,in</span> <span class='ocrx_word' id='word_1_805' title='bbox 3259 5397 3378 5451; x_wconf 90' lang='lat' dir='ltr'>qua</span> <span class='ocrx_word' id='word_1_806' title='bbox 3409 5378 3840 5435; x_wconf 87' lang='lat' dir='ltr'>nominatrium</span> <span class='ocrx_word' id='word_1_807' title='bbox 3881 5378 4157 5437; x_wconf 89' lang='lat' dir='ltr'>istorum</span> 
     </span>
    </p>
   </div>
   <div class='ocr_carea' id='block_1_116' title="bbox 2466 5453 4158 5510">
    <p class='ocr_par' dir='ltr' id='par_1_116' title="bbox 2466 5453 4158 5510">
     <span class='ocr_line' id='line_1_116' title="bbox 2466 5453 4158 5510; baseline 0 -1"><span class='ocrx_word' id='word_1_808' title='bbox 2466 5472 2598 5510; x_wconf 92' lang='lat' dir='ltr'>cum</span> <span class='ocrx_word' id='word_1_809' title='bbox 2633 5471 2785 5509; x_wconf 90' lang='lat' dir='ltr'>anno</span> <span class='ocrx_word' id='word_1_810' title='bbox 2813 5455 2910 5508; x_wconf 90' lang='lat' dir='ltr'>Tr.</span> <span class='ocrx_word' id='word_1_811' title='bbox 2946 5455 3004 5508; x_wconf 91' lang='lat' dir='ltr'>P.</span> <span class='ocrx_word' id='word_1_812' title='bbox 3043 5455 3134 5508; x_wconf 88' lang='lat' dir='ltr'>IX.</span> <span class='ocrx_word' id='word_1_813' title='bbox 3168 5453 3362 5508; x_wconf 73' lang='lat' dir='ltr'>Severi</span> <span class='ocrx_word' id='word_1_814' title='bbox 3389 5459 3446 5507; x_wconf 89' lang='lat' dir='ltr'>et</span> <span class='ocrx_word' id='word_1_815' title='bbox 3475 5453 3571 5507; x_wconf 87' lang='lat' dir='ltr'>Tr.</span> <span class='ocrx_word' id='word_1_816' title='bbox 3608 5453 3666 5506; x_wconf 92' lang='lat' dir='ltr'>P.</span> <span class='ocrx_word' id='word_1_817' title='bbox 3710 5453 3802 5505; x_wconf 87' lang='lat' dir='ltr'>IV.</span> <span class='ocrx_word' id='word_1_818' title='bbox 3841 5453 4158 5509; x_wconf 87' lang='lat' dir='ltr'>Caracalii</span> 
     </span>
    </p>
   </div>
   <div class='ocr_carea' id='block_1_117' title="bbox 2467 5523 4162 5600">
    <p class='ocr_par' dir='ltr' id='par_1_117' title="bbox 2467 5523 4162 5600">
     <span class='ocr_line' id='line_1_117' title="bbox 2467 5523 4162 5600; baseline 0.001 -18"><span class='ocrx_word' id='word_1_819' title='bbox 2467 5529 2928 5598; x_wconf 87' lang='lat' dir='ltr'>conjunguntur,</span> <span class='ocrx_word' id='word_1_820' title='bbox 2960 5526 3136 5583; x_wconf 88' lang='lat' dir='ltr'>habet</span> <span class='ocrx_word' id='word_1_821' title='bbox 3165 5525 3420 5600; x_wconf 85' lang='lat' dir='ltr'>Scaliger</span> <span class='ocrx_word' id='word_1_822' title='bbox 3447 5525 3506 5580; x_wconf 87' lang='lat' dir='ltr'>in</span> <span class='ocrx_word' id='word_1_823' title='bbox 3565 5523 3978 5582; x_wconf 83' lang='lat' dir='ltr'>animadvers.</span> <span class='ocrx_word' id='word_1_824' title='bbox 4031 5528 4162 5584; x_wconf 87' lang='lat' dir='ltr'>Eu-</span> 
     </span>
    </p>
   </div>
   <div class='ocr_carea' id='block_1_118' title="bbox 2468 5600 2929 5672">
    <p class='ocr_par' dir='ltr' id='par_1_118' title="bbox 2468 5600 2929 5672">
     <span class='ocr_line' id='line_1_118' title="bbox 2468 5600 2929 5672; baseline -0.009 -15"><span class='ocrx_word' id='word_1_825' title='bbox 2468 5602 2614 5671; x_wconf 89' lang='lat' dir='ltr'>seb.,</span> <span class='ocrx_word' id='word_1_826' title='bbox 2647 5616 2779 5672; x_wconf 87' lang='lat' dir='ltr'>pag.</span> <span class='ocrx_word' id='word_1_827' title='bbox 2807 5600 2929 5654; x_wconf 84' lang='lat'>228.</span> 
     </span>
    </p>
   </div>
  </div>
