  <div class='ocr_page' id='page_1' title='image "/cluster/home/n/w/nwhite01/storage/ocr_20150623/1/umn.31951002477295j/092.png"; bbox 0 0 4526 6350; ppageno 0'>
   <div class='ocr_carea' id='block_1_1' title="bbox 202 365 300 425">
    <p class='ocr_par' dir='ltr' id='par_1_1' title="bbox 202 365 300 425">
     <span class='ocr_line' id='line_1_1' title="bbox 202 365 300 425; baseline 0 -1"><span class='ocrx_word' id='word_1_1' title='bbox 202 365 300 425; x_wconf 85' lang='grc'>169</span> 
     </span>
    </p>
   </div>
   <div class='ocr_carea' id='block_1_2' title="bbox 1076 364 2732 441">
    <p class='ocr_par' dir='ltr' id='par_1_2' title="bbox 1076 364 2732 441">
     <span class='ocr_line' id='line_1_2' title="bbox 1076 364 2732 441; baseline 0.008 -15"><span class='ocrx_word' id='word_1_2' title='bbox 1076 364 1177 426; x_wconf 84' lang='lat' dir='ltr'>AC</span> <span class='ocrx_word' id='word_1_3' title='bbox 1217 366 1611 428; x_wconf 80' lang='lat' dir='ltr'>DOCTRINA</span> <span class='ocrx_word' id='word_1_4' title='bbox 1654 367 2157 435; x_wconf 74' lang='lat' dir='ltr'>SCRIPTORUM</span> <span class='ocrx_word' id='word_1_5' title='bbox 2202 378 2732 441; x_wconf 82' lang='lat' dir='ltr'>TERTULLIANI</span> 
     </span>
    </p>
   </div>
   <div class='ocr_carea' id='block_1_3' title="bbox 3499 387 3617 448">
    <p class='ocr_par' dir='ltr' id='par_1_3' title="bbox 3499 387 3617 448">
     <span class='ocr_line' id='line_1_3' title="bbox 3499 387 3617 448; baseline 0.025 -3"><span class='ocrx_word' id='word_1_6' title='bbox 3499 387 3617 448; x_wconf 82' lang='grc'>170</span> 
     </span>
    </p>
   </div>
   <div class='ocr_carea' id='block_1_4' title="bbox 194 496 3618 593">
    <p class='ocr_par' dir='ltr' id='par_1_4' title="bbox 194 496 3618 593">
     <span class='ocr_line' id='line_1_4' title="bbox 194 496 3618 593; baseline 0.006 -39"><span class='ocrx_word' id='word_1_7' title='bbox 194 496 548 569; x_wconf 84' lang='lat' dir='ltr'>exemplum,</span> <span class='ocrx_word' id='word_1_8' title='bbox 579 513 763 571; x_wconf 87' lang='lat' dir='ltr'>quem</span> <span class='ocrx_word' id='word_1_9' title='bbox 797 514 887 564; x_wconf 88' lang='lat' dir='ltr'>eo,</span> <span class='ocrx_word' id='word_1_10' title='bbox 937 497 1090 570; x_wconf 92' lang='lat' dir='ltr'>quod</span> <span class='ocrx_word' id='word_1_11' title='bbox 1148 514 1423 554; x_wconf 81' lang='lat' dir='ltr'>coronam</span> <span class='ocrx_word' id='word_1_12' title='bbox 1459 499 1852 573; x_wconf 81' lang='lat' dir='ltr'>repudiasset,</span> <span class='ocrx_word' id='word_1_13' title='bbox 1882 506 1937 572; x_wconf 83' lang='grc' dir='ltr'><strong>Α</strong></span> <span class='ocrx_word' id='word_1_14' title='bbox 1968 522 2099 562; x_wconf 91' lang='lat' dir='ltr'>rum</span> <span class='ocrx_word' id='word_1_15' title='bbox 2161 508 2328 581; x_wconf 82' lang='lat' dir='ltr'>dixit,</span> <span class='ocrx_word' id='word_1_16' title='bbox 2388 528 2521 567; x_wconf 90' lang='lat' dir='ltr'>cum</span> <span class='ocrx_word' id='word_1_17' title='bbox 2574 511 2705 569; x_wconf 89' lang='lat' dir='ltr'>aliis</span> <span class='ocrx_word' id='word_1_18' title='bbox 2769 514 2828 568; x_wconf 89' lang='lat' dir='ltr'>in</span> <span class='ocrx_word' id='word_1_19' title='bbox 2882 514 3198 587; x_wconf 76' lang='lat' dir='ltr'>provinciis</span> <span class='ocrx_word' id='word_1_20' title='bbox 3247 516 3618 593; x_wconf 81' lang='lat' dir='ltr'>urbibusque</span> 
     </span>
    </p>
   </div>
   <div class='ocr_carea' id='block_1_5' title="bbox 192 587 1850 663">
    <p class='ocr_par' dir='ltr' id='par_1_5' title="bbox 192 587 1850 663">
     <span class='ocr_line' id='line_1_5' title="bbox 192 587 1850 663; baseline 0.002 -19"><span class='ocrx_word' id='word_1_21' title='bbox 192 587 565 661; x_wconf 81' lang='lat' dir='ltr'>parricidium</span> <span class='ocrx_word' id='word_1_22' title='bbox 598 587 998 658; x_wconf 82' lang='lat' dir='ltr'>commisisse,</span> <span class='ocrx_word' id='word_1_23' title='bbox 1056 587 1403 659; x_wconf 77' lang='lat' dir='ltr'>hostemque</span> <span class='ocrx_word' id='word_1_24' title='bbox 1460 591 1700 647; x_wconf 77' lang='lat' dir='ltr'>Caesaris</span> <span class='ocrx_word' id='word_1_25' title='bbox 1746 609 1850 663; x_wconf 87' lang='lat' dir='ltr'>pu-</span> 
     </span>
    </p>
   </div>
   <div class='ocr_carea' id='block_1_6' title="bbox 190 676 1846 746">
    <p class='ocr_par' dir='ltr' id='par_1_6' title="bbox 190 676 1846 746">
     <span class='ocr_line' id='line_1_6' title="bbox 190 676 1846 746; baseline 0.002 -13"><span class='ocrx_word' id='word_1_26' title='bbox 190 677 400 734; x_wconf 88' lang='lat' dir='ltr'>blicum</span> <span class='ocrx_word' id='word_1_27' title='bbox 432 676 759 746; x_wconf 74' lang='lat' dir='ltr'>exstitisse,</span> <span class='ocrx_word' id='word_1_28' title='bbox 784 694 891 733; x_wconf 90' lang='lat' dir='ltr'>suo</span> <span class='ocrx_word' id='word_1_29' title='bbox 928 693 1081 734; x_wconf 88' lang='lat' dir='ltr'>more</span> <span class='ocrx_word' id='word_1_30' title='bbox 1126 678 1369 735; x_wconf 89' lang='lat' dir='ltr'>deorum</span> <span class='ocrx_word' id='word_1_31' title='bbox 1415 678 1670 736; x_wconf 82' lang='lat' dir='ltr'>cultores</span> <span class='ocrx_word' id='word_1_32' title='bbox 1692 681 1846 736; x_wconf 91' lang='lat' dir='ltr'>arbi-</span> 
     </span>
    </p>
   </div>
   <div class='ocr_carea' id='block_1_7' title="bbox 191 767 516 823">
    <p class='ocr_par' dir='ltr' id='par_1_7' title="bbox 191 767 516 823">
     <span class='ocr_line' id='line_1_7' title="bbox 191 767 516 823; baseline 0 -1"><span class='ocrx_word' id='word_1_33' title='bbox 191 767 458 822; x_wconf 87' lang='lat' dir='ltr'>trabantu</span> <span class='ocrx_word' id='word_1_34' title='bbox 469 784 516 823; x_wconf 90' lang='lat' dir='ltr'>r.</span> 
     </span>
    </p>
   </div>
   <div class='ocr_carea' id='block_1_8' title="bbox 185 936 1841 1021">
    <p class='ocr_par' dir='ltr' id='par_1_8' title="bbox 185 936 1841 1021">
     <span class='ocr_line' id='line_1_8' title="bbox 185 936 1841 1021; baseline 0.001 -30"><span class='ocrx_word' id='word_1_35' title='bbox 185 937 295 1011; x_wconf 87' lang='lat'>§2.</span> <span class='ocrx_word' id='word_1_36' title='bbox 323 966 393 978; x_wconf 92' lang='lat'><em>-</em></span> <span class='ocrx_word' id='word_1_37' title='bbox 661 936 1019 1021; x_wconf 45' lang='lat' dir='ltr'>sentientium</span> <span class='ocrx_word' id='word_1_38' title='bbox 1063 936 1365 1021; x_wconf 40' lang='lat' dir='ltr'>‘oplinioues</span> <span class='ocrx_word' id='word_1_39' title='bbox 1418 938 1841 1021; x_wconf 52' lang='lat' dir='ltr'>examinantur,</span> 
     </span>
    </p>
   </div>
   <div class='ocr_carea' id='block_1_9' title="bbox 253 1007 1837 1092">
    <p class='ocr_par' dir='ltr' id='par_1_9' title="bbox 253 1007 1837 1092">
     <span class='ocr_line' id='line_1_9' title="bbox 253 1007 1837 1092; baseline -0.001 -28"><span class='ocrx_word' id='word_1_40' title='bbox 253 1018 306 1065; x_wconf 80' lang='lat' dir='ltr'>et</span> <span class='ocrx_word' id='word_1_41' title='bbox 336 1010 621 1092; x_wconf 64' lang='lat' dir='ltr'>imprimis</span> <span class='ocrx_word' id='word_1_42' title='bbox 664 1008 986 1092; x_wconf 55' lang='lat' dir='ltr'>lio/{manui</span> <span class='ocrx_word' id='word_1_43' title='bbox 1024 1011 1075 1062; x_wconf 84' lang='lat' dir='ltr'>et</span> <span class='ocrx_word' id='word_1_44' title='bbox 1106 1007 1301 1092; x_wconf 27' lang='grc' dir='ltr'>θρωπε,</span> <span class='ocrx_word' id='word_1_45' title='bbox 1348 1010 1443 1078; x_wconf 84' lang='lat' dir='ltr'>qui</span> <span class='ocrx_word' id='word_1_46' title='bbox 1500 1010 1662 1092; x_wconf 66' lang='lat' dir='ltr'>illum</span> <span class='ocrx_word' id='word_1_47' title='bbox 1706 1007 1837 1092; x_wconf 65' lang='lat' dir='ltr'>ann.</span> 
     </span>
    </p>
   </div>
   <div class='ocr_carea' id='block_1_10' title="bbox 250 1080 1841 1209">
    <p class='ocr_par' dir='ltr' id='par_1_10' title="bbox 250 1080 1841 1209">
     <span class='ocr_line' id='line_1_10' title="bbox 255 1080 1841 1209; baseline 0.002 -74"><span class='ocrx_word' id='word_1_48' title='bbox 255 1080 859 1209; x_wconf 54' lang='lat' dir='ltr'>CXCVIéIGZibuerant,</span> <span class='ocrx_word' id='word_1_49' title='bbox 892 1080 944 1135; x_wconf 83' lang='lat' dir='ltr'>el</span> <span class='ocrx_word' id='word_1_50' title='bbox 970 1081 1159 1152; x_wconf 87' lang='lat' dir='ltr'>Pagii,</span> <span class='ocrx_word' id='word_1_51' title='bbox 1188 1081 1285 1152; x_wconf 74' lang='lat' dir='ltr'>qui</span> <span class='ocrx_word' id='word_1_52' title='bbox 1311 1095 1435 1135; x_wconf 81' lang='lat' dir='ltr'>eum</span> <span class='ocrx_word' id='word_1_53' title='bbox 1462 1083 1841 1153; x_wconf 76' lang='lat' dir='ltr'>assignaverat</span> 
     </span>
     <span class='ocr_line' id='line_1_11' title="bbox 250 1170 594 1209; baseline -0.003 -1"><span class='ocrx_word' id='word_1_54' title='bbox 250 1170 387 1209; x_wconf 84' lang='lat' dir='ltr'>ann.</span> <span class='ocrx_word' id='word_1_55' title='bbox 582 1192 594 1207; x_wconf 94' lang='lat'>.</span> 
     </span>
    </p>
   </div>
   <div class='ocr_carea' id='block_1_11' title="bbox 243 1301 1836 1377">
    <p class='ocr_par' dir='ltr' id='par_1_11' title="bbox 243 1301 1836 1377">
     <span class='ocr_line' id='line_1_12' title="bbox 243 1301 1836 1377; baseline 0.001 -18"><span class='ocrx_word' id='word_1_56' title='bbox 243 1309 341 1372; x_wconf 80' lang='lat' dir='ltr'>At,</span> <span class='ocrx_word' id='word_1_57' title='bbox 382 1320 519 1360; x_wconf 90' lang='lat' dir='ltr'>cum</span> <span class='ocrx_word' id='word_1_58' title='bbox 545 1304 637 1361; x_wconf 91' lang='lat' dir='ltr'>his</span> <span class='ocrx_word' id='word_1_59' title='bbox 670 1302 1037 1377; x_wconf 78' lang='lat' dir='ltr'>argumentis</span> <span class='ocrx_word' id='word_1_60' title='bbox 1067 1302 1369 1374; x_wconf 90' lang='lat' dir='ltr'>inductus,</span> <span class='ocrx_word' id='word_1_61' title='bbox 1394 1301 1612 1360; x_wconf 90' lang='lat' dir='ltr'>librum</span> <span class='ocrx_word' id='word_1_62' title='bbox 1644 1303 1711 1360; x_wconf 87' lang='lat' dir='ltr'>de</span> <span class='ocrx_word' id='word_1_63' title='bbox 1740 1303 1836 1360; x_wconf 80' lang='lat' dir='ltr'>Co-</span> 
     </span>
    </p>
   </div>
   <div class='ocr_carea' id='block_1_12' title="bbox 177 1393 1834 1466">
    <p class='ocr_par' dir='ltr' id='par_1_12' title="bbox 177 1393 1834 1466">
     <span class='ocr_line' id='line_1_13' title="bbox 177 1393 1834 1466; baseline 0 -16"><span class='ocrx_word' id='word_1_64' title='bbox 177 1411 312 1452; x_wconf 77' lang='lat' dir='ltr'>rona</span> <span class='ocrx_word' id='word_1_65' title='bbox 335 1412 478 1452; x_wconf 91' lang='lat' dir='ltr'>ann.</span> <span class='ocrx_word' id='word_1_66' title='bbox 509 1394 613 1450; x_wconf 88' lang='lat' dir='ltr'>CCI</span> <span class='ocrx_word' id='word_1_67' title='bbox 646 1394 935 1465; x_wconf 91' lang='lat' dir='ltr'>scriptum</span> <span class='ocrx_word' id='word_1_68' title='bbox 968 1407 1097 1449; x_wconf 89' lang='lat' dir='ltr'>esse</span> <span class='ocrx_word' id='word_1_69' title='bbox 1129 1393 1502 1461; x_wconf 82' lang='lat' dir='ltr'>contendam,</span> <span class='ocrx_word' id='word_1_70' title='bbox 1526 1393 1691 1450; x_wconf 90' lang='lat' dir='ltr'>video</span> <span class='ocrx_word' id='word_1_71' title='bbox 1714 1393 1834 1466; x_wconf 90' lang='lat' dir='ltr'>ple-</span> 
     </span>
    </p>
   </div>
   <div class='ocr_carea' id='block_1_13' title="bbox 176 1481 1835 1556">
    <p class='ocr_par' dir='ltr' id='par_1_13' title="bbox 176 1481 1835 1556">
     <span class='ocr_line' id='line_1_14' title="bbox 176 1481 1835 1556; baseline -0.001 -15"><span class='ocrx_word' id='word_1_72' title='bbox 176 1501 391 1556; x_wconf 88' lang='lat' dir='ltr'>rosque</span> <span class='ocrx_word' id='word_1_73' title='bbox 408 1484 829 1550; x_wconf 87' lang='lat' dir='ltr'>contradicere,</span> <span class='ocrx_word' id='word_1_74' title='bbox 866 1481 1205 1555; x_wconf 90' lang='lat' dir='ltr'>quamvisin</span> <span class='ocrx_word' id='word_1_75' title='bbox 1231 1481 1491 1538; x_wconf 89' lang='lat' dir='ltr'>diversas</span> <span class='ocrx_word' id='word_1_76' title='bbox 1512 1481 1683 1554; x_wconf 85' lang='lat' dir='ltr'>plane</span> <span class='ocrx_word' id='word_1_77' title='bbox 1700 1500 1835 1555; x_wconf 91' lang='lat' dir='ltr'>par-</span> 
     </span>
    </p>
   </div>
   <div class='ocr_carea' id='block_1_14' title="bbox 177 1571 1834 1646">
    <p class='ocr_par' dir='ltr' id='par_1_14' title="bbox 177 1571 1834 1646">
     <span class='ocr_line' id='line_1_15' title="bbox 177 1571 1834 1646; baseline 0.001 -18"><span class='ocrx_word' id='word_1_78' title='bbox 177 1580 261 1631; x_wconf 90' lang='lat' dir='ltr'>tes</span> <span class='ocrx_word' id='word_1_79' title='bbox 294 1573 700 1646; x_wconf 83' lang='lat' dir='ltr'>pronuntient.</span> <span class='ocrx_word' id='word_1_80' title='bbox 725 1572 991 1645; x_wconf 88' lang='lat' dir='ltr'>Namque</span> <span class='ocrx_word' id='word_1_81' title='bbox 1012 1571 1478 1641; x_wconf 69' lang='lat' dir='ltr'>Orsius,familiaa</span> <span class='ocrx_word' id='word_1_82' title='bbox 1503 1572 1834 1629; x_wconf 90' lang='lat' dir='ltr'>Dominica—</span> 
     </span>
    </p>
   </div>
   <div class='ocr_carea' id='block_1_15' title="bbox 176 1661 1835 1733">
    <p class='ocr_par' dir='ltr' id='par_1_15' title="bbox 176 1661 1835 1733">
     <span class='ocr_line' id='line_1_16' title="bbox 176 1661 1835 1733; baseline -0.001 -14"><span class='ocrx_word' id='word_1_83' title='bbox 176 1681 261 1719; x_wconf 77' lang='lat' dir='ltr'>me</span> <span class='ocrx_word' id='word_1_84' title='bbox 292 1662 680 1719; x_wconf 89' lang='lat' dir='ltr'>doctissimus</span> <span class='ocrx_word' id='word_1_85' title='bbox 700 1661 1297 1732; x_wconf 88' lang='lat' dir='ltr'>monachus,ejusque</span> <span class='ocrx_word' id='word_1_86' title='bbox 1318 1661 1668 1733; x_wconf 90' lang='lat' dir='ltr'>astipulator</span> <span class='ocrx_word' id='word_1_87' title='bbox 1688 1663 1835 1717; x_wconf 78' lang='lat' dir='ltr'>Hoff-</span> 
     </span>
    </p>
   </div>
   <div class='ocr_carea' id='block_1_16' title="bbox 176 1750 1829 1821">
    <p class='ocr_par' dir='ltr' id='par_1_16' title="bbox 176 1750 1829 1821">
     <span class='ocr_line' id='line_1_17' title="bbox 176 1750 1829 1821; baseline -0.001 -12"><span class='ocrx_word' id='word_1_88' title='bbox 176 1770 439 1809; x_wconf 84' lang='lat' dir='ltr'>manuus</span> <span class='ocrx_word' id='word_1_89' title='bbox 498 1769 634 1807; x_wconf 90' lang='lat' dir='ltr'>ann.</span> <span class='ocrx_word' id='word_1_90' title='bbox 701 1751 1009 1818; x_wconf 83' lang='lat' dir='ltr'>CXCVIII;</span> <span class='ocrx_word' id='word_1_91' title='bbox 1058 1750 1357 1821; x_wconf 91' lang='lat' dir='ltr'>Baronius,</span> <span class='ocrx_word' id='word_1_92' title='bbox 1400 1768 1533 1807; x_wconf 88' lang='lat' dir='ltr'>ann.</span> <span class='ocrx_word' id='word_1_93' title='bbox 1587 1752 1829 1821; x_wconf 84' lang='lat' dir='ltr'>CXCIX;</span> 
     </span>
    </p>
   </div>
   <div class='ocr_carea' id='block_1_17' title="bbox 173 1839 1827 1914">
    <p class='ocr_par' dir='ltr' id='par_1_17' title="bbox 173 1839 1827 1914">
     <span class='ocr_line' id='line_1_18' title="bbox 173 1839 1827 1914; baseline -0.001 -18"><span class='ocrx_word' id='word_1_94' title='bbox 173 1842 415 1914; x_wconf 87' lang='lat' dir='ltr'>Pagius,</span> <span class='ocrx_word' id='word_1_95' title='bbox 443 1858 581 1897; x_wconf 90' lang='lat' dir='ltr'>ann.</span> <span class='ocrx_word' id='word_1_96' title='bbox 614 1840 772 1911; x_wconf 89' lang='lat' dir='ltr'>CCII,</span> <span class='ocrx_word' id='word_1_97' title='bbox 804 1839 1097 1896; x_wconf 88' lang='lat' dir='ltr'>Pamelius</span> <span class='ocrx_word' id='word_1_98' title='bbox 1128 1844 1185 1897; x_wconf 91' lang='lat' dir='ltr'>et</span> <span class='ocrx_word' id='word_1_99' title='bbox 1206 1840 1477 1911; x_wconf 86' lang='lat' dir='ltr'>Allixius,</span> <span class='ocrx_word' id='word_1_100' title='bbox 1507 1857 1644 1898; x_wconf 91' lang='lat' dir='ltr'>ann.</span> <span class='ocrx_word' id='word_1_101' title='bbox 1666 1841 1827 1909; x_wconf 92' lang='lat' dir='ltr'>CCX;</span> 
     </span>
    </p>
   </div>
   <div class='ocr_carea' id='block_1_18' title="bbox 170 1928 1829 2003">
    <p class='ocr_par' dir='ltr' id='par_1_18' title="bbox 170 1928 1829 2003">
     <span class='ocr_line' id='line_1_19' title="bbox 170 1928 1829 2003; baseline -0.001 -16"><span class='ocrx_word' id='word_1_102' title='bbox 170 1936 472 2003; x_wconf 88' lang='lat' dir='ltr'>postremo</span> <span class='ocrx_word' id='word_1_103' title='bbox 500 1928 912 1985; x_wconf 89' lang='lat' dir='ltr'>Tillemontius</span> <span class='ocrx_word' id='word_1_104' title='bbox 946 1929 1271 2000; x_wconf 83' lang='lat' dir='ltr'>imperante</span> <span class='ocrx_word' id='word_1_105' title='bbox 1322 1928 1640 1985; x_wconf 90' lang='lat' dir='ltr'>Maximino</span> <span class='ocrx_word' id='word_1_106' title='bbox 1691 1946 1829 1986; x_wconf 88' lang='lat' dir='ltr'>ann.</span> 
     </span>
    </p>
   </div>
   <div class='ocr_carea' id='block_1_19' title="bbox 164 2016 1828 2089">
    <p class='ocr_par' dir='ltr' id='par_1_19' title="bbox 164 2016 1828 2089">
     <span class='ocr_line' id='line_1_20' title="bbox 164 2016 1828 2089; baseline -0.001 -14"><span class='ocrx_word' id='word_1_107' title='bbox 164 2019 637 2088; x_wconf 77' lang='lat' dir='ltr'>CCXXXV,eum</span> <span class='ocrx_word' id='word_1_108' title='bbox 671 2019 895 2074; x_wconf 90' lang='lat' dir='ltr'>editum</span> <span class='ocrx_word' id='word_1_109' title='bbox 952 2016 1134 2073; x_wconf 87' lang='lat' dir='ltr'>fuisse</span> <span class='ocrx_word' id='word_1_110' title='bbox 1197 2017 1490 2089; x_wconf 82' lang='lat' dir='ltr'>opinatur.</span> <span class='ocrx_word' id='word_1_111' title='bbox 1549 2020 1655 2075; x_wconf 90' lang='lat' dir='ltr'>Sed</span> <span class='ocrx_word' id='word_1_112' title='bbox 1710 2019 1828 2087; x_wconf 87' lang='lat' dir='ltr'>isti,</span> 
     </span>
    </p>
   </div>
   <div class='ocr_carea' id='block_1_20' title="bbox 162 2107 1826 2176">
    <p class='ocr_par' dir='ltr' id='par_1_20' title="bbox 162 2107 1826 2176">
     <span class='ocr_line' id='line_1_21' title="bbox 162 2107 1826 2176; baseline -0.001 -9"><span class='ocrx_word' id='word_1_113' title='bbox 162 2112 270 2167; x_wconf 89' lang='lat' dir='ltr'>sia</span> <span class='ocrx_word' id='word_1_114' title='bbox 300 2109 672 2166; x_wconf 88' lang='lat' dir='ltr'>Tertulliano</span> <span class='ocrx_word' id='word_1_115' title='bbox 696 2107 1060 2176; x_wconf 86' lang='lat' dir='ltr'>discesseris,</span> <span class='ocrx_word' id='word_1_116' title='bbox 1095 2122 1301 2164; x_wconf 91' lang='lat' dir='ltr'>omnes</span> <span class='ocrx_word' id='word_1_117' title='bbox 1334 2108 1404 2163; x_wconf 87' lang='lat' dir='ltr'>ad</span> <span class='ocrx_word' id='word_1_118' title='bbox 1437 2125 1621 2163; x_wconf 92' lang='lat' dir='ltr'>unum</span> <span class='ocrx_word' id='word_1_119' title='bbox 1670 2125 1826 2166; x_wconf 86' lang='lat' dir='ltr'>erra-</span> 
     </span>
    </p>
   </div>
   <div class='ocr_carea' id='block_1_21' title="bbox 163 2195 1828 2270">
    <p class='ocr_par' dir='ltr' id='par_1_21' title="bbox 163 2195 1828 2270">
     <span class='ocr_line' id='line_1_22' title="bbox 163 2195 1828 2270; baseline -0.001 -14"><span class='ocrx_word' id='word_1_120' title='bbox 163 2204 301 2256; x_wconf 86' lang='lat' dir='ltr'>runt</span> <span class='ocrx_word' id='word_1_121' title='bbox 333 2198 397 2254; x_wconf 92' lang='lat' dir='ltr'>in</span> <span class='ocrx_word' id='word_1_122' title='bbox 431 2198 682 2270; x_wconf 91' lang='lat' dir='ltr'>eo,quod</span> <span class='ocrx_word' id='word_1_123' title='bbox 700 2196 856 2252; x_wconf 86' lang='lat' dir='ltr'>aliud</span> <span class='ocrx_word' id='word_1_124' title='bbox 889 2197 1230 2253; x_wconf 88' lang='lat' dir='ltr'>donativum</span> <span class='ocrx_word' id='word_1_125' title='bbox 1262 2195 1602 2254; x_wconf 89' lang='lat' dir='ltr'>militibusa</span> <span class='ocrx_word' id='word_1_126' title='bbox 1623 2198 1828 2256; x_wconf 87' lang='lat' dir='ltr'>Severo</span> 
     </span>
    </p>
   </div>
   <div class='ocr_carea' id='block_1_22' title="bbox 163 2285 1824 2361">
    <p class='ocr_par' dir='ltr' id='par_1_22' title="bbox 163 2285 1824 2361">
     <span class='ocr_line' id='line_1_23' title="bbox 163 2285 1824 2361; baseline 0 -16"><span class='ocrx_word' id='word_1_127' title='bbox 163 2290 378 2345; x_wconf 88' lang='lat' dir='ltr'>datum</span> <span class='ocrx_word' id='word_1_128' title='bbox 409 2285 823 2355; x_wconf 87' lang='lat' dir='ltr'>intellexerint,</span> <span class='ocrx_word' id='word_1_129' title='bbox 858 2302 1034 2358; x_wconf 90' lang='lat' dir='ltr'>quam</span> <span class='ocrx_word' id='word_1_130' title='bbox 1095 2285 1249 2357; x_wconf 93' lang='lat' dir='ltr'>quod</span> <span class='ocrx_word' id='word_1_131' title='bbox 1308 2286 1518 2342; x_wconf 88' lang='lat' dir='ltr'>debeat</span> <span class='ocrx_word' id='word_1_132' title='bbox 1555 2287 1824 2361; x_wconf 85' lang='lat' dir='ltr'>intelligi.</span> 
     </span>
    </p>
   </div>
   <div class='ocr_carea' id='block_1_23' title="bbox 164 2375 1828 2452">
    <p class='ocr_par' dir='ltr' id='par_1_23' title="bbox 164 2375 1828 2452">
     <span class='ocr_line' id='line_1_24' title="bbox 164 2375 1828 2452; baseline 0.001 -19"><span class='ocrx_word' id='word_1_133' title='bbox 164 2379 457 2443; x_wconf 85' lang='lat' dir='ltr'>Quocirca</span> <span class='ocrx_word' id='word_1_134' title='bbox 503 2376 885 2448; x_wconf 85' lang='lat' dir='ltr'>supersedere</span> <span class='ocrx_word' id='word_1_135' title='bbox 932 2391 1242 2447; x_wconf 85' lang='lat' dir='ltr'>possemus</span> <span class='ocrx_word' id='word_1_136' title='bbox 1298 2375 1373 2431; x_wconf 91' lang='lat' dir='ltr'>iis</span> <span class='ocrx_word' id='word_1_137' title='bbox 1430 2378 1828 2452; x_wconf 90' lang='lat' dir='ltr'>confutandis,</span> 
     </span>
    </p>
   </div>
   <div class='ocr_carea' id='block_1_24' title="bbox 166 2465 1829 2540">
    <p class='ocr_par' dir='ltr' id='par_1_24' title="bbox 166 2465 1829 2540">
     <span class='ocr_line' id='line_1_25' title="bbox 166 2465 1829 2540; baseline 0.001 -16"><span class='ocrx_word' id='word_1_138' title='bbox 166 2470 336 2537; x_wconf 89' lang='lat' dir='ltr'>dum,</span> <span class='ocrx_word' id='word_1_139' title='bbox 365 2466 541 2540; x_wconf 86' lang='lat' dir='ltr'>quale</span> <span class='ocrx_word' id='word_1_140' title='bbox 574 2466 912 2522; x_wconf 89' lang='lat' dir='ltr'>donativum</span> <span class='ocrx_word' id='word_1_141' title='bbox 945 2465 1040 2521; x_wconf 89' lang='lat' dir='ltr'>hic</span> <span class='ocrx_word' id='word_1_142' title='bbox 1073 2465 1245 2521; x_wconf 87' lang='lat' dir='ltr'>fuerit</span> <span class='ocrx_word' id='word_1_143' title='bbox 1277 2482 1310 2521; x_wconf 90' lang='lat' dir='ltr'>a</span> <span class='ocrx_word' id='word_1_144' title='bbox 1340 2466 1702 2523; x_wconf 85' lang='lat' dir='ltr'>Tertulliano</span> <span class='ocrx_word' id='word_1_145' title='bbox 1745 2469 1829 2525; x_wconf 90' lang='lat' dir='ltr'>in-</span> 
     </span>
    </p>
   </div>
   <div class='ocr_carea' id='block_1_25' title="bbox 164 2553 1826 2625">
    <p class='ocr_par' dir='ltr' id='par_1_25' title="bbox 164 2553 1826 2625">
     <span class='ocr_line' id='line_1_26' title="bbox 164 2553 1826 2625; baseline 0.001 -13"><span class='ocrx_word' id='word_1_146' title='bbox 164 2558 459 2621; x_wconf 88' lang='lat' dir='ltr'>dicatum,</span> <span class='ocrx_word' id='word_1_147' title='bbox 486 2553 815 2611; x_wconf 90' lang='lat' dir='ltr'>docuimus.</span> <span class='ocrx_word' id='word_1_148' title='bbox 857 2556 928 2608; x_wconf 86' lang='lat' dir='ltr'>At</span> <span class='ocrx_word' id='word_1_149' title='bbox 967 2554 1245 2625; x_wconf 87' lang='lat' dir='ltr'>quoniam</span> <span class='ocrx_word' id='word_1_150' title='bbox 1293 2571 1359 2609; x_wconf 90' lang='lat' dir='ltr'>ex</span> <span class='ocrx_word' id='word_1_151' title='bbox 1415 2554 1585 2610; x_wconf 90' lang='lat' dir='ltr'>istius</span> <span class='ocrx_word' id='word_1_152' title='bbox 1642 2556 1826 2613; x_wconf 89' lang='lat' dir='ltr'>libelli</span> 
     </span>
    </p>
   </div>
   <div class='ocr_carea' id='block_1_26' title="bbox 164 2643 1824 2720">
    <p class='ocr_par' dir='ltr' id='par_1_26' title="bbox 164 2643 1824 2720">
     <span class='ocr_line' id='line_1_27' title="bbox 164 2643 1824 2720; baseline -0.001 -16"><span class='ocrx_word' id='word_1_153' title='bbox 164 2652 439 2720; x_wconf 87' lang='lat' dir='ltr'>tempore</span> <span class='ocrx_word' id='word_1_154' title='bbox 470 2645 683 2717; x_wconf 86' lang='lat' dir='ltr'>pendet</span> <span class='ocrx_word' id='word_1_155' title='bbox 717 2643 1104 2716; x_wconf 87' lang='lat' dir='ltr'>plurimorum</span> <span class='ocrx_word' id='word_1_156' title='bbox 1136 2644 1264 2714; x_wconf 83' lang='lat' dir='ltr'>ejus</span> <span class='ocrx_word' id='word_1_157' title='bbox 1321 2643 1605 2700; x_wconf 90' lang='lat' dir='ltr'>librorum</span> <span class='ocrx_word' id='word_1_158' title='bbox 1649 2645 1824 2703; x_wconf 90' lang='lat' dir='ltr'>chro-</span> 
     </span>
    </p>
   </div>
   <div class='ocr_carea' id='block_1_27' title="bbox 165 2732 1824 2809">
    <p class='ocr_par' dir='ltr' id='par_1_27' title="bbox 165 2732 1824 2809">
     <span class='ocr_line' id='line_1_28' title="bbox 165 2732 1824 2809; baseline 0.001 -18"><span class='ocrx_word' id='word_1_159' title='bbox 165 2736 433 2809; x_wconf 87' lang='lat' dir='ltr'>nologia,</span> <span class='ocrx_word' id='word_1_160' title='bbox 467 2734 719 2806; x_wconf 81' lang='lat' dir='ltr'>facitque</span> <span class='ocrx_word' id='word_1_161' title='bbox 748 2733 862 2789; x_wconf 86' lang='lat' dir='ltr'>ista</span> <span class='ocrx_word' id='word_1_162' title='bbox 896 2749 1064 2788; x_wconf 88' lang='lat' dir='ltr'>secus</span> <span class='ocrx_word' id='word_1_163' title='bbox 1094 2732 1470 2789; x_wconf 89' lang='lat' dir='ltr'>sentientium</span> <span class='ocrx_word' id='word_1_164' title='bbox 1506 2736 1824 2793; x_wconf 87' lang='lat' dir='ltr'>confutatio</span> 
     </span>
    </p>
   </div>
   <div class='ocr_carea' id='block_1_28' title="bbox 162 2821 1823 2897">
    <p class='ocr_par' dir='ltr' id='par_1_28' title="bbox 162 2821 1823 2897">
     <span class='ocr_line' id='line_1_29' title="bbox 162 2821 1823 2897; baseline 0 -17"><span class='ocrx_word' id='word_1_165' title='bbox 162 2826 495 2897; x_wconf 87' lang='lat' dir='ltr'>plurimum</span> <span class='ocrx_word' id='word_1_166' title='bbox 529 2823 601 2878; x_wconf 88' lang='lat' dir='ltr'>ad</span> <span class='ocrx_word' id='word_1_167' title='bbox 649 2821 1101 2878; x_wconf 84' lang='lat' dir='ltr'>confirmandam</span> <span class='ocrx_word' id='word_1_168' title='bbox 1152 2825 1413 2878; x_wconf 90' lang='lat' dir='ltr'>nostram</span> <span class='ocrx_word' id='word_1_169' title='bbox 1444 2824 1823 2895; x_wconf 89' lang='lat' dir='ltr'>sententiam,</span> 
     </span>
    </p>
   </div>
   <div class='ocr_carea' id='block_1_29' title="bbox 162 2910 1823 2986">
    <p class='ocr_par' dir='ltr' id='par_1_29' title="bbox 162 2910 1823 2986">
     <span class='ocr_line' id='line_1_30' title="bbox 162 2910 1823 2986; baseline -0.001 -15"><span class='ocrx_word' id='word_1_170' title='bbox 162 2917 300 2986; x_wconf 87' lang='lat' dir='ltr'>age!</span> <span class='ocrx_word' id='word_1_171' title='bbox 341 2930 446 2970; x_wconf 86' lang='lat' dir='ltr'>eas</span> <span class='ocrx_word' id='word_1_172' title='bbox 480 2911 785 2984; x_wconf 80' lang='lat' dir='ltr'>opiniones</span> <span class='ocrx_word' id='word_1_173' title='bbox 815 2911 1158 2966; x_wconf 89' lang='lat' dir='ltr'>brevissime</span> <span class='ocrx_word' id='word_1_174' title='bbox 1190 2910 1611 2968; x_wconf 87' lang='lat' dir='ltr'>examinemus.</span> <span class='ocrx_word' id='word_1_175' title='bbox 1636 2915 1823 2986; x_wconf 90' lang='lat' dir='ltr'>Atque</span> 
     </span>
    </p>
   </div>
   <div class='ocr_carea' id='block_1_30' title="bbox 160 2999 1819 3075">
    <p class='ocr_par' dir='ltr' id='par_1_30' title="bbox 160 2999 1819 3075">
     <span class='ocr_line' id='line_1_31' title="bbox 160 2999 1819 3075; baseline -0.001 -17"><span class='ocrx_word' id='word_1_176' title='bbox 160 3005 253 3060; x_wconf 86' lang='lat' dir='ltr'>hic</span> <span class='ocrx_word' id='word_1_177' title='bbox 287 3006 369 3059; x_wconf 89' lang='lat' dir='ltr'>de</span> <span class='ocrx_word' id='word_1_178' title='bbox 391 3002 667 3075; x_wconf 87' lang='lat' dir='ltr'>opinione</span> <span class='ocrx_word' id='word_1_179' title='bbox 698 3000 1054 3056; x_wconf 89' lang='lat' dir='ltr'>Tillemontii</span> <span class='ocrx_word' id='word_1_180' title='bbox 1080 2999 1452 3056; x_wconf 84' lang='lat' dir='ltr'>nihilattinet</span> <span class='ocrx_word' id='word_1_181' title='bbox 1483 3002 1819 3074; x_wconf 90' lang='lat' dir='ltr'>dicerepro-</span> 
     </span>
    </p>
   </div>
   <div class='ocr_carea' id='block_1_31' title="bbox 159 3090 1817 3165">
    <p class='ocr_par' dir='ltr' id='par_1_31' title="bbox 159 3090 1817 3165">
     <span class='ocr_line' id='line_1_32' title="bbox 159 3090 1817 3165; baseline -0.001 -18"><span class='ocrx_word' id='word_1_182' title='bbox 159 3098 386 3165; x_wconf 88' lang='lat' dir='ltr'>pterea,</span> <span class='ocrx_word' id='word_1_183' title='bbox 420 3091 580 3163; x_wconf 90' lang='lat' dir='ltr'>quod</span> <span class='ocrx_word' id='word_1_184' title='bbox 611 3094 733 3146; x_wconf 88' lang='lat' dir='ltr'>tota</span> <span class='ocrx_word' id='word_1_185' title='bbox 766 3090 878 3144; x_wconf 90' lang='lat' dir='ltr'>ista</span> <span class='ocrx_word' id='word_1_186' title='bbox 907 3105 998 3145; x_wconf 90' lang='lat' dir='ltr'>res</span> <span class='ocrx_word' id='word_1_187' title='bbox 1029 3092 1173 3143; x_wconf 88' lang='lat' dir='ltr'>satis</span> <span class='ocrx_word' id='word_1_188' title='bbox 1204 3092 1452 3145; x_wconf 88' lang='lat' dir='ltr'>tractata</span> <span class='ocrx_word' id='word_1_189' title='bbox 1494 3090 1725 3146; x_wconf 89' lang='lat' dir='ltr'>videtur</span> <span class='ocrx_word' id='word_1_190' title='bbox 1744 3092 1817 3146; x_wconf 91' lang='lat' dir='ltr'>ab</span> 
     </span>
    </p>
   </div>
   <div class='ocr_carea' id='block_1_32' title="bbox 162 3178 1815 3248">
    <p class='ocr_par' dir='ltr' id='par_1_32' title="bbox 162 3178 1815 3248">
     <span class='ocr_line' id='line_1_33' title="bbox 162 3178 1815 3248; baseline -0.001 -11"><span class='ocrx_word' id='word_1_191' title='bbox 162 3184 517 3239; x_wconf 79' lang='lat' dir='ltr'>lloil&#39;manno</span> <span class='ocrx_word' id='word_1_192' title='bbox 540 3180 626 3248; x_wconf 93' lang='lat' dir='ltr'>(In</span> <span class='ocrx_word' id='word_1_193' title='bbox 659 3179 803 3235; x_wconf 91' lang='lat' dir='ltr'>diss.</span> <span class='ocrx_word' id='word_1_194' title='bbox 845 3180 913 3234; x_wconf 88' lang='lat' dir='ltr'>de</span> <span class='ocrx_word' id='word_1_195' title='bbox 945 3178 1273 3234; x_wconf 77' lang='lat' dir='ltr'>Tertulliani</span> <span class='ocrx_word' id='word_1_196' title='bbox 1299 3179 1633 3236; x_wconf 78' lang='lat' dir='ltr'>omnibusin</span> <span class='ocrx_word' id='word_1_197' title='bbox 1666 3179 1815 3236; x_wconf 74' lang='lat' dir='ltr'>Mon-</span> 
     </span>
    </p>
   </div>
   <div class='ocr_carea' id='block_1_33' title="bbox 155 3266 1809 3341">
    <p class='ocr_par' dir='ltr' id='par_1_33' title="bbox 155 3266 1809 3341">
     <span class='ocr_line' id='line_1_34' title="bbox 155 3266 1809 3341; baseline -0.003 -13"><span class='ocrx_word' id='word_1_198' title='bbox 155 3274 399 3327; x_wconf 78' lang='lat' dir='ltr'>lanismo</span> <span class='ocrx_word' id='word_1_199' title='bbox 455 3270 694 3340; x_wconf 69' lang='lat' dir='ltr'>scriptis,</span> <span class='ocrx_word' id='word_1_200' title='bbox 741 3266 854 3341; x_wconf 86' lang='lat'>§6,</span> <span class='ocrx_word' id='word_1_201' title='bbox 902 3284 959 3339; x_wconf 93' lang='lat' dir='ltr'>p.</span> <span class='ocrx_word' id='word_1_202' title='bbox 1017 3266 1088 3322; x_wconf 84' lang='lat'>26</span> <span class='ocrx_word' id='word_1_203' title='bbox 1133 3266 1325 3338; x_wconf 80' lang='lat' dir='ltr'>seqq.),</span> <span class='ocrx_word' id='word_1_204' title='bbox 1386 3271 1441 3323; x_wconf 90' lang='lat' dir='ltr'>et</span> <span class='ocrx_word' id='word_1_205' title='bbox 1500 3266 1671 3338; x_wconf 88' lang='lat' dir='ltr'>plane</span> <span class='ocrx_word' id='word_1_206' title='bbox 1722 3284 1809 3323; x_wconf 91' lang='lat' dir='ltr'>se-</span> 
     </span>
    </p>
   </div>
   <div class='ocr_carea' id='block_1_34' title="bbox 156 3355 1813 3432">
    <p class='ocr_par' dir='ltr' id='par_1_34' title="bbox 156 3355 1813 3432">
     <span class='ocr_line' id='line_1_35' title="bbox 156 3355 1813 3432; baseline -0.002 -16"><span class='ocrx_word' id='word_1_207' title='bbox 156 3362 364 3432; x_wconf 79' lang='lat' dir='ltr'>quitur</span> <span class='ocrx_word' id='word_1_208' title='bbox 386 3358 553 3413; x_wconf 88' lang='lat' dir='ltr'>illam</span> <span class='ocrx_word' id='word_1_209' title='bbox 574 3357 1001 3428; x_wconf 60' lang='lat' dir='ltr'>liaeresim,quae</span> <span class='ocrx_word' id='word_1_210' title='bbox 1018 3371 1207 3426; x_wconf 90' lang='lat' dir='ltr'>neque</span> <span class='ocrx_word' id='word_1_211' title='bbox 1224 3372 1359 3411; x_wconf 88' lang='lat' dir='ltr'>ann.</span> <span class='ocrx_word' id='word_1_212' title='bbox 1394 3355 1813 3429; x_wconf 81' lang='lat' dir='ltr'>CXCIX,neque</span> 
     </span>
    </p>
   </div>
   <div class='ocr_carea' id='block_1_35' title="bbox 156 3444 1813 3521">
    <p class='ocr_par' dir='ltr' id='par_1_35' title="bbox 156 3444 1813 3521">
     <span class='ocr_line' id='line_1_36' title="bbox 156 3444 1813 3521; baseline -0.001 -16"><span class='ocrx_word' id='word_1_213' title='bbox 156 3452 307 3507; x_wconf 74' lang='lat'>127</span> <span class='ocrx_word' id='word_1_214' title='bbox 354 3446 531 3521; x_wconf 91' lang='lat' dir='ltr'>paulo</span> <span class='ocrx_word' id='word_1_215' title='bbox 565 3450 696 3520; x_wconf 90' lang='lat' dir='ltr'>post</span> <span class='ocrx_word' id='word_1_216' title='bbox 715 3444 1140 3502; x_wconf 87' lang='lat' dir='ltr'>Tertullianum</span> <span class='ocrx_word' id='word_1_217' title='bbox 1170 3444 1294 3501; x_wconf 89' lang='lat' dir='ltr'>vult</span> <span class='ocrx_word' id='word_1_218' title='bbox 1324 3446 1395 3501; x_wconf 92' lang='lat' dir='ltr'>ad</span> <span class='ocrx_word' id='word_1_219' title='bbox 1426 3447 1813 3505; x_wconf 89' lang='lat' dir='ltr'>Montanistas</span> 
     </span>
    </p>
   </div>
   <div class='ocr_carea' id='block_1_36' title="bbox 160 3534 1811 3608">
    <p class='ocr_par' dir='ltr' id='par_1_36' title="bbox 160 3534 1811 3608">
     <span class='ocr_line' id='line_1_37' title="bbox 160 3534 1811 3608; baseline 0 -14"><span class='ocrx_word' id='word_1_220' title='bbox 160 3538 502 3605; x_wconf 85' lang='lat' dir='ltr'>transiisse,</span> <span class='ocrx_word' id='word_1_221' title='bbox 536 3537 691 3608; x_wconf 93' lang='lat' dir='ltr'>quod</span> <span class='ocrx_word' id='word_1_222' title='bbox 724 3535 839 3591; x_wconf 89' lang='lat' dir='ltr'>alio</span> <span class='ocrx_word' id='word_1_223' title='bbox 879 3534 1004 3591; x_wconf 91' lang='lat' dir='ltr'>loco</span> <span class='ocrx_word' id='word_1_224' title='bbox 1036 3535 1487 3606; x_wconf 87' lang='lat' dir='ltr'>disputavimus.</span> <span class='ocrx_word' id='word_1_225' title='bbox 1519 3537 1587 3592; x_wconf 88' lang='lat' dir='ltr'>Et</span> <span class='ocrx_word' id='word_1_226' title='bbox 1608 3537 1666 3593; x_wconf 93' lang='lat' dir='ltr'>in</span> <span class='ocrx_word' id='word_1_227' title='bbox 1698 3536 1811 3594; x_wconf 89' lang='lat' dir='ltr'>ista</span> 
     </span>
    </p>
   </div>
   <div class='ocr_carea' id='block_1_37' title="bbox 152 3624 1811 3701">
    <p class='ocr_par' dir='ltr' id='par_1_37' title="bbox 152 3624 1811 3701">
     <span class='ocr_line' id='line_1_38' title="bbox 152 3624 1811 3701; baseline -0.002 -17"><span class='ocrx_word' id='word_1_228' title='bbox 152 3629 401 3701; x_wconf 88' lang='lat' dir='ltr'>quidem</span> <span class='ocrx_word' id='word_1_229' title='bbox 445 3631 606 3699; x_wconf 86' lang='lat' dir='ltr'>parte</span> <span class='ocrx_word' id='word_1_230' title='bbox 665 3624 1082 3698; x_wconf 85' lang='lat' dir='ltr'>disputationis</span> <span class='ocrx_word' id='word_1_231' title='bbox 1133 3625 1350 3681; x_wconf 89' lang='lat' dir='ltr'>rectius</span> <span class='ocrx_word' id='word_1_232' title='bbox 1396 3630 1661 3682; x_wconf 88' lang='lat' dir='ltr'>versatus</span> <span class='ocrx_word' id='word_1_233' title='bbox 1723 3631 1811 3682; x_wconf 89' lang='lat' dir='ltr'>est</span> 
     </span>
    </p>
   </div>
   <div class='ocr_carea' id='block_1_38' title="bbox 149 3715 1806 3787">
    <p class='ocr_par' dir='ltr' id='par_1_38' title="bbox 149 3715 1806 3787">
     <span class='ocr_line' id='line_1_39' title="bbox 149 3715 1806 3787; baseline -0.001 -14"><span class='ocrx_word' id='word_1_234' title='bbox 149 3718 752 3787; x_wconf 82' lang='lat' dir='ltr'>IIoffmannus,quam</span> <span class='ocrx_word' id='word_1_235' title='bbox 768 3719 916 3780; x_wconf 91' lang='lat' dir='ltr'>tum,</span> <span class='ocrx_word' id='word_1_236' title='bbox 949 3731 1081 3770; x_wconf 91' lang='lat' dir='ltr'>cum</span> <span class='ocrx_word' id='word_1_237' title='bbox 1116 3731 1285 3770; x_wconf 90' lang='lat' dir='ltr'>suam</span> <span class='ocrx_word' id='word_1_238' title='bbox 1315 3715 1441 3786; x_wconf 90' lang='lat' dir='ltr'>ipse</span> <span class='ocrx_word' id='word_1_239' title='bbox 1471 3715 1806 3787; x_wconf 90' lang='lat' dir='ltr'>opinionem</span> 
     </span>
    </p>
   </div>
   <div class='ocr_carea' id='block_1_39' title="bbox 146 3801 1808 3877">
    <p class='ocr_par' dir='ltr' id='par_1_39' title="bbox 146 3801 1808 3877">
     <span class='ocr_line' id='line_1_40' title="bbox 146 3801 1808 3877; baseline -0.001 -15"><span class='ocrx_word' id='word_1_240' title='bbox 146 3804 419 3877; x_wconf 87' lang='lat' dir='ltr'>protulit.</span> <span class='ocrx_word' id='word_1_241' title='bbox 456 3803 597 3858; x_wconf 90' lang='lat' dir='ltr'>Vult</span> <span class='ocrx_word' id='word_1_242' title='bbox 625 3803 784 3859; x_wconf 87' lang='lat' dir='ltr'>enim</span> <span class='ocrx_word' id='word_1_243' title='bbox 815 3802 970 3858; x_wconf 88' lang='lat' dir='ltr'>hunc</span> <span class='ocrx_word' id='word_1_244' title='bbox 997 3801 1213 3858; x_wconf 92' lang='lat' dir='ltr'>librum</span> <span class='ocrx_word' id='word_1_245' title='bbox 1246 3820 1312 3859; x_wconf 89' lang='lat' dir='ltr'>eo</span> <span class='ocrx_word' id='word_1_246' title='bbox 1334 3808 1595 3875; x_wconf 89' lang='lat' dir='ltr'>tempore</span> <span class='ocrx_word' id='word_1_247' title='bbox 1625 3804 1808 3860; x_wconf 88' lang='lat' dir='ltr'>fuisse</span> 
     </span>
    </p>
   </div>
   <div class='ocr_carea' id='block_1_40' title="bbox 145 3891 1802 3966">
    <p class='ocr_par' dir='ltr' id='par_1_40' title="bbox 145 3891 1802 3966">
     <span class='ocr_line' id='line_1_41' title="bbox 145 3891 1802 3966; baseline -0.001 -16"><span class='ocrx_word' id='word_1_248' title='bbox 145 3894 575 3966; x_wconf 85' lang='lat' dir='ltr'>conscriptum,</span> <span class='ocrx_word' id='word_1_249' title='bbox 606 3909 738 3948; x_wconf 90' lang='lat' dir='ltr'>cum</span> <span class='ocrx_word' id='word_1_250' title='bbox 764 3908 876 3965; x_wconf 85' lang='lat' dir='ltr'>pax</span> <span class='ocrx_word' id='word_1_251' title='bbox 924 3891 1397 3948; x_wconf 87' lang='lat' dir='ltr'>Christianorum</span> <span class='ocrx_word' id='word_1_252' title='bbox 1430 3910 1502 3948; x_wconf 92' lang='lat' dir='ltr'>ne</span> <span class='ocrx_word' id='word_1_253' title='bbox 1543 3910 1575 3949; x_wconf 92' lang='lat' dir='ltr'>a</span> <span class='ocrx_word' id='word_1_254' title='bbox 1606 3894 1802 3965; x_wconf 72' lang='lat' dir='ltr'>praesi-</span> 
     </span>
    </p>
   </div>
   <div class='ocr_carea' id='block_1_41' title="bbox 145 3980 1807 4053">
    <p class='ocr_par' dir='ltr' id='par_1_41' title="bbox 145 3980 1807 4053">
     <span class='ocr_line' id='line_1_42' title="bbox 145 3980 1807 4053; baseline 0.001 -14"><span class='ocrx_word' id='word_1_255' title='bbox 145 3986 318 4041; x_wconf 90' lang='lat' dir='ltr'>dibus</span> <span class='ocrx_word' id='word_1_256' title='bbox 361 3984 622 4053; x_wconf 88' lang='lat' dir='ltr'>quidem,</span> <span class='ocrx_word' id='word_1_257' title='bbox 658 3982 872 4037; x_wconf 90' lang='lat' dir='ltr'>nedum</span> <span class='ocrx_word' id='word_1_258' title='bbox 922 3980 1109 4037; x_wconf 88' lang='lat' dir='ltr'>edicto</span> <span class='ocrx_word' id='word_1_259' title='bbox 1157 3982 1405 4053; x_wconf 84' lang='lat' dir='ltr'>Augusti</span> <span class='ocrx_word' id='word_1_260' title='bbox 1461 3981 1807 4040; x_wconf 81' lang='lat' dir='ltr'>labefactata</span> 
     </span>
    </p>
   </div>
   <div class='ocr_carea' id='block_1_42' title="bbox 146 4070 1803 4144">
    <p class='ocr_par' dir='ltr' id='par_1_42' title="bbox 146 4070 1803 4144">
     <span class='ocr_line' id='line_1_43' title="bbox 146 4070 1803 4144; baseline 0 -17"><span class='ocrx_word' id='word_1_261' title='bbox 146 4073 345 4144; x_wconf 88' lang='lat' dir='ltr'>fuerit,</span> <span class='ocrx_word' id='word_1_262' title='bbox 384 4076 441 4127; x_wconf 89' lang='lat' dir='ltr'>et</span> <span class='ocrx_word' id='word_1_263' title='bbox 472 4088 623 4127; x_wconf 91' lang='lat' dir='ltr'>anno</span> <span class='ocrx_word' id='word_1_264' title='bbox 654 4071 893 4142; x_wconf 89' lang='lat' dir='ltr'>quidem</span> <span class='ocrx_word' id='word_1_265' title='bbox 959 4074 1022 4123; x_wconf 91' lang='lat' dir='ltr'>P.</span> <span class='ocrx_word' id='word_1_266' title='bbox 1074 4075 1134 4125; x_wconf 89' lang='lat' dir='ltr'>C.</span> <span class='ocrx_word' id='word_1_267' title='bbox 1184 4070 1252 4125; x_wconf 93' lang='lat' dir='ltr'>N.</span> <span class='ocrx_word' id='word_1_268' title='bbox 1308 4070 1596 4140; x_wconf 82' lang='lat' dir='ltr'>CXCVIII;</span> <span class='ocrx_word' id='word_1_269' title='bbox 1659 4090 1803 4144; x_wconf 87' lang='lat' dir='ltr'>quo-</span> 
     </span>
    </p>
   </div>
   <div class='ocr_carea' id='block_1_43' title="bbox 146 4158 1806 4230">
    <p class='ocr_par' dir='ltr' id='par_1_43' title="bbox 146 4158 1806 4230">
     <span class='ocr_line' id='line_1_44' title="bbox 146 4158 1806 4230; baseline -0.001 -12"><span class='ocrx_word' id='word_1_270' title='bbox 146 4179 277 4218; x_wconf 90' lang='lat' dir='ltr'>rum</span> <span class='ocrx_word' id='word_1_271' title='bbox 310 4161 488 4217; x_wconf 90' lang='lat' dir='ltr'>illum</span> <span class='ocrx_word' id='word_1_272' title='bbox 519 4159 669 4216; x_wconf 85' lang='lat' dir='ltr'>efﬁci</span> <span class='ocrx_word' id='word_1_273' title='bbox 691 4160 895 4226; x_wconf 89' lang='lat' dir='ltr'>credit,</span> <span class='ocrx_word' id='word_1_274' title='bbox 927 4175 993 4215; x_wconf 91' lang='lat' dir='ltr'>eo</span> <span class='ocrx_word' id='word_1_275' title='bbox 1026 4159 1182 4230; x_wconf 90' lang='lat' dir='ltr'>quod</span> <span class='ocrx_word' id='word_1_276' title='bbox 1216 4158 1613 4216; x_wconf 87' lang='lat' dir='ltr'>Tertullianus</span> <span class='ocrx_word' id='word_1_277' title='bbox 1644 4161 1806 4216; x_wconf 83' lang='lat' dir='ltr'>Chri-</span> 
     </span>
    </p>
   </div>
   <div class='ocr_carea' id='block_1_44' title="bbox 146 4247 1803 4319">
    <p class='ocr_par' dir='ltr' id='par_1_44' title="bbox 146 4247 1803 4319">
     <span class='ocr_line' id='line_1_45' title="bbox 146 4247 1803 4319; baseline -0.001 -12"><span class='ocrx_word' id='word_1_278' title='bbox 146 4252 374 4307; x_wconf 86' lang='lat' dir='ltr'>stianos</span> <span class='ocrx_word' id='word_1_279' title='bbox 406 4250 621 4305; x_wconf 83' lang='lat' dir='ltr'>referat</span> <span class='ocrx_word' id='word_1_280' title='bbox 667 4248 1003 4317; x_wconf 87' lang='lat' dir='ltr'>credidisse,</span> <span class='ocrx_word' id='word_1_281' title='bbox 1038 4264 1238 4319; x_wconf 89' lang='lat' dir='ltr'>pacem</span> <span class='ocrx_word' id='word_1_282' title='bbox 1289 4247 1648 4319; x_wconf 89' lang='lat' dir='ltr'>imprudenti</span> <span class='ocrx_word' id='word_1_283' title='bbox 1696 4251 1803 4305; x_wconf 92' lang='lat' dir='ltr'>mi-</span> 
     </span>
    </p>
   </div>
   <div class='ocr_carea' id='block_1_45' title="bbox 145 4337 1806 4412">
    <p class='ocr_par' dir='ltr' id='par_1_45' title="bbox 145 4337 1806 4412">
     <span class='ocr_line' id='line_1_46' title="bbox 145 4337 1806 4412; baseline 0.001 -17"><span class='ocrx_word' id='word_1_284' title='bbox 145 4340 287 4412; x_wconf 88' lang='lat' dir='ltr'>litis,</span> <span class='ocrx_word' id='word_1_285' title='bbox 313 4355 498 4412; x_wconf 87' lang='lat' dir='ltr'>quem</span> <span class='ocrx_word' id='word_1_286' title='bbox 530 4339 628 4394; x_wconf 90' lang='lat' dir='ltr'>hic</span> <span class='ocrx_word' id='word_1_287' title='bbox 672 4338 949 4403; x_wconf 87' lang='lat' dir='ltr'>defendit,</span> <span class='ocrx_word' id='word_1_288' title='bbox 1001 4338 1153 4393; x_wconf 89' lang='lat' dir='ltr'>facto</span> <span class='ocrx_word' id='word_1_289' title='bbox 1208 4337 1511 4393; x_wconf 89' lang='lat' dir='ltr'>turbatum</span> <span class='ocrx_word' id='word_1_290' title='bbox 1543 4339 1615 4393; x_wconf 90' lang='lat' dir='ltr'>iri</span> <span class='ocrx_word' id='word_1_291' title='bbox 1650 4357 1663 4408; x_wconf 89' lang='lat'>;</span> <span class='ocrx_word' id='word_1_292' title='bbox 1697 4339 1806 4396; x_wconf 91' lang='lat' dir='ltr'>hoc</span> 
     </span>
    </p>
   </div>
   <div class='ocr_carea' id='block_1_46' title="bbox 144 4426 1802 4503">
    <p class='ocr_par' dir='ltr' id='par_1_46' title="bbox 144 4426 1802 4503">
     <span class='ocr_line' id='line_1_47' title="bbox 144 4426 1802 4503; baseline 0.001 -20"><span class='ocrx_word' id='word_1_293' title='bbox 144 4447 276 4486; x_wconf 88' lang='lat' dir='ltr'>vero</span> <span class='ocrx_word' id='word_1_294' title='bbox 311 4427 747 4503; x_wconf 87' lang='lat' dir='ltr'>potentissimis</span> <span class='ocrx_word' id='word_1_295' title='bbox 782 4428 862 4482; x_wconf 90' lang='lat' dir='ltr'>ait</span> <span class='ocrx_word' id='word_1_296' title='bbox 891 4427 961 4482; x_wconf 90' lang='lat' dir='ltr'>ab</span> <span class='ocrx_word' id='word_1_297' title='bbox 993 4426 1158 4483; x_wconf 90' lang='lat' dir='ltr'>Orsio</span> <span class='ocrx_word' id='word_1_298' title='bbox 1208 4428 1677 4484; x_wconf 88' lang='lat' dir='ltr'>demonstratum</span> <span class='ocrx_word' id='word_1_299' title='bbox 1711 4446 1802 4485; x_wconf 89' lang='lat' dir='ltr'>ar—</span> 
     </span>
    </p>
   </div>
   <div class='ocr_carea' id='block_1_47' title="bbox 144 4515 1807 4591">
    <p class='ocr_par' dir='ltr' id='par_1_47' title="bbox 144 4515 1807 4591">
     <span class='ocr_line' id='line_1_48' title="bbox 144 4515 1807 4591; baseline 0.001 -18"><span class='ocrx_word' id='word_1_300' title='bbox 144 4518 452 4591; x_wconf 86' lang='lat' dir='ltr'>gumentis</span> <span class='ocrx_word' id='word_1_301' title='bbox 476 4533 623 4572; x_wconf 90' lang='lat' dir='ltr'>esse.</span> <span class='ocrx_word' id='word_1_302' title='bbox 649 4518 783 4582; x_wconf 58' lang='lat' dir='ltr'>Quae</span> <span class='ocrx_word' id='word_1_303' title='bbox 802 4532 935 4571; x_wconf 91' lang='lat' dir='ltr'>cum</span> <span class='ocrx_word' id='word_1_304' title='bbox 959 4515 1380 4572; x_wconf 88' lang='lat' dir='ltr'>adhiberentur</span> <span class='ocrx_word' id='word_1_305' title='bbox 1408 4516 1483 4572; x_wconf 90' lang='lat' dir='ltr'>ab</span> <span class='ocrx_word' id='word_1_306' title='bbox 1514 4517 1807 4575; x_wconf 81' lang='lat' dir='ltr'>Hofl‘man-</span> 
     </span>
    </p>
   </div>
   <div class='ocr_carea' id='block_1_48' title="bbox 1959 597 3616 679">
    <p class='ocr_par' dir='ltr' id='par_1_48' title="bbox 1959 597 3616 679">
     <span class='ocr_line' id='line_1_49' title="bbox 1959 597 3616 679; baseline 0.01 -29"><span class='ocrx_word' id='word_1_307' title='bbox 1959 597 2293 668; x_wconf 62' lang='lat' dir='ltr'>tranquilla;</span> <span class='ocrx_word' id='word_1_308' title='bbox 2328 599 2565 670; x_wconf 87' lang='lat' dir='ltr'>fuerint,</span> <span class='ocrx_word' id='word_1_309' title='bbox 2596 601 2655 657; x_wconf 89' lang='lat' dir='ltr'>in</span> <span class='ocrx_word' id='word_1_310' title='bbox 2703 602 2832 659; x_wconf 90' lang='lat' dir='ltr'>aliis</span> <span class='ocrx_word' id='word_1_311' title='bbox 2889 621 3292 677; x_wconf 79' lang='lat' dir='ltr'>saepenumero</span> <span class='ocrx_word' id='word_1_312' title='bbox 3348 625 3381 664; x_wconf 91' lang='lat' dir='ltr'>a</span> <span class='ocrx_word' id='word_1_313' title='bbox 3422 612 3616 679; x_wconf 80' lang='lat' dir='ltr'>praesi-</span> 
     </span>
    </p>
   </div>
   <div class='ocr_carea' id='block_1_49' title="bbox 1956 683 3613 759">
    <p class='ocr_par' dir='ltr' id='par_1_49' title="bbox 1956 683 3613 759">
     <span class='ocr_line' id='line_1_50' title="bbox 1956 683 3613 759; baseline 0.011 -21"><span class='ocrx_word' id='word_1_314' title='bbox 1956 683 2131 741; x_wconf 90' lang='lat' dir='ltr'>dibus</span> <span class='ocrx_word' id='word_1_315' title='bbox 2186 686 2486 759; x_wconf 89' lang='lat' dir='ltr'>turbatas,</span> <span class='ocrx_word' id='word_1_316' title='bbox 2529 695 2585 745; x_wconf 92' lang='lat' dir='ltr'>et</span> <span class='ocrx_word' id='word_1_317' title='bbox 2635 690 2812 748; x_wconf 92' lang='lat' dir='ltr'>talem</span> <span class='ocrx_word' id='word_1_318' title='bbox 2874 693 2955 749; x_wconf 90' lang='lat' dir='ltr'>rei</span> <span class='ocrx_word' id='word_1_319' title='bbox 3010 693 3354 752; x_wconf 62' lang='lat' dir='ltr'>Christianis</span> <span class='ocrx_word' id='word_1_320' title='bbox 3403 698 3613 757; x_wconf 86' lang='lat' dir='ltr'>faciem</span> 
     </span>
    </p>
   </div>
   <div class='ocr_carea' id='block_1_50' title="bbox 1957 776 3611 850">
    <p class='ocr_par' dir='ltr' id='par_1_50' title="bbox 1957 776 3611 850">
     <span class='ocr_line' id='line_1_51' title="bbox 1957 776 3611 850; baseline 0.01 -23"><span class='ocrx_word' id='word_1_321' title='bbox 1957 776 2222 847; x_wconf 91' lang='lat' dir='ltr'>tempore</span> <span class='ocrx_word' id='word_1_322' title='bbox 2253 778 2456 850; x_wconf 89' lang='lat' dir='ltr'>scripti</span> <span class='ocrx_word' id='word_1_323' title='bbox 2480 779 2661 849; x_wconf 90' lang='lat' dir='ltr'>hujus</span> <span class='ocrx_word' id='word_1_324' title='bbox 2693 780 2825 836; x_wconf 90' lang='lat' dir='ltr'>libri</span> <span class='ocrx_word' id='word_1_325' title='bbox 2878 799 3076 839; x_wconf 87' lang='lat' dir='ltr'>revera</span> <span class='ocrx_word' id='word_1_326' title='bbox 3119 784 3324 842; x_wconf 88' lang='lat' dir='ltr'>fuisse.</span> <span class='ocrx_word' id='word_1_327' title='bbox 3359 786 3611 846; x_wconf 87' lang='lat' dir='ltr'>Pulchre</span> 
     </span>
    </p>
   </div>
   <div class='ocr_carea' id='block_1_51' title="bbox 1956 863 3604 941">
    <p class='ocr_par' dir='ltr' id='par_1_51' title="bbox 1956 863 3604 941">
     <span class='ocr_line' id='line_1_52' title="bbox 1956 863 3604 941; baseline 0.012 -25"><span class='ocrx_word' id='word_1_328' title='bbox 1956 863 2112 918; x_wconf 92' lang='lat' dir='ltr'>enim</span> <span class='ocrx_word' id='word_1_329' title='bbox 2144 864 2201 919; x_wconf 92' lang='lat' dir='ltr'>id</span> <span class='ocrx_word' id='word_1_330' title='bbox 2235 866 2695 941; x_wconf 88' lang='lat' dir='ltr'>potestintelligi</span> <span class='ocrx_word' id='word_1_331' title='bbox 2717 885 2746 924; x_wconf 91' lang='lat' dir='ltr'>e</span> <span class='ocrx_word' id='word_1_332' title='bbox 2792 869 2941 926; x_wconf 88' lang='lat' dir='ltr'>libro</span> <span class='ocrx_word' id='word_1_333' title='bbox 2999 871 3342 929; x_wconf 88' lang='lat' dir='ltr'>Tertulliani</span> <span class='ocrx_word' id='word_1_334' title='bbox 3374 877 3452 933; x_wconf 87' lang='lat' dir='ltr'>ad</span> <span class='ocrx_word' id='word_1_335' title='bbox 3470 878 3604 934; x_wconf 86' lang='lat' dir='ltr'>Sca-</span> 
     </span>
    </p>
   </div>
   <div class='ocr_carea' id='block_1_52' title="bbox 1946 950 3602 1032">
    <p class='ocr_par' dir='ltr' id='par_1_52' title="bbox 1946 950 3602 1032">
     <span class='ocr_line' id='line_1_53' title="bbox 1946 950 3602 1032; baseline 0.01 -26"><span class='ocrx_word' id='word_1_336' title='bbox 1946 950 2169 1023; x_wconf 83' lang='lat' dir='ltr'>pulam,</span> <span class='ocrx_word' id='word_1_337' title='bbox 2229 971 2405 1026; x_wconf 91' lang='lat' dir='ltr'>quem</span> <span class='ocrx_word' id='word_1_338' title='bbox 2459 958 2681 1013; x_wconf 90' lang='lat' dir='ltr'>editum</span> <span class='ocrx_word' id='word_1_339' title='bbox 2735 974 2863 1015; x_wconf 90' lang='lat' dir='ltr'>esse</span> <span class='ocrx_word' id='word_1_340' title='bbox 2920 959 3246 1032; x_wconf 87' lang='lat' dir='ltr'>imperante</span> <span class='ocrx_word' id='word_1_341' title='bbox 3307 965 3602 1023; x_wconf 89' lang='lat' dir='ltr'>Caracallo</span> 
     </span>
    </p>
   </div>
   <div class='ocr_carea' id='block_1_53' title="bbox 1952 1040 3599 1127">
    <p class='ocr_par' dir='ltr' id='par_1_53' title="bbox 1952 1040 3599 1127">
     <span class='ocr_line' id='line_1_54' title="bbox 1952 1040 3599 1127; baseline 0.01 -32"><span class='ocrx_word' id='word_1_342' title='bbox 1952 1040 2190 1111; x_wconf 88' lang='lat' dir='ltr'>plurimi</span> <span class='ocrx_word' id='word_1_343' title='bbox 2225 1060 2427 1101; x_wconf 90' lang='lat' dir='ltr'>eorum</span> <span class='ocrx_word' id='word_1_344' title='bbox 2459 1047 3280 1123; x_wconf 86' lang='lat' dir='ltr'>conﬁtentur,quiquidquam</span> <span class='ocrx_word' id='word_1_345' title='bbox 3303 1052 3487 1111; x_wconf 89' lang='lat' dir='ltr'>inisto</span> <span class='ocrx_word' id='word_1_346' title='bbox 3505 1071 3599 1127; x_wconf 89' lang='lat' dir='ltr'>ge-</span> 
     </span>
    </p>
   </div>
   <div class='ocr_carea' id='block_1_54' title="bbox 1951 1135 3597 1216">
    <p class='ocr_par' dir='ltr' id='par_1_54' title="bbox 1951 1135 3597 1216">
     <span class='ocr_line' id='line_1_55' title="bbox 1951 1135 3597 1216; baseline 0.01 -31"><span class='ocrx_word' id='word_1_347' title='bbox 1951 1146 2087 1186; x_wconf 90' lang='lat' dir='ltr'>nere</span> <span class='ocrx_word' id='word_1_348' title='bbox 2119 1135 2455 1203; x_wconf 89' lang='lat' dir='ltr'>tentarunt;</span> <span class='ocrx_word' id='word_1_349' title='bbox 2490 1138 2548 1190; x_wconf 89' lang='lat' dir='ltr'>et</span> <span class='ocrx_word' id='word_1_350' title='bbox 2577 1137 2881 1209; x_wconf 88' lang='lat' dir='ltr'>apparebit</span> <span class='ocrx_word' id='word_1_351' title='bbox 2909 1138 2966 1193; x_wconf 91' lang='lat' dir='ltr'>id</span> <span class='ocrx_word' id='word_1_352' title='bbox 3001 1140 3237 1211; x_wconf 88' lang='lat' dir='ltr'>quidem</span> <span class='ocrx_word' id='word_1_353' title='bbox 3271 1158 3339 1197; x_wconf 86' lang='lat' dir='ltr'>ex</span> <span class='ocrx_word' id='word_1_354' title='bbox 3367 1142 3440 1199; x_wconf 90' lang='lat' dir='ltr'>iis</span> <span class='ocrx_word' id='word_1_355' title='bbox 3473 1160 3597 1216; x_wconf 71' lang='lat' dir='ltr'>quas</span> 
     </span>
    </p>
   </div>
   <div class='ocr_carea' id='block_1_55' title="bbox 1949 1221 3593 1305">
    <p class='ocr_par' dir='ltr' id='par_1_55' title="bbox 1949 1221 3593 1305">
     <span class='ocr_line' id='line_1_56' title="bbox 1949 1221 3593 1305; baseline 0.01 -31"><span class='ocrx_word' id='word_1_356' title='bbox 1949 1224 2151 1290; x_wconf 89' lang='lat' dir='ltr'>postea</span> <span class='ocrx_word' id='word_1_357' title='bbox 2173 1221 2678 1281; x_wconf 89' lang='lat' dir='ltr'>docebimus.Jam</span> <span class='ocrx_word' id='word_1_358' title='bbox 2708 1225 2820 1282; x_wconf 92' lang='lat' dir='ltr'>isto</span> <span class='ocrx_word' id='word_1_359' title='bbox 2842 1242 2909 1283; x_wconf 87' lang='lat' dir='ltr'>ex</span> <span class='ocrx_word' id='word_1_360' title='bbox 2940 1227 3087 1283; x_wconf 91' lang='lat' dir='ltr'>libro</span> <span class='ocrx_word' id='word_1_361' title='bbox 3120 1230 3253 1301; x_wconf 90' lang='lat' dir='ltr'>quis</span> <span class='ocrx_word' id='word_1_362' title='bbox 3275 1248 3387 1287; x_wconf 90' lang='lat' dir='ltr'>non</span> <span class='ocrx_word' id='word_1_363' title='bbox 3420 1234 3593 1305; x_wconf 89' lang='lat' dir='ltr'>videt,</span> 
     </span>
    </p>
   </div>
   <div class='ocr_carea' id='block_1_56' title="bbox 1948 1318 3596 1397">
    <p class='ocr_par' dir='ltr' id='par_1_56' title="bbox 1948 1318 3596 1397">
     <span class='ocr_line' id='line_1_57' title="bbox 1948 1318 3596 1397; baseline 0.011 -26"><span class='ocrx_word' id='word_1_364' title='bbox 1948 1318 2224 1375; x_wconf 86' lang='lat' dir='ltr'>maximis</span> <span class='ocrx_word' id='word_1_365' title='bbox 2254 1322 2380 1376; x_wconf 89' lang='lat' dir='ltr'>tum</span> <span class='ocrx_word' id='word_1_366' title='bbox 2410 1321 2843 1380; x_wconf 88' lang='lat' dir='ltr'>calamitatibus</span> <span class='ocrx_word' id='word_1_367' title='bbox 2898 1326 3193 1397; x_wconf 89' lang='lat' dir='ltr'>expositos</span> <span class='ocrx_word' id='word_1_368' title='bbox 3241 1328 3596 1389; x_wconf 87' lang='lat' dir='ltr'>christianos</span> 
     </span>
    </p>
   </div>
   <div class='ocr_carea' id='block_1_57' title="bbox 1947 1408 3597 1491">
    <p class='ocr_par' dir='ltr' id='par_1_57' title="bbox 1947 1408 3597 1491">
     <span class='ocr_line' id='line_1_58' title="bbox 1947 1408 3597 1491; baseline 0.01 -30"><span class='ocrx_word' id='word_1_369' title='bbox 1947 1408 2173 1464; x_wconf 85' lang='lat' dir='ltr'>fuisse?</span> <span class='ocrx_word' id='word_1_370' title='bbox 2203 1409 2271 1465; x_wconf 88' lang='lat' dir='ltr'>Et</span> <span class='ocrx_word' id='word_1_371' title='bbox 2294 1426 2464 1467; x_wconf 90' lang='lat' dir='ltr'>nemo</span> <span class='ocrx_word' id='word_1_372' title='bbox 2496 1416 2692 1468; x_wconf 90' lang='lat' dir='ltr'>tamen</span> <span class='ocrx_word' id='word_1_373' title='bbox 2725 1421 2983 1471; x_wconf 89' lang='lat' dir='ltr'>unusest</span> <span class='ocrx_word' id='word_1_374' title='bbox 3007 1416 3159 1471; x_wconf 90' lang='lat' dir='ltr'>inter</span> <span class='ocrx_word' id='word_1_375' title='bbox 3180 1417 3597 1491; x_wconf 85' lang='lat' dir='ltr'>scriptoresve-</span> 
     </span>
    </p>
   </div>
   <div class='ocr_carea' id='block_1_58' title="bbox 1944 1499 3597 1569">
    <p class='ocr_par' dir='ltr' id='par_1_58' title="bbox 1944 1499 3597 1569">
     <span class='ocr_line' id='line_1_59' title="bbox 1944 1499 3597 1569; baseline 0.01 -18"><span class='ocrx_word' id='word_1_376' title='bbox 1944 1499 2227 1569; x_wconf 89' lang='lat' dir='ltr'>teres,qui</span> <span class='ocrx_word' id='word_1_377' title='bbox 2260 1499 2622 1557; x_wconf 86' lang='lat' dir='ltr'>Christianos</span> <span class='ocrx_word' id='word_1_378' title='bbox 2649 1502 3063 1560; x_wconf 89' lang='lat' dir='ltr'>suhCaracallo</span> <span class='ocrx_word' id='word_1_379' title='bbox 3080 1510 3313 1563; x_wconf 87' lang='lat' dir='ltr'>vexatos</span> <span class='ocrx_word' id='word_1_380' title='bbox 3343 1514 3597 1566; x_wconf 87' lang='lat' dir='ltr'>essetra-</span> 
     </span>
    </p>
   </div>
   <div class='ocr_carea' id='block_1_59' title="bbox 1946 1586 3599 1666">
    <p class='ocr_par' dir='ltr' id='par_1_59' title="bbox 1946 1586 3599 1666">
     <span class='ocr_line' id='line_1_60' title="bbox 1946 1586 3599 1666; baseline 0.009 -25"><span class='ocrx_word' id='word_1_381' title='bbox 1946 1586 2064 1642; x_wconf 90' lang='lat' dir='ltr'>dat.</span> <span class='ocrx_word' id='word_1_382' title='bbox 2098 1587 2261 1644; x_wconf 93' lang='lat' dir='ltr'>Unde</span> <span class='ocrx_word' id='word_1_383' title='bbox 2295 1589 2399 1645; x_wconf 90' lang='lat' dir='ltr'>hoc</span> <span class='ocrx_word' id='word_1_384' title='bbox 2419 1590 2746 1647; x_wconf 85' lang='lat' dir='ltr'>?Nimirum</span> <span class='ocrx_word' id='word_1_385' title='bbox 2778 1594 2918 1665; x_wconf 90' lang='lat' dir='ltr'>quia</span> <span class='ocrx_word' id='word_1_386' title='bbox 2934 1610 3075 1666; x_wconf 89' lang='lat' dir='ltr'>pace</span> <span class='ocrx_word' id='word_1_387' title='bbox 3095 1600 3219 1651; x_wconf 90' lang='lat' dir='ltr'>tum</span> <span class='ocrx_word' id='word_1_388' title='bbox 3253 1597 3599 1657; x_wconf 86' lang='lat' dir='ltr'>fruebantur</span> 
     </span>
    </p>
   </div>
   <div class='ocr_carea' id='block_1_60' title="bbox 1947 1676 3593 1758">
    <p class='ocr_par' dir='ltr' id='par_1_60' title="bbox 1947 1676 3593 1758">
     <span class='ocr_line' id='line_1_61' title="bbox 1947 1676 3593 1758; baseline 0.009 -27"><span class='ocrx_word' id='word_1_389' title='bbox 1947 1676 2109 1733; x_wconf 92' lang='lat' dir='ltr'>nullo</span> <span class='ocrx_word' id='word_1_390' title='bbox 2142 1679 2389 1751; x_wconf 82' lang='lat' dir='ltr'>Augusti</span> <span class='ocrx_word' id='word_1_391' title='bbox 2421 1680 2610 1736; x_wconf 88' lang='lat' dir='ltr'>edicto</span> <span class='ocrx_word' id='word_1_392' title='bbox 2640 1682 2913 1750; x_wconf 83' lang='lat' dir='ltr'>turbata;</span> <span class='ocrx_word' id='word_1_393' title='bbox 2948 1685 3048 1740; x_wconf 89' lang='lat' dir='ltr'>sed</span> <span class='ocrx_word' id='word_1_394' title='bbox 3090 1702 3123 1741; x_wconf 90' lang='lat' dir='ltr'>a</span> <span class='ocrx_word' id='word_1_395' title='bbox 3160 1687 3476 1758; x_wconf 81' lang='lat' dir='ltr'>praesidum</span> <span class='ocrx_word' id='word_1_396' title='bbox 3500 1694 3593 1747; x_wconf 88' lang='lat' dir='ltr'>ta-</span> 
     </span>
    </p>
   </div>
   <div class='ocr_carea' id='block_1_61' title="bbox 1947 1767 3592 1836">
    <p class='ocr_par' dir='ltr' id='par_1_61' title="bbox 1947 1767 3592 1836">
     <span class='ocr_line' id='line_1_62' title="bbox 1947 1767 3592 1836; baseline 0.01 -17"><span class='ocrx_word' id='word_1_397' title='bbox 1947 1781 2077 1821; x_wconf 89' lang='lat' dir='ltr'>men</span> <span class='ocrx_word' id='word_1_398' title='bbox 2111 1767 2452 1823; x_wconf 90' lang='lat' dir='ltr'>crudelitate</span> <span class='ocrx_word' id='word_1_399' title='bbox 2502 1786 2617 1825; x_wconf 91' lang='lat' dir='ltr'>non</span> <span class='ocrx_word' id='word_1_400' title='bbox 2665 1772 2953 1827; x_wconf 89' lang='lat' dir='ltr'>vacabant</span> <span class='ocrx_word' id='word_1_401' title='bbox 2994 1773 3204 1830; x_wconf 88' lang='lat' dir='ltr'>ubivis.</span> <span class='ocrx_word' id='word_1_402' title='bbox 3252 1776 3400 1832; x_wconf 92' lang='lat' dir='ltr'>Tum</span> <span class='ocrx_word' id='word_1_403' title='bbox 3462 1796 3592 1836; x_wconf 89' lang='lat' dir='ltr'>vero</span> 
     </span>
    </p>
   </div>
   <div class='ocr_carea' id='block_1_62' title="bbox 1863 1862 3591 1951">
    <p class='ocr_par' dir='ltr' id='par_1_62' title="bbox 1863 1862 3591 1951">
     <span class='ocr_line' id='line_1_63' title="bbox 1863 1862 3591 1951; baseline 0.009 -33"><span class='ocrx_word' id='word_1_404' title='bbox 1863 1884 1911 1951; x_wconf 83' lang='lat' dir='ltr'><strong>B</strong></span> <span class='ocrx_word' id='word_1_405' title='bbox 1944 1878 2005 1919; x_wconf 86' lang='lat' dir='ltr'>se</span> <span class='ocrx_word' id='word_1_406' title='bbox 2034 1862 2115 1918; x_wconf 91' lang='lat' dir='ltr'>ita</span> <span class='ocrx_word' id='word_1_407' title='bbox 2150 1880 2269 1919; x_wconf 89' lang='lat' dir='ltr'>rem</span> <span class='ocrx_word' id='word_1_408' title='bbox 2300 1864 2578 1922; x_wconf 86' lang='lat' dir='ltr'>habuisse</span> <span class='ocrx_word' id='word_1_409' title='bbox 2620 1867 2880 1937; x_wconf 90' lang='lat' dir='ltr'>omnino,</span> <span class='ocrx_word' id='word_1_410' title='bbox 2937 1886 3072 1926; x_wconf 91' lang='lat' dir='ltr'>cum</span> <span class='ocrx_word' id='word_1_411' title='bbox 3120 1872 3181 1927; x_wconf 91' lang='lat' dir='ltr'>in</span> <span class='ocrx_word' id='word_1_412' title='bbox 3227 1872 3452 1931; x_wconf 89' lang='lat' dir='ltr'>litteras</span> <span class='ocrx_word' id='word_1_413' title='bbox 3502 1894 3591 1933; x_wconf 89' lang='lat' dir='ltr'>re-</span> 
     </span>
    </p>
   </div>
   <div class='ocr_carea' id='block_1_63' title="bbox 1944 1952 3595 2035">
    <p class='ocr_par' dir='ltr' id='par_1_63' title="bbox 1944 1952 3595 2035">
     <span class='ocr_line' id='line_1_64' title="bbox 1944 1952 3595 2035; baseline 0.009 -28"><span class='ocrx_word' id='word_1_414' title='bbox 1944 1952 2118 2009; x_wconf 88' lang='lat' dir='ltr'>ferret</span> <span class='ocrx_word' id='word_1_415' title='bbox 2146 1954 2537 2011; x_wconf 88' lang='lat' dir='ltr'>Tertullianus</span> <span class='ocrx_word' id='word_1_416' title='bbox 2596 1956 2741 2014; x_wconf 91' lang='lat' dir='ltr'>istas</span> <span class='ocrx_word' id='word_1_417' title='bbox 2788 1958 2855 2013; x_wconf 86' lang='lat' dir='ltr'>de</span> <span class='ocrx_word' id='word_1_418' title='bbox 2913 1960 3128 2017; x_wconf 80' lang='lat' dir='ltr'>Corona</span> <span class='ocrx_word' id='word_1_419' title='bbox 3156 1962 3483 2035; x_wconf 89' lang='lat' dir='ltr'>opiniones,</span> <span class='ocrx_word' id='word_1_420' title='bbox 3514 1967 3595 2021; x_wconf 85' lang='lat' dir='ltr'>vi-</span> 
     </span>
    </p>
   </div>
   <div class='ocr_carea' id='block_1_64' title="bbox 1942 2044 3593 2126">
    <p class='ocr_par' dir='ltr' id='par_1_64' title="bbox 1942 2044 3593 2126">
     <span class='ocr_line' id='line_1_65' title="bbox 1942 2044 3593 2126; baseline 0.01 -28"><span class='ocrx_word' id='word_1_421' title='bbox 1942 2044 2063 2099; x_wconf 84' lang='lat' dir='ltr'>deri</span> <span class='ocrx_word' id='word_1_422' title='bbox 2094 2044 2313 2115; x_wconf 91' lang='lat' dir='ltr'>optime</span> <span class='ocrx_word' id='word_1_423' title='bbox 2343 2050 2558 2119; x_wconf 89' lang='lat' dir='ltr'>potest,</span> <span class='ocrx_word' id='word_1_424' title='bbox 2603 2048 2653 2104; x_wconf 92' lang='lat' dir='ltr'>si</span> <span class='ocrx_word' id='word_1_425' title='bbox 2704 2049 3094 2107; x_wconf 91' lang='lat' dir='ltr'>admittantur</span> <span class='ocrx_word' id='word_1_426' title='bbox 3156 2067 3245 2123; x_wconf 89' lang='lat' dir='ltr'>ea,</span> <span class='ocrx_word' id='word_1_427' title='bbox 3300 2070 3427 2126; x_wconf 84' lang='lat' dir='ltr'>quae</span> <span class='ocrx_word' id='word_1_428' title='bbox 3485 2074 3593 2114; x_wconf 92' lang='lat' dir='ltr'>nos</span> 
     </span>
    </p>
   </div>
   <div class='ocr_carea' id='block_1_65' title="bbox 1940 2133 3593 2220">
    <p class='ocr_par' dir='ltr' id='par_1_65' title="bbox 1940 2133 3593 2220">
     <span class='ocr_line' id='line_1_66' title="bbox 1940 2133 3593 2220; baseline 0.01 -33"><span class='ocrx_word' id='word_1_429' title='bbox 1940 2133 2178 2205; x_wconf 90' lang='lat' dir='ltr'>quidem</span> <span class='ocrx_word' id='word_1_430' title='bbox 2228 2135 2519 2192; x_wconf 91' lang='lat' dir='ltr'>sentimus</span> <span class='ocrx_word' id='word_1_431' title='bbox 2564 2138 2634 2193; x_wconf 90' lang='lat' dir='ltr'>de</span> <span class='ocrx_word' id='word_1_432' title='bbox 2686 2138 2862 2195; x_wconf 91' lang='lat' dir='ltr'>istius</span> <span class='ocrx_word' id='word_1_433' title='bbox 2910 2140 3287 2201; x_wconf 59' lang='lat' dir='ltr'>librisstate.</span> <span class='ocrx_word' id='word_1_434' title='bbox 3336 2144 3593 2220; x_wconf 81' lang='lat' dir='ltr'>Contigit</span> 
     </span>
    </p>
   </div>
   <div class='ocr_carea' id='block_1_66' title="bbox 1938 2220 3589 2301">
    <p class='ocr_par' dir='ltr' id='par_1_66' title="bbox 1938 2220 3589 2301">
     <span class='ocr_line' id='line_1_67' title="bbox 1938 2220 3589 2301; baseline 0.01 -26"><span class='ocrx_word' id='word_1_435' title='bbox 1938 2220 2095 2276; x_wconf 91' lang='lat' dir='ltr'>enim</span> <span class='ocrx_word' id='word_1_436' title='bbox 2127 2222 2236 2278; x_wconf 91' lang='lat' dir='ltr'>hoc</span> <span class='ocrx_word' id='word_1_437' title='bbox 2268 2224 2497 2281; x_wconf 84' lang='lat' dir='ltr'>facinus</span> <span class='ocrx_word' id='word_1_438' title='bbox 2537 2226 2741 2283; x_wconf 90' lang='lat' dir='ltr'>militis</span> <span class='ocrx_word' id='word_1_439' title='bbox 2789 2228 2849 2283; x_wconf 92' lang='lat' dir='ltr'>in</span> <span class='ocrx_word' id='word_1_440' title='bbox 2882 2229 3133 2301; x_wconf 87' lang='lat' dir='ltr'>Oriente,</span> <span class='ocrx_word' id='word_1_441' title='bbox 3184 2232 3329 2290; x_wconf 91' lang='lat' dir='ltr'>forte</span> <span class='ocrx_word' id='word_1_442' title='bbox 3360 2234 3417 2290; x_wconf 90' lang='lat' dir='ltr'>in</span> <span class='ocrx_word' id='word_1_443' title='bbox 3449 2240 3589 2293; x_wconf 87' lang='lat' dir='ltr'>Par-</span> 
     </span>
    </p>
   </div>
   <div class='ocr_carea' id='block_1_67' title="bbox 1937 2309 3588 2382">
    <p class='ocr_par' dir='ltr' id='par_1_67' title="bbox 1937 2309 3588 2382">
     <span class='ocr_line' id='line_1_68' title="bbox 1937 2309 3588 2382; baseline 0.011 -18"><span class='ocrx_word' id='word_1_444' title='bbox 1937 2309 2063 2366; x_wconf 90' lang='lat' dir='ltr'>thia</span> <span class='ocrx_word' id='word_1_445' title='bbox 2097 2312 2299 2378; x_wconf 86' lang='lat' dir='ltr'>etiam,</span> <span class='ocrx_word' id='word_1_446' title='bbox 2350 2313 2451 2369; x_wconf 90' lang='lat' dir='ltr'>ubi</span> <span class='ocrx_word' id='word_1_447' title='bbox 2500 2320 2637 2371; x_wconf 88' lang='lat' dir='ltr'>ante</span> <span class='ocrx_word' id='word_1_448' title='bbox 2694 2316 2887 2374; x_wconf 90' lang='lat' dir='ltr'>Severi</span> <span class='ocrx_word' id='word_1_449' title='bbox 2926 2319 3183 2375; x_wconf 89' lang='lat' dir='ltr'>edictum</span> <span class='ocrx_word' id='word_1_450' title='bbox 3234 2321 3588 2382; x_wconf 87' lang='lat' dir='ltr'>christianos</span> 
     </span>
    </p>
   </div>
   <div class='ocr_carea' id='block_1_68' title="bbox 1937 2409 3589 2493">
    <p class='ocr_par' dir='ltr' id='par_1_68' title="bbox 1937 2409 3589 2493">
     <span class='ocr_line' id='line_1_69' title="bbox 1937 2409 3589 2493; baseline 0.01 -30"><span class='ocrx_word' id='word_1_451' title='bbox 1937 2409 2262 2481; x_wconf 84' lang='lat' dir='ltr'>exagitatos</span> <span class='ocrx_word' id='word_1_452' title='bbox 2293 2410 2473 2469; x_wconf 88' lang='lat' dir='ltr'>fuisse</span> <span class='ocrx_word' id='word_1_453' title='bbox 2505 2431 2621 2470; x_wconf 90' lang='lat' dir='ltr'>non</span> <span class='ocrx_word' id='word_1_454' title='bbox 2653 2414 2905 2487; x_wconf 85' lang='lat' dir='ltr'>legimus</span> <span class='ocrx_word' id='word_1_455' title='bbox 2942 2418 3173 2490; x_wconf 89' lang='lat' dir='ltr'>uspiam</span> <span class='ocrx_word' id='word_1_456' title='bbox 3204 2437 3218 2487; x_wconf 91' lang='lat'>;</span> <span class='ocrx_word' id='word_1_457' title='bbox 3252 2422 3514 2493; x_wconf 68' lang='lat' dir='ltr'>sed,quie</span> <span class='ocrx_word' id='word_1_458' title='bbox 3556 2442 3589 2480; x_wconf 89' lang='lat' dir='ltr'>a</span> 
     </span>
    </p>
   </div>
   <div class='ocr_carea' id='block_1_69' title="bbox 1934 2500 3589 2587">
    <p class='ocr_par' dir='ltr' id='par_1_69' title="bbox 1934 2500 3589 2587">
     <span class='ocr_line' id='line_1_70' title="bbox 1934 2500 3589 2587; baseline 0.011 -34"><span class='ocrx_word' id='word_1_459' title='bbox 1934 2500 2289 2558; x_wconf 89' lang='lat' dir='ltr'>Tertulliano</span> <span class='ocrx_word' id='word_1_460' title='bbox 2320 2509 2591 2561; x_wconf 90' lang='lat' dir='ltr'>enarrata</span> <span class='ocrx_word' id='word_1_461' title='bbox 2620 2512 2760 2562; x_wconf 88' lang='lat' dir='ltr'>sunt</span> <span class='ocrx_word' id='word_1_462' title='bbox 2786 2508 2843 2563; x_wconf 92' lang='lat' dir='ltr'>in</span> <span class='ocrx_word' id='word_1_463' title='bbox 2875 2510 3216 2581; x_wconf 74' lang='lat' dir='ltr'>Apologelico</span> <span class='ocrx_word' id='word_1_464' title='bbox 3245 2516 3589 2587; x_wconf 62' lang='lat' dir='ltr'>ceterisque</span> 
     </span>
    </p>
   </div>
   <div class='ocr_carea' id='block_1_70' title="bbox 1937 2589 3584 2677">
    <p class='ocr_par' dir='ltr' id='par_1_70' title="bbox 1937 2589 3584 2677">
     <span class='ocr_line' id='line_1_71' title="bbox 1937 2589 3584 2677; baseline 0.011 -34"><span class='ocrx_word' id='word_1_465' title='bbox 1937 2589 2065 2659; x_wconf 90' lang='lat' dir='ltr'>ejus</span> <span class='ocrx_word' id='word_1_466' title='bbox 2096 2590 2325 2661; x_wconf 82' lang='lat' dir='ltr'>generis</span> <span class='ocrx_word' id='word_1_467' title='bbox 2358 2590 2545 2662; x_wconf 91' lang='lat' dir='ltr'>libris,</span> <span class='ocrx_word' id='word_1_468' title='bbox 2572 2593 2632 2649; x_wconf 90' lang='lat' dir='ltr'>in</span> <span class='ocrx_word' id='word_1_469' title='bbox 2664 2596 2857 2652; x_wconf 86' lang='lat' dir='ltr'>Africa</span> <span class='ocrx_word' id='word_1_470' title='bbox 2888 2599 3262 2668; x_wconf 89' lang='lat' dir='ltr'>potissimum</span> <span class='ocrx_word' id='word_1_471' title='bbox 3294 2604 3584 2677; x_wconf 83' lang='lat' dir='ltr'>exstitere,</span> 
     </span>
    </p>
   </div>
   <div class='ocr_carea' id='block_1_71' title="bbox 1937 2679 3585 2765">
    <p class='ocr_par' dir='ltr' id='par_1_71' title="bbox 1937 2679 3585 2765">
     <span class='ocr_line' id='line_1_72' title="bbox 1937 2679 3585 2765; baseline 0.011 -33"><span class='ocrx_word' id='word_1_472' title='bbox 1937 2679 2092 2733; x_wconf 90' lang='lat' dir='ltr'>unde</span> <span class='ocrx_word' id='word_1_473' title='bbox 2114 2680 2307 2735; x_wconf 87' lang='lat' dir='ltr'>caeteri</span> <span class='ocrx_word' id='word_1_474' title='bbox 2339 2681 2398 2735; x_wconf 88' lang='lat' dir='ltr'>in</span> <span class='ocrx_word' id='word_1_475' title='bbox 2432 2682 2662 2739; x_wconf 90' lang='lat' dir='ltr'>Oriente</span> <span class='ocrx_word' id='word_1_476' title='bbox 2689 2684 3003 2741; x_wconf 87' lang='lat' dir='ltr'>Christiani</span> <span class='ocrx_word' id='word_1_477' title='bbox 3034 2688 3203 2760; x_wconf 89' lang='lat' dir='ltr'>plane</span> <span class='ocrx_word' id='word_1_478' title='bbox 3257 2692 3443 2747; x_wconf 90' lang='lat' dir='ltr'>vereri</span> <span class='ocrx_word' id='word_1_479' title='bbox 3482 2711 3585 2765; x_wconf 92' lang='lat' dir='ltr'>po-</span> 
     </span>
    </p>
   </div>
   <div class='ocr_carea' id='block_1_72' title="bbox 1933 2770 3580 2851">
    <p class='ocr_par' dir='ltr' id='par_1_72' title="bbox 1933 2770 3580 2851">
     <span class='ocr_line' id='line_1_73' title="bbox 1933 2770 3580 2851; baseline 0.012 -30"><span class='ocrx_word' id='word_1_480' title='bbox 1933 2770 2146 2837; x_wconf 89' lang='lat' dir='ltr'>terant,</span> <span class='ocrx_word' id='word_1_481' title='bbox 2180 2785 2252 2824; x_wconf 90' lang='lat' dir='ltr'>ne</span> <span class='ocrx_word' id='word_1_482' title='bbox 2282 2787 2424 2841; x_wconf 90' lang='lat' dir='ltr'>pace</span> <span class='ocrx_word' id='word_1_483' title='bbox 2456 2776 2691 2843; x_wconf 90' lang='lat' dir='ltr'>propter</span> <span class='ocrx_word' id='word_1_484' title='bbox 2714 2774 2938 2831; x_wconf 88' lang='lat' dir='ltr'>facinus</span> <span class='ocrx_word' id='word_1_485' title='bbox 2956 2776 3161 2834; x_wconf 89' lang='lat' dir='ltr'>militis</span> <span class='ocrx_word' id='word_1_486' title='bbox 3191 2778 3580 2851; x_wconf 85' lang='lat' dir='ltr'>privarentur.</span> 
     </span>
    </p>
   </div>
   <div class='ocr_carea' id='block_1_73' title="bbox 1932 2865 3580 2947">
    <p class='ocr_par' dir='ltr' id='par_1_73' title="bbox 1932 2865 3580 2947">
     <span class='ocr_line' id='line_1_74' title="bbox 1932 2865 3580 2947; baseline 0.012 -27"><span class='ocrx_word' id='word_1_487' title='bbox 1932 2866 2039 2921; x_wconf 91' lang='lat' dir='ltr'>Sed</span> <span class='ocrx_word' id='word_1_488' title='bbox 2072 2865 2322 2924; x_wconf 79' lang='lat' dir='ltr'>influant</span> <span class='ocrx_word' id='word_1_489' title='bbox 2351 2869 2408 2923; x_wconf 92' lang='lat' dir='ltr'>in</span> <span class='ocrx_word' id='word_1_490' title='bbox 2443 2870 2675 2927; x_wconf 89' lang='lat' dir='ltr'>animos</span> <span class='ocrx_word' id='word_1_491' title='bbox 2706 2873 2950 2929; x_wconf 88' lang='lat' dir='ltr'>forsitan</span> <span class='ocrx_word' id='word_1_492' title='bbox 2984 2877 3281 2947; x_wconf 90' lang='lat' dir='ltr'>potentius</span> <span class='ocrx_word' id='word_1_493' title='bbox 3329 2879 3458 2937; x_wconf 89' lang='lat' dir='ltr'>Orsi</span> <span class='ocrx_word' id='word_1_494' title='bbox 3489 2899 3580 2938; x_wconf 84' lang='lat' dir='ltr'>ar-</span> 
     </span>
    </p>
   </div>
   <div class='ocr_carea' id='block_1_74' title="bbox 1930 2957 3584 3038">
    <p class='ocr_par' dir='ltr' id='par_1_74' title="bbox 1930 2957 3584 3038">
     <span class='ocr_line' id='line_1_75' title="bbox 1930 2957 3584 3038; baseline 0.011 -30"><span class='ocrx_word' id='word_1_495' title='bbox 1930 2961 2240 3025; x_wconf 88' lang='lat' dir='ltr'>gumenta;</span> <span class='ocrx_word' id='word_1_496' title='bbox 2264 2957 2460 3030; x_wconf 91' lang='lat' dir='ltr'>itaque</span> <span class='ocrx_word' id='word_1_497' title='bbox 2481 2976 2749 3030; x_wconf 83' lang='lat' dir='ltr'>quasnam</span> <span class='ocrx_word' id='word_1_498' title='bbox 2782 2968 3117 3037; x_wconf 88' lang='lat' dir='ltr'>quantaque</span> <span class='ocrx_word' id='word_1_499' title='bbox 3147 2967 3261 3022; x_wconf 80' lang='lat' dir='ltr'>ista</span> <span class='ocrx_word' id='word_1_500' title='bbox 3317 2969 3455 3038; x_wconf 88' lang='lat' dir='ltr'>sint,</span> <span class='ocrx_word' id='word_1_501' title='bbox 3505 2971 3584 3027; x_wconf 89' lang='lat' dir='ltr'>vi-</span> 
     </span>
    </p>
   </div>
   <div class='ocr_carea' id='block_1_75' title="bbox 1931 3043 3576 3126">
    <p class='ocr_par' dir='ltr' id='par_1_75' title="bbox 1931 3043 3576 3126">
     <span class='ocr_line' id='line_1_76' title="bbox 1931 3043 3576 3126; baseline 0.01 -29"><span class='ocrx_word' id='word_1_502' title='bbox 1931 3043 2221 3100; x_wconf 91' lang='lat' dir='ltr'>debimus.</span> <span class='ocrx_word' id='word_1_503' title='bbox 2256 3046 2405 3102; x_wconf 91' lang='lat' dir='ltr'>Sunt</span> <span class='ocrx_word' id='word_1_504' title='bbox 2433 3064 2567 3103; x_wconf 93' lang='lat' dir='ltr'>vero</span> <span class='ocrx_word' id='word_1_505' title='bbox 2609 3052 2971 3108; x_wconf 87' lang='lat' dir='ltr'>excursionis</span> <span class='ocrx_word' id='word_1_506' title='bbox 3010 3055 3266 3111; x_wconf 72' lang='lat' dir='ltr'>Orsianze</span> <span class='ocrx_word' id='word_1_507' title='bbox 3299 3062 3412 3114; x_wconf 82' lang='lat' dir='ltr'>tres</span> <span class='ocrx_word' id='word_1_508' title='bbox 3442 3059 3576 3126; x_wconf 88' lang='lat' dir='ltr'>loci,</span> 
     </span>
    </p>
   </div>
   <div class='ocr_carea' id='block_1_76' title="bbox 1928 3132 3574 3218">
    <p class='ocr_par' dir='ltr' id='par_1_76' title="bbox 1928 3132 3574 3218">
     <span class='ocr_line' id='line_1_77' title="bbox 1928 3132 3574 3218; baseline 0.012 -32"><span class='ocrx_word' id='word_1_509' title='bbox 1928 3132 2142 3201; x_wconf 88' lang='lat' dir='ltr'>quibus</span> <span class='ocrx_word' id='word_1_510' title='bbox 2161 3150 2283 3189; x_wconf 91' lang='lat' dir='ltr'>rem</span> <span class='ocrx_word' id='word_1_511' title='bbox 2316 3135 2492 3191; x_wconf 91' lang='lat' dir='ltr'>istam</span> <span class='ocrx_word' id='word_1_512' title='bbox 2529 3137 2842 3211; x_wconf 88' lang='lat' dir='ltr'>descripsit</span> <span class='ocrx_word' id='word_1_513' title='bbox 2871 3141 3008 3213; x_wconf 84' lang='grc'>(19).</span> <span class='ocrx_word' id='word_1_514' title='bbox 3067 3146 3329 3200; x_wconf 91' lang='lat' dir='ltr'>Primum</span> <span class='ocrx_word' id='word_1_515' title='bbox 3356 3153 3574 3218; x_wconf 88' lang='lat' dir='ltr'>monet,</span> 
     </span>
    </p>
   </div>
   <div class='ocr_carea' id='block_1_77' title="bbox 1844 3227 3576 3324">
    <p class='ocr_par' dir='ltr' id='par_1_77' title="bbox 1844 3227 3576 3324">
     <span class='ocr_line' id='line_1_78' title="bbox 1844 3227 3576 3324; baseline 0.013 -42"><span class='ocrx_word' id='word_1_516' title='bbox 1844 3256 1886 3324; x_wconf 66' lang='grc' dir='ltr'>Ο</span> <span class='ocrx_word' id='word_1_517' title='bbox 1927 3227 2086 3324; x_wconf 83' lang='lat' dir='ltr'>hunc</span> <span class='ocrx_word' id='word_1_518' title='bbox 2110 3230 2497 3324; x_wconf 22' lang='lat' dir='ltr'>librumuann.</span> <span class='ocrx_word' id='word_1_519' title='bbox 2530 3235 2786 3294; x_wconf 82' lang='lat' dir='ltr'>CXCVIII</span> <span class='ocrx_word' id='word_1_520' title='bbox 2818 3240 3108 3313; x_wconf 90' lang='lat' dir='ltr'>assignari</span> <span class='ocrx_word' id='word_1_521' title='bbox 3142 3243 3576 3321; x_wconf 87' lang='lat' dir='ltr'>debere;repe-</span> 
     </span>
    </p>
   </div>
   <div class='ocr_carea' id='block_1_78' title="bbox 1925 3319 3577 3408">
    <p class='ocr_par' dir='ltr' id='par_1_78' title="bbox 1925 3319 3577 3408">
     <span class='ocr_line' id='line_1_79' title="bbox 1925 3319 3577 3408; baseline 0.012 -35"><span class='ocrx_word' id='word_1_522' title='bbox 1925 3319 2114 3390; x_wconf 91' lang='lat' dir='ltr'>ritque</span> <span class='ocrx_word' id='word_1_523' title='bbox 2140 3320 2510 3380; x_wconf 89' lang='lat' dir='ltr'>liberalitatis</span> <span class='ocrx_word' id='word_1_524' title='bbox 2542 3326 2733 3382; x_wconf 90' lang='lat' dir='ltr'>Severi</span> <span class='ocrx_word' id='word_1_525' title='bbox 2767 3330 2920 3400; x_wconf 90' lang='lat' dir='ltr'>apud</span> <span class='ocrx_word' id='word_1_526' title='bbox 2979 3335 3203 3388; x_wconf 90' lang='lat' dir='ltr'>veteres</span> <span class='ocrx_word' id='word_1_527' title='bbox 3261 3319 3577 3408; x_wconf 77' lang='lat' dir='ltr'>scriptores</span> 
     </span>
    </p>
   </div>
   <div class='ocr_carea' id='block_1_79' title="bbox 1920 3408 3571 3496">
    <p class='ocr_par' dir='ltr' id='par_1_79' title="bbox 1920 3408 3571 3496">
     <span class='ocr_line' id='line_1_80' title="bbox 1920 3408 3571 3496; baseline 0.011 -31"><span class='ocrx_word' id='word_1_528' title='bbox 1920 3408 2205 3481; x_wconf 87' lang='lat' dir='ltr'>vestigia;</span> <span class='ocrx_word' id='word_1_529' title='bbox 2241 3411 2449 3468; x_wconf 90' lang='lat' dir='ltr'>deinde</span> <span class='ocrx_word' id='word_1_530' title='bbox 2507 3416 2762 3472; x_wconf 88' lang='lat' dir='ltr'>occurrit</span> <span class='ocrx_word' id='word_1_531' title='bbox 2818 3418 3017 3489; x_wconf 88' lang='lat' dir='ltr'>Pagio,</span> <span class='ocrx_word' id='word_1_532' title='bbox 3080 3421 3179 3492; x_wconf 91' lang='lat' dir='ltr'>qui</span> <span class='ocrx_word' id='word_1_533' title='bbox 3227 3440 3366 3480; x_wconf 91' lang='lat' dir='ltr'>ann.</span> <span class='ocrx_word' id='word_1_534' title='bbox 3415 3426 3571 3496; x_wconf 92' lang='lat' dir='ltr'><strong>CCII,</strong></span> 
     </span>
    </p>
   </div>
   <div class='ocr_carea' id='block_1_80' title="bbox 1921 3498 3570 3583">
    <p class='ocr_par' dir='ltr' id='par_1_80' title="bbox 1921 3498 3570 3583">
     <span class='ocr_line' id='line_1_81' title="bbox 1921 3498 3570 3583; baseline 0.012 -31"><span class='ocrx_word' id='word_1_535' title='bbox 1921 3498 2208 3569; x_wconf 90' lang='lat' dir='ltr'>scriptum</span> <span class='ocrx_word' id='word_1_536' title='bbox 2225 3500 2382 3557; x_wconf 91' lang='lat' dir='ltr'>hunc</span> <span class='ocrx_word' id='word_1_537' title='bbox 2401 3502 2617 3558; x_wconf 91' lang='lat' dir='ltr'>librum</span> <span class='ocrx_word' id='word_1_538' title='bbox 2641 3505 3079 3565; x_wconf 86' lang='lat' dir='ltr'>existimaverat</span> <span class='ocrx_word' id='word_1_539' title='bbox 3104 3528 3116 3578; x_wconf 89' lang='lat'><strong>;</strong></span> <span class='ocrx_word' id='word_1_540' title='bbox 3143 3515 3269 3567; x_wconf 90' lang='lat' dir='ltr'>tum</span> <span class='ocrx_word' id='word_1_541' title='bbox 3294 3517 3570 3583; x_wconf 90' lang='lat' dir='ltr'>ostendit,</span> 
     </span>
    </p>
   </div>
   <div class='ocr_carea' id='block_1_81' title="bbox 1920 3590 3571 3672">
    <p class='ocr_par' dir='ltr' id='par_1_81' title="bbox 1920 3590 3571 3672">
     <span class='ocr_line' id='line_1_82' title="bbox 1920 3590 3571 3672; baseline 0.013 -31"><span class='ocrx_word' id='word_1_542' title='bbox 1920 3603 2048 3659; x_wconf 83' lang='lat' dir='ltr'>quas</span> <span class='ocrx_word' id='word_1_543' title='bbox 2081 3590 2347 3646; x_wconf 64' lang='lat' dir='ltr'>adducta:</span> <span class='ocrx_word' id='word_1_544' title='bbox 2376 3598 2516 3648; x_wconf 90' lang='lat' dir='ltr'>sunt</span> <span class='ocrx_word' id='word_1_545' title='bbox 2548 3610 2582 3648; x_wconf 93' lang='lat' dir='ltr'>a</span> <span class='ocrx_word' id='word_1_546' title='bbox 2628 3594 3009 3668; x_wconf 89' lang='lat' dir='ltr'>Tertulliano,</span> <span class='ocrx_word' id='word_1_547' title='bbox 3042 3599 3221 3672; x_wconf 83' lang='lat' dir='ltr'>hujus</span> <span class='ocrx_word' id='word_1_548' title='bbox 3250 3601 3571 3661; x_wconf 87' lang='lat' dir='ltr'>liberalita-</span> 
     </span>
    </p>
   </div>
   <div class='ocr_carea' id='block_1_82' title="bbox 1918 3675 3570 3751">
    <p class='ocr_par' dir='ltr' id='par_1_82' title="bbox 1918 3675 3570 3751">
     <span class='ocr_line' id='line_1_83' title="bbox 1918 3675 3570 3751; baseline 0.014 -24"><span class='ocrx_word' id='word_1_549' title='bbox 1918 3675 1994 3732; x_wconf 85' lang='lat' dir='ltr'>tis</span> <span class='ocrx_word' id='word_1_550' title='bbox 2032 3677 2370 3751; x_wconf 83' lang='grc' dir='ltr'>περιστάσεις</span> <span class='ocrx_word' id='word_1_551' title='bbox 2404 3682 2556 3738; x_wconf 74' lang='grc'>128</span> <span class='ocrx_word' id='word_1_552' title='bbox 2584 3699 2789 3741; x_wconf 89' lang='lat' dir='ltr'>omnes</span> <span class='ocrx_word' id='word_1_553' title='bbox 2807 3702 2939 3742; x_wconf 92' lang='lat' dir='ltr'>cum</span> <span class='ocrx_word' id='word_1_554' title='bbox 2962 3689 3137 3745; x_wconf 90' lang='lat' dir='ltr'>rebus</span> <span class='ocrx_word' id='word_1_555' title='bbox 3157 3693 3570 3750; x_wconf 84' lang='lat' dir='ltr'>ann.CXCVIII</span> 
     </span>
    </p>
   </div>
   <div class='ocr_carea' id='block_1_83' title="bbox 1917 3775 3567 3863">
    <p class='ocr_par' dir='ltr' id='par_1_83' title="bbox 1917 3775 3567 3863">
     <span class='ocr_line' id='line_1_84' title="bbox 1917 3775 3567 3863; baseline 0.012 -34"><span class='ocrx_word' id='word_1_556' title='bbox 1917 3775 2099 3847; x_wconf 89' lang='lat' dir='ltr'>gestis</span> <span class='ocrx_word' id='word_1_557' title='bbox 2133 3778 2361 3850; x_wconf 88' lang='lat' dir='ltr'>egregie</span> <span class='ocrx_word' id='word_1_558' title='bbox 2392 3780 2723 3848; x_wconf 87' lang='lat' dir='ltr'>convenire,</span> <span class='ocrx_word' id='word_1_559' title='bbox 2774 3785 2875 3839; x_wconf 90' lang='lat' dir='ltr'>sed</span> <span class='ocrx_word' id='word_1_560' title='bbox 2934 3802 3195 3858; x_wconf 89' lang='lat' dir='ltr'>pugnare</span> <span class='ocrx_word' id='word_1_561' title='bbox 3244 3806 3376 3845; x_wconf 88' lang='lat' dir='ltr'>cum</span> <span class='ocrx_word' id='word_1_562' title='bbox 3423 3808 3567 3863; x_wconf 92' lang='lat' dir='ltr'>quo-</span> 
     </span>
    </p>
   </div>
   <div class='ocr_carea' id='block_1_84' title="bbox 1915 3867 3564 3946">
    <p class='ocr_par' dir='ltr' id='par_1_84' title="bbox 1915 3867 3564 3946">
     <span class='ocr_line' id='line_1_85' title="bbox 1915 3867 3564 3946; baseline 0.01 -26"><span class='ocrx_word' id='word_1_563' title='bbox 1915 3880 2149 3936; x_wconf 90' lang='lat' dir='ltr'>cunque</span> <span class='ocrx_word' id='word_1_564' title='bbox 2181 3883 2334 3922; x_wconf 91' lang='lat' dir='ltr'>anno</span> <span class='ocrx_word' id='word_1_565' title='bbox 2361 3867 2494 3924; x_wconf 91' lang='lat' dir='ltr'>alio.</span> <span class='ocrx_word' id='word_1_566' title='bbox 2528 3870 2714 3942; x_wconf 88' lang='lat' dir='ltr'>Igitur</span> <span class='ocrx_word' id='word_1_567' title='bbox 2753 3877 2807 3927; x_wconf 89' lang='lat' dir='ltr'>et</span> <span class='ocrx_word' id='word_1_568' title='bbox 2839 3889 2946 3929; x_wconf 88' lang='lat' dir='ltr'>nos</span> <span class='ocrx_word' id='word_1_569' title='bbox 2995 3890 3314 3946; x_wconf 89' lang='lat' dir='ltr'>sequemur</span> <span class='ocrx_word' id='word_1_570' title='bbox 3353 3880 3564 3936; x_wconf 83' lang='lat' dir='ltr'>doctis-</span> 
     </span>
    </p>
   </div>
   <div class='ocr_carea' id='block_1_85' title="bbox 1916 3954 3563 4033">
    <p class='ocr_par' dir='ltr' id='par_1_85' title="bbox 1916 3954 3563 4033">
     <span class='ocr_line' id='line_1_86' title="bbox 1916 3954 3563 4033; baseline 0.01 -24"><span class='ocrx_word' id='word_1_571' title='bbox 1916 3954 2052 4009; x_wconf 89' lang='lat' dir='ltr'>simi</span> <span class='ocrx_word' id='word_1_572' title='bbox 2081 3954 2189 4011; x_wconf 91' lang='lat' dir='ltr'>viri</span> <span class='ocrx_word' id='word_1_573' title='bbox 2211 3957 2471 4028; x_wconf 87' lang='lat' dir='ltr'>vestigia,</span> <span class='ocrx_word' id='word_1_574' title='bbox 2521 3961 2798 4030; x_wconf 89' lang='lat' dir='ltr'>quoniam</span> <span class='ocrx_word' id='word_1_575' title='bbox 2847 3979 3135 4033; x_wconf 90' lang='lat' dir='ltr'>veremur,</span> <span class='ocrx_word' id='word_1_576' title='bbox 3196 3983 3267 4021; x_wconf 90' lang='lat' dir='ltr'>ne</span> <span class='ocrx_word' id='word_1_577' title='bbox 3315 3968 3563 4025; x_wconf 88' lang='lat' dir='ltr'>miscea-</span> 
     </span>
    </p>
   </div>
   <div class='ocr_carea' id='block_1_86' title="bbox 1916 4047 3568 4130">
    <p class='ocr_par' dir='ltr' id='par_1_86' title="bbox 1916 4047 3568 4130">
     <span class='ocr_line' id='line_1_87' title="bbox 1916 4047 3568 4130; baseline 0.01 -33"><span class='ocrx_word' id='word_1_578' title='bbox 1916 4058 2049 4098; x_wconf 90' lang='lat' dir='ltr'>mus</span> <span class='ocrx_word' id='word_1_579' title='bbox 2072 4060 2140 4099; x_wconf 89' lang='lat' dir='ltr'>ea</span> <span class='ocrx_word' id='word_1_580' title='bbox 2171 4047 2435 4117; x_wconf 73' lang='lat' dir='ltr'>quzejam</span> <span class='ocrx_word' id='word_1_581' title='bbox 2469 4048 2541 4103; x_wconf 89' lang='lat' dir='ltr'>ab</span> <span class='ocrx_word' id='word_1_582' title='bbox 2567 4066 2633 4104; x_wconf 91' lang='lat' dir='ltr'>eo</span> <span class='ocrx_word' id='word_1_583' title='bbox 2666 4052 2944 4122; x_wconf 85' lang='lat' dir='ltr'>permista</span> <span class='ocrx_word' id='word_1_584' title='bbox 2976 4058 3115 4109; x_wconf 89' lang='lat' dir='ltr'>sunt</span> <span class='ocrx_word' id='word_1_585' title='bbox 3157 4056 3322 4125; x_wconf 89' lang='lat' dir='ltr'>satis,</span> <span class='ocrx_word' id='word_1_586' title='bbox 3370 4074 3434 4113; x_wconf 91' lang='lat' dir='ltr'>ac</span> <span class='ocrx_word' id='word_1_587' title='bbox 3465 4076 3568 4130; x_wconf 86' lang='lat' dir='ltr'>per</span> 
     </span>
    </p>
   </div>
   <div class='ocr_carea' id='block_1_87' title="bbox 1915 4142 3568 4227">
    <p class='ocr_par' dir='ltr' id='par_1_87' title="bbox 1915 4142 3568 4227">
     <span class='ocr_line' id='line_1_88' title="bbox 1915 4142 3568 4227; baseline 0.011 -32"><span class='ocrx_word' id='word_1_588' title='bbox 1915 4142 2184 4214; x_wconf 87' lang='lat' dir='ltr'>singulos</span> <span class='ocrx_word' id='word_1_589' title='bbox 2206 4142 2387 4213; x_wconf 91' lang='lat' dir='ltr'>locos,</span> <span class='ocrx_word' id='word_1_590' title='bbox 2422 4162 2691 4217; x_wconf 69' lang='lat' dir='ltr'>quaenam</span> <span class='ocrx_word' id='word_1_591' title='bbox 2726 4153 2881 4205; x_wconf 89' lang='lat' dir='ltr'>recte</span> <span class='ocrx_word' id='word_1_592' title='bbox 2912 4152 3142 4223; x_wconf 88' lang='lat' dir='ltr'>dixerit,</span> <span class='ocrx_word' id='word_1_593' title='bbox 3178 4172 3445 4227; x_wconf 80' lang='lat' dir='ltr'>quaenam</span> <span class='ocrx_word' id='word_1_594' title='bbox 3478 4174 3568 4213; x_wconf 82' lang='lat' dir='ltr'>sc-</span> 
     </span>
    </p>
   </div>
   <div class='ocr_carea' id='block_1_88' title="bbox 1915 4232 3569 4316">
    <p class='ocr_par' dir='ltr' id='par_1_88' title="bbox 1915 4232 3569 4316">
     <span class='ocr_line' id='line_1_89' title="bbox 1915 4232 3569 4316; baseline 0.011 -31"><span class='ocrx_word' id='word_1_595' title='bbox 1915 4247 2043 4301; x_wconf 89' lang='lat' dir='ltr'>cus,</span> <span class='ocrx_word' id='word_1_596' title='bbox 2093 4232 2319 4303; x_wconf 88' lang='lat' dir='ltr'>adjecto</span> <span class='ocrx_word' id='word_1_597' title='bbox 2380 4234 2628 4291; x_wconf 82' lang='lat' dir='ltr'>breviori</span> <span class='ocrx_word' id='word_1_598' title='bbox 2676 4246 3155 4311; x_wconf 88' lang='lat' dir='ltr'>argumentorum</span> <span class='ocrx_word' id='word_1_599' title='bbox 3195 4244 3569 4316; x_wconf 82' lang='lat' dir='ltr'>Pagianorum</span> 
     </span>
    </p>
   </div>
   <div class='ocr_carea' id='block_1_89' title="bbox 1914 4330 3571 4414">
    <p class='ocr_par' dir='ltr' id='par_1_89' title="bbox 1914 4330 3571 4414">
     <span class='ocr_line' id='line_1_90' title="bbox 1914 4330 3571 4414; baseline 0.009 -30"><span class='ocrx_word' id='word_1_600' title='bbox 1914 4330 2202 4398; x_wconf 86' lang='lat' dir='ltr'>examine,</span> <span class='ocrx_word' id='word_1_601' title='bbox 2227 4331 2644 4390; x_wconf 90' lang='lat' dir='ltr'>indicabimus.</span> <span class='ocrx_word' id='word_1_602' title='bbox 2680 4337 2741 4390; x_wconf 93' lang='lat' dir='ltr'>In</span> <span class='ocrx_word' id='word_1_603' title='bbox 2776 4335 2902 4393; x_wconf 91' lang='lat' dir='ltr'>loco</span> <span class='ocrx_word' id='word_1_604' title='bbox 2945 4339 3056 4395; x_wconf 91' lang='lat' dir='ltr'>isto</span> <span class='ocrx_word' id='word_1_605' title='bbox 3100 4342 3313 4413; x_wconf 91' lang='lat' dir='ltr'>primo,</span> <span class='ocrx_word' id='word_1_606' title='bbox 3347 4343 3448 4414; x_wconf 92' lang='lat' dir='ltr'>qui</span> <span class='ocrx_word' id='word_1_607' title='bbox 3479 4349 3571 4399; x_wconf 89' lang='lat' dir='ltr'>est</span> 
     </span>
    </p>
   </div>
   <div class='ocr_carea' id='block_1_90' title="bbox 1914 4420 3570 4504">
    <p class='ocr_par' dir='ltr' id='par_1_90' title="bbox 1914 4420 3570 4504">
     <span class='ocr_line' id='line_1_91' title="bbox 1914 4420 3570 4504; baseline 0.009 -31"><span class='ocrx_word' id='word_1_608' title='bbox 1914 4420 1985 4475; x_wconf 93' lang='lat' dir='ltr'>de</span> <span class='ocrx_word' id='word_1_609' title='bbox 2008 4436 2254 4476; x_wconf 88' lang='lat' dir='ltr'>numero</span> <span class='ocrx_word' id='word_1_610' title='bbox 2312 4421 2689 4480; x_wconf 90' lang='lat' dir='ltr'>liberalitatis</span> <span class='ocrx_word' id='word_1_611' title='bbox 2718 4427 2910 4481; x_wconf 88' lang='lat' dir='ltr'>Severi</span> <span class='ocrx_word' id='word_1_612' title='bbox 2943 4430 3213 4501; x_wconf 87' lang='lat' dir='ltr'>Augusti,</span> <span class='ocrx_word' id='word_1_613' title='bbox 3257 4432 3570 4504; x_wconf 91' lang='lat' dir='ltr'>quinquies</span> 
     </span>
    </p>
   </div>
   <div class='ocr_carea' id='block_1_91' title="bbox 1914 4509 3566 4594">
    <p class='ocr_par' dir='ltr' id='par_1_91' title="bbox 1914 4509 3566 4594">
     <span class='ocr_line' id='line_1_92' title="bbox 1914 4509 3566 4594; baseline 0.01 -32"><span class='ocrx_word' id='word_1_614' title='bbox 1914 4509 1985 4563; x_wconf 90' lang='lat' dir='ltr'>ab</span> <span class='ocrx_word' id='word_1_615' title='bbox 2018 4526 2084 4564; x_wconf 92' lang='lat' dir='ltr'>eo</span> <span class='ocrx_word' id='word_1_616' title='bbox 2107 4510 2353 4566; x_wconf 86' lang='lat' dir='ltr'>donatos</span> <span class='ocrx_word' id='word_1_617' title='bbox 2376 4511 2594 4568; x_wconf 91' lang='lat' dir='ltr'>milites</span> <span class='ocrx_word' id='word_1_618' title='bbox 2625 4529 2777 4582; x_wconf 90' lang='lat' dir='ltr'>esse,</span> <span class='ocrx_word' id='word_1_619' title='bbox 2818 4518 3015 4572; x_wconf 89' lang='lat' dir='ltr'>nescio</span> <span class='ocrx_word' id='word_1_620' title='bbox 3076 4535 3147 4574; x_wconf 92' lang='lat' dir='ltr'>an</span> <span class='ocrx_word' id='word_1_621' title='bbox 3191 4521 3337 4575; x_wconf 90' lang='lat' dir='ltr'>satis</span> <span class='ocrx_word' id='word_1_622' title='bbox 3387 4526 3566 4594; x_wconf 87' lang='lat' dir='ltr'>recte,</span> 
     </span>
    </p>
   </div>
   <div class='ocr_carea' id='block_1_92' title="bbox 145 4598 1932 4696">
    <p class='ocr_par' dir='ltr' id='par_1_92' title="bbox 145 4604 1932 4696">
     <span class='ocr_line' id='line_1_93' title="bbox 145 4604 1932 4696; baseline -0.001 -32"><span class='ocrx_word' id='word_1_623' title='bbox 145 4615 313 4676; x_wconf 90' lang='lat' dir='ltr'>no,ut</span> <span class='ocrx_word' id='word_1_624' title='bbox 377 4606 757 4663; x_wconf 84' lang='lat' dir='ltr'>labefactaret</span> <span class='ocrx_word' id='word_1_625' title='bbox 813 4605 1119 4661; x_wconf 85' lang='lat' dir='ltr'>Moshemii</span> <span class='ocrx_word' id='word_1_626' title='bbox 1158 4608 1254 4658; x_wconf 82' lang='grc' dir='ltr'>τοῦ</span> <span class='ocrx_word' id='word_1_627' title='bbox 1326 4604 1624 4678; x_wconf 83' lang='grc' dir='ltr'>μακαρίτου</span> <span class='ocrx_word' id='word_1_628' title='bbox 1679 4625 1805 4664; x_wconf 90' lang='lat' dir='ltr'>sen-</span> <span class='ocrx_word' id='word_1_629' title='bbox 1840 4616 1932 4696; x_wconf 63' lang='lat' dir='ltr'>Di</span> 
     </span>
    </p>
   </div>
   <div class='ocr_carea' id='block_1_93' title="bbox 1781 4598 3568 4696">
    <p class='ocr_par' dir='ltr' id='par_1_93' title="bbox 1787 4598 3568 4696">
     <span class='ocr_line' id='line_1_94' title="bbox 1787 4598 3568 4696; baseline 0.011 -46"><span class='ocrx_word' id='word_1_630' title='bbox 1787 4638 1805 4648; x_wconf 93' lang='lat'>.</span> <span class='ocrx_word' id='word_1_631' title='bbox 1840 4631 1885 4696; x_wconf 84' lang='lat' dir='ltr'><strong>D</strong></span> <span class='ocrx_word' id='word_1_632' title='bbox 1917 4598 2078 4669; x_wconf 89' lang='lat' dir='ltr'>dicit,</span> <span class='ocrx_word' id='word_1_633' title='bbox 2108 4598 2398 4669; x_wconf 92' lang='lat' dir='ltr'>siquidem</span> <span class='ocrx_word' id='word_1_634' title='bbox 2442 4600 2666 4673; x_wconf 89' lang='lat' dir='ltr'>aliquot</span> <span class='ocrx_word' id='word_1_635' title='bbox 2712 4606 2941 4659; x_wconf 89' lang='lat' dir='ltr'>nummi</span> <span class='ocrx_word' id='word_1_636' title='bbox 2994 4608 3210 4681; x_wconf 89' lang='lat' dir='ltr'>septies</span> <span class='ocrx_word' id='word_1_637' title='bbox 3246 4626 3373 4665; x_wconf 87' lang='lat' dir='ltr'>eam</span> <span class='ocrx_word' id='word_1_638' title='bbox 3407 4628 3568 4668; x_wconf 93' lang='lat' dir='ltr'>com-</span> 
     </span>
    </p>
   </div>
   <div class='ocr_carea' id='block_1_94' title="bbox 146 4695 1807 4769">
    <p class='ocr_par' dir='ltr' id='par_1_94' title="bbox 146 4695 1807 4769">
     <span class='ocr_line' id='line_1_95' title="bbox 146 4695 1807 4769; baseline 0.001 -17"><span class='ocrx_word' id='word_1_639' title='bbox 146 4699 400 4753; x_wconf 89' lang='lat' dir='ltr'>tentiam</span> <span class='ocrx_word' id='word_1_640' title='bbox 468 4696 540 4751; x_wconf 91' lang='lat' dir='ltr'>de</span> <span class='ocrx_word' id='word_1_641' title='bbox 590 4712 727 4751; x_wconf 91' lang='lat' dir='ltr'>vera</span> <span class='ocrx_word' id='word_1_642' title='bbox 785 4698 953 4750; x_wconf 75' lang='lat' dir='ltr'>aetate</span> <span class='ocrx_word' id='word_1_643' title='bbox 1008 4695 1377 4767; x_wconf 81' lang='lat' dir='ltr'>Apologetici;</span> <span class='ocrx_word' id='word_1_644' title='bbox 1429 4696 1525 4751; x_wconf 93' lang='lat' dir='ltr'>hic</span> <span class='ocrx_word' id='word_1_645' title='bbox 1570 4697 1807 4769; x_wconf 90' lang='lat' dir='ltr'>quidem</span> 
     </span>
    </p>
   </div>
   <div class='ocr_carea' id='block_1_95' title="bbox 151 4783 1806 4859">
    <p class='ocr_par' dir='ltr' id='par_1_95' title="bbox 151 4783 1806 4859">
     <span class='ocr_line' id='line_1_96' title="bbox 151 4783 1806 4859; baseline 0.001 -18"><span class='ocrx_word' id='word_1_646' title='bbox 151 4788 227 4859; x_wconf 87' lang='lat' dir='ltr'>(in</span> <span class='ocrx_word' id='word_1_647' title='bbox 256 4784 568 4843; x_wconf 86' lang='lat' dir='ltr'>Addendis</span> <span class='ocrx_word' id='word_1_648' title='bbox 599 4785 669 4839; x_wconf 89' lang='lat' dir='ltr'>ad</span> <span class='ocrx_word' id='word_1_649' title='bbox 702 4783 816 4840; x_wconf 91' lang='lat' dir='ltr'>vol.</span> <span class='ocrx_word' id='word_1_650' title='bbox 850 4789 896 4852; x_wconf 84' lang='grc' dir='ltr'><strong>Ι,</strong></span> <span class='ocrx_word' id='word_1_651' title='bbox 948 4784 1091 4840; x_wconf 89' lang='lat' dir='ltr'>diss.</span> <span class='ocrx_word' id='word_1_652' title='bbox 1126 4800 1370 4840; x_wconf 88' lang='lat' dir='ltr'>suarum</span> <span class='ocrx_word' id='word_1_653' title='bbox 1402 4785 1460 4840; x_wconf 93' lang='lat' dir='ltr'>in</span> <span class='ocrx_word' id='word_1_654' title='bbox 1494 4786 1628 4842; x_wconf 79' lang='lat' dir='ltr'>Hist.</span> <span class='ocrx_word' id='word_1_655' title='bbox 1661 4787 1806 4843; x_wconf 83' lang='lat' dir='ltr'>Eccl.</span> 
     </span>
    </p>
   </div>
   <div class='ocr_carea' id='block_1_96' title="bbox 152 4873 1807 4948">
    <p class='ocr_par' dir='ltr' id='par_1_96' title="bbox 152 4873 1807 4948">
     <span class='ocr_line' id='line_1_97' title="bbox 152 4873 1807 4948; baseline 0 -16"><span class='ocrx_word' id='word_1_656' title='bbox 152 4873 599 4948; x_wconf 87' lang='lat' dir='ltr'>pertinentium,</span> <span class='ocrx_word' id='word_1_657' title='bbox 634 4889 769 4946; x_wconf 89' lang='lat' dir='ltr'>pag.</span> <span class='ocrx_word' id='word_1_658' title='bbox 811 4874 911 4929; x_wconf 86' lang='grc'>741</span> <span class='ocrx_word' id='word_1_659' title='bbox 944 4874 1138 4945; x_wconf 62' lang='lat' dir='ltr'>seqq),</span> <span class='ocrx_word' id='word_1_660' title='bbox 1172 4875 1455 4941; x_wconf 90' lang='lat' dir='ltr'>concedit,</span> <span class='ocrx_word' id='word_1_661' title='bbox 1488 4876 1660 4931; x_wconf 87' lang='lat' dir='ltr'>istam</span> <span class='ocrx_word' id='word_1_662' title='bbox 1684 4893 1807 4932; x_wconf 90' lang='lat' dir='ltr'>rem</span> 
     </span>
    </p>
   </div>
   <div class='ocr_carea' id='block_1_97' title="bbox 152 4962 1810 5037">
    <p class='ocr_par' dir='ltr' id='par_1_97' title="bbox 152 4962 1810 5037">
     <span class='ocr_line' id='line_1_98' title="bbox 152 4962 1810 5037; baseline 0.001 -18"><span class='ocrx_word' id='word_1_663' title='bbox 152 4967 255 5021; x_wconf 88' lang='lat' dir='ltr'>rite</span> <span class='ocrx_word' id='word_1_664' title='bbox 286 4966 364 5021; x_wconf 83' lang='lat' dir='ltr'>ab</span> <span class='ocrx_word' id='word_1_665' title='bbox 400 4963 565 5020; x_wconf 91' lang='lat' dir='ltr'>Orsio</span> <span class='ocrx_word' id='word_1_666' title='bbox 597 4962 778 5018; x_wconf 88' lang='lat' dir='ltr'>fuisse</span> <span class='ocrx_word' id='word_1_667' title='bbox 807 4962 1123 5037; x_wconf 78' lang='lat' dir='ltr'>expositam</span> <span class='ocrx_word' id='word_1_668' title='bbox 1155 4981 1169 5032; x_wconf 89' lang='lat'><strong>;</strong></span> <span class='ocrx_word' id='word_1_669' title='bbox 1196 4964 1296 5020; x_wconf 90' lang='lat' dir='ltr'>sed</span> <span class='ocrx_word' id='word_1_670' title='bbox 1348 4969 1524 5037; x_wconf 88' lang='lat' dir='ltr'>negat</span> <span class='ocrx_word' id='word_1_671' title='bbox 1551 4964 1607 5021; x_wconf 93' lang='lat' dir='ltr'>id</span> <span class='ocrx_word' id='word_1_672' title='bbox 1657 4971 1810 5022; x_wconf 87' lang='lat' dir='ltr'>recte</span> 
     </span>
    </p>
   </div>
   <div class='ocr_carea' id='block_1_98' title="bbox 154 5051 1807 5128">
    <p class='ocr_par' dir='ltr' id='par_1_98' title="bbox 154 5051 1807 5128">
     <span class='ocr_line' id='line_1_99' title="bbox 154 5051 1807 5128; baseline 0.001 -18"><span class='ocrx_word' id='word_1_673' title='bbox 154 5053 425 5125; x_wconf 87' lang='lat' dir='ltr'>proferri,</span> <span class='ocrx_word' id='word_1_674' title='bbox 452 5053 606 5125; x_wconf 91' lang='lat' dir='ltr'>quod</span> <span class='ocrx_word' id='word_1_675' title='bbox 641 5070 754 5109; x_wconf 92' lang='lat' dir='ltr'>non</span> <span class='ocrx_word' id='word_1_676' title='bbox 787 5051 966 5109; x_wconf 89' lang='lat' dir='ltr'>simul</span> <span class='ocrx_word' id='word_1_677' title='bbox 1026 5069 1166 5125; x_wconf 88' lang='lat' dir='ltr'>pace</span> <span class='ocrx_word' id='word_1_678' title='bbox 1222 5052 1307 5108; x_wconf 89' lang='lat' dir='ltr'>uti</span> <span class='ocrx_word' id='word_1_679' title='bbox 1367 5054 1674 5110; x_wconf 89' lang='lat' dir='ltr'>christiani</span> <span class='ocrx_word' id='word_1_680' title='bbox 1706 5073 1807 5128; x_wconf 90' lang='lat' dir='ltr'>po-</span> 
     </span>
    </p>
   </div>
   <div class='ocr_carea' id='block_1_99' title="bbox 151 5142 1808 5217">
    <p class='ocr_par' dir='ltr' id='par_1_99' title="bbox 151 5142 1808 5217">
     <span class='ocr_line' id='line_1_100' title="bbox 151 5142 1808 5217; baseline 0.003 -20"><span class='ocrx_word' id='word_1_681' title='bbox 151 5147 394 5210; x_wconf 86' lang='lat' dir='ltr'>tuerint,</span> <span class='ocrx_word' id='word_1_682' title='bbox 420 5148 479 5199; x_wconf 90' lang='lat' dir='ltr'>et</span> <span class='ocrx_word' id='word_1_683' title='bbox 510 5142 580 5198; x_wconf 93' lang='lat' dir='ltr'>ab</span> <span class='ocrx_word' id='word_1_684' title='bbox 614 5142 885 5199; x_wconf 89' lang='lat' dir='ltr'>hostibus</span> <span class='ocrx_word' id='word_1_685' title='bbox 944 5147 1142 5199; x_wconf 90' lang='lat' dir='ltr'>tamen</span> <span class='ocrx_word' id='word_1_686' title='bbox 1175 5144 1302 5199; x_wconf 90' lang='lat' dir='ltr'>suis</span> <span class='ocrx_word' id='word_1_687' title='bbox 1359 5144 1536 5200; x_wconf 86' lang='lat' dir='ltr'>variis</span> <span class='ocrx_word' id='word_1_688' title='bbox 1573 5145 1808 5217; x_wconf 88' lang='lat' dir='ltr'>injuriis</span> 
     </span>
    </p>
   </div>
   <div class='ocr_carea' id='block_1_100' title="bbox 151 5231 1806 5311">
    <p class='ocr_par' dir='ltr' id='par_1_100' title="bbox 151 5231 1806 5311">
     <span class='ocr_line' id='line_1_101' title="bbox 151 5231 1806 5311; baseline 0.003 -23"><span class='ocrx_word' id='word_1_689' title='bbox 151 5234 325 5298; x_wconf 81' lang='lat' dir='ltr'>afﬁci,</span> <span class='ocrx_word' id='word_1_690' title='bbox 359 5235 548 5305; x_wconf 82' lang='lat' dir='ltr'>Atque</span> <span class='ocrx_word' id='word_1_691' title='bbox 577 5249 679 5306; x_wconf 88' lang='lat' dir='ltr'>ego</span> <span class='ocrx_word' id='word_1_692' title='bbox 707 5231 943 5289; x_wconf 89' lang='lat' dir='ltr'>tametsi</span> <span class='ocrx_word' id='word_1_693' title='bbox 976 5232 1138 5289; x_wconf 91' lang='lat' dir='ltr'>Orsio</span> <span class='ocrx_word' id='word_1_694' title='bbox 1189 5250 1306 5290; x_wconf 91' lang='lat' dir='ltr'>non</span> <span class='ocrx_word' id='word_1_695' title='bbox 1365 5235 1677 5311; x_wconf 88' lang='lat' dir='ltr'>assentiar,</span> <span class='ocrx_word' id='word_1_696' title='bbox 1704 5253 1806 5308; x_wconf 91' lang='lat' dir='ltr'>po-</span> 
     </span>
    </p>
   </div>
   <div class='ocr_carea' id='block_1_101' title="bbox 148 5321 1806 5396">
    <p class='ocr_par' dir='ltr' id='par_1_101' title="bbox 148 5321 1806 5396">
     <span class='ocr_line' id='line_1_102' title="bbox 148 5321 1806 5396; baseline 0.002 -19"><span class='ocrx_word' id='word_1_697' title='bbox 148 5325 391 5396; x_wconf 86' lang='lat' dir='ltr'>tiusque</span> <span class='ocrx_word' id='word_1_698' title='bbox 425 5321 687 5378; x_wconf 86' lang='lat' dir='ltr'>refellam</span> <span class='ocrx_word' id='word_1_699' title='bbox 720 5326 943 5395; x_wconf 88' lang='lat' dir='ltr'>postea,</span> <span class='ocrx_word' id='word_1_700' title='bbox 999 5322 1297 5396; x_wconf 88' lang='lat' dir='ltr'>sapienter</span> <span class='ocrx_word' id='word_1_701' title='bbox 1339 5328 1532 5380; x_wconf 88' lang='lat' dir='ltr'>tamen</span> <span class='ocrx_word' id='word_1_702' title='bbox 1579 5325 1806 5381; x_wconf 82' lang='lat' dir='ltr'>Moshs-</span> 
     </span>
    </p>
   </div>
   <div class='ocr_carea' id='block_1_102' title="bbox 150 5412 1806 5486">
    <p class='ocr_par' dir='ltr' id='par_1_102' title="bbox 150 5412 1806 5486">
     <span class='ocr_line' id='line_1_103' title="bbox 150 5412 1806 5486; baseline 0.002 -18"><span class='ocrx_word' id='word_1_703' title='bbox 150 5413 336 5470; x_wconf 88' lang='lat' dir='ltr'>mium</span> <span class='ocrx_word' id='word_1_704' title='bbox 372 5412 787 5486; x_wconf 87' lang='lat' dir='ltr'>pronuntiasse</span> <span class='ocrx_word' id='word_1_705' title='bbox 817 5428 1091 5486; x_wconf 90' lang='lat' dir='ltr'>agnosco,</span> <span class='ocrx_word' id='word_1_706' title='bbox 1150 5413 1250 5469; x_wconf 92' lang='lat' dir='ltr'>ubi</span> <span class='ocrx_word' id='word_1_707' title='bbox 1297 5430 1391 5470; x_wconf 90' lang='lat' dir='ltr'>res</span> <span class='ocrx_word' id='word_1_708' title='bbox 1449 5413 1806 5471; x_wconf 85' lang='lat' dir='ltr'>Christiano-</span> 
     </span>
    </p>
   </div>
   <div class='ocr_carea' id='block_1_103' title="bbox 218 5573 1807 5646">
    <p class='ocr_par' dir='ltr' id='par_1_103' title="bbox 218 5573 1807 5646">
     <span class='ocr_line' id='line_1_104' title="bbox 218 5573 1807 5646; baseline 0.003 -18"><span class='ocrx_word' id='word_1_709' title='bbox 218 5575 339 5645; x_wconf 81' lang='grc'>(19)</span> <span class='ocrx_word' id='word_1_710' title='bbox 372 5575 432 5630; x_wconf 91' lang='lat' dir='ltr'>In</span> <span class='ocrx_word' id='word_1_711' title='bbox 464 5573 607 5631; x_wconf 90' lang='lat' dir='ltr'>diss.</span> <span class='ocrx_word' id='word_1_712' title='bbox 640 5573 807 5641; x_wconf 89' lang='lat' dir='ltr'>hist.,</span> <span class='ocrx_word' id='word_1_713' title='bbox 831 5590 947 5646; x_wconf 90' lang='lat' dir='ltr'>qua</span> <span class='ocrx_word' id='word_1_714' title='bbox 977 5575 1299 5631; x_wconf 90' lang='lat' dir='ltr'>ostenditur</span> <span class='ocrx_word' id='word_1_715' title='bbox 1328 5575 1676 5632; x_wconf 82' lang='lat' dir='ltr'>catholicam</span> <span class='ocrx_word' id='word_1_716' title='bbox 1700 5580 1807 5633; x_wconf 85' lang='lat' dir='ltr'>Ec-</span> 
     </span>
    </p>
   </div>
   <div class='ocr_carea' id='block_1_104' title="bbox 154 5646 1807 5721">
    <p class='ocr_par' dir='ltr' id='par_1_104' title="bbox 154 5646 1807 5721">
     <span class='ocr_line' id='line_1_105' title="bbox 154 5646 1807 5721; baseline 0.004 -21"><span class='ocrx_word' id='word_1_717' title='bbox 154 5648 396 5721; x_wconf 75' lang='lat' dir='ltr'>clesiam</span> <span class='ocrx_word' id='word_1_718' title='bbox 444 5648 635 5721; x_wconf 86' lang='lat' dir='ltr'>tribus</span> <span class='ocrx_word' id='word_1_719' title='bbox 692 5646 989 5720; x_wconf 88' lang='lat' dir='ltr'>prioribus</span> <span class='ocrx_word' id='word_1_720' title='bbox 1024 5648 1272 5721; x_wconf 66' lang='lat' dir='ltr'>saeculis</span> <span class='ocrx_word' id='word_1_721' title='bbox 1305 5648 1647 5721; x_wconf 89' lang='lat' dir='ltr'>capitalium</span> <span class='ocrx_word' id='word_1_722' title='bbox 1692 5649 1807 5706; x_wconf 81' lang='lat' dir='ltr'>cri-</span> 
     </span>
    </p>
   </div>
   <div class='ocr_carea' id='block_1_105' title="bbox 159 5718 1806 5794">
    <p class='ocr_par' dir='ltr' id='par_1_105' title="bbox 159 5718 1806 5794">
     <span class='ocr_line' id='line_1_106' title="bbox 159 5718 1806 5794; baseline 0.002 -17"><span class='ocrx_word' id='word_1_723' title='bbox 159 5718 390 5778; x_wconf 88' lang='lat' dir='ltr'>minum</span> <span class='ocrx_word' id='word_1_724' title='bbox 437 5720 551 5778; x_wconf 88' lang='lat' dir='ltr'>reis</span> <span class='ocrx_word' id='word_1_725' title='bbox 607 5718 818 5793; x_wconf 77' lang='lat' dir='ltr'>pacem</span> <span class='ocrx_word' id='word_1_726' title='bbox 869 5722 927 5777; x_wconf 88' lang='lat' dir='ltr'>et</span> <span class='ocrx_word' id='word_1_727' title='bbox 984 5718 1416 5780; x_wconf 79' lang='lat' dir='ltr'>absolutionem</span> <span class='ocrx_word' id='word_1_728' title='bbox 1461 5723 1806 5794; x_wconf 89' lang='lat' dir='ltr'>neutiquam</span> 
     </span>
    </p>
   </div>
   <div class='ocr_carea' id='block_1_106' title="bbox 436 5847 796 5912">
    <p class='ocr_par' dir='ltr' id='par_1_106' title="bbox 436 5847 796 5912">
     <span class='ocr_line' id='line_1_107' title="bbox 436 5847 796 5912; baseline -0.008 -3"><span class='ocrx_word' id='word_1_729' title='bbox 436 5850 700 5912; x_wconf 55' lang='lat' dir='ltr'>Paraon.</span> <span class='ocrx_word' id='word_1_730' title='bbox 749 5847 796 5909; x_wconf 90' lang='grc' dir='ltr'><strong>Ι.</strong></span> 
     </span>
    </p>
   </div>
   <div class='ocr_carea' id='block_1_107' title="bbox 1918 4690 3568 4772">
    <p class='ocr_par' dir='ltr' id='par_1_107' title="bbox 1918 4690 3568 4772">
     <span class='ocr_line' id='line_1_108' title="bbox 1918 4690 3568 4772; baseline 0.01 -30"><span class='ocrx_word' id='word_1_731' title='bbox 1918 4692 2251 4744; x_wconf 88' lang='lat' dir='ltr'>memorant</span> <span class='ocrx_word' id='word_1_732' title='bbox 2302 4690 2384 4761; x_wconf 82' lang='lat' dir='ltr'>(V.</span> <span class='ocrx_word' id='word_1_733' title='bbox 2420 4690 2703 4747; x_wconf 84' lang='lat' dir='ltr'>Vailla-ntii</span> <span class='ocrx_word' id='word_1_734' title='bbox 2749 4696 3091 4752; x_wconf 83' lang='lat' dir='ltr'>numismata</span> <span class='ocrx_word' id='word_1_735' title='bbox 3167 4701 3339 4772; x_wconf 86' lang='lat' dir='ltr'>impp.</span> <span class='ocrx_word' id='word_1_736' title='bbox 3393 4702 3568 4771; x_wconf 85' lang='lat' dir='ltr'>Rom.,</span> 
     </span>
    </p>
   </div>
   <div class='ocr_carea' id='block_1_108' title="bbox 1916 4786 3571 4864">
    <p class='ocr_par' dir='ltr' id='par_1_108' title="bbox 1916 4786 3571 4864">
     <span class='ocr_line' id='line_1_109' title="bbox 1916 4786 3571 4864; baseline 0.01 -22"><span class='ocrx_word' id='word_1_737' title='bbox 1916 4790 2062 4842; x_wconf 91' lang='lat' dir='ltr'>tom.</span> <span class='ocrx_word' id='word_1_738' title='bbox 2097 4786 2167 4855; x_wconf 90' lang='lat' dir='ltr'>II,</span> <span class='ocrx_word' id='word_1_739' title='bbox 2198 4803 2330 4861; x_wconf 86' lang='lat' dir='ltr'>pag.</span> <span class='ocrx_word' id='word_1_740' title='bbox 2352 4789 2519 4861; x_wconf 72' lang='lat'>234);</span> <span class='ocrx_word' id='word_1_741' title='bbox 2550 4791 2651 4846; x_wconf 86' lang='lat' dir='ltr'>sed</span> <span class='ocrx_word' id='word_1_742' title='bbox 2686 4795 2875 4864; x_wconf 90' lang='lat' dir='ltr'>potest</span> <span class='ocrx_word' id='word_1_743' title='bbox 2920 4793 2977 4849; x_wconf 92' lang='lat' dir='ltr'>id</span> <span class='ocrx_word' id='word_1_744' title='bbox 3032 4795 3191 4853; x_wconf 88' lang='lat' dir='ltr'>salva</span> <span class='ocrx_word' id='word_1_745' title='bbox 3238 4815 3301 4854; x_wconf 92' lang='lat' dir='ltr'>re</span> <span class='ocrx_word' id='word_1_746' title='bbox 3339 4806 3571 4858; x_wconf 90' lang='lat' dir='ltr'>contro-</span> 
     </span>
    </p>
   </div>
   <div class='ocr_carea' id='block_1_109' title="bbox 1917 4878 3570 4951">
    <p class='ocr_par' dir='ltr' id='par_1_109' title="bbox 1917 4878 3570 4951">
     <span class='ocr_line' id='line_1_110' title="bbox 1917 4878 3570 4951; baseline 0.01 -21"><span class='ocrx_word' id='word_1_747' title='bbox 1917 4892 2087 4932; x_wconf 88' lang='lat' dir='ltr'>versa</span> <span class='ocrx_word' id='word_1_748' title='bbox 2132 4878 2391 4933; x_wconf 88' lang='lat' dir='ltr'>concedi.</span> <span class='ocrx_word' id='word_1_749' title='bbox 2444 4878 2643 4951; x_wconf 90' lang='lat' dir='ltr'>Neque</span> <span class='ocrx_word' id='word_1_750' title='bbox 2700 4887 2899 4937; x_wconf 89' lang='lat' dir='ltr'>tamen</span> <span class='ocrx_word' id='word_1_751' title='bbox 2948 4884 3007 4940; x_wconf 88' lang='lat' dir='ltr'>in</span> <span class='ocrx_word' id='word_1_752' title='bbox 3066 4902 3132 4942; x_wconf 91' lang='lat' dir='ltr'>eo</span> <span class='ocrx_word' id='word_1_753' title='bbox 3198 4888 3404 4946; x_wconf 91' lang='lat' dir='ltr'>Orsius</span> <span class='ocrx_word' id='word_1_754' title='bbox 3457 4892 3570 4949; x_wconf 90' lang='lat' dir='ltr'>sibi</span> 
     </span>
    </p>
   </div>
   <div class='ocr_carea' id='block_1_110' title="bbox 1918 4966 3570 5039">
    <p class='ocr_par' dir='ltr' id='par_1_110' title="bbox 1918 4966 3570 5039">
     <span class='ocr_line' id='line_1_111' title="bbox 1918 4966 3570 5039; baseline 0.01 -18"><span class='ocrx_word' id='word_1_755' title='bbox 1918 4969 2145 5022; x_wconf 89' lang='lat' dir='ltr'>constat</span> <span class='ocrx_word' id='word_1_756' title='bbox 2175 4966 2322 5037; x_wconf 88' lang='lat' dir='ltr'>ipse,</span> <span class='ocrx_word' id='word_1_757' title='bbox 2358 4969 2513 5039; x_wconf 91' lang='lat' dir='ltr'>quod</span> <span class='ocrx_word' id='word_1_758' title='bbox 2565 4970 2994 5029; x_wconf 88' lang='lat' dir='ltr'>Tertullianum</span> <span class='ocrx_word' id='word_1_759' title='bbox 3026 4975 3096 5031; x_wconf 88' lang='lat' dir='ltr'>de</span> <span class='ocrx_word' id='word_1_760' title='bbox 3126 4977 3399 5035; x_wconf 87' lang='lat' dir='ltr'>donativo</span> <span class='ocrx_word' id='word_1_761' title='bbox 3431 4983 3570 5038; x_wconf 88' lang='lat' dir='ltr'>anni</span> 
     </span>
    </p>
   </div>
   <div class='ocr_carea' id='block_1_111' title="bbox 1917 5053 3569 5141">
    <p class='ocr_par' dir='ltr' id='par_1_111' title="bbox 1917 5053 3569 5141">
     <span class='ocr_line' id='line_1_112' title="bbox 1917 5053 3569 5141; baseline 0.011 -32"><span class='ocrx_word' id='word_1_762' title='bbox 1917 5054 2174 5111; x_wconf 82' lang='lat' dir='ltr'>CXCVIII</span> <span class='ocrx_word' id='word_1_763' title='bbox 2204 5053 2463 5112; x_wconf 90' lang='lat' dir='ltr'>locutum</span> <span class='ocrx_word' id='word_1_764' title='bbox 2496 5073 2623 5114; x_wconf 88' lang='lat' dir='ltr'>esse</span> <span class='ocrx_word' id='word_1_765' title='bbox 2647 5059 2875 5129; x_wconf 90' lang='lat' dir='ltr'>judicet</span> <span class='ocrx_word' id='word_1_766' title='bbox 2912 5062 3065 5136; x_wconf 86' lang='lat' dir='ltr'>(pag.</span> <span class='ocrx_word' id='word_1_767' title='bbox 3104 5066 3247 5139; x_wconf 85' lang='grc'>104),</span> <span class='ocrx_word' id='word_1_768' title='bbox 3281 5072 3338 5123; x_wconf 90' lang='lat' dir='ltr'>et</span> <span class='ocrx_word' id='word_1_769' title='bbox 3366 5074 3569 5141; x_wconf 88' lang='lat' dir='ltr'>postea</span> 
     </span>
    </p>
   </div>
   <div class='ocr_carea' id='block_1_112' title="bbox 1916 5144 3569 5219">
    <p class='ocr_par' dir='ltr' id='par_1_112' title="bbox 1916 5144 3569 5219">
     <span class='ocr_line' id='line_1_113' title="bbox 1916 5144 3569 5219; baseline 0.01 -20"><span class='ocrx_word' id='word_1_770' title='bbox 1916 5159 2051 5200; x_wconf 88' lang='lat' dir='ltr'>eum</span> <span class='ocrx_word' id='word_1_771' title='bbox 2083 5147 2279 5200; x_wconf 90' lang='lat' dir='ltr'>tamen</span> <span class='ocrx_word' id='word_1_772' title='bbox 2313 5144 2467 5201; x_wconf 89' lang='lat' dir='ltr'>dicat</span> <span class='ocrx_word' id='word_1_773' title='bbox 2496 5146 2566 5202; x_wconf 90' lang='lat' dir='ltr'>de</span> <span class='ocrx_word' id='word_1_774' title='bbox 2589 5150 3283 5219; x_wconf 87' lang='lat' dir='ltr'>quartaliberalitatease</span> <span class='ocrx_word' id='word_1_775' title='bbox 3311 5157 3569 5215; x_wconf 88' lang='lat' dir='ltr'>indicata</span> 
     </span>
    </p>
   </div>
   <div class='ocr_carea' id='block_1_113' title="bbox 1916 5241 3565 5327">
    <p class='ocr_par' dir='ltr' id='par_1_113' title="bbox 1916 5241 3565 5327">
     <span class='ocr_line' id='line_1_114' title="bbox 1916 5241 3565 5327; baseline 0.009 -30"><span class='ocrx_word' id='word_1_776' title='bbox 1916 5241 2135 5298; x_wconf 83' lang='lat' dir='ltr'>dixisse</span> <span class='ocrx_word' id='word_1_777' title='bbox 2166 5243 2245 5314; x_wconf 93' lang='lat' dir='ltr'>(p.</span> <span class='ocrx_word' id='word_1_778' title='bbox 2276 5242 2420 5315; x_wconf 86' lang='grc'>106).</span> <span class='ocrx_word' id='word_1_779' title='bbox 2441 5245 2543 5301; x_wconf 90' lang='lat' dir='ltr'>Est</span> <span class='ocrx_word' id='word_1_780' title='bbox 2574 5246 2730 5303; x_wconf 89' lang='lat' dir='ltr'>enim</span> <span class='ocrx_word' id='word_1_781' title='bbox 2777 5248 2892 5306; x_wconf 88' lang='lat' dir='ltr'>ista</span> <span class='ocrx_word' id='word_1_782' title='bbox 2921 5257 3151 5322; x_wconf 90' lang='lat' dir='ltr'>quarta,</span> <span class='ocrx_word' id='word_1_783' title='bbox 3186 5259 3250 5310; x_wconf 88' lang='lat' dir='ltr'>ut</span> <span class='ocrx_word' id='word_1_784' title='bbox 3286 5255 3411 5327; x_wconf 88' lang='lat' dir='ltr'>ipse</span> <span class='ocrx_word' id='word_1_785' title='bbox 3440 5273 3565 5312; x_wconf 88' lang='lat' dir='ltr'>mo-</span> 
     </span>
    </p>
   </div>
   <div class='ocr_carea' id='block_1_114' title="bbox 1916 5330 3567 5417">
    <p class='ocr_par' dir='ltr' id='par_1_114' title="bbox 1916 5330 3567 5417">
     <span class='ocr_line' id='line_1_115' title="bbox 1916 5330 3567 5417; baseline 0.009 -30"><span class='ocrx_word' id='word_1_786' title='bbox 1916 5330 2064 5399; x_wconf 89' lang='lat' dir='ltr'>nuit,</span> <span class='ocrx_word' id='word_1_787' title='bbox 2099 5330 2221 5387; x_wconf 71' lang='lat' dir='ltr'>haac</span> <span class='ocrx_word' id='word_1_788' title='bbox 2253 5334 2456 5390; x_wconf 91' lang='lat' dir='ltr'>eadem</span> <span class='ocrx_word' id='word_1_789' title='bbox 2480 5334 2676 5407; x_wconf 87' lang='lat' dir='ltr'>plane,</span> <span class='ocrx_word' id='word_1_790' title='bbox 2710 5347 3194 5414; x_wconf 78' lang='lat' dir='ltr'>quasoccupatam</span> <span class='ocrx_word' id='word_1_791' title='bbox 3227 5344 3567 5417; x_wconf 86' lang='lat' dir='ltr'>Ctesiphon-</span> 
     </span>
    </p>
   </div>
   <div class='ocr_carea' id='block_1_115' title="bbox 1912 5423 3561 5507">
    <p class='ocr_par' dir='ltr' id='par_1_115' title="bbox 1912 5423 3561 5507">
     <span class='ocr_line' id='line_1_116' title="bbox 1912 5423 3561 5507; baseline 0.008 -31"><span class='ocrx_word' id='word_1_792' title='bbox 1912 5425 2031 5477; x_wconf 89' lang='lat' dir='ltr'>tem</span> <span class='ocrx_word' id='word_1_793' title='bbox 2064 5425 2267 5478; x_wconf 88' lang='lat' dir='ltr'>secuta</span> <span class='ocrx_word' id='word_1_794' title='bbox 2296 5427 2408 5480; x_wconf 90' lang='lat' dir='ltr'>est.</span> <span class='ocrx_word' id='word_1_795' title='bbox 2447 5423 2711 5483; x_wconf 88' lang='lat' dir='ltr'>Alterum</span> <span class='ocrx_word' id='word_1_796' title='bbox 2742 5426 2961 5501; x_wconf 90' lang='lat' dir='ltr'>locum,</span> <span class='ocrx_word' id='word_1_797' title='bbox 3022 5447 3196 5501; x_wconf 91' lang='lat' dir='ltr'>quem</span> <span class='ocrx_word' id='word_1_798' title='bbox 3256 5434 3413 5489; x_wconf 92' lang='lat' dir='ltr'>dedit</span> <span class='ocrx_word' id='word_1_799' title='bbox 3442 5434 3561 5507; x_wconf 90' lang='lat' dir='ltr'>opi-</span> 
     </span>
    </p>
   </div>
   <div class='ocr_carea' id='block_1_116' title="bbox 1916 5581 3562 5667">
    <p class='ocr_par' dir='ltr' id='par_1_116' title="bbox 1916 5581 3562 5667">
     <span class='ocr_line' id='line_1_117' title="bbox 1916 5581 3562 5667; baseline 0.01 -32"><span class='ocrx_word' id='word_1_800' title='bbox 1916 5581 2239 5667; x_wconf 64' lang='lat' dir='ltr'>depegasse</span> <span class='ocrx_word' id='word_1_801' title='bbox 2265 5599 2278 5650; x_wconf 92' lang='lat'><strong>;</strong></span> <span class='ocrx_word' id='word_1_802' title='bbox 2302 5587 2549 5667; x_wconf 38' lang='lat' dir='ltr'>secti-11,</span> <span class='ocrx_word' id='word_1_803' title='bbox 2562 5601 2733 5667; x_wconf 23' lang='lat' dir='ltr'>‘capa</span> <span class='ocrx_word' id='word_1_804' title='bbox 2763 5587 3238 5667; x_wconf 52' lang='lat' dir='ltr'>3:_Qigression‘e</span> <span class='ocrx_word' id='word_1_805' title='bbox 3265 5594 3322 5665; x_wconf 89' lang='lat'>2,</span> <span class='ocrx_word' id='word_1_806' title='bbox 3346 5610 3403 5666; x_wconf 92' lang='lat' dir='ltr'>p.</span> <span class='ocrx_word' id='word_1_807' title='bbox 3438 5594 3562 5667; x_wconf 90' lang='grc'>104,</span> 
     </span>
    </p>
   </div>
   <div class='ocr_carea' id='block_1_117' title="bbox 1917 5654 3031 5728">
    <p class='ocr_par' dir='ltr' id='par_1_117' title="bbox 1917 5654 3031 5728">
     <span class='ocr_line' id='line_1_118' title="bbox 1917 5654 3031 5728; baseline 0.005 -18"><span class='ocrx_word' id='word_1_808' title='bbox 1917 5654 2041 5712; x_wconf 85' lang='grc'>113.</span> <span class='ocrx_word' id='word_1_809' title='bbox 2076 5656 2155 5712; x_wconf 87' lang='lat' dir='ltr'>Ea</span> <span class='ocrx_word' id='word_1_810' title='bbox 2175 5655 2394 5727; x_wconf 89' lang='lat' dir='ltr'>prodiit</span> <span class='ocrx_word' id='word_1_811' title='bbox 2423 5654 2758 5728; x_wconf 76' lang='lat' dir='ltr'>Mediolani,</span> <span class='ocrx_word' id='word_1_812' title='bbox 2791 5654 2967 5728; x_wconf 78' lang='grc' dir='ltr'>173οῙ</span> <span class='ocrx_word' id='word_1_813' title='bbox 2981 5661 3031 5716; x_wconf 88' lang='grc'>4.</span> 
     </span>
    </p>
   </div>
   <div class='ocr_carea' id='block_1_118' title="bbox 3239 5864 3277 5921">
    <p class='ocr_par' dir='ltr' id='par_1_118' title="bbox 3239 5864 3277 5921">
     <span class='ocr_line' id='line_1_119' title="bbox 3239 5864 3277 5921; baseline 0 0"><span class='ocrx_word' id='word_1_814' title='bbox 3239 5864 3277 5921; x_wconf 86' lang='grc'>6</span> 
     </span>
    </p>
   </div>
  </div>
