4526 6404
636 364 746 426 171

1711 354 2227 417 DISSERTATIO
2271 352 2373 413 DE
2431 352 2639 413 VERA
2681 351 2964 414 ETATE

3937 357 4046 416 1⁸12

636 494 798 552 nioni
828 489 1434 565 Pagiiexaminandae,
1467 505 1583 544 non
1627 486 2010 560 repudiamus
2051 501 2154 558 per
2193 500 2276 550 se,
2311 483 2366 550 Α
2397 483 2599 538 multis
2628 500 2950 540 versemur.
2995 485 3143 538 Sunt
3199 482 3354 538 enim
3409 482 3508 539 isti
3565 501 3599 540 a
3646 483 3816 540 nobis
3860 485 4044 542 eidem

638 585 740 642 sed
760 587 900 639 sunt
923 586 1120 638 tamen
1153 581 1212 634 in
1244 579 1358 635 ista
1401 577 1818 649 disputatione,
1871 592 2002 647 qum
2048 573 2286 630 omnino

642 672 874 730 admitti
925 687 1038 726 non
1097 669 1328 723 debent.
1374 667 1600 722 Etenim
1661 665 1718 720 id
1778 666 2034 736 primum
2093 662 2290 733 inepte

641 757 1277 818 dicit:Tertullianum
1334 756 1405 810 de
1459 754 1702 810 urbanis
1758 752 2046 807 militibus
2103 750 2287 822 loqui,

640 850 858 922 quibus
888 849 959 903 ad
991 845 1319 902 custodiam
1372 843 1547 899 Urbis
1606 843 1859 898 fuissent
1910 841 1979 896 ad
2057 845 2290 912 portam

639 939 994 994 Viminatem
1039 938 1231 990 castra
1281 931 1593 1004 prtetoria;
1639 931 1811 1001 cujus
1867 930 1948 984 rei
2007 945 2078 984 ne
2125 928 2293 983 adest

643 1027 763 1083 ulla
793 1025 1030 1098 quidem
1061 1021 1435 1096 significatio,
1466 1025 1524 1076 et
1553 1024 1714 1076 extra
1757 1023 2000 1074 Romam
2026 1021 2289 1087 tempore

643 1115 801 1182 belli,
854 1111 1318 1188 quis.dubitet,
1370 1114 1562 1166 castra
1615 1113 1886 1164 Severum
1963 1105 2290 1161 habuisse?

642 1204 950 1274 Deinceps,
977 1201 1132 1274 quod
1165 1204 1375 1255 nostra;
1429 1199 1729 1255 sententias
1777 1197 2029 1252 maxime
2059 1199 2287 1250 contra—

642 1294 795 1349 rium
827 1287 1532 1360 videmus,liberalitatem
1555 1302 1786 1341 omnem
1813 1285 1954 1339 dicit
1973 1283 2290 1348 pacistem-

639 1399 778 1455 pore
806 1384 1058 1454 postque
1086 1377 1340 1434 reditum
1372 1393 1403 1431 e
1451 1374 1604 1430 bello
1654 1375 1871 1430 editam
1903 1372 2085 1427 fuisse
2120 1389 2133 1439 ;
2169 1387 2284 1442 qua

639 1472 710 1526 de
739 1487 801 1525 re
826 1465 1240 1540 Spanbemius,
1274 1480 1444 1536 quem
1475 1464 1664 1518 obiter
1693 1461 1911 1529 citavit,
1951 1460 2096 1513 nihil
2123 1475 2285 1530 pror-

638 1575 742 1615 sus
789 1557 986 1612 habet.
1038 1553 1197 1609 Istud
1248 1567 1379 1606 vero
1436 1567 1542 1622 ego
1599 1550 1648 1604 si
1708 1549 1779 1603 de
1835 1546 2150 1618 congiariis
2172 1545 2284 1600 dici

637 1663 809 1721 posse
839 1643 1177 1709 concedam,
1213 1643 1284 1696 de
1316 1638 1626 1706 donativis,
1662 1637 1954 1710 qualehoc
1985 1635 2281 1691 erathaud

637 1737 833 1803 dubie,
856 1734 1232 1790 vehementer
1260 1729 1535 1801 equidem
1576 1726 1805 1782 dubito.
1838 1730 1960 1780 Imo
1991 1725 2120 1796 ipsa
2151 1730 2284 1795 post

635 1829 867 1897 captam
887 1821 1322 1893 Ctesiphontem
1355 1818 1511 1874 edita
1531 1815 1872 1882 liberalitas,
1908 1813 2170 1870 admissa
2209 1814 2281 1869 ab

634 1914 821 1982 Orsio,
853 1927 997 1968 num
1029 1909 1147 1965 ullo
1192 1908 1361 1963 modo
1424 1922 1526 1978 per
1579 1905 1756 1960 verba
1813 1901 2108 1974 Spartiani
2165 1900 2280 1956 alia

633 2001 881 2073 intelligi
915 2003 1126 2072 potest,
1161 2013 1337 2069 quam
1369 2011 1495 2068 quae
1527 1998 1687 2049 extra
1715 1997 1961 2047 Romam
2011 1991 2071 2046 in
2127 1989 2276 2045 bello

634 2091 792 2149 edita
822 2089 998 2144 fuerit
1023 2087 1050 2141 ?
1080 2087 1379 2142 Postremo
1428 2084 1485 2138 in
1519 2081 1898 2154 responsione
1925 2081 1997 2136 ad
2030 2079 2278 2134 alterum

633 2180 793 2253 Pagii
816 2180 1249 2245 argumentum,
1283 2174 1433 2228 male
1482 2175 1948 2244 argumentatur,
1992 2169 2116 2224 dari
2149 2169 2277 2239 ejus

630 2269 964 2342 opinionem
1011 2282 1126 2320 non
1169 2279 1342 2336 posse
1389 2265 1713 2334 pr0pterea,
1775 2259 1928 2330 quod
1970 2257 2278 2312 christiani

625 2358 714 2415 vel
746 2373 946 2429 pacem
980 2371 1014 2410 a
1060 2352 1408 2426 praesidibus
1447 2349 1535 2406 vel
1569 2350 1641 2405 ab
1674 2347 2278 2421 Imperatoreturban-

628 2449 763 2504 dam
793 2444 1165 2510 timuissent;
1199 2459 1229 2497 e
1260 2441 1476 2512 quibus
1507 2455 1613 2495 nec
1640 2437 1782 2492 illud
1817 2436 2048 2492 delendi
2081 2451 2274 2508 posse,

625 2537 762 2608 quia
791 2536 907 2608 jam
941 2550 1078 2589 ann.
1115 2531 1221 2586 CCI
1251 2529 1440 2586 vexati
1465 2528 1717 2584 fuissent
1745 2525 2277 2594 Christiani,neque

626 2625 736 2681 hoc
776 2623 976 2689 etiam,
1006 2619 1189 2677 fuisse
1218 2619 1373 2675 enim
1409 2634 1475 2674 eo
1497 2631 1650 2672 anno
1666 2620 1939 2670 Severum
1973 2614 2275 2668 absentem

625 2716 684 2768 et
750 2709 1296 2782 occupatissimum.
1358 2706 1520 2769 Quod
1580 2703 1870 2776 posterius
1909 2701 2124 2774 oppido
2155 2699 2276 2755 leve

626 2804 734 2856 est.
759 2804 906 2855 Nam
935 2801 993 2854 et
1024 2795 1312 2851 militibus
1341 2793 1614 2850 donativa
1651 2797 1812 2847 extra
1849 2793 2090 2846 Romam
2141 2790 2277 2844 data

626 2892 786 2954 sunt,
820 2891 877 2943 et
905 2887 1016 2942 isto
1037 2902 1153 2941 ann
1185 2884 1292 2939 CCI
1320 2881 1471 2938 bello
1529 2879 1814 2936 Orientali
1874 2880 2048 2934 ﬁnem
2108 2879 2275 2934 Seve-

625 2995 726 3033 rus
757 2975 1060 3048 imposuit.
1104 2974 1212 3029 Sed
1264 2971 1432 3038 nihil,
1493 2971 1698 3041 fateor,
1754 2969 2136 3024 tribuendum
2187 2971 2278 3024 est

621 3066 786 3139 Pagii
818 3061 1180 3138 argumentis
1225 3062 1354 3132 (20).
1417 3058 1696 3116 Caracalli
1755 3057 1912 3114 enim
1971 3058 2275 3128 quinquen-

617 3157 804 3222 nalia,
858 3169 1112 3227 quorum
1171 3167 1349 3207 causa
1406 3150 1622 3206 editam
1678 3147 1803 3202 vult
1859 3145 2270 3202 liberalitatem

2398 589 2552 628 anno
2573 573 2832 628 CXCVIII
2865 589 2928 628 ac
2995 571 3260 643 sequenti
3297 570 3594 640 vindicati,
3655 573 3880 645 absque
3931 575 4045 632 ullo

2398 679 2585 717 caussa
2608 667 2818 716 nostris
2849 661 3221 726 detrimento,
3246 666 3588 731 caeteraque,
3614 662 3752 716 dum
3777 663 4046 719 donativa

2398 755 2558 806 extra
2585 754 2827 805 Romam
2861 749 3177 805 distributa
3217 764 3345 804 esse
3376 749 3670 820 novimus,
3704 767 3813 806 sua
3843 757 4042 824 sponte

2399 840 2732 896 concidunt.

2532 1002 2559 1068 §
2589 1001 2641 1054 3.
2673 1029 2744 1041 -
2771 1000 3004 1055 Baronii
3022 1007 3361 1073 argumenta
3377 997 3776 1073 convelluntur
3799 1017 3901 1073 pro

3021 1088 3154 1126 ann.
3189 1071 3404 1126 CXCIX.

2469 1199 2712 1251 Restant
2733 1197 2805 1251 de
2836 1212 2989 1250 anno
3021 1195 3222 1267 scripti
3256 1195 3436 1266 hujus
3464 1195 3646 1251 libelli
3679 1197 3912 1255 decreta
3942 1200 4045 1255 Ba-

2399 1284 2548 1340 ronii
2585 1289 2759 1355 atque
2818 1283 3060 1339 Pamelii
3127 1285 3206 1338 ita
3263 1289 3622 1356 comparata,
3682 1289 3747 1340 ut
3803 1287 4044 1342 convelli

2399 1372 2559 1428 nullo
2591 1373 2822 1445 negotio
2854 1373 3100 1444 possint.
3148 1373 3413 1445 Namque
3473 1373 3755 1430 Barnnius
3806 1376 3887 1447 (V.
3923 1378 4047 1445 ejus

2397 1461 2644 1517 Annales
2675 1463 2981 1517 Ecclesiast.
3036 1462 3105 1516 ad
3141 1479 3278 1517 ann.
3324 1462 3458 1528 CCI,
3490 1467 3631 1518 tom.
3669 1464 3741 1530 II,
3799 1465 3892 1519 ed.
3925 1465 4044 1520 Col.

2400 1553 2556 1621 1609,
2592 1567 2723 1622 pag.
2755 1552 2904 1621 299),
2938 1556 3004 1606 ut
3035 1551 3306 1622 probaret
3335 1567 3467 1606 eum
3500 1551 3715 1607 librum
3742 1559 4042 1609 exaratum

2395 1657 2521 1696 esse
2554 1657 2689 1694 ann.
2739 1639 2849 1695 CCI
2897 1645 3213 1712 antequam
3273 1642 3521 1696 Severus
3580 1641 4049 1712 proficisceretur

2393 1730 2451 1784 in
2481 1729 2799 1796 Orientem,
2823 1729 2932 1783 hoc
2962 1734 3070 1796 est,
3095 1734 3157 1784 ut
3189 1747 3294 1785 nos
3322 1728 3481 1801 loqui
3513 1730 3727 1786 rectius
3758 1729 4042 1800 solemus,

2391 1835 2527 1872 ann.
2562 1817 2790 1884 CXCIX,
2825 1833 3136 1873 nummum
3181 1819 3415 1884 excitat,
3465 1819 3636 1888 cujus
3694 1819 3873 1875 altera
3906 1838 4046 1893 pars

2392 1912 2664 1962 Severum
2701 1923 2834 1962 cum
2880 1911 2972 1961 Tr.
3039 1911 3099 1961 P.
3147 1907 3240 1976 XI,
3294 1907 3475 1962 altera
3530 1907 3938 1965 liberalitatem
3996 1911 4045 1963 V

2389 1996 2586 2060 habet,
2619 1996 2900 2066 additque
2930 1994 3112 2050 multo
3143 1997 3316 2051 etiam
3367 1998 3803 2053 asseverantius
3840 2016 3854 2054 :
3889 2001 4048 2054 Hunc

2387 2101 2678 2140 nummum
2723 2085 2796 2140 ad
2841 2101 2927 2140 res
2972 2093 3209 2148 nostras,
3250 2085 3315 2141 de
3352 2086 3547 2156 quibus
3591 2088 3777 2142 acturi
3824 2103 4043 2155 sumus,

2383 2175 2662 2246 pertinere
2681 2178 2824 2230 ccrto
2855 2175 3016 2229 scias.
3067 2175 3228 2238 Quod
3286 2174 3429 2229 mihi
3477 2173 3708 2230 videtur
3738 2192 3803 2232 eo
3827 2176 4049 2248 planis-

2387 2263 2535 2319 sime
2567 2263 2738 2319 modo
2771 2264 3017 2329 dictum,
3069 2279 3183 2334 quo
3215 2262 3352 2318 olim
3394 2263 3775 2334 Pythagoraei,
3803 2282 3942 2320 cum
3977 2283 4047 2322 ex

2384 2351 2458 2408 iis
2489 2357 2864 2424 quareretur,
2895 2369 3076 2424 quare
3105 2353 3187 2406 ita
3211 2353 3344 2424 quid
3380 2352 3702 2419 esset,illud
3726 2371 3906 2410 suum
3929 2356 4049 2425 Ipse

2384 2441 2526 2498 dixit
2556 2443 2925 2513 interponere
2955 2441 3258 2508 solebant;
3291 2440 3437 2495 nihil
3493 2445 3584 2497 est
3637 2442 3794 2498 enim
3855 2444 3933 2499 ab
3975 2461 4045 2500 eo

2386 2530 2614 2586 Baronii
2647 2530 2816 2586 etfato
2845 2530 3087 2586 veritate
3110 2530 3486 2600 disjunctius.
3533 2531 3678 2586 Nam
3713 2547 3849 2588 cum
3885 2533 4048 2589 clare

2383 2620 2594 2687 tradat,
2619 2635 2839 2674 annum
2891 2621 2988 2674 Tr.
3053 2620 3106 2675 P.
3152 2619 3342 2674 Severi
3404 2619 3716 2691 septimum
3762 2637 3829 2677 eo
3884 2639 4045 2678 anno

2383 2708 2618 2764 initium
2652 2707 3084 2779 sumpisisse,et
3107 2713 3300 2764 tamen
3333 2725 3645 2764 nummum
3668 2710 3884 2767 excitet
3905 2727 4044 2768 cum

2384 2798 2481 2852 Tr.
2515 2797 2576 2852 P.
2610 2798 2684 2851 XI
2716 2797 2816 2868 qui
2848 2797 3018 2868 plane
3049 2797 3119 2852 ad
3153 2814 3290 2853 ann.
3341 2798 3521 2868 CCIV,
3581 2803 3704 2868 aut,
3761 2799 3810 2854 si
3848 2804 4047 2857 mavis

2384 2903 2513 2941 cum
2537 2885 2665 2958 ipso
2696 2886 2964 2955 Baronio,
2997 2887 3069 2942 ad
3115 2903 3249 2941 ann.
3313 2887 3470 2942 CCVI
3520 2889 3865 2946 referendus
3917 2897 4043 2947 est:

2383 2990 2577 3030 nonne
2607 2974 2994 3047 repugnantia
3053 2973 3367 3045 loquitur?
3419 2977 3493 3031 Ac
3542 2977 3614 3032 de
3662 2978 3847 3034 altero
3911 2983 4049 3052 ejus

2382 3067 2730 3136 argumento
2789 3063 2932 3135 quid
3009 3063 3199 3118 dicam
3259 3063 3288 3118 ?
3334 3065 3488 3135 quod
3549 3067 3712 3122 duxit
3793 3069 3874 3124 ab
3977 3087 4045 3127 eo

2385 3153 2540 3223 quod
2591 3157 2725 3207 ante
2800 3152 2949 3208 hanc
3007 3151 3434 3224 expeditionem
3495 3155 3830 3212 Parthicam
3902 3159 4051 3214 nul-

615 3218 976 3301 Tertulliano
1008 3242 1549 3306 commemoratam,
1611 3237 1682 3292 ad
1724 3252 1860 3291 ann.
1904 3234 2063 3290 CCIII
2092 3234 2272 3306 perti-
2303 3218 2346 3285 C
2385 3218 2473 3306 1-3;,
2534 3245 2665 3312 post
2706 3256 2831 3296 eam
2889 3218 3098 3296 multa;
3147 3239 3512 3297 calamitates
3559 3243 4050 3304 Christianorum

616 3337 772 3401 nent,
805 3331 908 3388 ubi
941 3329 1075 3402 quis
1107 3329 1295 3385 nescit
1307 3329 1428 3399 jam
1445 3326 1808 3382 Christianos
1840 3324 2021 3379 fuisse
2036 3328 2274 3395 propter

615 3419 808 3478 Severi
838 3418 1093 3476 edictum
1135 3417 1294 3474 omni
1341 3416 1556 3472 scelere
1585 3415 1872 3470 laceratos
1901 3414 1928 3468 ‘I
1958 3415 2105 3468 Tum
2140 3427 2270 3468 vero

618 3511 679 3567 in
740 3510 921 3566 altero
971 3511 1318 3580 argumento
1383 3510 1440 3561 et
1494 3505 1604 3560 hoc
1672 3519 1975 3576 perperam
2032 3503 2268 3571 dicitur,

619 3603 839 3672 cceptus
885 3613 1013 3653 esse
1039 3597 1185 3651 istas
1240 3593 1580 3650 inimicitias
1626 3610 1658 3648 a
1689 3592 1998 3658 militibus,
2044 3596 2108 3646 ut
2137 3591 2269 3647 Dio-

622 3687 855 3745 cletiani
885 3691 1168 3758 tempore,
1227 3688 1402 3754 atque
1460 3681 1654 3738 omnis
1701 3681 1813 3737 ista
1845 3681 2134 3736 sententia
2165 3681 2270 3735 de-

623 3764 1144 3848 fenditur-propter
1173 3790 1300 3829 eam
1335 3771 1692 3844 Opinionem,
1755 3770 1909 3841 quod
1967 3786 2057 3825 res
2113 3769 2266 3825 chri-

622 3867 950 3924 stiancrum
984 3868 1118 3920 ante
1171 3863 1463 3918 decimum
1520 3861 1707 3916 Severi
1747 3875 1969 3915 annum
2003 3860 2262 3914 nondum

614 3955 1124 4013 fuissentturbatas
1151 3970 1164 4018 ;
1199 3951 1354 4024 quod
1385 3954 1474 4006 est
1495 3966 1673 4020 supra
1703 3948 1846 4003 satis
1876 3949 2263 4012 confutatam,

615 4044 849 4102 Tertius
865 4038 1817 4114 deniquedisputationisOrsianm
1839 4038 1992 4093 I29
2015 4035 2264 4104 locus,in

612 4151 725 4206 quo
786 4133 965 4190 verba
1046 4129 1389 4188 Tertulliani
1469 4129 1699 4185 nullum
1757 4145 1978 4184 annum
2054 4132 2266 4198 praeter

611 4222 875 4279 CXCVIII
906 4220 1188 4286 attingere
1218 4234 1388 4290 posse
1420 4219 1702 4286 defendit,
1737 4234 1853 4272 non
1893 4219 1981 4272 est
2009 4215 2262 4287 aequiore

607 4311 744 4367 Jove
775 4308 1308 4366 tractatus.Etenim
1344 4306 1498 4378 quod
1520 4307 1694 4362 istam
1725 4305 2138 4361 liberalitatem
2161 4311 2257 4361 Se-

603 4399 725 4456 veri
746 4399 1040 4456 exstitisse
1067 4401 1202 4453 ante
1248 4395 1679 4468 expeditionem
1714 4394 2041 4467 parthicam
2065 4398 2254 4466 putat,

603 4490 663 4545 id
696 4506 829 4546 vero
862 4489 1037 4545 habet
1067 4488 1328 4560 aliquam
1359 4485 1823 4556 ambiguitatem.
1876 4484 2022 4540 Nam
2062 4485 2110 4538 si
2144 4484 2258 4539 ista

2382 3328 2728 3385 exstiterint.
2814 3331 2875 3384 In
2933 3345 3047 3400 quo
3113 3331 3372 3400 peccavit
3440 3331 3752 3403 dupliciter
3833 3352 3846 3390 :
3925 3337 4055 3408 pri-

2382 3435 2568 3486 mum,
2647 3418 2802 3490 quod
2887 3435 2984 3473 eas
3052 3423 3184 3473 ante
3244 3419 3424 3475 fuisse
3482 3422 3801 3492 negaverit,
3859 3441 4050 3496 quam

2379 3507 2674 3580 profectus
2731 3506 2808 3560 sit
2862 3511 3106 3562 Severus
3165 3507 3441 3564 adversus
3497 3509 3764 3581 Parthos,
3819 3513 4052 3572 deinde

2379 3595 2534 3667 quod
2565 3595 2781 3650 librum
2811 3594 2877 3651 de
2908 3595 3117 3651 Corona
3138 3612 3204 3652 eo
3237 3595 3305 3651 de
3359 3596 3695 3666 Spectaculis
3743 3604 4050 3673 posterio-

2378 3701 2502 3739 rem
2533 3699 2799 3740 essenon
2849 3685 3203 3758 cogitaverit.
3261 3688 3449 3758 Atque
3490 3687 3636 3743 illud
3695 3692 4047 3749 confutavi-

2377 3789 2511 3828 mus
2534 3791 2640 3829 suo
2662 3772 2953 3842 loco;hcc
2991 3791 3121 3829 vero
3165 3775 3246 3829 uti
3306 3792 3477 3830 nemo
3544 3793 3756 3848 negare
3811 3787 4046 3851 potest,

2375 3863 2486 3918 nisi
2522 3863 2615 3917 cui
2638 3863 2886 3918 tenebras
2932 3863 3050 3918 sint
3094 3879 3252 3919 mero
3286 3865 3527 3921 meridie
3578 3866 3689 3938 (est
3749 3870 3923 3925 enim
3992 3877 4053 3927 et

2373 3952 2482 4008 hoc
2513 3951 2657 4008 satis
2688 3952 3074 4023 disputatum)
3103 3970 3116 4021 ;
3151 3952 3231 4008 ita
3287 3954 3358 4009 de
3389 3954 3686 4011 vexatione
3741 3958 4051 4016 Christia-

2373 4057 2612 4108 norum,
2640 4040 2766 4112 lege
2813 4041 3005 4096 Severi
3059 4041 3410 4113 antiquiore,
3445 4061 3560 4100 non
3605 4049 3799 4116 potest
3833 4065 4053 4107 sermo

2372 4146 2502 4186 esse
2534 4129 2592 4184 in
2614 4147 2680 4185 eo
2710 4130 2775 4185 de
2806 4131 3036 4199 Corona,
3069 4131 3170 4185 ubi
3217 4131 3530 4188 Christiani
3571 4135 3856 4191 dicuntur
3891 4139 4054 4195 istas

2368 4218 2730 4274 calamitates
2763 4224 3038 4289 tanquam
3089 4224 3366 4276 venturas
3423 4222 3848 4295 extimescere;
3901 4245 4054 4284 cum

2366 4311 2629 4379 tempore
2659 4324 2745 4375 eo,
2777 4325 2893 4378 quo
2915 4307 3314 4365 Tertullianus
3345 4310 3401 4365 in
3453 4310 3715 4368 chartam
3768 4319 4054 4388 conjecit

2366 4397 2581 4452 librum
2613 4397 2677 4451 de
2695 4397 3046 4468 Spectaculis,
3074 4399 3197 4468 jam
3231 4399 3302 4453 ad
3336 4399 3700 4457 Christianos
3730 4403 4050 4475 impetum

2365 4503 2537 4542 suum
2571 4487 2814 4541 deorum
2847 4485 3103 4542 cultores
3183 4489 3634 4546 convertissent.
3712 4492 3924 4556 Quare
3980 4513 4057 4552 ex

603 4578 697 4634 bis
726 4579 882 4634 edita
911 4583 1018 4645 est,
1055 4577 1315 4648 primum
1348 4591 1486 4630 ann.
1520 4572 1782 4641 CXCVII,
1815 4579 1947 4645 post
2001 4573 2254 4628 reditum
2284 4590 2332 4654 D
2365 4575 2552 4646 ipsius
2597 4573 2831 4630 Baronii
2860 4575 3015 4630 180
3040 4580 3254 4643 mente,
3302 4576 3519 4633 librum
3575 4580 3640 4636 de
3671 4580 3901 4639 Corona
3973 4587 4054 4641 ad

601 4666 822 4736 Severi,
901 4682 1075 4737 quam
1159 4663 1458 4719 memorias
1551 4663 1811 4734 prodidit
1865 4661 2250 4730 Herodianus,

601 4754 815 4809 deinde
846 4753 1259 4810 ann.CXCVIII
1276 4761 1410 4808 ante
1441 4751 1662 4807 bellum
1693 4751 1975 4806 adversus
2009 4752 2251 4806 Parthos

600 4847 964 4914 susceptum,
997 4841 1228 4913 qualem
1260 4841 1606 4913 Spartianus
1638 4838 1919 4906 tradidit;
1979 4839 2121 4908 haec,
2167 4839 2252 4894 uti

599 4931 878 4999 diximus,
911 4929 1073 4987 nullo
1106 4931 1278 4986 modo
1325 4934 1516 5002 potest
1572 4916 1840 5000 intelligi,
1889 4944 1992 4983 nec
2021 4928 2252 4984 videtur

598 5019 894 5076 intellecta
924 5021 995 5076 ab
1018 5019 1206 5089 Orsio,
1239 5020 1339 5091 qui
1362 5019 1432 5074 ad
1466 5035 1596 5074 eam
1628 5034 1750 5073 rem
1781 5016 2245 5073 conﬁrmandam

596 5110 992 5167 Herodianum
1023 5110 1259 5176 citavit;
1293 5109 1392 5164 illa
1432 5125 1565 5163 vero
1622 5107 1694 5162 ad
1754 5123 1875 5162 rem
1922 5107 2068 5163 nihil
2109 5109 2247 5163 facit

596 5200 837 5257 omnino
867 5204 1199 5273 propterea,
1250 5199 1405 5269 quod
1456 5213 1522 5252 eo
1583 5213 1736 5252 anno
1803 5197 2064 5254 nondum
2121 5203 2246 5252 erat

592 5289 844 5362 Augusti
878 5289 1134 5362 dignitas
1172 5285 1232 5342 in
1265 5285 1625 5343 Caracallum
1656 5284 1886 5342 collata.
1917 5286 2023 5342 Sed
2079 5285 2138 5340 in
2169 5285 2243 5342 iis

590 5378 757 5452 locis,
789 5396 938 5452 quos
968 5395 1037 5434 ex
1066 5375 1412 5434 Tertulliani
1440 5377 1785 5446 Apologetz’ca
1823 5391 1872 5430 c.
1921 5375 2010 5445 35,
2062 5374 2239 5432 libro-

590 5483 704 5540 que
751 5470 823 5524 ad
883 5468 1197 5540 Scapulam,
1256 5482 1304 5520 ο.
1369 5465 1422 5536 4,
1467 5463 1686 5534 attulit,
1739 5481 1856 5520 non
1903 5472 2013 5530 est,
2080 5466 2235 5535 quod

2362 4663 2655 4718 decimum
2679 4663 2869 4720 Severi
2904 4680 3126 4719 annum
3157 4665 3360 4721 referri
3392 4669 3702 4738 oportebit.

2359 4820 2389 4894 §
2418 4823 2468 4878 4.
2502 4853 2570 4905 -τ
2591 4823 2831 4905 Denique
2877 4823 3120 4905 Pamclit'
3134 4824 3466 4905 Aet-Allata
3511 4829 3608 4899 qui
3637 4828 3862 4905 librum
3885 4834 4052 4892 hunc

2427 4894 2770 4962 coniecerant
2797 4897 2856 4951 in
2887 4912 3020 4950 arm.
3082 4894 3230 4951 CCIX
3274 4894 3968 4972 Decreta‘exploduntur.

2426 5021 2509 5074 Ad
2543 5020 2817 5075 Allixz'um
2847 5021 3035 5086 venio,
3095 5022 3508 5080 doctissimum
3559 5026 3778 5098 virum,
3851 5048 4054 5103 quem

2355 5108 2538 5164 miror
2565 5111 2688 5163 tam
2711 5108 2962 5164 docilem
2987 5125 3048 5164 se
3075 5111 3397 5180 praebuisse
3419 5113 3488 5168 ad
3511 5114 3752 5170 Pamelii
3779 5130 4053 5176 senten-

2352 5198 2517 5268 tiam,
2551 5215 2667 5270 quo
2699 5199 2924 5267 dubito,
2956 5216 3030 5255 an
3062 5199 3196 5271 quis
3228 5201 3414 5274 magis
3430 5209 3633 5260 contra
3657 5207 3957 5279 auspicia
3974 5214 4056 5268 ad

2353 5285 2749 5341 deliniendam
2780 5285 3134 5357 scriptorum
3164 5287 3508 5346 Tertulliani
3547 5295 3786 5349 aetatem
3827 5313 4056 5357 acces-

2349 5375 2492 5432 serit
2524 5375 2551 5429 ?
2593 5380 2785 5446 Atque
2832 5375 2931 5431 isti
2975 5375 3254 5448 Pamelio,
3306 5379 3586 5450 quoniam
3637 5380 4057 5448 liberalitatis

2348 5465 2706 5521 mentionem
2738 5464 3133 5522 Tertullianus
3190 5467 3399 5539 injicit,
3451 5468 3686 5527 libellus
3759 5475 3845 5529 ad
3886 5495 4048 5536 ann.

659 5682 772 5754 (20)
803 5682 882 5741 Ea
912 5683 1218 5756 proposuit
1246 5682 1307 5738 in
1338 5680 1548 5738 Critica
1576 5678 1885 5736 Annalium
1918 5678 2153 5737 Baronii
2179 5680 2252 5736 ad
2291 5695 2428 5738 anu.
2461 5677 2697 5747 CXCIV,
2728 5695 2787 5737 n.
2818 5679 2873 5750 3,
2907 5695 2964 5752 p.
3001 5696 3080 5736 m.
3111 5680 3203 5751 91,
3230 5681 3318 5737 92.
