4526 6394
419 382 533 441 173

1294 375 1392 439 AC
1434 376 1836 439 DOCTRINA
1879 373 2387 437 SCRIPTORUM
2432 373 2961 435 TERTULLIANI

3714 379 3828 436 174

415 511 585 577 CCIX,
620 514 797 582 atque
820 511 894 566 ad
924 510 1247 567 decennalia
1267 509 1534 564 Antonini
1590 508 1762 581 plane
1811 507 2067 564 referen-
2095 509 2150 575 Α
2181 509 2714 577 argumentumque
2762 506 3028 575 suadeat,
3088 505 3468 578 posteriorem
3566 524 3681 565 non
3748 509 3833 566 ita

417 603 526 657 dus
555 601 786 655 videtur
818 600 905 672 (in
942 601 1057 655 Vita
1095 600 1437 669 Tertulliani,
1495 599 1779 669 praemissa
1810 598 1925 665 eius
1950 613 2065 667 ope-

416 693 567 746 ribus
599 709 631 746 a
658 690 930 753 Pamelio,
964 689 1162 745 Colon.
1216 690 1349 742 1617
1408 688 1602 754 editis,
1651 706 1707 759 p.
1740 689 1808 740 ‘32
1840 688 1921 757 E).
1955 686 2063 741 Sed

418 782 545 849 ejus
583 781 821 851 quidem
883 778 1294 834 liberalitatem
1346 778 1405 831 in
1464 776 1595 831 istis
1651 775 2069 831 decennalibus

420 869 730 939 exstitisse,
766 886 883 924 non
908 868 1115 939 probat
1134 866 1566 933 Pamelius,sed
1601 865 1768 937 plane
1800 865 1965 936 fingit
1996 865 2067 919 ad

421 960 747 1015 libidinem.
783 959 1007 1013 Tamen
1042 956 1154 1011 alio
1187 957 1442 1029 quodam
1482 955 1605 1010 loco
1665 955 1740 1025 (in
1801 954 1964 1009 Notis
1997 953 2065 1009 ad

423 1051 574 1105 hunc
600 1049 843 1116 librum,
877 1064 1007 1119 pag.
1041 1049 1164 1117 210,
1199 1064 1255 1101 n.
1288 1048 1359 1118 1),
1394 1047 1464 1101 ad
1515 1062 1825 1101 nummum
1862 1060 2069 1115 provo-

422 1146 513 1194 cat
533 1138 680 1195 dicis
712 1155 910 1207 causa,
972 1152 1226 1207 eumque
1275 1136 1453 1206 hujus
1511 1135 1876 1206 argumenti:
1929 1134 2063 1201 Imp.

430 1229 643 1283 Czes.L.
705 1228 849 1299 Sept.
911 1227 1033 1282 Seu.
1080 1227 1229 1281 Pert.
1292 1225 1473 1296 Aug...
1526 1224 1846 1279 Liberalitas
1895 1223 2067 1292 Augg.

422 1319 519 1375 SC.
554 1318 658 1371 Hic
699 1316 958 1388 primum
993 1313 1133 1369 mihi
1170 1314 1303 1385 quis
1336 1314 1513 1380 dicat,
1551 1313 1784 1367 ubinam
1822 1312 1942 1367 sint
1970 1313 2067 1365 de-

422 1407 755 1461 cennalium
780 1410 928 1459 notae
958 1404 986 1458 Ἰ
1016 1404 1231 1458 Deinde
1264 1419 1395 1458 cum
1454 1418 1559 1473 ego
1609 1419 1722 1457 non
1782 1402 2069 1474 ignorem,

421 1498 697 1553 Severum
732 1499 789 1549 et
817 1492 1179 1549 Caracallum
1215 1491 1503 1547 militibus
1544 1491 1874 1564 populoque
1906 1507 2069 1545 com-

421 1584 678 1640 muniter
714 1582 875 1637 aliud
912 1582 1144 1637 dedisse
1193 1582 1251 1636 in
1286 1581 1743 1649 decennalibus;
1802 1580 2069 1653 nunquid

421 1674 591 1745 plura
623 1673 714 1727 his
739 1670 1039 1741 congiaria
1072 1687 1184 1725 non
1231 1675 1370 1725 sunt
1429 1674 1529 1723 aut
1568 1669 1840 1724 donativa
1870 1669 2071 1723 edita?

420 1762 597 1817 Nemo
622 1777 757 1816 vero
788 1760 843 1813 id
878 1760 1113 1828 quidem
1148 1759 1371 1830 absque
1402 1758 1730 1813 temeritate
1774 1763 1875 1812 aut
1906 1760 2067 1829 igno-

422 1850 610 1905 rantia
642 1849 871 1904 dixerit.
898 1850 1040 1916 Imo,
1074 1848 1367 1919 siquidem
1424 1848 1701 1901 Pamelius
1751 1864 1932 1902 ausus
1984 1852 2073 1902 est

423 1939 551 1994 aliis
576 1939 892 1993 obtrudere
923 1953 1144 1992 annum
1177 1936 1388 1992 CCVIII
1416 1936 1637 2007 absque
1669 1936 1826 1991 omni
1853 1936 2075 1991 ratione

426 2029 633 2083 idonea
670 2026 879 2093 ;nobis
908 2026 1172 2080 vicissim
1232 2042 1345 2080 non
1396 2028 1586 2095 potest
1642 2024 1779 2079 vitio
1811 2024 1973 2091 verti,
2025 2024 2074 2079 si

426 2133 643 2171 annum
670 2116 779 2171 CCI
811 2114 1250 2185 intelligamus;
1284 2114 1393 2169 hoc
1418 2114 1577 2167 enim
1609 2130 1759 2167 anno
1817 2118 1873 2168 et
1932 2113 2073 2167 libe-

426 2206 624 2261 ralitas
647 2204 803 2260 edita
833 2209 943 2272 est,
972 2208 1029 2257 et
1059 2203 1129 2257 ab
1156 2202 1438 2274 Augustis
1470 2202 1667 2257 etiam.
1703 2208 1777 2257 At
1808 2203 2074 2273 quamvis

426 2296 666 2351 omnino
696 2293 951 2364 turpiter
980 2308 1041 2347 se
1062 2292 1188 2364 ipse
1221 2292 1466 2359 dederit,
1491 2295 1685 2346 tamen
1716 2291 1961 2346 Allixius
1990 2291 2071 2362 (in

428 2384 734 2440 rarissima
752 2384 890 2438 Diss.
922 2382 991 2437 de
1020 2383 1345 2437 Tertulliani
1365 2383 1477 2435 vita
1506 2389 1556 2436 et
1595 2382 1837 2451 scriptis,
1859 2397 1983 2451 cap.
2017 2381 2073 2449 6,

430 2492 480 2546 p.
515 2475 607 2542 49)
638 2472 881 2527 secessit
928 2471 988 2525 in
1047 2470 1172 2539 ejus
1196 2470 1581 2536 sententiam;
1620 2486 1751 2523 nam
1808 2469 1864 2522 in
1927 2468 2074 2523 libro

430 2565 500 2617 de
522 2562 760 2626 Corona,
787 2558 1000 2629 inquit,
1025 2558 1311 2614 excitatur
1341 2557 1576 2613 libellus
1624 2558 1690 2612 de
1717 2560 2073 2628 Spectaculis,

430 2652 522 2722 qui
558 2650 819 2720 scriptus
850 2652 937 2703 est
969 2665 1106 2703 ann.
1141 2647 1316 2703 CCIV.
1352 2648 1412 2702 Id
1436 2663 1568 2701 vero
1620 2648 1811 2718 inepte
1854 2646 2074 2702 dictum

429 2758 550 2797 esse
582 2757 615 2794 a
645 2740 901 2794 Pamelio
931 2753 1105 2809 quem
1140 2753 1323 2791 unum
1386 2736 1673 2807 sequitur,
1710 2736 1876 2791 facile
1908 2737 2076 2792 intel-

427 2830 586 2902 liget,
618 2828 954 2899 quicunque
993 2842 1187 2881 secum
1224 2826 1577 2896 reputaverit
1624 2842 1691 2881 ea
1740 2843 1865 2897 quae
1898 2842 2077 2898 supra

430 2921 496 2974 de
528 2920 641 2973 isto
672 2914 869 2971 libello
898 2914 1406 2985 pronuntiavimus
1434 2933 1445 2982 ;
1505 2931 1713 2986 neque,
1772 2915 1821 2969 si
1869 2931 2074 2969 verum

432 3011 537 3065 hoc
567 3011 747 3071 esset,
781 3004 1033 3059 maxime
1064 3004 1135 3058 de
1166 3020 1229 3059 eo
1262 3020 1440 3074 super
1468 3004 1806 3071 Spectaculis
1837 3020 2075 3059 causam

430 3115 556 3154 esse
586 3094 995 3167 perspicimus,
1055 3096 1411 3164 quapropter
1456 3092 1605 3148 libeo
1637 3092 1701 3147 de
1738 3094 1947 3148 Corona
2005 3094 2076 3147 ad

431 3205 566 3242 ann.
600 3184 835 3248 CCVIII,
868 3200 983 3238 non
1006 3183 1076 3237 ad
1111 3180 1293 3236 alium
1352 3182 1552 3236 referri
1590 3183 1842 3237 deberet.
1879 3181 2075 3253 Neque

2104 1891 2150 1955 B

2179 595 2362 650 multo
2396 601 2528 667 post
2552 596 2801 667 priorem
2862 595 3281 651 aTertulliano
3341 596 3562 652 editum
3624 598 3827 655 fuisse.

2177 686 2335 748 Quod
2370 686 2525 741 enim
2552 686 2865 752 Pamelius,
2901 686 3001 757 qui
3031 686 3477 756 inscriptionem
3509 687 3654 743 alias
3678 706 3829 744 rece-

2178 780 2337 846 ptam
2372 776 2749 846 Sequebatur,
2777 775 2869 828 vix
2894 777 3081 846 potuit
3102 792 3484 847 concoquere,
3505 778 3824 849 quod,cum

2177 864 2573 920 Tertullianus
2605 864 2827 919 cultum
2862 865 2933 919 ab
2966 870 3169 919 ornatu
3202 866 3260 919 in
3306 866 3485 936 priori
3517 866 3663 923 libro
3684 870 3821 924 sub-

2177 952 2355 1007 tiliter
2388 953 2773 1020 distinxisset,
2810 957 3004 1008 tamen
3065 954 3121 1008 in
3178 955 3503 1026 posteriori,
3561 957 3631 1011 de
3662 957 3823 1013 cultu

2178 1042 2525 1097 feminarum
2544 1043 3133 1114 appellato,ornatum
3160 1043 3421 1100 mulieris
3436 1047 3824 1117 pertractarit;

2176 1147 2245 1187 ea
2275 1132 2509 1203 quidem
2528 1132 3105 1198 difﬁcultas,sublata
3123 1133 3501 1205 inscriptione
3518 1135 3825 1208 utriusque

2175 1221 2310 1276 libri
2341 1221 2589 1285 diversa,
2624 1238 2689 1277 ac
2721 1226 3066 1294 argumento
3109 1224 3236 1292 ejus
3268 1222 3531 1281 studiose
3572 1227 3822 1297 cognito,

2178 1312 2393 1365 mirum
2427 1311 2483 1366 in
2518 1312 2757 1366 modum
2789 1312 3191 1369 evanescit.Ut
3220 1313 3375 1368 enim
3425 1315 3825 1373 Tertullianus

2178 1400 2443 1455 habitum
2504 1400 2734 1456 feminas
2790 1400 2952 1456 cultu
3001 1406 3058 1457 et
3114 1407 3322 1457 ornatu
3383 1403 3533 1458 effici
3578 1404 3825 1475 dixerat,

2177 1490 2495 1561 superioris
2525 1490 2695 1546 istius
2727 1492 2955 1563 generis
2987 1492 3252 1563 exempla
3311 1497 3479 1564 putat
3540 1496 3829 1552 mundum

2180 1579 2547 1647 muliebrem,
2590 1598 2821 1648 aurum,
2856 1585 3185 1653 argentum,
3220 1599 3502 1653 gemmas,
3536 1589 3743 1655 vestes,
3774 1591 3833 1641 et

2180 1686 2309 1741 quas
2337 1674 2475 1724 sunt
2504 1671 2733 1739 generis
2764 1672 3069 1740 ejusdem;
3104 1672 3442 1743 posterioris
3463 1690 3595 1729 vero
3628 1691 3828 1730 curam

2178 1759 2371 1830 capilli
2405 1764 2458 1813 et
2480 1759 2631 1813 cutis
2663 1764 2719 1814 et
2747 1776 2949 1815 carum
2983 1761 3234 1831 partium
3268 1762 3551 1833 corporis,
3584 1780 3731 1834 qua},
3767 1769 3831 1820 ut

2182 1849 2282 1917 ait,
2308 1847 2505 1903 oculos
2531 1849 2794 1903 trahunt.
2829 1850 3002 1919 Atqui
3061 1849 3120 1903 in
3155 1849 3333 1921 priori
3392 1850 3537 1906 libro
3596 1869 3828 1922 aurum,

2184 1942 2480 2009 argentem
2514 1941 2665 2009 (cap.
2693 1939 2767 2008 4),
2801 1955 3065 2010 gemmas
3110 1940 3182 2011 (ο.
3216 1940 3295 2009 5),
3355 1944 3548 1997 vestes
3606 1946 3829 2014 pertra-

2184 2032 2301 2081 ctat
2330 2027 2403 2095 (c.
2434 2028 2485 2098 7)
2519 2046 2531 2095 ;
2566 2028 2623 2081 in
2653 2029 2958 2098 posteriori
3007 2030 3077 2083 de
3134 2030 3498 2085 observanda
3546 2032 3831 2103 pudicitia

2182 2116 2240 2170 in
2274 2116 2468 2172 cultus
2498 2121 2806 2172 etornatus
2842 2118 3211 2173 institutione
3242 2119 3363 2191 agit
3397 2121 3659 2177 universe
3684 2123 3825 2195 (cap.

2185 2206 2322 2275 1-5),
2358 2206 2634 2277 deinceps
2661 2208 2733 2261 de
2764 2208 2952 2263 colore
2977 2214 3442 2280 ornamentoque
3464 2211 3830 2284 capillorum,

2184 2312 2536 2366 omnemque
2558 2294 2772 2350 librum
2825 2297 2953 2351 finit
2984 2298 3220 2353 monitis
3251 2299 3602 2369 quibusdam
3634 2301 3704 2356 de
3736 2319 3833 2357 or-

2184 2389 2323 2439 natu
2358 2385 2650 2455 pudicitim
2691 2386 3161 2453 adverso.Quare
3189 2404 3319 2443 eum
3354 2389 3410 2443 in
3445 2389 3543 2444 illo
3567 2390 3830 2458 decultu,

2183 2474 2243 2528 in
2277 2474 2384 2529 hoc
2414 2475 2483 2529 de
2510 2480 2718 2530 ornatu
2753 2476 3107 2531 feminarum
3167 2478 3379 2549 egisse,
3438 2496 3504 2534 ac
3544 2484 3830 2552 tanquam

2185 2568 2379 2633 partes
2411 2569 2692 2634 utrosque
2724 2581 2909 2619 unum
2945 2566 3158 2621 librum
3199 2568 3577 2625 constituisse
3610 2569 3833 2625 clarum

2185 2657 2291 2707 est.
2328 2656 2472 2707 Nam
2534 2654 2687 2723 quod
2736 2653 3145 2710 'l‘illemontius
3205 2656 3287 2711 ait
3336 2658 3640 2727 (Memoires
3694 2675 3837 2729 pour

2184 2742 2629 2797 serviral’llist.
2665 2744 2871 2811 ecclés.,
2933 2748 3075 2801 tom.
3108 2746 3201 2813 IIl,
3263 2763 3319 2818 p.
3378 2748 3505 2802 662.
3562 2752 3682 2803 not.
3746 2749 3833 2820 12)

2188 2832 2567 2886 manifestum
2593 2848 2740 2902 esse,
2774 2833 2928 2903 quod
2966 2834 3060 2889 isti
3094 2835 3209 2890 duo
3257 2835 3389 2890 libri
3424 2838 3676 2909 separati
3711 2838 3834 2894 fue-

2186 2919 2326 2986 rint,
2360 2936 2464 2975 nec
2496 2921 2693 2975 referri
2738 2938 2891 2976 unus
2915 2924 2982 2976 ad
3012 2922 3262 2979 alterum
3294 2924 3412 2981 ullo
3436 2927 3605 2982 modo
3626 2928 3832 2998 possit,

2185 3008 2243 3062 id
2276 3025 2407 3063 vero
2440 3009 2667 3064 facilius
2699 3011 2918 3065 dicitur
2948 3028 3124 3083 quam
3183 3015 3484 3085 probatur,
3530 3020 3587 3071 et
3642 3032 3714 3071 ne
3745 3033 3834 3073 re-

2187 3096 2303 3151 felli
2362 3098 2601 3168 quidem
2660 3100 2870 3166 debet;
2929 3107 3020 3156 est
3066 3102 3219 3157 enirn
3278 3103 3591 3176 ignoranti.
3648 3107 3836 3176 Atque

2188 3188 2364 3242 etiam
2397 3186 2513 3241 alia
2542 3191 2632 3241 est
2679 3187 2850 3243 istius
2911 3191 3211 3245 sententiae
3263 3196 3475 3248 nostrze
3521 3194 3833 3264 probatio;

428 3277 495 3329 ad
529 3290 658 3329 eam
692 3289 814 3327 rem
847 3271 1271 3326 defendendam
1303 3270 1518 3325 rectius
1565 3270 1827 3325 adhibUit
1855 3286 2078 3325 eI‘I‘OI‘CS
2111 3266 2153 3333 C
2192 3294 2325 3331 nam
2362 3276 2416 3329 in
2443 3277 2751 3346 posteriori
2784 3277 2931 3332 libro
2976 3280 3443 3351 impendentium
3488 3283 3837 3339 Christianis

431 3362 921 3419 Montanistarum
977 3360 1036 3414 in
1094 3359 1243 3415 libro
1305 3358 1368 3414 de
1416 3359 1627 3414 Corona
1684 3364 2074 3414 occurrentes.

429 3458 580 3520 Quos
611 3449 884 3522 equidem
915 3448 1011 3504 isti
1043 3448 1193 3503 libro
1242 3465 1356 3504 non
1406 3464 1553 3520 nego
1614 3450 1844 3515 inesse;
1879 3450 1976 3503 sed
2012 3464 2076 3503 eo

430 3545 780 3614 argumento
803 3539 855 3593 id
886 3555 1057 3610 posse
1088 3538 1235 3592 efﬁci
1299 3539 1450 3609 quod
1503 3539 1728 3605 debeat,
1782 3538 1889 3593 hoc
1944 3554 2077 3593 vero

432 3646 734 3702 nunquam
772 3628 1147 3701 percipietur,
1181 3627 1293 3682 nisi
1328 3628 1399 3683 ab
1434 3627 1523 3693 iis,
1588 3629 1684 3699 qui
1745 3629 1979 3683 demum
2012 3644 2075 3683 eo

431 3737 582 3777 anno
625 3717 1055 3775 Tertullianum
1106 3720 1315 3788 putant
1373 3717 1439 3771 ad
1501 3716 1879 3773 Montanistas
1923 3721 2078 3771 tran-

432 3826 625 3865 811888.

429 3982 456 4045 ἓ
482 3980 536 4032 5.
566 4006 639 4017 -
670 3975 831 4029 Liber
860 3982 1088 4044 uterque
1108 3974 1178 4028 de
1204 3972 1363 4028 cultu
1390 3975 1732 4043 feminarum
1779 3974 1947 4028 simul
1964 3975 2076 4029 edi-

498 4056 586 4105 tus
621 4047 933 4103 ostenditur
952 4051 1149 4101 contra
1161 4047 1473 4101 Pamelium
1499 4050 1549 4101 et
1573 4047 2004 4101 Tillemontium.

504 4202 613 4258 Sed
649 4199 795 4256 satis
828 4198 927 4254 diu
968 4215 1075 4254 nos
1109 4199 1297 4254 tenuit
1344 4199 1414 4254 de
1463 4198 1613 4255 libro
1663 4217 1843 4271 super
1875 4201 2082 4257 Corona

436 4290 774 4355 institutio;
810 4288 1006 4359 itaque
1038 4287 1205 4343 nobis
1236 4293 1325 4343 est
1368 4292 1800 4360 preperandum
1835 4291 1905 4345 ad
1937 4290 2083 4346 alios

437 4380 723 4451 quosdam
761 4376 963 4443 libros,
997 4380 1053 4430 et
1083 4392 1181 4431 eos
1223 4376 1480 4447 quidem,
1515 4393 1662 4447 quos
1692 4377 2083 4433 Tertullianus

437 4470 499 4525 de
522 4470 687 4525 Cultu
716 4468 1053 4536 feminarum
1075 4465 1422 4536 composuit.
1458 4467 1647 4536 Atque
1670 4466 1762 4521 his
1792 4484 1905 4522 non
1929 4467 2083 4523 vide-

438 4564 600 4613 tura
657 4554 1034 4626 suscipienda
1091 4554 1486 4624 disputatione
1539 4554 1817 4623 alienum,
1881 4558 2085 4627 paucis

2189 3365 2480 3419 malorum
2506 3364 2662 3419 haud
2695 3366 2933 3421 dubiam
2966 3370 3325 3424 mentionem
3358 3371 3837 3443 injicit,quorum

2187 3455 2247 3509 in
2282 3453 2460 3524 priori
2493 3453 2654 3508 nulla
2685 3459 2773 3509 est
2803 3456 3171 3527 signiﬁcatio.
3205 3459 3333 3514 Jam
3368 3460 3415 3515 si
3440 3466 3836 3518 aerumnatum

2188 3544 2435 3597 fuissent
2465 3544 2677 3609 all‘ecti,
2711 3547 3004 3615 quomodo
3025 3547 3423 3604 Tertullianus
3453 3550 3839 3608 abstinuisset

2187 3650 2221 3687 a
2251 3634 2758 3687 commemoranda
2780 3650 2866 3703 ea,
2900 3639 2964 3689 ut
2994 3636 3227 3691 feminis
3256 3638 3605 3694 Christianis
3634 3640 3836 3697 luxum

2188 3720 2573 3787 dissuaderet,
2605 3737 2738 3776 cum
2789 3739 2854 3778 eo
2911 3730 3259 3795 argumento
3318 3726 3463 3783 alias
3503 3729 3837 3800 frequenter

2186 3814 2391 3864 utatur
2421 3812 2443 3863 Ρ
2469 3810 2575 3865 Sed
2600 3827 2733 3865 cum
2765 3811 2926 3883 prior
2953 3813 3062 3868 iste
3082 3814 3317 3871 libellus
3344 3817 3632 3888 posterior
3660 3818 3738 3872 sit
3765 3835 3831 3874 eo

2186 3900 2252 3953 de
2270 3899 2626 3970 Spectaculis,
2662 3901 2812 3970 quod
2847 3902 3121 3972 deinceps
3152 3905 3486 3974 apparebit;
3508 3905 3661 3961 dicat
3683 3906 3831 3961 mihi

2188 3988 2341 4059 quis,
2375 3992 2569 4042 utrum
2592 3988 2651 4042 in
2684 3989 2783 4044 illo
2806 4007 3103 4061 quoquam
3134 4009 3306 4060 anno,
3366 3994 3467 4063 qui
3506 3994 3730 4049 efﬂuxit
3759 3996 3831 4049 ab

2188 4093 2277 4144 eo,
2310 4093 2425 4148 quo
2447 4077 2723 4148 scriptum
2748 4078 2811 4134 de
2841 4080 3178 4150 Spectaculis
3217 4081 3433 4137 librum
3471 4082 3730 4139 diximus
3761 4084 3833 4138 ad

2190 4182 2410 4221 annum
2442 4167 2735 4236 CCII,quo
2767 4175 2965 4239 emptae
2990 4177 3131 4225 sunt
3161 4171 3444 4227 adversus
3474 4172 3841 4229 Christianos

2192 4254 2535 4322 Inimicitiae,
2569 4272 2708 4327 pace
2741 4258 3056 4313 Christiani
3107 4260 3198 4315 usi
3242 4261 3478 4329 fuerint,
3542 4262 3655 4316 nisi
3697 4262 3844 4318 forte

2194 4362 2334 4400 ann.
2368 4345 2501 4412 CCI,
2537 4351 2639 4400 aut
2662 4347 2817 4401 CCII.
2864 4347 3129 4420 Namque
3185 4367 3219 4405 a
3279 4350 3468 4405 reditu
3526 4350 3718 4405 Severi
3775 4366 3844 4404 ex

2195 4433 2384 4489 Gallia
2416 4435 2487 4488 ad
2528 4452 2747 4489 annum
2807 4436 2913 4490 CCI
2972 4437 3154 4492 fuisse
3185 4438 3545 4493 Christianos
3592 4437 3846 4493 maxime

2194 4527 2451 4588 vexatos,
2476 4526 2532 4576 et
2552 4523 2693 4577 ordo
2718 4522 3005 4579 librorum
3040 4525 3208 4581 docet
3265 4544 3299 4580 a
3356 4527 3526 4581 nobis
3583 4527 3641 4580 in
3674 4542 3847 4598 supe-

442 4611 843 4720 przemonere,‘
879 4643 1071 4715 qualis
1141 4611 1313 4697 fuerit
1360 4642 1497 4698 olim
1550 4644 1759 4699 horum
1806 4611 2091 4701 Iiblrorum
2126 4632 2170 4696 Ι)
2204 4611 3003 4720 ΓξονῖὶῖυιξξδυᾴίδΡξίξξξξξωὴ
3022 4615 3855 4720 parte,fonStimf‘ufgetkmo‘

443 4734 771 4807 inscriptio,
820 4738 993 4804 atque
1025 4731 1329 4803 dispicere,
1391 4734 1641 4790 fueritne
1698 4735 1985 4807 posterior
2028 4736 2096 4790 li-

446 4826 637 4883 bellus
662 4840 798 4879 eum
848 4821 1029 4878 altero
1087 4839 1121 4877 a
1165 4821 1521 4878 Tertulliano
1581 4825 1783 4880 eodem
1838 4831 2100 4898 tempore

452 4915 667 4970 editus.
701 4911 984 4966 Videlicet
1033 4910 1132 4981 qui
1189 4915 1324 4965 ante
1368 4910 1490 4966 Nic.
1556 4913 1873 4985 Rigaltium
1922 4914 2101 4970 libros

453 5000 799 5060 Tertulliani
830 4999 1160 5065 ediderunt,
1193 4998 1250 5053 bi
1280 5000 1528 5056 alterum
1555 5002 1619 5056 de
1676 5005 1880 5059 Habitu
1904 5006 2103 5060 mulie-

460 5094 542 5148 bri
566 5091 864 5158 dicebant,
910 5088 1162 5145 alterum
1215 5088 1279 5144 de
1327 5090 1475 5144 131
1534 5090 1694 5147 Cultu
1742 5096 2102 5165 feminarum.

458 5182 567 5239 Sed
598 5182 711 5238 iste
733 5178 1047 5252 Rigaltius,
1097 5193 1231 5233 eum
1263 5178 1486 5250 potitus
1526 5188 1682 5238 esset
1707 5183 2108 5239 vetustissimo

461 5273 559 5329 illo
583 5271 784 5328 codice
804 5267 1123 5341 Agobardi,
1154 5269 1383 5340 primus
1438 5286 1624 5328 ausus
1674 5279 1763 5329 est
1793 5279 2111 5345 utrumque

464 5364 525 5419 de
557 5362 721 5418 Cultu
740 5362 1083 5431 feminarum
1112 5358 1450 5416 inscribere.
1484 5361 1688 5433 Itaque
1732 5368 1788 5418 et
1822 5379 1928 5418 nos
1965 5362 2111 5416 nulli

466 5454 804 5508 dubitamus
862 5450 971 5505 hos
1032 5446 1214 5503 libros
1268 5465 1386 5503 non
1463 5451 1788 5522 disjunctos
1848 5469 2112 5523 unquam

465 5542 663 5609 fuisse,
696 5540 791 5597 sed
830 5538 1080 5595 unicum
1111 5536 1277 5607 quasi
1327 5538 1588 5596 effecisse
1640 5540 1937 5611 volumen,
1997 5557 2114 5596 non

470 5634 581 5687 ista
610 5631 792 5687 solum
828 5628 1055 5686 codicis
1079 5627 1429 5695 Agobardini
1463 5634 1806 5687 auctoritate
1842 5630 2115 5700 moti,sed

476 5725 637 5778 etiam
669 5727 1003 5797 propterea,
1029 5716 1181 5787 quod
1222 5716 1351 5788 ipsa
1380 5716 1587 5774 horum
1640 5718 1921 5777 librorum
1973 5718 2118 5777 ratio

2207 4702 2293 4756 ria
2326 4706 2649 4773 martyrum
2710 4701 3149 4758 Scillitanorum
3183 4706 3264 4775 (Υ.
3298 4722 3427 4776 sup.
3479 4708 3505 4773 §
3534 4707 3610 4777 t5).
3654 4705 3859 4777 Itaque

2209 4805 2342 4844 cum
2370 4788 2486 4843 fere
2517 4793 2648 4860 post
2670 4794 2893 4860 partem
2934 4792 3069 4846 anni
3130 4792 3262 4848 CCII
3320 4794 3575 4865 priorem
3633 4793 3858 4849 editum

2212 4877 2389 4933 fuerit
2415 4878 2603 4934 Severi
2637 4878 2915 4947 edictum,
2948 4885 3012 4936 ut
3043 4898 3149 4938 suo
3196 4881 3324 4939 loco
3374 4883 3739 4954 docebimus,
3770 4884 3864 4938 vix

2214 4971 2405 5040 potest
2436 4966 2595 5040 prior
2616 4968 2681 5023 de
2710 4969 2872 5025 Cultu
2892 4972 3233 5040 feminarum
3254 4972 3491 5029 libellus
3522 4974 3718 5030 editus
3748 4971 3862 5028 alio

2214 5062 2480 5129 tempore
2513 5056 2650 5129 dici,
2683 5056 2796 5114 nisi
2827 5075 2893 5114 eo
2926 5060 3064 5129 fere,
3098 5078 3213 5134 quo
3252 5062 3312 5118 in
3344 5062 3535 5120 lucem
3577 5062 3868 5136 posterior

2219 5148 2348 5219 ejus
2381 5147 2713 5220 argumenti
2747 5146 2895 5204 liber
2911 5151 3149 5221 prodiit.

2400 5317 2555 5374 132
2588 5318 2687 5385 §6.
2714 5348 2779 5359 —
2807 5319 2961 5375 Anno
2986 5320 3207 5392 quidem
3238 5321 3363 5395 CCI,
3382 5328 3484 5380 aut
3511 5321 3689 5377 CCIII.

2296 5452 2587 5514 Quorsum
2620 5452 2741 5507 haec
2773 5452 3321 5509 omnia?Nimirum
3356 5453 3877 5525 utintelligatur,si

2226 5544 2463 5611 tempus
2494 5543 2696 5614 scripti
2731 5543 3071 5599 alterutrius
3102 5543 3232 5598 libri
3282 5547 3535 5608 constat,
3568 5542 3881 5613 utriusque

2231 5633 2462 5686 atatem
2509 5632 2767 5702 reperiri.
2819 5634 3002 5697 Quam
3067 5632 3139 5686 ob
3196 5648 3313 5686 rem
3375 5637 3439 5687 ut
3492 5631 3881 5689 certissimam

2233 5736 2556 5792 sequamur
2583 5723 2712 5793 ejus
2762 5720 3047 5793 temporis
3094 5720 3582 5793 signiﬁcationem
3626 5722 3687 5778 in
3717 5720 3884 5778 libris
