4526 6400
600 403 718 462 175

1665 387 2193 452 DISSERTATIO
2236 386 2338 447 DE
2382 386 2604 447 VERA
2650 385 2933 448 ETATE

3908 392 4025 454 176

592 532 762 606 ipsis,
795 533 1035 586 utemur
1061 524 1496 584 calamitatibus
1543 522 1758 595 quibus
1789 525 1917 578 tum
1946 519 2244 595 expositos
2273 521 2330 590 Α
2358 518 2543 591 Igitur
2620 521 2863 592 apparet
2918 516 3184 574 libellum
3259 518 3323 576 de
3375 525 3532 590 Fuga
3574 521 3815 578 demum
3877 529 4018 596 post

591 623 773 678 fuisse
795 618 1158 676 Christianos
1175 614 1573 672 Tertullianus
1591 613 1968 684 ait,quasque
1984 615 2246 683 tempore

589 729 678 781 eo,
715 727 830 782 quo
865 708 1116 764 alterum
1146 706 1213 762 de
1235 706 1579 776 feminarum
1606 703 1770 758 Cultu
1800 701 2065 758 libellum
2088 717 2244 755 com-

591 803 851 874 poneret,
884 799 998 853 fere
1027 795 1262 851 initium
1295 794 1624 865 sumpsisse
1655 792 1778 848 haec
1826 791 2004 847 verba
2040 790 2248 845 docent

591 890 648 962 (Ι.
677 907 739 956 ιι,
773 905 823 943 c.
851 887 974 959 13):
1011 887 1269 957 Tempora
1328 883 1663 939 Christianis
1721 897 1953 952 semper,
2002 887 2056 935 et
2101 894 2247 933 nunc

590 981 674 1035 vel
704 977 969 1044 maxime,
1000 991 1112 1031 non
1142 989 1303 1042 auro,
1335 973 1431 1029 sed
1459 975 1609 1044 ferro
1638 973 2055 1039 transiguntur.
2080 968 2244 1025 Stoice

591 1068 994 1138 martyriorum
1021 1071 1436 1137 praeparantur.
1474 1062 1609 1126 Quae
1641 1059 1877 1133 quidem
1895 1057 2143 1129 intelligi
2174 1057 2244 1112 de

591 1155 892 1228 superiore
921 1153 1392 1211 Christianorum
1432 1149 1732 1206 vexatione
1790 1165 1823 1204 a
1873 1147 2041 1221 plebe
2096 1146 2247 1202 facta

591 1247 915 1316 nequeunt,
947 1246 1276 1315 propterea,
1311 1240 1463 1311 quod
1509 1239 1568 1293 in
1621 1238 1811 1310 priore
1858 1237 2038 1308 hujus
2069 1251 2244 1308 argu-

589 1333 771 1390 menti
803 1333 953 1388 libro
983 1333 1056 1388 ad
1089 1331 1303 1386 librum
1332 1329 1396 1385 de
1425 1328 1762 1400 Spectaculis
1785 1329 2059 1400 provocat
2087 1325 2241 1396 (0.7).

586 1424 854 1494 Namque
883 1437 990 1494 ego
1051 1419 1198 1476 mihi
1229 1417 1581 1492 persuadere
1611 1417 1768 1472 haud
1804 1432 2074 1488 possum,
2107 1415 2244 1469 Ter-

580 1511 900 1568 tullianum
928 1507 1205 1574 voluisse,
1254 1507 1412 1562 hunc
1480 1505 1809 1574 excitando,
1843 1505 2109 1560 Graecum
2169 1501 2245 1558 si-

586 1600 746 1656 milis
786 1598 1121 1671 argumenti
1177 1596 1394 1652 librum
1443 1595 1799 1668 significare,
1859 1592 2138 1666 quoniam
2191 1595 2247 1647 et

583 1689 858 1746 Latinum
889 1688 1083 1744 Graeco
1117 1685 1512 1757 antiquiorem
1528 1700 1656 1740 esse
1674 1683 2044 1740 ostendimus
2062 1680 2113 1753 (§
2135 1681 2243 1750 14),

583 1783 642 1835 et
672 1779 792 1835 ista
821 1775 1172 1834 Tertulliani
1202 1773 1554 1842 admonitio,
1590 1789 1707 1844 qua
1739 1770 1880 1844 quid
1912 1788 1945 1826 a
1971 1770 2085 1826 Deo
2115 1785 2245 1825 esse

583 1867 772 1940 possit
792 1865 1154 1939 pronuntiat,
1197 1864 1432 1920 tametsi
1491 1863 1619 1933 ejus
1677 1861 1757 1918 rei
1817 1861 2039 1917 abusus
2061 1865 2241 1916 Deum

585 1973 703 2012 non
736 1956 952 2012 habeat
982 1957 1300 2020 auctorem,
1326 1952 1385 2008 in
1421 1952 1618 2008 Latino
1646 1951 1713 2008 de
1733 1947 2076 2023 Spectaculis
2092 1947 2239 2004 libro

583 2043 823 2100 omnino
857 2043 1110 2100 occurrit
1139 2044 1289 2114 (cap.
1324 2042 1400 2113 2).
1435 2039 1741 2096 Enimvero
1773 2055 1906 2095 cum
1938 2039 2002 2094 de
2028 2037 2238 2109 Specta-

579 2135 722 2189 culis
745 2133 1044 2201 scriberet,
1063 2131 1416 2203 jamdudum
1431 2129 1685 2186 summis
1706 2127 1878 2184 malis
1901 2128 2237 2200 afﬂigeban-

579 2228 675 2278 tur
705 2221 1046 2289 Christiani,
1077 2222 1148 2276 de
1176 2220 1391 2292 quibus
1417 2235 1489 2275 ne
1521 2219 1694 2274 verbo
1744 2217 1983 2290 quidem
2035 2218 2092 2272 in
2126 2216 2238 2272 isto

578 2312 758 2384 priori
787 2311 850 2367 de
871 2311 1033 2366 Cultu
1055 2312 1401 2382 feminarum
1450 2309 1600 2364 libro
1660 2307 1945 2379 loquitur,
2000 2310 2057 2362 et
2085 2310 2234 2362 tem-

577 2416 717 2470 pore
748 2399 1088 2471 posterioris
1118 2397 1299 2454 libelli
1350 2397 1542 2452 denuo
1605 2394 1997 2451 imminebant
2053 2409 2235 2464 quare

576 2505 682 2546 nec
713 2490 783 2545 ad
813 2489 1064 2560 priorem
1108 2488 1220 2543 sub
1265 2489 1475 2543 Severo
1534 2485 1898 2542 vexationem
1942 2482 2142 2539 referri
2171 2481 2232 2537 hi

574 2577 712 2634 libri
762 2577 879 2633 ullo
932 2577 1105 2632 modo
1136 2579 1405 2648 possunt,
1467 2574 1566 2630 sed
1629 2573 1700 2628 ad
1759 2589 1980 2629 annum
2035 2572 2230 2643 potius

573 2668 637 2722 P.
671 2667 730 2721 C.
765 2666 835 2721 Ν.
869 2666 1000 2734 CCI,
1034 2669 1136 2721 aut
1167 2669 1252 2733 II;
1285 2663 1478 2735 prouti
1511 2662 1642 2734 quis
1671 2661 1810 2718 velit
1859 2660 2014 2717 mala
2071 2659 2228 2716 chri-

572 2756 902 2813 stianorum
935 2759 1062 2810 tum
1078 2751 1740 2824 orta,velimpendentia
1768 2750 2229 2821 crsdere.Neque

574 2831 707 2900 vero
741 2847 848 2911 est,
883 2843 1038 2916 quod
1071 2841 1513 2898 Tillemontium
1545 2840 1859 2896 audiamus
1890 2839 2226 2912 opinantem

571 2932 633 3004 (1.
667 2948 715 2987 c.
750 2949 807 3004 p.
840 2932 967 2999 210,
1000 2935 1109 2988 art.
1142 2931 1260 3001 VI),
1320 2930 1558 2986 demum
1605 2932 1738 3001 post
1792 2945 2016 2984 annum
2059 2928 2226 2984 CCIII

572 3021 796 3077 editum
857 3037 987 3077 esse
1041 3019 1258 3075 librum
1329 3018 1606 3091 priorem,
1661 3017 2040 3090 posteriorem
2091 3034 2225 3074 vero

572 3109 758 3166 multo
798 3114 954 3178 ante,
989 3113 1045 3165 et
1066 3125 1219 3164 anno
1270 3107 1505 3180 quidem
1535 3106 1790 3163 CXCVII.
1850 3111 1989 3180 Eam
2047 3107 2106 3163 in
2157 3123 2223 3163 eo

569 3199 718 3270 loco,
750 3214 923 3270 quem
956 3197 1225 3254 excitavit
1253 3197 1386 3269 (21),
1417 3213 1578 3268 aeque
1601 3200 1796 3269 potest
1824 3195 2221 3253 Tertullianus

2356 626 2492 665 ann.
2525 608 2660 676 CCI,
2693 625 2727 664 a
2757 606 3119 664 Tertulliano
3151 607 3375 664 editum
3435 609 3638 666 fuisse.
3681 614 3869 684 Atque
3899 631 4007 688 ego

2352 697 2551 753 nullus
2579 697 2927 753 dubitoeum
2958 697 3174 753 librum
3196 715 3348 754 anno
3381 699 3651 771 sequenti
3681 702 4004 762 vindicare.

2355 787 2636 859 Equidem
2673 787 2786 843 ista
2815 786 3056 842 lenitate
3086 804 3154 842 ac
3198 789 3485 844 modestia
3514 790 3858 846 Tertulliani
3895 811 4011 850 non

2353 881 2504 946 utar,
2537 893 2666 949 ques
2697 875 2887 932 notari
2915 881 3174 932 meretur
3205 877 3265 932 in
3299 877 3472 946 libro,
3501 879 3561 933 in
3595 895 3710 951 quo
3736 883 4017 952 questio-

2354 981 2486 1022 nem
2518 966 2700 1038 ponit,
2733 983 2858 1037 quae
2890 966 3276 1022 Montanistas
3323 968 3635 1039 separabat
3691 986 3728 1024 a
3788 971 4016 1042 puriori

2354 1055 2627 1123 Ecclesia,
2661 1056 2878 1126 quibus
2910 1060 3105 1110 tamen
3137 1072 3272 1111 cum
3330 1061 3458 1112 tum
3493 1057 3678 1114 fuisse
3708 1060 4010 1118 addictum

2353 1161 2524 1200 nemo
2549 1144 2839 1199 dubitabit
2871 1147 3014 1214 (22),
3049 1144 3241 1200 dicere
3270 1145 3427 1201 enim
3483 1146 3616 1218 quis
3642 1154 3860 1219 posset,
3895 1152 4018 1208 Ter-

2352 1234 2678 1301 tullianum,
2701 1249 2836 1288 cum
2869 1233 2940 1288 ad
2971 1249 3104 1289 eum
3132 1233 3246 1289 ista
3297 1235 3707 1306 perscriberet,
3756 1236 3858 1308 qui
3891 1244 4020 1295 sta-

2353 1323 2452 1378 bat
2481 1340 2514 1377 a
2542 1321 2810 1394 partibus
2842 1322 3319 1394 orthodoxorum,
3379 1340 3441 1380 se
3501 1324 3738 1397 quidem
3786 1331 4015 1400 tempe-

2354 1428 2517 1468 rasse
2545 1429 2578 1467 a
2602 1411 2794 1468 verbis
2829 1411 3168 1468 durioribus
3198 1411 3221 1467 ?
3275 1416 3424 1469 Sane
3476 1414 3709 1480 gravius
3769 1414 4012 1489 aliquod

2353 1504 2768 1573 argumentum
2791 1501 3050 1573 positum
3082 1505 3172 1558 est
3201 1500 3260 1557 in
3297 1518 3364 1558 eo
3387 1505 3708 1576 quod,cum
3741 1511 4015 1562 nostrum

2351 1589 2616 1646 libellum
2649 1591 2866 1659 ederet,
2917 1591 3045 1662 jam
3114 1591 3358 1664 cmpisse
3403 1593 3670 1664 quaedam
3730 1595 4018 1652 adversus

2353 1678 2717 1735 Christianos
2748 1679 2970 1751 ﬂagitia
2999 1680 3228 1736 dixerit.
3265 1685 3351 1736 Ita
3380 1681 3538 1738 enim
3570 1683 3820 1740 orditur.
3854 1686 4017 1754 Quae-

2352 1771 2475 1824 sisti
2500 1770 2770 1841 proxime,
2792 1771 2929 1825 Fabi
2975 1773 3172 1842 frater,
3225 1771 3560 1841 fugiendum
3607 1788 3777 1828 necne
3833 1776 3904 1830 sit
3953 1777 4018 1831 in

2348 1859 2736 1931 persecutione,
2797 1859 2938 1930 quod
2992 1861 3172 1914 nescio
3242 1860 3375 1932 quid
3430 1863 3886 1919 annuntiaretur.
3942 1865 4014 1920 Et

2349 1946 2523 2020 paulo
2553 1951 2720 2019 post:
2757 1949 2903 2004 Hanc
2930 1950 3222 2004 materiam
3272 1957 3323 2004 et
3375 1957 3472 2004 tua
3501 1951 3826 2008 consultatio
3855 1968 4008 2009 com-

2347 2037 2627 2093 mendacii
2646 2040 2697 2092 et
2717 2037 2965 2093 conditio
2995 2041 3305 2109 temporum
3335 2054 3434 2094 suo
3481 2040 3603 2111 jam
3658 2042 3882 2096 nomine
3913 2044 4007 2096 in-

2344 2128 2550 2188 iunxit.
2580 2128 2791 2195 Quanto
2820 2129 2969 2182 enim
3025 2128 3434 2200 frequentiores
3485 2129 3778 2184 imminent
3821 2146 4009 2202 perse-

2344 2221 2606 2287 cutiones,
2637 2219 2788 2272 tanto
2819 2219 3161 2274 examinatio
3203 2217 3553 2288 procuranda
3609 2227 3709 2287 est,
3743 2220 4015 2290 quomodo

2342 2319 2432 2360 eas
2453 2307 2709 2371 accipere
2736 2305 2868 2376 ﬁdes
2904 2305 3112 2361 debeat.
3168 2305 3461 2378 Denique:
3497 2307 3625 2363 Haec
3677 2308 3839 2379 palea
3869 2310 4007 2379 illa,

2341 2409 2461 2465 quae
2490 2403 2541 2450 et
2582 2409 2732 2449 nunc
2779 2395 3136 2451 Dominicam
3192 2411 3379 2451 aream
3415 2400 3635 2467 purgat,
3696 2398 4005 2454 Ecclesium

2338 2485 2570 2551 scilicet,
2603 2486 2895 2555 confusum
2923 2501 3180 2541 acervum
3209 2485 3459 2556 ﬁdelium
3507 2488 3834 2560 eventilans,
3864 2490 4002 2559 fru-

2337 2584 2586 2630 mentum
2608 2583 2938 2646 martyrum,
2981 2584 3031 2630 et
3057 2575 3247 2646 paleas
3294 2579 3634 2647 negatorum.
3673 2579 3783 2634 Sed
3825 2595 3987 2651 quaa-

2337 2679 2474 2718 nam
2496 2662 2991 2736 hicintelligenda
3029 2663 3105 2720 sit
3133 2664 3469 2721 christiana;
3525 2666 3761 2722 familia
3818 2683 3991 2724 vexa-

2333 2752 2437 2818 tio,
2471 2753 2762 2809 neminem
2791 2754 2990 2824 fugere
3019 2758 3227 2826 potest,
3271 2755 3371 2826 qui
3428 2756 3787 2828 superiorem
3819 2756 3988 2814 illam

2335 2858 2471 2898 ann.
2496 2842 2753 2911 CXCVII,
2809 2843 3191 2915 posteriorem
3250 2861 3388 2899 ann.
3449 2844 3588 2900 CCII
3646 2846 3991 2918 contigisse,

2334 2934 2600 2986 nostrum
2631 2948 2762 2988 vero
2794 2930 3060 2987 libellum
3083 2935 3214 3003 post
3257 2932 3562 3004 opiniones
3601 2934 3995 2990 Montanista—

2332 3036 2463 3075 rum
2494 3037 2526 3075 a
2556 3019 2909 3077 Tertulliano
2923 3026 3227 3092 susceptas
3249 3022 3535 3094 scriptum
3566 3039 3694 3079 esse
3720 3024 3995 3080 animad-

2329 3109 2584 3164 verterit.
2646 3110 2831 3182 Igitur
2877 3111 2947 3165 ad
3006 3110 3182 3165 ﬁnem
3242 3111 3358 3167 fere
3398 3129 3535 3167 ann.
3583 3112 3725 3168 CCII
3763 3113 3991 3171 editam

2331 3213 2460 3253 esse
2489 3198 2641 3254 hanc
2670 3199 2735 3254 de
2762 3201 2912 3268 Fuga
2936 3198 3400 3271 disputationem
3433 3201 3688 3258 dicimus
3729 3203 3992 3260 maxime

567 3263 818 3358 priorem
836 3285 1027 3342 Severi
1060 3301 1130 3340 ex
1159 3263 1430 3340 Parthiae
1461 3263 1712 3339 reditum
1736 3287 1836 3340 aut
1866 3283 2220 3356 legationem
2251 3263 2294 3332 C
2333 3291 2659 3359 propterea,
2713 3263 2864 3357 quod
2915 3263 3067 3343 anno
3122 3269 3439 3360 incipiente
3505 3290 3746 3346 Severus
3792 3291 3996 3348 adhuc

566 3375 881 3446 quamdam
927 3373 1284 3430 Parthorum
1341 3371 1622 3429 habuisse
1667 3373 1726 3429 in
1782 3373 2003 3439 animo,
2047 3389 2225 3444 quam

567 3464 730 3520 illam
761 3465 832 3519 de
863 3461 1097 3519 Parthis
1123 3461 1425 3518 victoriam
1457 3461 1866 3534 posteriorem.
1901 3463 2060 3527 Quod
2091 3479 2224 3519 vero

569 3568 810 3609 causam
835 3550 1095 3624 aliquam
1118 3567 1246 3607 esse
1270 3550 1409 3606 dicit
1439 3549 1734 3620 credendi,
1767 3551 1948 3607 istum
1981 3550 2222 3619 librum,

572 3659 747 3716 quem
781 3659 888 3700 nos
919 3641 1301 3715 posteriorem
1341 3641 1614 3713 dicimus,
1659 3641 1844 3699 multo
1904 3647 2037 3699 ante
2095 3659 2224 3700 esse

571 3733 877 3805 scriptum,
908 3749 1084 3804 quam
1118 3731 1364 3788 alterum
1397 3731 1683 3801 ediderit;
1717 3732 1788 3788 de
1820 3748 1906 3802 eo,
1943 3732 2220 3806 quoniam

571 3822 943 3881 Tillemontio
967 3839 1081 3879 non
1142 3822 1366 3895 placuit
1421 3823 1550 3894 ejus
1597 3822 1888 3894 opinionis
1938 3825 2221 3880 rationem

572 3917 832 3986 reddere,
880 3915 1049 3972 nobis
1096 3913 1357 3971 vicissim
1415 3913 1606 3987 placet
1660 3915 1864 3970 tandiu
1931 3916 2218 3986 dubitare,

568 4007 762 4078 quoad
795 4007 924 4077 eius
946 4005 1178 4077 generis
1210 4003 1431 4077 aliquid
1446 4005 1798 4078 productum
1819 4005 1892 4061 ab
1924 4005 2038 4062 alio
2070 4023 2218 4078 quo-

566 4095 708 4152 dam
737 4094 1082 4152 viderimus.

635 4285 663 4350 §
690 4281 746 4338 7.
789 4312 848 4324 —
879 4282 1040 4338 Liber
1066 4281 1132 4338 de
1159 4283 1308 4352 Fuga
1332 4281 1784 4409 incpgisecutione
1826 4281 2142 4339 vindicatur

1221 4369 1354 4408 ann.
1530 4394 1542 4408 .

1221 4369 1354 4408 ann.
1389 4369 1542 4408 UOH.

631 4479 828 4538 Eidem
862 4480 1112 4555 tempori
1136 4497 1304 4538 suam
1320 4497 1554 4553 quoque
1569 4479 1857 4553 originem
1876 4480 2047 4537 debet
2063 4481 2211 4539 liber

2334 3375 2509 3432 fuerit
2537 3376 2595 3430 in
2624 3377 2788 3448 Syria
2817 3383 3118 3445 versatus;
3154 3377 3310 3433 unde
3343 3378 3436 3434 vix
3475 3379 3591 3435 dici
3627 3384 3817 3452 potest
3847 3385 3994 3438 ante

2333 3466 2656 3521 confectam
2688 3465 2940 3521 mediam
2973 3467 3101 3537 ejus
3149 3465 3286 3521 anni
3313 3473 3537 3539 partem
3570 3486 3741 3525 suam
3775 3471 3991 3527 adver-

2333 3571 2436 3611 sus
2465 3555 2829 3612 Christianos
2858 3555 3046 3628 legem
3069 3555 3298 3612 tulisse.

2330 3699 2447 3767 §8.
2500 3728 2570 3740 --
2624 3701 2993 3755 Examinatur
3043 3699 3329 3770 popularis
3375 3703 3652 3757 sententia
3711 3702 3776 3759 de
3833 3705 3987 3760 libro

2397 3771 3240 3846 Scorpiacelibris_Tertulliani
3283 3771 3357 3846 ad
3411 3773 3744 3846 Marcionem
3790 3781 3986 3846 poste-

2398 3843 2564 3908 riore,
2613 3843 2780 3914 deque
2837 3844 2956 3913 ejus
3001 3844 3259 3899 adversus
3299 3844 3441 3900 hunc
3474 3843 3637 3902 libris
3674 3843 3989 3919 deperditis

2397 3915 2730 3986 disputatur.

2397 4032 2561 4086 Nunc
2594 4031 2929 4086 accedimus
2951 4031 3022 4086 ad
3041 4029 3384 4087 Tertulliani
3420 4031 3985 4104 Scorpiacen,quam

2325 4121 2564 4193 quidem
2621 4137 2775 4176 anno
2822 4119 2982 4174 CCIV
3032 4136 3293 4176 asserere
3369 4122 3616 4193 ejusque
3667 4126 3984 4182 sententiae

2322 4210 2607 4267 rationem
2668 4210 2910 4266 reddere
2953 4208 3334 4266 decrevimus.
3395 4211 3558 4277 Quod
3626 4228 3774 4284 opus
3836 4229 3983 4273 cum

2320 4299 2752 4373 aggrediamur,
2786 4315 2902 4354 non
2932 4298 3274 4354 dubitamus
3325 4299 3449 4355 fore
3506 4298 3833 4372 plerosque,
3868 4306 3982 4375 qui

2318 4389 2491 4445 istam
2522 4389 2874 4445 sententiam
2907 4392 3168 4443 nostram
3192 4388 3438 4444 minime
3459 4389 3809 4447 audiendam
3838 4406 3980 4450 esse

2316 4479 2534 4534 dicant.
2569 4477 2793 4534 Etenim
2825 4481 2943 4534 stat
2975 4477 3090 4533 fere
3121 4477 3416 4548 omnibus,
3460 4495 3610 4550 quos
3657 4480 3772 4536 ista
3801 4481 3872 4536 de
3907 4500 3977 4541 re

557 4571 624 4627 de
644 4575 794 4643 Fuga
809 4572 868 4627 in
892 4574 1290 4644 persecutione.
1323 4572 1486 4636 Quod
1519 4574 1931 4643 argumentum
1964 4572 2086 4642 jam
2143 4571 2203 4628 in
2236 4642 2261 4644 Α
2315 4568 2586 4625 novimus
2615 4568 3006 4639 disputantes,
3059 4567 3401 4638 Scorpiacem
3450 4567 3794 4625 Tertulliani
3835 4586 3976 4630 esse

552 4661 652 4717 illo
710 4642 774 4717 de
842 4642 1051 4718 Corona
1137 4660 1283 4717 alias
1354 4642 1780 4731 disputandum
1852 4661 2204 4731 promiserat
2231 4642 2280 4706 D
2311 4653 2692 4726 perscriptum
2715 4659 2846 4726 post
2875 4654 3063 4710 editos
3093 4655 3330 4711 demum
3365 4655 3668 4728 libros,qui
3697 4658 3973 4717 adversus

551 4749 704 4824 (cap.
735 4751 787 4819 1)
823 4752 1035 4822 :cujus
1065 4750 1176 4806 loci
1216 4750 1396 4805 verba
1445 4748 1682 4805 tametsi
1731 4748 1802 4804 ad
1858 4749 2202 4821 Scorpiacem

553 4841 751 4913 potius
772 4840 1041 4896 nonnulli
1092 4839 1394 4895 referenda
1451 4837 1802 4910 putaverint,
1861 4841 1950 4893 est
2006 4842 2201 4897 tamen

545 4931 673 5001 jam
707 4929 837 4985 aliis
867 4929 1260 4999 observatum,
1287 4929 1443 5000 quod
1505 4926 1752 5000 intelligi
1809 4927 1932 4982 haec
1965 4929 2199 5000 quidem

555 5035 673 5074 non
719 5017 905 5089 possit
960 5021 1287 5089 propterea,
1339 5017 1492 5088 quod
1551 5033 1678 5072 eam
1739 5015 2048 5089 haereticis,
2098 5021 2199 5075 sed

551 5105 718 5162 illam
747 5106 812 5161 de
840 5111 996 5177 Fuga
1025 5106 1578 5162 commentationem
1637 5105 1940 5162 timiditati
1997 5123 2199 5166 eorum

550 5196 846 5269 opposuit,
871 5196 971 5268 qui
1001 5199 1166 5252 erant
1196 5197 1348 5252 133
1377 5195 1518 5252 socii
1544 5195 1877 5252 orthodoxae
1907 5197 2196 5256 Ecclesiae.

641 5384 870 5457 21)Lib.
905 5401 942 5450 ι,
978 5400 1026 5439 c.
1053 5384 1107 5438 6.
1143 5383 1517 5439 Gemmarum
1543 5398 1783 5457 quoque
1827 5383 2191 5443 nobilitatem

544 5454 805 5514 vidimus
829 5461 1023 5513 Romae
1055 5457 1374 5512 defastidio
1401 5454 1750 5512 Parthorum
1783 5458 1840 5510 et
1869 5457 2189 5529 Medorum,

543 5534 998 5601 caeterorumque
1029 5528 1336 5602 gentilium
1368 5545 1617 5584 suorum
1676 5544 1872 5584 coram
1903 5528 2190 5589 matronis

543 5603 1008 5659 erubescentem.

615 5675 726 5746 (22)
758 5677 1118 5747 Argumento
1148 5689 1278 5747 esse
1323 5669 1844 5747 potestuPAaracleti
1898 5672 2187 5747 Montani-

542 5743 768 5806 starum
797 5743 1480 5817 cemmemoratio,quem
1495 5743 1634 5802 dicit
1663 5761 1778 5802 non
1796 5745 1976 5818 recipi
2006 5746 2186 5817 abiis,

2313 4745 2642 4799 Marcionem
2684 4747 2882 4799 nostro
2916 4743 3107 4799 adhuc
3137 4747 3399 4817 tempore
3422 4745 3750 4816 habentur;
3783 4749 3972 4821 idque

2311 4833 2583 4889 videntur
2612 4831 2724 4889 sibi
2755 4837 2820 4888 ut
2851 4832 3255 4904 praescriptum
3287 4838 3343 4890 et
3393 4835 3560 4907 quasi
3605 4837 3969 4908 imperatum

2312 4921 2621 4979 defendere
2649 4938 2776 4978 eam
2808 4922 2879 4978 ob
2912 4938 3173 4992 causam,
3206 4924 3361 4995 quod
3415 4925 3472 4982 in
3535 4926 3740 4998 quinta
3796 4929 3969 4984 Scor-

2307 5015 2488 5084 piaces
2509 5010 2763 5068 sectione
2794 5011 3172 5068 Marcionitas
3198 5013 3280 5068 ait
3309 5014 3584 5071 didicisse
3612 5032 3646 5070 a
3669 5032 3750 5084 se,
3777 5021 3968 5076 Deum

2309 5118 2484 5157 suum
2514 5119 2642 5158 esse
2664 5104 2902 5169 bonum,
2938 5118 3114 5174 quam
3148 5119 3271 5158 rem
3303 5109 3455 5160 certe
3498 5105 3557 5160 in
3590 5106 3779 5178 primo
3811 5106 3968 5163 alte-

2307 5207 2488 5264 roque
2516 5196 2707 5248 contra
2736 5192 3080 5248 Marcionem
3121 5189 3272 5249 libro
3321 5209 3390 5249 ex
3446 5194 3718 5251 instituto
3749 5196 3963 5270 dispu-

2305 5383 2376 5438 ad
2401 5399 2552 5457 quos
2571 5383 2747 5457 frater
2771 5381 2867 5437 ille
2897 5382 3245 5457 pertinebat,
3276 5383 3367 5438 cui
3399 5383 3615 5439 librum
3647 5384 3966 5457 inscripsit

2305 5456 2375 5527 (c.
2408 5458 2497 5524 1);
2532 5455 2784 5525 Spiritus
2814 5460 3089 5526 praeterea
3109 5455 3349 5527 eﬂ'atum
3409 5457 3480 5512 ad
3540 5455 3958 5516 testimonium

2301 5528 2442 5584 citat
2473 5529 2698 5599 (cap.9)
2731 5528 2883 5598 quod
2929 5544 3063 5583 cum
3115 5526 3175 5582 in
3233 5545 3396 5584 sacro
3449 5529 3644 5585 codice
3705 5547 3819 5586 non
3851 5548 3958 5588 oc-

2299 5603 2514 5666 currat,
2549 5599 2705 5656 haud
2738 5599 2916 5654 dubie
2959 5599 3225 5673 Spiritus,
3278 5601 3672 5659 Montanistici
3713 5608 3802 5659 est
3834 5619 3849 5673 ;
3877 5605 3961 5662 de

2297 5689 2408 5743 quo
2440 5673 2638 5740 etiam,
2670 5688 2718 5728 c.
2747 5674 2772 5726 1
2806 5676 2863 5728 et
2892 5687 2941 5727 c.
2979 5670 3043 5728 14
3069 5670 3348 5743 loquitur.
