4526 6378
291 375 408 433 117

1155 375 1253 433 AC
1298 371 1694 432 DOCTRINA
1742 368 2242 431 SCRIPTORUM
2289 370 2818 432 TERTULLIANI

3595 367 3711 427 178

289 505 451 563 tavit.
530 507 728 577 Atque
807 519 911 577 ego
986 520 1102 559 non
1180 503 1384 575 ignoro
1442 502 1625 559 libros
1693 500 1954 557 adversus
1985 500 2340 569 Avolumus
2397 500 2622 559 astricti
2679 498 2885 568 teneri,
2940 513 3121 569 quam
3177 497 3318 570 quid
3374 498 3483 553 hac
3540 498 3600 553 in
3650 515 3713 554 re

292 597 644 661 Marcionem,
681 594 936 666 primum
971 593 1201 661 saltem,
1234 598 1303 647 A.
1336 594 1543 659 CCVII,
1585 596 1686 647 aut
1716 590 1950 656 CCVIII,

289 687 513 742 editum
576 702 610 739 a
665 683 1023 740 Tertulliano
1101 684 1303 751 fuisse,
1378 683 1628 754 ideoque
1684 686 1741 737 et
1796 682 1953 736 134

288 774 521 831 veritati
545 778 1003 830 consentaneum
1026 772 1209 828 videri
1243 772 1408 843 illud,
1433 773 1589 844 quod
1619 771 1951 843 Scorpiacen

293 882 448 922 anno
482 865 723 920 demum
755 862 965 920 CCVIII
996 867 1099 919 aut
1126 867 1331 935 postea
1360 862 1627 919 ediderit.
1672 862 1783 917 Sed
1815 878 1948 917 cum

292 972 528 1028 semper
556 954 877 1027 requiram,
932 952 1073 1026 quid
1111 953 1187 1009 sit
1230 951 1290 1008 in
1323 968 1556 1025 quaque
1605 966 1665 1007 re
1697 951 1951 1007 maxime

290 1044 616 1119 probabile,
678 1043 787 1100 hoc
842 1043 901 1098 in
960 1048 1306 1115 argumento
1366 1046 1587 1115 quanta
1641 1041 1726 1097 vis
1784 1041 1947 1108 insit,

292 1143 485 1217 placet
506 1143 761 1216 quodam
794 1142 966 1198 modo
998 1142 1341 1214 expendere.
1367 1145 1514 1198 Cum
1547 1138 1947 1197 Tertullianus

288 1236 549 1291 adversus
581 1234 905 1290 Marcionem
938 1231 1155 1289 librum
1188 1232 1473 1305 primum,
1529 1248 1703 1303 quem
1737 1247 1942 1303 super-

292 1323 492 1380 stitem
524 1324 832 1391 habemus,
866 1329 1261 1393 componeret,
1286 1322 1413 1394 jam
1449 1322 1687 1393 quidem
1738 1321 1850 1393 ipsi
1881 1336 1945 1376 se

291 1415 601 1471 scribendo
670 1413 761 1469 bis
837 1416 1214 1485 opposuerat,
1296 1413 1398 1468 sed
1480 1428 1659 1468 unam
1736 1412 1942 1466 harum

293 1504 880 1571 commentationum,
916 1520 1049 1559 cum
1084 1506 1287 1575 postea
1334 1501 1655 1574 pleniorem
1687 1502 1756 1556 de
1786 1517 1854 1556 ea
1883 1517 1945 1555 re

292 1593 755 1667 disputationem
776 1592 1160 1662 instituisset,
1186 1592 1446 1658 rescidit,
1474 1592 1719 1647 alteram
1746 1588 1945 1645 amisit

292 1685 500 1741 fraude
532 1683 866 1755 cujusdam,
920 1682 1021 1754 qui
1070 1698 1199 1738 eam
1241 1681 1595 1754 descriptam
1644 1697 1779 1736 cum
1811 1679 1943 1735 aliis

293 1773 843 1830 communicaverat.
877 1772 1065 1843 Hujus
1116 1772 1318 1827 damni
1364 1770 1717 1828 resarciendi
1766 1786 1944 1825 causa

292 1879 391 1918 eos
422 1879 581 1918 nunc
628 1863 911 1917 adversus
968 1863 1299 1917 Marcionem
1356 1861 1537 1916 libros
1597 1860 1940 1931 superstites

292 1952 632 2017 elaboravit,
665 1958 724 2008 et
774 1950 1031 2023 primum
1090 1951 1327 2023 quidem
1359 1967 1511 2006 anno
1570 1949 1763 2005 Severi
1794 1949 1936 2021 imp.

290 2041 398 2108 XV,
435 2044 499 2095 ut
527 2041 651 2112 ipse
700 2039 913 2095 fatetur
944 2040 1003 2095 in
1051 2056 1117 2095 eo
1174 2040 1320 2095 libro
1354 2042 1423 2109 (c.
1458 2040 1565 2111 15),
1630 2039 1689 2093 in
1722 2055 1837 2109 quo
1867 2039 1938 2093 de

284 2130 358 2186 iis
388 2147 515 2202 quae
550 2130 722 2186 modo
765 2129 1040 2196 diximus,
1089 2129 1357 2202 exposuit
1387 2131 1459 2201 (c.
1513 2130 1583 2193 1).
1617 2130 1749 2193 Quae
1803 2145 1935 2183 cum

286 2220 484 2276 animo
516 2221 783 2291 cogitem,
837 2220 1082 2276 dubium
1114 2221 1370 2293 profecto
1419 2220 1675 2287 videtur,
1734 2223 1933 2275 utrum

284 2310 685 2367 Tertullianus
715 2310 775 2365 in
808 2309 975 2382 libro,
1022 2327 1199 2382 quem
1231 2311 1557 2382 Scorpiacen
1596 2308 1930 2382 appellavit,

283 2424 382 2466 eos
413 2409 668 2481 respexit
698 2410 977 2466 adversus
1020 2425 1155 2465 eum
1204 2410 1406 2477 libros,
1441 2409 1541 2482 qui
1597 2409 1669 2465 ad
1702 2412 1931 2465 aetatem

282 2504 546 2555 nostram
591 2515 707 2555 non
768 2504 1173 2571 pervenerunt,
1233 2518 1307 2556 an
1357 2516 1455 2556 eos
1512 2499 1726 2572 potius,
1786 2516 1933 2572 quos

280 2588 629 2661 superstites
660 2606 788 2645 esse
818 2590 1089 2647 novimus
1116 2614 1129 2659 ;
1160 2594 1327 2645 erant
1357 2589 1514 2645 enim
1546 2588 1629 2643 illi
1662 2590 1929 2660 ejusdem

282 2678 631 2750 argumenti.
664 2680 795 2734 Jam
829 2696 933 2753 ego
966 2697 1081 2735 non
1136 2680 1395 2752 disputo,
1437 2680 1578 2751 quid
1629 2680 1707 2735 sit
1736 2696 1803 2735 ex
1836 2680 1929 2735 his

283 2768 660 2841 eligendum;
696 2770 848 2841 quod
878 2770 1181 2842 apparebit
1226 2786 1332 2825 suo
1365 2769 1524 2838 loco;
1576 2770 1676 2826 sed
1708 2768 1764 2824 id
1799 2769 1927 2841 qui-

282 2857 414 2913 dem
448 2857 828 2915 manifestum
862 2875 989 2914 esse
1034 2876 1239 2914 omnes
1269 2859 1489 2924 vident,
1540 2859 1695 2930 quod
1750 2859 1930 2915 dubia

282 2946 358 3001 sit
385 2946 503 3002 ista
533 2947 981 3019 argumentandi
1012 2948 1158 3004 ratio
1188 2965 1409 3016 eorum,
1444 2950 1542 3020 qui
1593 2966 1761 3004 secus
1793 2966 1926 3004 sen-

279 3036 460 3105 tiunt,
493 3042 553 3092 et
584 3054 790 3108 parum
824 3038 1079 3109 prasidii
1109 3038 1366 3094 inveniat
1391 3038 1447 3092 in
1471 3043 1815 3110 argumento
1837 3055 1926 3104 eo,

283 3126 437 3196 quod
488 3142 557 3181 ex
614 3127 765 3182 facta
822 3126 937 3182 ista
993 3127 1544 3183 commemoratione
1603 3131 1801 3199 posset
1853 3127 1926 3183 ad

278 3214 495 3270 librum
529 3232 681 3271 anno
707 3215 940 3284 CCVIII,
966 3221 1069 3271 aut
1100 3217 1483 3288 sequentibus
1503 3216 1924 3272 vindicandum

279 3302 434 3358 duci.
468 3304 667 3376 Neque
697 3305 890 3360 obstat
946 3305 1263 3377 quominus
1315 3305 1427 3361 ista
1475 3307 1546 3361 de
1604 3323 1664 3361 re
1696 3304 1924 3361 dubite-

279 3408 432 3461 mus,
485 3394 798 3465 Hoﬂ’manni
850 3394 1176 3465 responsio,
1224 3411 1337 3466 qua
1390 3395 1790 3451 Tillemontium
1832 3393 1925 3449 hic

277 3482 597 3552 prudenter
626 3482 994 3539 haesitantem
1027 3483 1270 3554 excepit.
1307 3504 1335 3533 ‹‹
1377 3483 1659 3551 Primum,
1713 3482 1923 3552 inquit,

278 3580 419 3636 diss.
453 3582 551 3636 cit.
585 3583 612 3649 §
644 3582 730 3650 14,
791 3600 851 3654 p.
899 3582 988 3648 44,
1049 3581 1423 3654 opusculum,
1482 3586 1547 3637 ut
1594 3580 1761 3649 exile,
1801 3581 1926 3653 ipse

278 3669 635 3742 suppressit,
672 3669 920 3726 alterum
945 3671 1127 3726 invito
1159 3670 1543 3737 Tertulliano,
1567 3687 1701 3726 cum
1733 3670 1924 3725 adhuc

279 3760 422 3813 rude
454 3775 562 3814 nec
608 3760 755 3815 satis
804 3759 1159 3815 exasciatum
1211 3764 1384 3828 esset,
1428 3760 1631 3815 fraude
1682 3758 1924 3814 alterius

277 3848 603 3921 vulgatum,
657 3866 762 3905 nec
791 3867 825 3905 a
871 3850 1146 3920 Septimio
1196 3851 1465 3922 agnitum
1523 3854 1648 3917 est;
1686 3848 1924 3905 tertium

279 3955 394 3993 non
426 3942 633 3994 exstat.
664 3938 795 3994 Jam
827 3956 959 3995 cum
988 3939 1084 3995 vix
1112 3939 1429 3995 verisimile
1476 3938 1552 3995 sit
1580 3956 1925 4011 provocasse

277 4027 704 4083 Tertullianum
760 4030 833 4084 ad
892 4045 1021 4085 eam
1079 4028 1483 4085 controversias
1514 4028 1921 4084 Marcioniticae

277 4118 708 4187 tractationem,
743 4135 919 4190 quam
947 4118 1074 4190 ipse
1123 4119 1452 4191 suppressit
1478 4118 1567 4174 vel
1615 4135 1920 4190 nunquam

279 4207 532 4278 agnovit,
567 4210 839 4280 superest
879 4211 943 4263 ut
986 4207 1394 4280 intelligantur
1440 4208 1597 4275 libri,
1632 4208 1732 4279 qui
1765 4225 1923 4263 nunc

275 4295 333 4349 in
366 4296 642 4352 manibus
676 4296 895 4353 nostris
922 4301 1085 4354 sunt.
1127 4318 1155 4346 »
1190 4300 1378 4367 Atque
1408 4296 1502 4352 hic
1534 4297 1774 4369 quidem
1805 4313 1919 4353 non

276 4385 436 4441 lubet
470 4386 671 4442 multis
700 4391 900 4442 notare
931 4403 1017 4456 ea,
1051 4404 1178 4458 quae
1210 4387 1279 4441 de
1327 4386 1510 4442 altera
1540 4386 1714 4442 istius
1745 4403 1920 4458 argu-

276 4475 455 4529 menti
486 4476 981 4532 commentatione
1008 4476 1393 4531 Hoti‘mannus
1425 4493 1541 4532 non
1581 4475 1722 4533 satis
1750 4492 1917 4532 accu-

275 4569 399 4619 rate
428 4564 716 4638 disputat,
750 4564 918 4637 quasi
960 4582 1048 4636 ea,
1099 4583 1233 4621 cum
1281 4566 1569 4636 ederetur,
1628 4582 1735 4621 nec
1774 4565 1918 4621 satis

2061 592 2461 647 rectissimum
2510 592 2589 647 sit
2627 589 3047 663 judicavimus,
3101 588 3258 644 haud
3304 587 3622 643 verisimile
3650 588 3708 643 id

2060 698 2188 738 esse
2244 683 2447 751 fateor,
2509 682 2663 754 quod
2721 679 3120 737 Tertullianus
3179 678 3436 751 aliquem
3492 677 3710 734 librum

2060 788 2446 844 suppressum
2493 770 2582 827 vel
2631 770 2893 843 agnitum
2945 785 3272 841 nunquam,
3307 768 3367 823 in
3427 768 3713 839 Scorpiace

2056 861 2399 918 laudaverit.
2433 861 2540 918 Sed
2563 861 2721 917 istud
2753 860 2841 915 fac
2864 861 3126 915 nondum
3160 874 3288 914 esse
3318 856 3707 930 exploratum,

2058 956 2124 1006 ut
2178 955 2267 1008 est
2320 967 2473 1017 vere,
2531 951 2792 1021 adeoque
2848 950 2993 1004 forte
3049 951 3183 1003 ante
3240 946 3370 1003 illos
3430 946 3709 1019 scriptam

2057 1038 2383 1112 Scorpiaccn
2408 1054 2570 1109 esse;
2613 1038 2795 1094 citare
2846 1036 3102 1109 primum
3153 1034 3522 1106 alterumque
3552 1035 3701 1092 135

2054 1130 2323 1187 volumen
2353 1138 2545 1186 contra
2565 1128 2915 1196 Marcionem,
2945 1142 3100 1181 nunc
3119 1124 3407 1181 amissum
3441 1122 3705 1195 quidem,

2054 1220 2198 1277 satis
2229 1220 2531 1277 commode
2561 1218 2752 1291 potuit
2778 1234 2791 1286 ;
2825 1216 3084 1288 primum
3115 1214 3272 1270 enim
3326 1212 3699 1285 Opusculum,

2056 1313 2121 1365 ut
2149 1310 2231 1365 ait
2279 1310 2405 1382 ipse
2460 1308 2880 1375 Tertullianus,
2939 1306 3179 1361 demum
3224 1305 3472 1373 pleniore
3524 1310 3705 1375 postea

2051 1401 2441 1472 compositione
2466 1398 2707 1469 rescidit,
2742 1402 2799 1453 et
2847 1395 3014 1452 citari
3067 1394 3125 1449 id
3183 1393 3420 1465 quidem
3455 1397 3699 1464 poterat,

2053 1506 2185 1545 cum
2218 1489 2562 1546 accuratiori
2595 1486 2856 1543 oratione
2899 1486 3161 1542 nondum
3195 1483 3312 1538 haec
3361 1485 3702 1554 persecutus

2051 1579 2278 1635 fuisset.
2310 1580 2495 1644 Quam
2519 1578 2591 1634 ob
2615 1594 2737 1633 rem
2760 1577 2820 1632 in
2846 1576 2959 1632 isto
2988 1573 3324 1630 Hofi'manni
3354 1576 3700 1644 argumento

2051 1669 2140 1725 vel
2171 1686 2239 1725 ea
2263 1670 2383 1739 jam
2407 1672 2687 1740 tanquam
2712 1682 2848 1723 vera
2870 1670 3345 1734 sumuntur,quee
3370 1661 3540 1733 plane
3561 1663 3703 1715 sunt

2052 1758 2111 1814 in
2144 1758 2556 1826 controversia,
2592 1756 2676 1813 vel
2720 1756 3135 1828 relinquuntur
3163 1752 3222 1806 in
3256 1750 3447 1807 medio
3479 1749 3697 1821 potius.

2049 1848 2211 1911 Quod
2242 1849 2291 1905 si
2318 1848 2463 1904 illud
2496 1852 2605 1916 est,
2639 1864 2779 1903 sane
2828 1847 2957 1917 ejus
3007 1846 3415 1915 argumentum
3461 1839 3610 1895 redit
3638 1838 3699 1894 in

2049 1939 2248 1993 orbem
2278 1956 2291 2007 ;
2324 1938 2415 1993 sin
2446 1937 2575 2004 hoc,
2609 1941 2811 1992 nostra
2840 1935 3078 2007 quidem
3112 1930 3401 1989 sententia
3441 1945 3562 1984 non
3610 1930 3701 1983 est

2049 2026 2291 2083 inferior
2312 2026 2782 2082 Hoii‘manniana.
2809 2025 3174 2090 Sed,remota
3200 2021 3310 2076 hac
3332 2017 3694 2086 difficultate,

2048 2134 2175 2189 quae
2207 2115 2398 2172 fraudi
2440 2116 2609 2171 nobis
2638 2131 2768 2171 esse
2815 2117 3063 2186 poterat,
3098 2110 3329 2183 scriptae
3378 2109 3697 2181 Scorpiaces

2046 2210 2274 2263 atatem
2306 2224 2461 2263 nunc
2493 2223 2599 2279 age
2628 2204 3003 2261 deﬁniamus.

2044 2378 2155 2453 §9.
2188 2411 2256 2421 ——
2299 2379 2624 2453 Scorpiacen
2669 2375 3011 2506 ann..tCClV
3053 2375 3319 2447 scriptam
3364 2386 3476 2430 esse
3521 2371 3691 2443 confi-

2778 2466 2827 2505 ci
2856 2466 2941 2504 ur.

2778 2466 2941 2505 citur.

2110 2610 2253 2661 Cum
2304 2604 2725 2669 Tertullianus,
2784 2621 2909 2676 quae
2955 2604 3023 2659 de
3080 2599 3345 2674 martyrii
3399 2598 3685 2671 dignitate

2040 2694 2340 2767 disputare
2396 2696 2456 2751 in
2513 2694 2627 2751 ista
2683 2692 2987 2766 Scorpiace
3041 2690 3292 2757 volebat,
3347 2688 3408 2745 in
3460 2688 3686 2744 litteras

2038 2785 2299 2853 referret,
2356 2790 2523 2839 erant
2578 2784 2821 2839 deorum
2892 2781 3147 2838 cultores
3218 2779 3278 2834 in
3335 2777 3689 2834 Christianis

2038 2873 2306 2929 funditus
2337 2872 2602 2929 delendis
2633 2872 2902 2944 occupati
2930 2871 3123 2942 ;quod
3156 2868 3492 2924 universum
3523 2869 3692 2923 docet

2039 2968 2453 3036 argumentum
2514 2963 2693 3033 hujus
2748 2960 2928 3017 libelli
2961 2961 3034 3015 iis
3095 2959 3381 3015 haereticis
3414 2957 3689 3029 oppositi,

2039 3052 2164 3125 qui,
2193 3068 2316 3107 cum
2346 3052 2479 3122 ﬁdes
2524 3056 2812 3119 aestuaret,
2862 3054 2917 3105 et
2956 3049 3201 3104 Ecclesia
3249 3047 3312 3102 de
3356 3048 3536 3116 figura
3564 3046 3695 3100 rubi

2036 3145 2389 3210 exureretur,
2450 3140 2749 3213 suscipere
2823 3143 3062 3210 propter
3136 3136 3476 3207 religionem
3534 3132 3694 3190 mala

1957 3270 1999 3337 Ο
2039 3238 2210 3305 turpe
2243 3233 2533 3306 putabant
2565 3232 2635 3304 (c.
2668 3232 2738 3303 1).
2782 3229 3134 3301 Hujusmodi
3184 3227 3341 3283 mala
3363 3229 3489 3299 jam
3519 3243 3693 3299 opor-

2038 3327 2121 3380 tet
2150 3323 2524 3379 atrocissima
2556 3322 2761 3389 fuisse,
2798 3325 2861 3376 ut
2888 3320 3063 3375 verba
3100 3317 3443 3373 Tertulliani
3490 3320 3692 3373 osten-

2036 3414 2203 3482 dunt,
2250 3430 2376 3484 quae
2425 3412 2485 3467 in
2545 3412 2751 3467 eadem
2807 3411 3061 3466 sectione
3122 3407 3398 3479 subjicit:
3446 3408 3512 3461 Et
3539 3423 3691 3461 nunc

2028 3503 2331 3573 prasentia
2378 3517 2569 3557 rerum
2625 3503 2701 3555 est
2746 3498 2957 3554 medius
3003 3496 3191 3566 ardor,
3248 3495 3369 3566 ipsa
3418 3492 3689 3550 canicula

2030 3592 2448 3663 persecutionis,
2509 3590 2576 3645 ab
2648 3590 2763 3661 ipso
2821 3588 3036 3643 scilicet
3104 3584 3490 3657 cynocephalo.
3532 3584 3680 3639 Alios

2036 3683 2204 3752 ignis,
2238 3682 2376 3736 alios
2399 3680 2636 3751 gladius,
2670 3680 2809 3734 alios
2859 3677 3047 3733 bestia:
3088 3677 3428 3733 Christianos
3477 3674 3683 3745 proba-

2031 3774 2248 3839 verunt,
2283 3774 2392 3825 etc.
2427 3771 2610 3841 Atque
2662 3767 2757 3822 hic
2809 3765 3039 3822 nullum
3072 3768 3160 3821 est
3218 3763 3487 3831 dubium,
3540 3760 3681 3832 quin

2033 3859 2416 3931 intelligenda
2446 3859 2523 3915 sit
2567 3856 2791 3913 vexatio
2841 3873 2928 3923 ea,
2990 3871 3116 3926 quae
3158 3856 3290 3925 post
3342 3849 3532 3907 Severi
3560 3849 3681 3905 edi-

2033 3953 2195 4006 ctum
2244 3948 2695 4015 exardescebat;
2750 3945 3043 4016 siquidem
3100 3943 3249 3998 hanc
3279 3941 3496 3996 librum
3550 3942 3683 4009 post

2030 4038 2200 4094 illum
2232 4039 2297 4094 de
2325 4041 2464 4110 fuga
2489 4037 2549 4093 in
2581 4034 2985 4108 persecutione
3031 4031 3381 4104 composuit.
3413 4029 3680 4099 Namque

2032 4127 2461 4183 Tertullianum
2493 4126 2769 4197 nuspiam
2818 4123 3074 4197 legimus
3122 4122 3489 4193 probantem,
3524 4118 3679 4189 quod

2028 4217 2175 4273 tales
2233 4221 2467 4288 propter
2523 4214 2863 4286 religionem
2922 4212 3287 4269 calamitates
3342 4214 3525 4265 Deum
3574 4223 3679 4262 au-

2029 4310 2249 4362 ctorem
2300 4308 2640 4378 agnoscant,
2692 4303 2807 4359 nisi
2855 4302 2915 4357 in
2975 4301 3087 4358 isto
3136 4300 3203 4355 de
3261 4301 3412 4369 Fuga
3454 4295 3674 4365 libello,

2029 4397 2275 4467 ejusque
2310 4395 2370 4450 in
2402 4393 2609 4467 primis
2642 4391 2811 4448 tertia
2857 4391 3152 4459 sectione;
3200 4405 3319 4461 qua
3372 4390 3572 4443 tamen
3603 4386 3676 4441 de

2028 4502 2089 4541 re
2120 4501 2181 4541 se
2204 4485 2329 4555 jam
2363 4484 2545 4540 fuisse
2576 4482 2715 4539 olim
2747 4483 3210 4537 commentatum
3250 4477 3331 4534 ait
3373 4476 3434 4532 in
3464 4477 3675 4548 quarta

2027 4575 2344 4645 Scorpiaces
2392 4571 2667 4629 sectione.
2701 4570 2834 4637 Sed,
2886 4572 2950 4624 ut
2980 4569 3051 4623 de
3093 4571 3259 4623 aetate
3316 4566 3496 4636 hujus
3534 4563 3675 4619 libri

277 4653 574 4711 elaborata
603 4655 798 4723 fuerit,
831 4672 936 4711 nec
966 4674 999 4712 a
1027 4655 1306 4728 Septimio
1354 4657 1571 4729 agnita.
1618 4656 1736 4712 Hoc
1768 4668 1919 4711 certe
1949 4651 1996 4717 D
2027 4663 2288 4736 pressius
2321 4662 2535 4730 dicam,
2592 4676 2835 4732 prorsus
2882 4674 3016 4714 eum
3063 4656 3333 4713 existimo
3383 4655 3675 4729 prodiisse

277 4759 393 4798 non
425 4744 610 4816 capio,
644 4746 935 4817 quomodo
967 4746 1154 4818 possit
1183 4746 1241 4800 id
1282 4764 1312 4802 e
1341 4746 1684 4802 Tertulliani
1726 4746 1919 4802 verbis

214 4886 219 4891 .
273 4831 547 4906 intelligi,
580 4835 682 4907 qui
735 4837 877 4891 hanc
922 4852 1150 4908 quoque,
1196 4834 1410 4907 inquit,
1460 4836 1705 4892 nondum
1733 4853 1918 4892 exe-m-

272 4922 473 4993 plariis
492 4925 870 4996 su/fectam(h.
903 4942 977 4993 c.,
1012 4925 1274 4981 nondum
1319 4924 1591 4997 pluribus
1621 4926 1919 4982 codicibus

275 5012 675 5085 descriptam),
733 5015 827 5071 sed
882 5031 988 5071 uno
1039 5017 1255 5070 tantum
1312 5016 1490 5087 (quod
1546 5017 1597 5071 is
1654 5016 1919 5089 abstulit)

269 5101 468 5169 fraude
496 5108 627 5159 tunc
651 5104 869 5177 fratris,
902 5104 1101 5160 dehinc
1139 5108 1398 5176 apostata:
1442 5106 1622 5177 amisi,
1655 5108 1751 5177 qui
1776 5109 1921 5177 forte

270 5192 636 5263 descripserat
682 5194 933 5267 quaedam
979 5193 1392 5251 mendosissime
1436 5200 1487 5251 et
1517 5197 1768 5251 exhibuit
1804 5198 1915 5268 fre-

269 5284 527 5352 quentiae.
564 5284 775 5339 Omnia
806 5300 960 5339 nunc
993 5284 1065 5340 ab
1116 5284 1465 5340 Iloﬁ'manno
1495 5286 1733 5342 tametsi
1765 5290 1918 5343 recte

270 5370 424 5428 dicta
454 5372 757 5440 dederim;
814 5378 1035 5442 tamen,
1086 5372 1136 5428 si
1188 5374 1246 5429 in
1298 5376 1425 5445 ejus
1474 5381 1819 5448 argumento
1851 5395 1918 5433 ea

270 5469 501 5533 sumpta
523 5467 687 5531 sunt,
720 5480 846 5535 quae
870 5464 1108 5519 demum
1140 5463 1410 5520 concludi
1430 5466 1918 5534 debebant,omne

268 5548 413 5606 illud
473 5558 891 5627 argumentum
952 5552 1099 5608 nihil
1157 5554 1385 5609 efﬁcere
1429 5572 1599 5612 nemo
1658 5557 1915 5629 negabit.

270 5648 445 5721 igitur
470 5651 519 5708 si
552 5651 670 5709 ista
729 5652 1003 5725 opinione
1055 5651 1124 5707 de
1180 5650 1368 5723 libris,
1418 5656 1518 5727 qui
1577 5660 1911 5729 supersunt,

274 5738 520 5799 adversus
568 5741 926 5813 Marcionem,
978 5739 1261 5813 Scorpiace
1314 5745 1739 5816 superioribus,
1780 5749 1914 5803 ante

2029 4771 2167 4811 ann.
2200 4755 2378 4809 CCIV.
2412 4752 2519 4808 Ubi
2544 4750 2799 4823 primum
2848 4748 2992 4804 mihi
3034 4748 3143 4804 hoc
3192 4750 3537 4819 argumento
3564 4748 3673 4813 est,

2030 4844 2206 4916 quod,
2238 4859 2369 4899 cum
2402 4841 2691 4898 Eusebius
2721 4843 2793 4911 II,
2828 4840 2888 4894 E.
2912 4838 3011 4907 VI,
3041 4854 3090 4893 c.
3122 4840 3177 4905 2,
3211 4838 3303 4893 ed.
3337 4834 3671 4907 Cantabrig.

2030 4951 2085 5005 p.
2118 4934 2246 5001 257,
2278 4932 2641 4989 calamitates
2674 4948 2707 4987 a
2733 4935 2941 4985 Severo
2972 4945 3209 4985 summa
3245 4928 3300 4984 vi
3330 4926 3676 4983 Christianis

2028 5022 2222 5078 illatas
2252 5039 2381 5079 esse
2413 5021 2675 5091 dixisset,
2726 5027 2781 5075 et
2811 5019 2894 5075 ita
2943 5018 3206 5090 quidem,
3240 5022 3305 5074 ut
3354 5017 3526 5073 multi
3552 5018 3675 5088 jam

2026 5112 2376 5168 Antichristi
2407 5112 2723 5168 adventum
2756 5109 3331 5182 appropinquantem
3362 5110 3679 5179 putarent;

2024 5219 2217 5275 neque
2245 5203 2297 5258 is
2329 5203 2673 5274 ipse,neque
2698 5198 2830 5271 quis
2855 5198 3006 5254 alius
3030 5199 3384 5271 scriptorum
3414 5200 3676 5252 veterum

2027 5293 2142 5349 alia
2189 5292 2347 5349 mala
2393 5291 2607 5347 litteris
2660 5289 3112 5363 consignaverit,
3164 5292 3370 5361 praeter
3428 5300 3516 5350 ea,
3550 5300 3678 5356 quae

2027 5402 2181 5441 anno
2231 5384 2426 5442 Severi
2474 5384 2722 5451 decimo,
2774 5382 2885 5438 sub
2934 5381 3105 5449 Laeto,
3154 5380 3360 5435 Africae
3410 5375 3676 5448 praeside,

2027 5474 2367 5534 Christianis
2400 5479 2786 5549 contigerunt,
2820 5478 2876 5529 et
2924 5490 3074 5527 anno
3123 5470 3393 5543 sequenti
3444 5472 3679 5525 auctore

2026 5568 2257 5639 Aquila.
2292 5568 2538 5641 praeside
2578 5566 2842 5638 ejusdem
2895 5562 3200 5634 provinciae
3250 5561 3485 5631 (Euseb.
3539 5560 3586 5614 1.
3624 5574 3673 5614 c.

2026 5674 2076 5713 c.
2108 5658 2162 5726 3,
2196 5675 2253 5730 p.
2285 5661 2432 5729 261).
2474 5662 2620 5713 Nam
2652 5653 2807 5727 quod
2860 5652 2982 5706 haec
3013 5668 3078 5707 eo
3126 5666 3278 5707 anno
3326 5648 3673 5715 exstiterint,

2024 5746 2152 5819 ipse
2180 5748 2469 5805 Eusebius
2499 5747 2688 5814 docet,
2738 5740 2840 5814 qui
2870 5740 3162 5814 Originem
3210 5746 3339 5799 tum
3398 5739 3671 5798 catechu-
