4526 6358
607 379 722 440 179

1684 383 2204 446 DISSERTA'I‘IO
2250 384 2350 444 DE
2399 357 2623 445 vasa
2653 387 2935 448 lETATE

3894 393 4008 453 180

606 511 800 568 menis
853 511 1239 570 instituendis
1294 514 1633 586 praefectum
1690 516 1874 574 fuisse
1925 517 2252 583 conﬁrmat,
2281 519 2337 584 Α
2365 523 2428 575 Ρ.
2463 521 2521 574 C.
2555 519 2622 575 N.
2659 519 2843 575 CCIV.
2876 523 3066 592 Atque
3097 520 3182 576 sic
3214 519 3376 577 nulla
3426 520 3514 576 vis
3544 521 3794 578 infertur
3822 525 4012 580 verbis

605 601 750 656 dum
782 599 989 673 Aquila
1038 618 1099 658 se
1151 603 1510 660 incremento
1568 604 1911 662 Christiana:
1958 606 2256 679 religionis

604 692 736 760 ejus
781 690 1036 748 asseclas
1084 691 1345 749 laedendo
1398 695 1749 766 opponebat,
1807 711 2063 768 eumque
2119 713 2257 752 xvm

605 794 896 836 annorum
928 780 1129 852 fuisse,
1161 798 1294 838 cum
1316 799 1448 839 eum
1475 801 1590 840 xvu
1620 785 1807 841 aetatis
1829 801 2050 842 annum
2073 785 2260 856 egisse

608 867 853 925 dixisset
883 886 948 926 eo
979 874 1262 944 tempore,
1300 889 1416 944 quo
1449 877 1616 947 pater
1644 875 1773 946 ejus
1809 875 2060 932 Leonides
2084 876 2259 931 morti

610 958 940 1015 traderetur
965 961 1033 1031 (c.
1088 962 1144 1027 2,
1191 978 1246 1034 p.
1298 963 1448 1035 258),
1499 964 1652 1036 quod
1703 965 1919 1021 factum
1979 970 2068 1022 est
2107 982 2259 1022 anno

613 1047 839 1104 decimo
869 1049 1083 1106 Severi.
1119 1051 1249 1107 Jam
1283 1053 1332 1109 si
1365 1053 1464 1125 qui
1499 1058 1692 1110 tamen
1728 1059 1981 1127 pergunt
2009 1054 2260 1127 opinari,

614 1140 880 1193 nostrum
955 1137 1219 1196 libellum
1283 1141 1566 1214 scriptum
1623 1161 1752 1199 esse
1808 1161 1946 1200 ann.
2006 1144 2259 1218 CCVIII;

615 1226 814 1282 dicant
843 1228 987 1284 mihi
1021 1236 1234 1298 tamen,
1271 1247 1526 1303 quonam
1567 1234 1703 1303 jure
1732 1234 1786 1288 ei
1842 1251 1994 1290 anno
2026 1233 2266 1290 calami-

617 1319 768 1371 tates
844 1318 1099 1374 maxima
1176 1320 1645 1378 Christianorum
1701 1324 1930 1395 possint
1986 1340 2264 1393 asserere,

623 1421 874 1476 quarum
909 1407 1073 1463 nulla
1101 1412 1297 1464 tamen
1321 1411 1474 1481 apud
1505 1415 1723 1468 veteres
1744 1413 2056 1484 scriptores
2083 1416 2270 1468 exstat

627 1495 956 1551 memoria?
987 1499 1110 1564 Quo
1141 1499 1296 1554 136
1335 1500 1459 1555 loco
1499 1499 1642 1556 libet
1687 1502 1965 1558 admirari
2009 1507 2092 1558 tot
2129 1503 2269 1558 doc-

627 1582 995 1642 tissimorum
1024 1587 1279 1644 virorum
1302 1588 1620 1657 levitatem,
1646 1591 1767 1662 qui,
1800 1607 1930 1647 cum
1962 1590 2142 1648 semel
2165 1592 2272 1646 im-

627 1671 916 1729 bibissent
972 1676 1306 1748 Opinionem
1363 1679 1426 1734 de
1497 1679 1780 1749 Scorpiace
1836 1680 2001 1736 libris
2056 1681 2272 1737 nostris

627 1771 819 1818 contra
849 1767 1190 1822 Marcionem
1219 1767 1558 1839 posteriore,
1580 1768 1743 1824 obliti
1777 1777 1914 1826 sunt
1945 1773 2094 1841 ejus,
2117 1771 2270 1842 quod

631 1851 776 1926 pihil
803 1852 881 1907 sit
911 1853 970 1907 in
1001 1853 1247 1910 historia
1275 1856 1530 1927 turpius,
1563 1873 1740 1927 quam
1774 1862 1987 1912 temere
2018 1858 2272 1912 credere.

636 1939 784 1995 Nam
817 1941 865 1996 si
898 1958 1004 2014 ego
1034 1951 1182 1999 duas
1213 1945 1534 2000 sententias
1565 1946 1700 2000 ferri
1749 1947 1998 2014 videam,
2034 1946 2276 2002 alteram

636 2029 1014 2100 opinabilem,
1047 2033 1148 2088 sed
1199 2033 1360 2088 nullo
1408 2039 1665 2090 veterum
1725 2035 2075 2108 scriptorum
2116 2037 2279 2091 testi-

638 2117 826 2174 monio
869 2119 1259 2190 efficiendam,
1318 2120 1559 2177 alteram
1611 2123 1694 2178 ita
1751 2129 2168 2196 comparatam,
2215 2129 2280 2180 ut

635 2221 752 2276 pra:
810 2223 872 2263 se
930 2208 1076 2264 ferat
1132 2209 1240 2265 hoc
1296 2210 1556 2266 veritatis
1613 2213 1989 2284 praesidium:
2049 2214 2277 2286 quidni,

629 2295 832 2352 relicta
862 2296 984 2368 illa,
1019 2299 1170 2354 hanc
1215 2304 1536 2371 sequerer?
1580 2302 1756 2373 Atqui
1786 2303 1893 2358 hoc
1950 2308 2156 2375 praesto
2189 2309 2279 2360 est

628 2391 1064 2456 argumentum,
1126 2388 1304 2460 idque
1380 2391 1764 2460 premendum
1843 2393 2018 2448 etiam
2101 2397 2275 2464 atque

627 2474 823 2546 etiam,
855 2476 1147 2547 siquidem
1180 2483 1380 2549 postea
1413 2480 1866 2549 ostenderimus,
1899 2481 2115 2537 librum
2146 2487 2275 2537 Ter-

624 2563 855 2619 tulliani
888 2566 960 2621 de
993 2565 1170 2622 Pallio
1197 2584 1326 2624 esse
1355 2567 1411 2622 in
1445 2586 1667 2624 annum
1716 2570 1927 2625 CCVIII
1959 2572 2273 2642 conjicien-

627 2653 790 2708 dum.
825 2654 1090 2726 Namque
1121 2657 1180 2711 in
1213 2673 1277 2712 eo
1312 2659 1379 2727 (c.
1435 2657 1484 2728 1)
1512 2658 1719 2729 gaudeo
1761 2675 1849 2714 vos
1897 2660 2108 2732 inquit,
2143 2661 2275 2716 Car-

629 2741 1022 2811 thaginienses,
1084 2748 1194 2800 tam
1266 2762 1554 2818 prosperos
1627 2751 1952 2820 temporum,
2019 2765 2140 2805 eum
2198 2752 2277 2805 ita

628 2836 805 2899 vacat,
867 2850 930 2888 ac
977 2835 1162 2905 juvat,
1218 2835 1439 2890 habitus
1491 2836 1769 2893 denotare.
1843 2839 2002 2894 Paci:
2067 2838 2185 2896 haec
2225 2848 2276 2895 et

629 2936 870 2978 annona:
917 2925 1055 2993 otia,
1089 2924 1155 2979 ab
1188 2925 1416 2995 imperio
1437 2929 1488 2982 et
1516 2943 1553 2981 a
1581 2927 1716 2983 caelo
1737 2929 1872 2983 bene
1899 2933 1996 2984 est.
2031 2927 2134 2983 Ubi
2161 2946 2274 3000 quo

634 3011 806 3065 modo
839 3011 1239 3069 Tertullianus
1271 3015 1558 3085 potuisset
1595 3017 1875 3088 temporis
1918 3018 2276 3089 prosperita-

631 3102 747 3155 tem
780 3116 1258 3173 commemorare,
1292 3107 1393 3159 aut
1441 3104 1510 3158 ad
1560 3121 1652 3160 res
1684 3106 1905 3162 nullius
1953 3105 2123 3178 plane
2152 3124 2275 3162 mo-

631 3189 834 3258 menti,
868 3191 1073 3263 quales
1118 3198 1260 3248 sunt
1308 3192 1432 3249 istzs
1464 3194 1534 3250 de
1587 3193 1760 3264 pallio
1805 3212 1994 3267 nugas,
2028 3197 2277 3252 descen-

2365 607 2734 676 Tertulliani,
2766 626 2892 680 quae
2925 609 3185 681 quidem,
3208 611 3256 667 si
3281 610 3321 665 ii
3353 609 3473 666 ludi
3494 611 3633 666 editi
3666 612 4012 685 Carthagine

2366 695 2666 764 dicuntur,
2709 698 2806 753 ubi
2856 697 3142 770 Carthago
3196 699 3324 771 ipsa
3355 699 3594 770 pramio
3643 716 3757 754 non
3790 706 4014 772 poterat

2368 784 2593 855 donari,
2628 801 2741 840 non
2775 787 2919 842 satis
2949 787 3095 842 bene
3123 787 3394 843 videntur
3423 788 3730 845 cohaerere.

2367 890 2396 963 §
2432 891 2516 946 10.
2549 922 2617 932 -
2648 893 2805 947 Libri
2838 897 2902 960 ν,
2935 895 3032 964 qui
3059 903 3347 964 supersunt
3397 896 3667 950 adversus
3694 895 4014 952 Marcionem

2441 979 2672 1037 quorum
2732 967 2947 1035 primus
2981 968 3249 1037 Are/ertur
3313 965 3384 1020 ad
3439 984 3573 1021 ann.
3645 965 3850 1037 CCVII,
3896 973 4014 1031 .aut

2444 1033 2647 1090 CCVIII
2665 1054 2688 1100 ;
2707 1033 2931 1093 caderes
2960 1033 3144 1094 dubiae
3163 1039 3350 1094 aetatis
3378 1054 3494 1094 esse
3522 1038 3764 1095 docetur.

2443 1145 2658 1196 Praeter
2687 1141 2842 1197 hunc
2873 1142 3219 1198 Tertulliani
3251 1143 3468 1198 librum
3501 1148 3821 1214 supersunt
3849 1161 3918 1199 ex
3946 1144 4018 1200 iis

2375 1231 2471 1301 qui
2506 1231 2705 1302 scripti
2737 1236 2897 1299 sunt,
2931 1248 3063 1286 cum
3107 1233 3233 1302 jam
3263 1233 3336 1288 ab
3387 1232 3722 1288 orthodoxis
3774 1233 4015 1305 degene-

2375 1322 2582 1385 rasset,
2617 1319 2882 1375 Adversus
2929 1320 3259 1376 Marcionem
3311 1320 3442 1375 libri
3487 1337 3542 1387 ν,
3595 1337 3743 1392 quos
3775 1320 4018 1375 dubium

2377 1425 2490 1462 non
2541 1417 2627 1463 est
2683 1409 2848 1480 argui
2905 1409 3450 1465 Montanisticorum
3509 1425 3775 1464 errorum
3831 1426 4020 1481 posse.

2379 1497 2625 1566 Etenim,
2659 1497 2708 1553 si
2740 1498 2992 1553 maxime
3024 1499 3204 1554 dubia
3234 1499 3528 1554 videretur
3572 1498 3760 1570 ipsius
3797 1498 4022 1553 Tertul-

2379 1585 2520 1641 liani
2552 1586 2836 1658 professio
2890 1586 3012 1658 (lib.
3065 1604 3140 1654 ιν,
3193 1603 3242 1642 o.
3295 1589 3409 1657 22),
3466 1604 3584 1658 qua
3631 1603 3770 1642 suos
3801 1586 3941 1642 dicit
3969 1592 4024 1642 et

2379 1674 2691 1747 Psychicos
2754 1677 2897 1731 I31
2959 1675 3018 1730 in
3075 1675 3201 1731 loco
3259 1676 3329 1730 de
3385 1675 3607 1730 Ecstasi
3667 1675 4024 1743 dissentire;

2382 1781 2569 1834 neque
2600 1764 2732 1836 quis
2763 1766 3017 1820 visorum
3053 1765 3335 1820 rationem
3367 1764 3582 1820 habere
3621 1763 3777 1830 velit,
3813 1766 4026 1837 quibus

2382 1853 2497 1909 ista
2526 1855 2776 1921 decreta,
2812 1854 2914 1920 ait,
2971 1855 3316 1909 conﬁrmata
3368 1853 3549 1910 luisse
3607 1853 3670 1924 (l.
3706 1871 3791 1921 III,
3839 1871 3889 1909 c.
3921 1855 4027 1921 24;

2388 1960 2440 2012 v,
2471 1959 2520 1999 c.
2569 1943 2661 2014 8);
2722 1943 3001 2014 quoniam
3059 1959 3264 1998 omnes
3310 1942 3408 1998 isti
3455 1947 3648 1998 contra
3705 1942 4031 2000 Marci‘onem

2386 2031 2518 2087 libri
2553 2048 2666 2086 non
2700 2035 2839 2088 sunt
2871 2049 2986 2087 uno
3017 2037 3276 2102 tempore
3303 2031 3479 2087 editi:
3533 2036 3732 2087 tamen
3789 2031 3850 2086 in
3882 2031 4025 2086 libro

2387 2122 2516 2192 ejus
2549 2121 2877 2192 argumenti
2901 2121 3086 2191 primo
3116 2119 3746 2192 Montanidisciplinam
3772 2124 3830 2175 et
3861 2137 4026 2176 suam

2387 2210 2544 2280 dicit,
2577 2219 2631 2265 et
2661 2227 2723 2265 se
2753 2211 2986 2264 decreta
3016 2227 3122 2264 sua
3169 2211 3238 2265 de
3282 2210 3576 2282 fugiendis
3609 2209 3876 2280 repetitis
3923 2226 4028 2264 nu-

2385 2299 2522 2371 ptiis
2548 2304 2782 2354 auctore
2803 2298 3100 2354 Paracleto
3124 2299 3533 2354 defendentem
3559 2301 3632 2370 (c.
3657 2299 3746 2370 29)
3773 2316 3787 2366 ;
3811 2315 3879 2354 ac
3908 2299 4032 2370 ipsa

2385 2388 2667 2460 temporis
2701 2388 2844 2443 ratio
2898 2389 3066 2443 docet
3119 2405 3251 2442 eum
3287 2387 3502 2442 librum
3555 2388 3844 2460 scriptum
3883 2403 4030 2456 esse,

2385 2485 2698 2550 postquam
2755 2494 2788 2532 a
2845 2478 3106 2548 partibus
3163 2478 3654 2533 Montanistarum
3718 2478 3848 2549 jam
3907 2492 4033 2531 esse

2386 2573 2657 2638 cwperat.
2691 2567 2770 2622 De
2820 2583 2935 2638 quo
2968 2567 3149 2622 altero
3199 2566 3348 2637 loco,
3381 2583 3555 2638 quem
3607 2565 4032 2638 disputandum

2385 2656 2774 2728 sumpsimus,
2807 2673 2938 2711 cum
2975 2655 3241 2711 dubitare
3289 2673 3359 2711 ne
3392 2656 3450 2710 in
3505 2660 3762 2711 mentem
3795 2654 4030 2726 quidem

2385 2746 2608 2802 venerit
2639 2745 2840 2800 multis
2871 2762 3072 2800 eorum
3123 2745 3222 2816 qui
3273 2745 3331 2798 in
3385 2745 3716 2800 deﬁnienda
3746 2743 4030 2800 librorum

2386 2833 2733 2891 Tertulliani
2783 2839 2948 2890 aetate
3005 2833 3366 2901 laborarunt,
3421 2839 3478 2890 et
3533 2835 3605 2890 ab
3659 2833 3794 2890 aliis
3851 2833 4032 2889 multa

2387 2941 2688 2996 perperam
2716 2925 2874 2978 dicta
2925 2924 3063 2992 sint,
3120 2921 3398 2979 subtilius
3426 2924 3692 2979 videmur
3748 2923 3940 2993 nobis,
3973 2936 4030 2976 re

2386 3015 2598 3086 sacpius
2629 3013 2905 3084 cogitata,
2964 3013 3264 3085 disputare
3321 3013 3548 3068 debere.
3603 3016 3794 3084 Atque
3853 3018 3917 3067 ut
3961 3012 4031 3066 de

2385 3103 2532 3158 libro
2564 3103 2752 3175 primo
2788 3103 3043 3174 primum
3093 3103 3380 3170 dicamus,
3440 3118 3610 3157 nemo
3642 3107 3733 3158 est
3778 3102 3880 3172 qui
3907 3102 4032 3172 ejus

2385 3197 2610 3248 aetatem
2643 3199 3075 3247 controversam
3107 3208 3234 3248 esse
3290 3193 3464 3248 dicat.
3494 3195 3668 3247 Recte
3706 3192 3945 3262 quidem
3977 3194 4032 3246 et

628 3279 764 3334 dere
818 3281 891 3335 ob
923 3282 1084 3352 pacis
1142 3282 1280 3347 otia,
1327 3282 1376 3338 si
1433 3283 1792 3354 gravissimae
1847 3291 1973 3340 tum
2025 3285 2279 3341 fuissent
2307 3269 2350 3336 (ἶ
2388 3281 2532 3337 satis
2565 3281 2755 3348 bene;
2789 3287 2878 3336 est
2914 3282 3072 3336 enim
3120 3288 3321 3354 aperta
3351 3271 3480 3353 ejus
3533 3281 3615 3336 rei
3669 3285 3726 3336 et
3767 3279 4032 3354 capitalis

629 3367 1086 3425 cbristianorum
1119 3371 1506 3439 calamitates,
1541 3372 1746 3443 quales
1777 3389 1876 3430 eas
1898 3374 1954 3428 in
1986 3376 2276 3446 Seorpz’ace

629 3456 941 3528 depingit?
975 3461 1176 3530 Itaque
1207 3477 1384 3532 quam
1431 3461 1527 3516 alii
1562 3462 1678 3516 fere
1723 3463 2124 3534 quinquennio
2156 3468 2277 3518 tar-

628 3545 762 3600 dius
794 3550 1079 3617 putarunt
1129 3550 1408 3621 scriptam
1467 3550 1814 3622 Seorpiacen,
1876 3553 2040 3623 prius
2071 3553 2278 3625 utique

629 3634 916 3704 prodiisse
965 3637 1253 3704 arbitror,
1309 3656 1484 3710 quam
1544 3639 1692 3706 istae,
1751 3658 1877 3712 quze
1936 3647 2274 3714 supersunt,

629 3722 911 3780 adversus
942 3728 1283 3782 Marcionem
1310 3728 1759 3800 disputationes,
1785 3736 1843 3784 et
1869 3749 2019 3787 anno
2039 3733 2276 3803 quidem

630 3811 794 3868 CCIII
827 3819 926 3869 aut
951 3814 1146 3883 CCIV;
1195 3818 1364 3888 cujus
1414 3819 1731 3875 Eusebium
1780 3824 1990 3876 testem
2022 3822 2278 3877 rectissi-

635 3919 794 3957 mum
850 3902 1156 3974 habemus,
1215 3907 1315 3977 qui
1375 3924 1667 3978 nusquam
1727 3909 1783 3963 id
1843 3909 2080 3980 quidem
2136 3911 2279 3966 dicit

632 3992 891 4061 omnino,
925 3994 1047 4059 sed,
1101 3994 1181 4049 uti
1239 3994 1519 4065 vidimus,
1569 4014 1692 4066 quae
1749 3997 1908 4066 dicit,
1959 4000 2113 4054 idem
2163 4000 2279 4055 fere

631 4081 968 4137 ostendunt.
1022 4081 1129 4137 Ubi
1183 4083 1324 4139 mihi
1386 4085 1622 4156 quidem
1685 4088 1866 4158 magis
1924 4088 2114 4160 placet
2169 4088 2279 4144 iste

628 4169 915 4240 posterior
944 4189 1156 4239 annus,
1209 4179 1442 4244 propter
1473 4174 1643 4231 ludos
1673 4193 1819 4246 quos
1866 4194 2050 4248 nuper
2080 4178 2278 4233 admo-

631 4259 770 4314 dum
801 4259 988 4316 editos
1035 4261 1432 4320 Tertullianus
1489 4264 1633 4320 dicit
1677 4266 1808 4338 (23).
1870 4268 2031 4331 Quod
2065 4267 2112 4322 si
2145 4268 2278 4339 quis

629 4347 865 4404 malevit
896 4350 1082 4406 editos
1129 4352 1361 4407 credere
1411 4352 1470 4406 in
1519 4353 1936 4411 decennalibus
1987 4356 2177 4412 Severi
2223 4361 2280 4412 et

628 4437 904 4493 Caracalli
938 4439 1505 4512 quinquennalibus,
1536 4461 1651 4497 non
1685 4445 2020 4516 repugnabo
2071 4447 2278 4502 admo-

631 4526 809 4595 dum;
845 4530 1121 4600 quoniam
1152 4529 1209 4585 id
1256 4531 1402 4586 satis
1462 4536 1550 4587 cst
1591 4550 1623 4587 a
1683 4534 2031 4604 Spanhemio,
2065 4535 2184 4590 viro
2216 4535 2276 4590 in

2385 3369 2721 3426 Tertulliani
2753 3370 3036 3441 professio
3070 3371 3133 3441 (l.
3171 3389 3209 3438 ι,
3243 3389 3292 3428 c.
3329 3372 3438 3442 15),
3476 3370 3573 3442 qui
3623 3387 3776 3426 anno
3810 3370 4033 3425 decimo

2388 3460 2592 3531 quinto
2625 3457 2818 3514 Severi
2853 3460 3004 3515 hunc
3035 3458 3252 3515 librum
3285 3478 3318 3514 a
3361 3477 3424 3515 se
3467 3459 3862 3531 compositum
3894 3461 4031 3514 fate-

2388 3556 2503 3605 tur.
2539 3551 2648 3604 Sed
2695 3565 2828 3604 cum
2879 3550 2949 3604 de
3007 3556 3348 3606 caaterorum
3398 3555 3564 3606 aetate
3616 3549 3762 3605 nihil
3817 3551 4032 3615 dicant,

2386 3639 2514 3709 ipso
2557 3638 2786 3693 silentio
2842 3655 2939 3694 eos
2998 3639 3298 3694 declarant
3344 3639 3610 3710 ejusdem
3664 3640 3854 3695 aetatis
3885 3655 4032 3695 esse.

2387 3728 2548 3793 Quod
2584 3728 2751 3799 longe
2799 3745 2968 3784 secus
2999 3734 3106 3783 est.
3158 3734 3302 3784 Nam
3346 3746 3415 3784 ex
3468 3729 3664 3784 verbis
3714 3728 3787 3784 iis
3820 3729 4034 3800 quibus

2388 3817 2557 3871 ﬁnem
2591 3815 2737 3871 libro
2763 3817 2950 3888 primo
2982 3817 3380 3873 Tertullianus
3404 3817 3686 3889 imposuit
3718 3818 3852 3886 (‘25),
3877 3816 4029 3872 haud

2387 3907 2631 3961 obscure
2661 3905 2979 3978 colligitur,
3039 3923 3175 3963 eum
3233 3924 3361 3963 esse
3419 3904 3737 3979 separatim
3788 3907 4031 3975 editum,

2388 3999 2624 4050 caeteros
2655 3996 2882 4050 diverso
2912 3999 3173 4067 tempore
3204 4000 3491 4051 exaratos.
3529 3995 3648 4050 Etsi
3685 3998 3886 4052 autem
3916 4011 4029 4049 non

2389 4085 2676 4140 audemus
2707 4084 2921 4152 dicere,
2952 4102 3024 4139 an
3076 4085 3350 4154 alterum,
3402 4085 3640 4140 tertium
3673 4088 3729 4140 et
3760 4089 4032 4155 quartum

2389 4179 2812 4252 seorsum‘aut
2869 4173 3250 4244 conjunctim,
3310 4191 3382 4229 an
3459 4190 3716 4245 quonam
3777 4178 4037 4244 tempore

2388 4262 2710 4334 scripserit,
2760 4261 2817 4316 id
2868 4265 3065 4317 tamen
3117 4262 3294 4318 dubio
3353 4279 3548 4318 carere
3594 4261 4031 4332 conﬁrmamus,

2390 4353 2545 4425 quod
2595 4351 2870 4422 quintum
2930 4350 3169 4422 librum,
3225 4353 3625 4408 Tertullianus
3678 4369 3793 4407 non
3835 4353 4035 4408 eodem

2392 4458 2526 4496 cum
2560 4440 2800 4512 reliquis
2833 4445 3095 4512 tempore
3134 4441 3401 4496 ediderit.
3450 4441 3549 4496 Est
3594 4442 3751 4496 enim
3802 4440 3951 4496 liber
3978 4439 4040 4494 de

2391 4532 2805 4586 Resurrectione
2850 4530 3134 4586 recentior
3162 4546 3249 4601 eo,
3301 4548 3476 4603 quem
3508 4531 3571 4587 de
3604 4531 3781 4587 Carne
3839 4530 4039 4586 Christi

630 4614 726 4671 his
757 4616 966 4675 litteris
1000 4621 1240 4690 probato
1293 4637 1432 4677 sane
1489 4627 1546 4677 et
1594 4623 1846 4679 maxime
1892 4623 2094 4693 nobili,
2128 4625 2280 4680 evic-
2311 4639 2357 4705 ι)
2389 4621 2718 4692 composuit
2746 4619 2833 4691 (de
2888 4622 3215 4690 Resurrect.,
3273 4637 3321 4675 o.
3355 4622 3433 4692 2),
3490 4620 3548 4675 in
3581 4637 3696 4692 quo
3748 4620 3835 4692 (de
3867 4620 4037 4675 Carne

636 4708 762 4760 tum
796 4707 927 4778 (24),
960 4709 1170 4779 Pythia
1200 4709 1336 4765 alibi
1381 4727 1613 4782 quoque
1657 4729 1832 4782 quam
1882 4713 2143 4785 Delphis,
2176 4730 2281 4770 nec

637 4794 697 4849 in
730 4794 906 4850 unius
939 4797 1222 4868 Apollinis
1255 4799 1439 4870 Pythii
1481 4799 1782 4872 honorem,
1833 4803 1933 4857 sed
1966 4803 2278 4874 imperato-

637 4899 769 4938 rum
804 4884 980 4940 etiam
1013 4890 1139 4941 acta
1169 4886 1375 4943 fuisse.
1405 4888 1625 4944 Tamen
1654 4906 1758 4962 ego
1792 4890 2034 4947 alterum
2069 4897 2282 4964 prasta-

635 4972 803 5028 lerim
836 4978 1160 5046 prepterea,
1212 4977 1364 5046 quod
1415 4975 1536 5032 ludi
1578 4978 1766 5050 Pythii
1826 4980 1945 5036 siut
1977 4980 2034 5036 in
2065 4982 2284 5039 Graecia

635 5062 842 5134 quovis
873 5063 1044 5119 tertio
1075 5081 1229 5120 anno
1261 5064 1640 5138 Olympiados
1687 5067 1848 5138 editi,
1891 5069 2134 5143 ipseque
2164 5075 2283 5127 ter-

631 5151 750 5208 tius
779 5151 1158 5225 Olympiados
1186 5153 1416 5210 CCXLV
1461 5173 1652 5214 annus
1698 5155 1917 5214 incidat
1967 5159 2026 5216 in
2057 5177 2280 5217 annum

703 5369 816 5442 (23)
842 5374 977 5446 Cap.
1009 5373 1064 5446 _6.
1095 5374 1326 5446 Agonas
1377 5371 1544 5446 istos,
1586 5375 1948 5430 contentiosa
1996 5372 2284 5446 solemnia

635 5444 693 5494 et
723 5443 1513 5515 superstitiosa'certamina
1567 5449 1896 5501 Graecorum
1954 5451 2012 5501 et
2051 5443 2282 5515 religio-

635 5528 778 5591 num
811 5521 866 5571 et
895 5515 1288 5591 voluptatum,
1320 5520 1540 5591 quanta
1574 5517 1762 5591 gratia
1812 5524 2090 5591 saeculum
2130 5515 2283 5591 cele-

637 5583 786 5661 bret,
819 5587 1010 5661 etiam
1037 5583 1280 5645 'Africa:
1337 5583 1532 5645 licuit.
1576 5583 1808 5645 "Adhuc
1871 5589 2282 5661 Carthaginem

639 5656 882 5734 singulae
913 5661 1176 5718 civitates
1223 5661 1571 5733 gratulando
1614 5661 1968 5734 inquietant,
2009 5656 2284 5718 donatam

640 5674 882 5785 διοεέιιιω
913 5674 1176 5718 cmtates
1223 5674 1571 5733 gratulando
1614 5674 1872 5734 inquieta

640 5731 745 5800 Pyt
795 5730 880 5787 ico
911 5748 1093 5804 agone
1121 5740 1253 5806 post
1283 5735 1460 5790 stadii
1493 5740 1872 5792 senectutem.

2392 4709 2613 4777 Christi,
2646 4726 2772 4781 cap.
2821 4710 2877 4777 7)
2933 4708 3126 4764 locum
3184 4710 3399 4766 excitat
3455 4727 3523 4765 ex
3581 4709 3732 4766 libro
3781 4711 4041 4766 adversus

2388 4799 2715 4854 Marcionem
2747 4802 2973 4869 quarto,
3005 4798 3076 4853 de
3107 4815 3224 4870 quo
3272 4805 3476 4870 postea
3505 4799 3788 4856 dicemus.
3837 4799 4036 4854 Enim-

2389 4905 2524 4945 vero
2555 4887 2613 4943 in
2647 4887 2852 4961 quinto
2883 4887 3339 4945 Antimarcionis
3371 4888 3540 4958 libro,
3589 4906 3642 4946 c.
3680 4890 3766 4956 10,
3799 4889 3873 4946 ad
3904 4903 4034 4942 eum

2388 4977 2654 5044 remittit,
2684 4994 2858 5049 quem
2907 4977 2979 5034 de
3024 4977 3438 5035 Resurrectione
3483 4979 3838 5051 scripserat;
3886 4976 4036 5032 unde

2392 5068 2796 5123 Tertullianum
2826 5071 2983 5139 patet
3012 5065 3124 5122 alio
3168 5073 3451 5140 tempore,
3484 5085 3662 5140 quam
3710 5085 3827 5141 quo
3859 5082 4032 5138 quar-

2390 5163 2519 5216 tum
2546 5156 2750 5228 edidit,
2781 5156 3052 5230 quintum
3083 5157 3143 5213 in
3194 5156 3382 5214 lucem
3431 5157 3768 5231 protulisse.
3814 5155 4038 5213 Pariter

2463 5375 2577 5446 (24)
2608 5375 2669 5429 In
2715 5374 2886 5446 epist.
2947 5372 3110 5446 1,,adi
3161 5373 3346 5446 Andr.
3406 5373 3731 5443 Morellum,
3793 5387 3920 5444 quae
3951 5371 4037 5446 est

2392 5442 2619 5518 adjecta
2648 5442 2826 5517 hujus
2873 5445 3181 5518 specimini
3223 5445 3508 5502 universae
3559 5447 3641 5502 rei
3691 5442 4033 5502 nummarias

2393 5520 2667 5590 antiquae,
2695 5518 2878 5591 ined.
2900 5518 3098 5591 _Lips.,
3131 5532 3262 5591 pag.
3300 5519 3372 5591 127
3394 5535 3519 5591 seq.

2463 5585 2574 5663 (25)
2603 5585 2660 5645 Si
2691 5590 2783 5647 cui
2833 5585 3030 5645 minus
3089 5585 3236 5666 quid
3284 5585 3555 5666 videmur
3588 5589 3812 5666 egisse,
3847 5585 4034 5666 speret

2392 5658 2754 5741 reservatum
2805 5678 2917 5741 suo
2962 5658 3234 5741 tempori,
3270 5661 3424 5741 sicut
3479 5658 4032 5741 et__ip'sarum”S‘cri-

2393 5739 2700 5806 pturarum
2731 5731 3250 5804 examinationem,
3279 5733 3498 5806 quibus
3527 5731 3786 5793 Marcion
3826 5731 4028 5788 utitur.
