4526 6384
507 429 611 489 181

1387 433 1484 495 AC
1530 433 1925 497 DOCTIthA
1974 434 2477 496 SCRIPTORUM
2522 434 3049 499 TERTULLI‘ANI

3798 429 3913 490 182

503 558 559 615 in
592 560 789 632 primo
817 560 1296 633 Antimarcionis,
1322 581 1370 621 c.
1390 567 1439 635 1,
1469 584 1617 639 opus
1642 568 1706 624 de
1726 570 2152 641 Praescriptions
2180 570 2236 636 Α
2264 567 2669 625 Tillemontius
2702 570 2907 624 contra
2934 565 3186 632 volebat,
3247 562 3711 620 remotissimum
3760 576 3910 618 esse.

501 651 891 707 haereticorum
921 669 983 707 se
1023 654 1425 710 confecturum
1467 656 1784 727 aliquando
1816 658 2151 731 pollicetur;

2266 656 2526 728 Denique
2557 659 2710 727 quod
2726 657 2959 711 animus
2974 655 3358 711 hominisnon
3386 650 3910 723 aliundeagitetur,

501 740 595 794 sed
628 740 687 793 in
722 739 872 796 libro
902 741 968 796 de
1001 741 1182 798 Carne
1213 743 1415 799 Christi
1471 745 1586 802 tale
1641 748 1764 817 jam
1825 748 1969 803 dicit
2017 765 2050 803 a
2092 764 2155 803 se
2265 746 2323 799 in
2354 745 2501 801 libro
2531 746 2596 801 de
2624 747 2900 813 Anima,c.
2923 743 3113 811 21,ait
3143 760 3205 799 se
3234 742 3584 798 Marcionem
3617 739 3909 796 docuisse.

504 829 790 900 scriptum
843 830 1050 900 fuisse,
1110 848 1160 888 ο.
1219 836 1301 901 2;
1359 832 1543 906 igitur
1596 841 1653 891 et
1710 836 1818 891 hoc
1873 838 2150 904 ostendit,

498 917 754 988 primum
789 935 902 973 non
934 936 1063 975 esse
1095 920 1298 976 eodem
1330 928 1500 993 partu
1533 940 1666 979 cum
1704 924 1928 980 caeteris
1957 926 2150 980 omni-

501 1007 602 1061 bus
632 1007 885 1062 editum.
920 1012 1055 1073 Quae
1086 1010 1464 1077 cumitasint,
1492 1018 1645 1068 certe
1668 1014 1906 1083 quidem
1940 1015 2149 1069 contir-

497 1111 749 1164 mamus,
784 1096 1043 1167 primum
1071 1099 1349 1155 adversus
1384 1101 1711 1157 Marcionem
1732 1102 1947 1158 librum
1983 1107 2048 1157 A.
2084 1103 2142 1159 P.

498 1185 553 1240 C.
583 1184 651 1239 N.
675 1202 843 1253 ccvn,
880 1190 1000 1253 aut,
1037 1186 1085 1240 si
1120 1189 1324 1257 mavis,
1357 1206 1545 1256 ccvm,
1579 1192 1886 1262 prodiisse,
1912 1208 2043 1246 cum
2076 1208 2146 1247 xv

492 1273 669 1329 Severi
700 1290 901 1329 annus
926 1275 981 1329 in
1017 1282 1333 1348 utrumque
1364 1280 1609 1349 incidat,
1642 1282 1744 1335 sed
1794 1282 1864 1335 de
1899 1282 2140 1347 caeteris,

495 1364 720 1433 quando
754 1364 881 1419 sint
904 1365 1131 1437 scripti,
1169 1367 1282 1422 dici
1305 1368 1453 1423 nihil
1477 1386 1669 1440 posse,
1702 1370 1816 1426 nisi
1849 1370 2139 1442 hoc,quod

494 1452 761 1523 quintum
804 1454 1045 1525 reliquis
1078 1456 1297 1526 atquals
1328 1474 1443 1514 non
1466 1462 1560 1515 sit.

554 1606 580 1672 §
611 1605 699 1659 11.
734 1636 811 1646 -—-
843 1606 1179 1663 Tillemontii
1208 1611 1498 1667 contraria
1520 1613 1706 1684 opinio
1739 1614 2063 1682 castigatur.

552 1721 616 1773 At
637 1720 802 1791 quod
856 1722 1200 1779 verebamur
1246 1724 1387 1793 fore,
1443 1730 1508 1781 ut
1564 1727 1739 1798 quale
1793 1728 1851 1783 in
1911 1728 2035 1783 loco
2066 1729 2137 1783 de

488 1806 770 1879 Scorpiace
823 1811 1102 1879 diximus,
1166 1812 1345 1870 libros
1418 1825 1611 1871 contra
1670 1818 1999 1873 Marciorum
2056 1816 2135 1871 ibi

492 1896 693 2006 citjato‘s
724 1914 848 1953 non
881 1915 977 1955 eos
1008 1916 1157 1967 esse,
1217 1919 1364 1974 quos
1422 1904 1709 1961 habemus
1766 1907 2134 1978 superstites,
2165 1943 2213 2006 Β

494 1988 587 2041 sed
618 1986 768 2042 alios
806 1989 1116 2062 abrogatas
1147 1993 1313 2062 quasi
1352 1998 1409 2048 et
1458 1994 1680 2049 dudum
1714 1996 1986 2063 amissos,
2021 1996 2135 2051 tale

498 2075 665 2131 etiam
700 2078 801 2134 his
831 2081 1195 2151 argumentis
1240 2084 1455 2139 nostris
1506 2086 1771 2140 nonnulli
1831 2087 2132 2156 objiciant,

495 2165 546 2219 id
579 2167 693 2222 fere
725 2168 949 2224 factum
1000 2169 1265 2227 videmus
1324 2191 1357 2228 a
1411 2174 1781 2231 'l‘illemontio
1832 2176 2135 2247 (Mdmoires

493 2271 624 2324 pour
652 2258 1087 2315 servirht'hist.
1119 2262 1286 2329 Ecct.,
1346 2264 1498 2318 188
1548 2268 1689 2318 tom.
1746 2266 1842 2330 IlI,
1893 2282 1948 2336 p.
2007 2266 2133 2334 666,

494 2350 604 2399 not.
640 2346 749 2414 19),
820 2348 917 2418 qui
976 2347 1149 2405 istam
1181 2368 1303 2406 rem
1362 2354 1799 2424 pugnacissime
1856 2355 2133 2410 defendit.

492 2435 718 2505 Oportet
749 2435 936 2506 igitur
965 2444 1021 2492 et
1054 2455 1139 2506 ea,
1200 2458 1322 2511 quas
1367 2458 1469 2513 pro
1528 2444 1742 2499 nostris
1798 2444 2136 2515 responderi

494 2528 752 2595 possunt,
786 2525 845 2580 in
880 2526 1138 2583 medium
1172 2530 1435 2600 proferri,
1487 2538 1544 2585 et
1574 2533 1786 2587 discuti
1825 2550 1893 2588 ea
1923 2550 2047 2603 qua
2077 2535 2137 2589 in

492 2610 642 2667 illam
678 2619 913 2685 partem
946 2616 1350 2674 Tillemontius
1365 2619 1725 2692 disputavit;
1760 2623 1859 2677 sed
1895 2628 2139 2692 utraque

493 2701 853 2772 brevissime,
890 2709 946 2759 et
979 2704 1062 2760 ita
1088 2706 1351 2776 quidem,
1385 2714 1449 2763 ut
1504 2726 1632 2780 quae
1689 2717 1887 2783 aperto
1941 2712 2138 2767 firma-

492 2792 672 2846 vimus
696 2792 895 2863 ipsius
913 2795 1254 2851 Tertulliani
1284 2798 1643 2866 testimonio,
1684 2817 1752 2854 ea
1783 2817 1938 2855 nunc
1968 2801 2140 2872 plane

497 2879 821 2936 mittamus.
867 2882 1072 2953 Itaque
1130 2885 1237 2940 hoc
1314 2904 1496 2942 unum
1554 2889 1841 2960 disputari
1898 2895 2134 2961 potest:

497 2972 681 3024 utrum
715 2970 1122 3029 Tertullianus
1151 2973 1206 3029 in
1240 2973 1387 3031 libro
1409 2979 1476 3032 de
1510 2978 1691 3033 Carne
1727 2979 1934 3034 Christi
1963 2997 2139 3051 quar-

494 3059 606 3111 tum
684 3063 887 3114 contra
954 3061 1283 3118 Marcionem
1343 3063 1562 3120 librum
1633 3067 1918 3135 citaverit,
1965 3085 2137 3139 quem

496 3145 670 3201 adhuc
704 3148 1090 3219 superstitem
1121 3151 1406 3209 habemus
1442 3157 1464 3207 Ρ
1520 3156 1673 3225 quod
1729 3173 1969 3227 prorsus
2026 3160 2140 3213 exi-

502 3233 683 3305 stimo,
717 3236 1007 3309 primum,
1039 3239 1315 3311 quoniam
1376 3242 1433 3297 in
1492 3242 1591 3299 illo
1641 3244 1783 3300 libro
1842 3246 2141 3303 Marcionis

2262 836 2445 907 Atque
2478 836 2593 891 ista
2622 835 2692 890 de
2723 851 2783 890 re
2816 850 2949 890 cum
2982 832 3170 888 multa
3198 832 3408 887 dixerit
3455 830 3514 885 in
3575 827 3778 895 altero,
3811 828 3912 899 qui

2261 928 2549 995 superest,
2585 924 2864 979 adversus
2894 939 3028 978 eum
3059 921 3229 988 libro,
3262 938 3311 976 c.
3350 920 3385 975 6
3414 935 3599 990 seqq.,
3660 933 3775 972 non
3808 918 3909 972 ab-

2259 1015 2502 1068 surdum
2536 1019 2627 1069 est
2655 1012 2865 1083 dicere,
2899 1012 3055 1083 quod
3077 1011 3235 1065 hunc
3283 1012 3342 1064 in
3400 1008 3499 1063 illo
3551 1005 3906 1078 respexerit;

2256 1119 2360 1157 nec
2408 1109 2605 1157 tamen
2658 1101 2953 1157 mordicus
2988 1100 3045 1154 id
3106 1099 3344 1170 quidem
3393 1096 3745 1163 tenebimus,
3803 1093 3905 1164 qui

2254 1192 2346 1246 usi
2379 1208 2493 1246 non
2526 1208 2733 1245 sumus
2760 1190 2932 1245 istius
2963 1188 3093 1243 libri
3124 1186 3482 1243 testimonio.
3517 1185 3705 1240 Altera
3726 1181 3901 1237 dubi-

2252 1282 2395 1336 tatio
2426 1280 2602 1335 etiam
2636 1279 2875 1351 puerilis
2900 1282 3009 1334 est.
3046 1277 3107 1332 In
3142 1278 3266 1332 loco
3317 1293 3405 1343 eo,
3431 1291 3605 1345 quem
3665 1288 3696 1328 e
3750 1270 3900 1326 libro

2249 1371 2315 1425 de
2343 1373 2522 1426 Carne
2552 1369 2756 1425 Christi
2786 1368 2854 1423 ad
2889 1366 3295 1423 testimonium
3330 1358 3896 1427 oitavimus,Tertul-

2248 1457 2445 1514 lianus
2514 1457 2680 1513 illum
2739 1456 2958 1511 librum
3043 1463 3234 1511 contra
3308 1457 3662 1519 Marcionem,
3720 1463 3896 1518 quem

2249 1546 2586 1619 appellavit,
2628 1547 2873 1601 libellum
2925 1545 3102 1611 dixit;
3155 1544 3355 1615 itaque
3410 1544 3688 1613 quartum
3745 1537 3897 1591 inter

2248 1637 2593 1708 superstites
2622 1652 2738 1691 non
2772 1633 2958 1689 voluit
2986 1634 3246 1697 laudare,
3271 1631 3370 1703 qui
3401 1647 3517 1685 non
3546 1626 3779 1683 libellus
3796 1624 3892 1694 sit,

2247 1726 2347 1782 sed
2398 1742 2677 1797 magnum
2734 1724 3030 1779 volumen.
3081 1725 3284 1792 Inepta
3340 1718 3638 1775 conclusio
3672 1713 3685 1770 Ι
3719 1714 3891 1786 quasi

2243 1831 2378 1871 vero
2418 1814 2814 1870 Tertullianus
2873 1828 3046 1868 omne
3102 1828 3250 1883 opus
3306 1813 3511 1866 contra
3564 1806 3891 1861 Marcionem

2245 1922 2359 1959 non
2381 1905 2706 1976 opusculum
2736 1903 2979 1958 dixisset
3007 1901 3108 1956 lib.
3132 1917 3171 1968 ι,
3205 1917 3253 1955 o.
3315 1900 3365 1965 1,
3426 1914 3476 1953 c.
3511 1898 3571 1952 31
3606 1913 3619 1963 ;
3652 1911 3714 1960 ιι,
3746 1910 3795 1949 c.
3846 1906 3890 1959 1,

2242 1998 2375 2060 eto.,
2411 1998 2511 2049 aut
2556 1991 2725 2065 quasi
2780 1991 2830 2046 is
2880 1990 2991 2045 dici
3043 1989 3278 2046 libellus
3334 2004 3450 2043 non
3510 1988 3727 2057 posset,
3787 1981 3892 2053 qui

2243 2089 2469 2155 partem
2497 2082 2733 2152 majoris
2756 2079 2947 2152 operis
2974 2078 3296 2135 constituit.
3340 2081 3413 2131 At
3466 2092 3534 2130 eo
3590 2074 3761 2128 modo
3793 2070 3881 2125 di-

2244 2174 2493 2229 cendum
2529 2176 2619 2227 est
2647 2168 3077 2226 Tertullianum
3108 2184 3256 2238 opus
3287 2165 3552 2221 nondum
3566 2162 3886 2235 perfectum

2245 2260 2493 2329 citassel
2530 2259 2778 2314 Hoccine
2806 2273 2940 2312 vero
2972 2261 3028 2310 et
3060 2252 3247 2327 potuit
3274 2256 3438 2307 tanto
3484 2250 3607 2305 viro
3640 2263 3889 2320 scrupu-

2243 2350 2367 2405 lum
2408 2350 2668 2420 injicere,
2728 2347 2830 2419 qui
2884 2344 3097 2400 millies
3155 2344 3215 2399 in
3273 2339 3712 2399 commentariis
3768 2335 3893 2392 suis

2246 2440 2407 2511 ipsos
2438 2438 2617 2494 libros
2658 2453 2797 2492 suos
2848 2449 3155 2506 nunquam
3216 2432 3518 2487 absolutos
3566 2431 3897 2483 autestatus

2248 2528 2386 2586 est?
2416 2528 2753 2599 Eodemque
2808 2524 2981 2580 modo
3038 2520 3468 2579 Tertullianum
3521 2517 3712 2591 egisse
3766 2513 3901 2587 quis

2250 2618 2506 2691 negabit,
2535 2618 2586 2673 si
2616 2616 2855 2689 quidem
2889 2617 3120 2670 nostras
3153 2610 3337 2667 nostri
3390 2605 3726 2681 argumenti
3781 2604 3902 2660 vin-

2249 2709 2433 2765 dicias
2463 2708 2669 2780 legerit
2697 2705 3000 2776 ?Denique
3032 2702 3173 2759 dicit
3203 2699 3633 2757 Tertullianum
3648 2697 3717 2752 de
3746 2695 3894 2763 loco,

2250 2816 2365 2872 quo
2409 2798 2597 2853 sancti
2656 2795 2764 2851 viri
2821 2794 3234 2852 contineantur
3290 2808 3324 2846 a
3369 2790 3522 2845 I39
3583 2790 3771 2842 morte
3825 2784 3899 2840 ad

2252 2888 2671 2961 ultimijudicii
2703 2888 2883 2957 diem,
2917 2886 3033 2942 alia
3062 2886 3121 2939 in
3155 2884 3304 2939 libro
3335 2882 3399 2938 de
3453 2882 3674 2946 Anima,
3721 2894 3770 2933 c.
3802 2876 3893 2945 53,

2247 2980 2415 3050 deque
2456 2978 2882 3042 Resurrectione,
2944 2992 2993 3030 c.
3044 2976 3155 3043 43.,
3217 2972 3330 3028 alia
3377 2971 3437 3026 in
3486 2967 3897 3025 Antimarcione

2248 3068 2341 3137 IV,
2376 3085 2425 3122 c.
2454 3068 2544 3131 34,
2579 3068 2829 3121 tradere.
2856 3064 3066 3119 Audio.
3101 3063 3213 3119 Sed
3252 3060 3543 3131 numquid
3602 3057 3699 3112 isti
3756 3054 3893 3110 libri

2247 3161 2513 3229 pugnant
2542 3156 2601 3210 in
2633 3155 2706 3210 iis
2736 3154 2899 3221 locis,
2925 3170 3072 3225 quos
3130 3168 3191 3207 se
3250 3151 3332 3206 ait
3385 3150 3441 3204 in
3495 3144 3893 3219 disputatione

2247 3247 2509 3301 adversus
2567 3244 2901 3301 Marcianum
2931 3240 3372 3314 pertractasse?
3426 3240 3542 3293 Hoc
3598 3252 3730 3292 vero
3790 3250 3895 3290 nec

499 3323 737 3379 codicem
770 3342 1010 3382 sacrum
1033 3309 1407 3397 examinavit,
1458 3336 1515 3387 et
1559 3333 1638 3387 ibi
1690 3333 1815 3405 (lib.
1849 3353 1923 3401 IV,
1965 3352 2014 3391 c.
2050 3338 2137 3407 19)
2167 3309 2210 3376 C
2251 3335 2665 3391 Tillemontius
2692 3309 2953 3405 unquam
2976 3330 3265 3404 probavit,
3312 3344 3417 3384 nec
3472 3325 3809 3397 quisquam,
3844 3323 3895 3379 εἰ

501 3414 778 3482 reperitur
818 3416 1056 3470 omnino
1086 3417 1167 3484 id,
1200 3420 1354 3489 quod
1379 3420 1440 3474 in
1468 3437 1533 3476 eo
1592 3421 1657 3477 de
1713 3423 1885 3479 Carne
1935 3425 2139 3481 Christi

495 3500 949 3572 tetigit;deinde
980 3507 1156 3576 quod,
1199 3524 1332 3563 cum
1386 3508 1602 3565 librum
1646 3512 1902 3583 primum
1944 3514 2135 3569 adhuc

502 3592 865 3659 superstitem
900 3592 1179 3650 Marciani
1211 3604 1547 3669 opponeret,
1608 3600 1825 3656 librum
1866 3604 1934 3658 de
1979 3606 2133 3661 Prae-

490 3681 773 3749 scriptwne
803 3682 1184 3740 haereticorum
1214 3688 1475 3743 nondum
1509 3689 1788 3746 ediderat.
1809 3692 1911 3747 Hic
1938 3701 2131 3749 tamen

500 3768 573 3822 uti
597 3770 718 3840 jam
752 3773 1055 3844 prodierat
1098 3775 1155 3831 in
1189 3777 1513 3848 publicum,
1573 3798 1706 3837 cum
1738 3783 2135 3839 Tertullianus

495 3855 551 3945 de
579 3858 754 3917 Carne
780 3860 987 3917 Christi
1013 3872 1524 3939 commentaretur,
1587 3872 1741 3941 quod
1790 3874 1954 3927 modo
1999 3890 2133 3945 pro-

496 3944 772 4019 bavimus,
808 3950 888 4006 ita
921 3968 1156 4009 necesse
1199 3959 1288 4011 est
1318 3974 1477 4025 sane,
1512 3963 1576 4013 ut
1606 3964 1731 4014 tum
1764 3944 2133 4033 quoquepri-

497 4051 613 4093 mus
652 4041 810 4097 inter
856 4045 1200 4114 superstites
1255 4049 1457 4104 Contra
1510 4048 1846 4108 Marcionem
1900 4054 2134 4111 libellus

490 4124 599 4194 jam
628 4130 833 4187 editus
870 4131 1064 4188 fuerit.
1098 4135 1404 4192 Enimvero
1457 4156 1589 4194 cum
1648 4141 1804 4197 hunc
1834 4144 2130 4211 scriberet,

503 4214 603 4271 duo
631 4218 728 4275 illa
753 4222 1058 4292 opuscula,
1093 4224 1308 4295 quibus
1366 4227 1501 4283 olim
1554 4228 1890 4287 Marcionem
1938 4233 2132 4305 impu-

499 4307 699 4403 gnavit,
732 4310 1052 4366 resciderat
1096 4314 1487 4388 amiseratque
1549 4320 1957 4390 Tertullianus;
1997 4340 2133 4394 quo-

502 4408 637 4451 circa
660 4402 903 4471 apparet
933 4417 1065 4457 eum
1099 4402 1157 4457 in
1190 4402 1339 4459 libro
1370 4408 1442 4461 de
1475 4409 1657 4463 Carne
1697 4411 1901 4466 Christi
1931 4414 2130 4468 remit-

499 4485 605 4537 tere
636 4485 883 4543 lectores
915 4506 1030 4544 non
1062 4492 2129 4563 potuisse.SedTillemontiumtamen

498 4578 685 4631 contra
773 4577 1175 4650 disputantem
1234 4585 1565 4642 audiamus.
1644 4589 1695 4643 Is
1758 4591 1948 4661 primo
2023 4593 2128 4648 hos

2244 3425 2304 3480 in
2328 3425 2460 3480 aliis
2493 3425 2564 3479 ad
2591 3439 2828 3479 causam
2883 3420 3179 3493 propriam
3235 3435 3351 3473 non
3402 3414 3834 3488 pertinentibus
3865 3429 3899 3468 a

2246 3532 2307 3570 se
2333 3512 2731 3569 Tertullianus
2763 3509 3059 3578 defecerit,
3093 3508 3247 3564 dicet
3296 3505 3528 3563 admitti
3556 3503 3733 3560 talem
3756 3519 3896 3558 con-

2245 3603 2570 3659 clusionem
2603 3618 2793 3673 posse.

2242 3722 2268 3787 §
2324 3721 2409 3773 i2.
2456 3749 2523 3759 —
2580 3718 2744 3772 Liber
2797 3717 2865 3771 de
2910 3715 3112 3770 Pallio.
3184 3715 3513 3787 Disputatur
3566 3710 3631 3787 de
3686 3709 3896 3779 triplici

2312 3791 2606 3862 praesentis
2630 3790 2856 3860 imperii
2886 3789 3111 3862 virtute,
3137 3785 3194 3862 et
3252 3786 3564 3862 inquiritur
3592 3783 3649 3837 in
3680 3797 3893 3836 annum

2313 3858 2416 3933 quo
2447 3861 2576 3918 Geta
2606 3858 2929 3932 dignitatem
2951 3860 3183 3929 Augusti
3207 3858 3459 3927 suscepit.

2310 3977 2442 4033 Jam
2475 3978 2641 4033 nobis
2674 3976 2936 4033 libellum
2967 3975 3031 4031 de
3060 3974 3241 4029 Pallio
3270 3970 3642 4027 tractandum
3683 3984 3887 4023 suma-

2244 4084 2398 4135 mus,
2432 4067 2747 4122 obscurum
2776 4065 2947 4120 illum
2980 4064 3216 4135 quidem
3276 4065 3332 4116 et
3362 4059 3505 4115 satis
3553 4058 3887 4127 confusum,

2242 4156 2344 4210 sed
2379 4171 2589 4226 magna
2618 4159 2813 4209 tamen
2828 4154 3022 4209 omnis
3043 4150 3415 4222 antiquitatis
3445 4148 3690 4204 scientia
3719 4147 3893 4202 refer-

2240 4247 2386 4298 tum.
2436 4249 2513 4299 De
2544 4245 2715 4314 cujus
2750 4247 2914 4298 aetate
2953 4258 3087 4297 cum
3120 4241 3240 4296 sint
3260 4244 3347 4295 tot
3377 4238 3779 4308 discrepantes
3809 4235 3891 4291 vi-

2241 4349 2442 4388 rorum
2474 4334 2952 4389 doctissimorum
2976 4328 3362 4397 sententiaa,id
3380 4343 3625 4400 agamus
3652 4341 3890 4381 necesse

2241 4428 2356 4487 est,
2387 4427 2451 4477 ut
2480 4422 2567 4477 vel
2591 4438 2689 4477 eas
2738 4421 2985 4477 candide
3024 4420 3450 4485 examinemus,
3508 4415 3599 4470 vel
3630 4417 3887 4469 nostram

2241 4510 2907 4583 proponamus.Exsistit
2927 4513 3119 4564 autem
3149 4508 3244 4562 hic
3260 4504 3581 4578 primoloco
3613 4503 3884 4574 quaedam

2240 4600 2486 4671 quaestio
2519 4600 2683 4654 facile
2714 4598 3090 4670 expedienda,
3124 4611 3393 4668 quisnam
3452 4592 3529 4649 sit
3579 4592 3692 4647 ista
3734 4608 3881 4663 prae-

494 4661 818 4760 Tertulliani
853 4684 866 4721 :
899 4667 1265 4760 Scorpiacem,
1286 4672 1352 4728 de
1369 4674 1546 4731 Carne
1579 4675 1808 4747 Christi,
1841 4680 1905 4736 de
1925 4682 2125 4738 Anima
2157 4686 2201 4751 ι)
2231 4661 2395 4745 genus
2449 4691 2671 4759 imperii
2717 4661 2923 4760 zrzngx
2978 4661 3170 4753 virtus;
3233 4686 3336 4739 Deo
3384 4688 3459 4738 tot
3512 4661 3762 4754 Ααραδιίξς
3821 4682 3883 4735 in

647 4756 1064 4814 Resurrectione
1094 4758 1276 4818 libros
1308 4764 1388 4819 ait
1416 4768 1748 4837 superiores
1806 4769 1917 4825 dici
1952 4788 2124 4842 posse

498 4834 644 4941 libris
669 4844 781 4941 qui.
805 4854 1123 4917 supersunt
1150 4852 1407 4908 adversus
1440 4834 1788 4926 Marciorum,
1826 4834 2123 4934 hujusque

498 4932 733 5020 nominis
766 4932 827 4988 in
859 4935 930 4991 iis
962 4937 1170 4995 citatos
1201 4957 1331 4997 esse
1360 4959 1458 4998 eos
1490 4945 1591 5016 qui
1622 4946 1846 5003 dudum
1878 4932 2117 5020 periere.

497 5014 960 5095 AcdeScorpiace
988 5042 1092 5099 ego
1148 5045 1264 5085 non
1306 5014 1604 5104 repugno;
1665 5042 1755 5092 est
1811 5014 1967 5094 enim
2022 5040 2122 5097 illa

501 5109 721 5172 quaestio
749 5114 894 5169 satis
925 5118 1171 5173 tractata
1194 5135 1206 5174 :
1236 5121 1337 5175 sed
1354 5121 1423 5177 de
1445 5125 1666 5180 caeteris
1680 5142 1794 5181 non
1809 5130 2117 5187 assentior.

501 5189 627 5291 Nam
676 5199 746 5291 de
784 5201 952 5291 libro
1009 5207 1109 5277 qui
1169 5207 1231 5264 de
1281 5208 1457 5266 Carne
1500 5212 1709 5271 Christi
1758 5217 2117 5291 inscribitur,

503 5284 653 5382 modo
682 5289 955 5362 diximus,
988 5295 1128 5367 quid
1169 5298 1247 5352 sit
1301 5300 1697 5373 sentiendum,
1730 5307 1821 5362 cui
1879 5308 1929 5365 si
1986 5284 2120 5382 quis

502 5380 746 5463 resistere
774 5380 930 5453 velit,
955 5399 1083 5440 eum
1116 5386 1443 5445 audiemus.
1468 5396 1653 5463 Atque
1712 5412 1844 5451 eum
1878 5380 2119 5456 hoc‘os-

501 5459 795 5536 tendimus,
828 5471 1007 5528 simul
1037 5472 1183 5530 illud
1218 5459 1607 5552 aperiebatur,
1642 5500 1675 5539 a
1732 5484 1881 5541 libro
1933 5488 1997 5544 de
2024 5490 2117 5545 Re-

502 5560 809 5616 surrectione
839 5562 964 5633 (qui
996 5578 1062 5619 eo
1093 5568 1183 5620 est
1212 5565 1368 5623 haud
1397 5569 1572 5627 dubie
1598 5576 1927 5650 recentior),
1959 5580 2113 5650 quod

508 5758 534 5797 ἃ
565 5674 666 5758 (2,6)
685 5682 817 5758 Cap.
852 5686 907 5743 2.
942 5690 1236 5774 Quantum
1267 5693 1505 5751 urbium
1538 5702 1641 5754 aut
1697 5702 1972 5772 produxit
2012 5709 2114 5761 aut

538 5754 644 5800 um
669 5762 762 5800 aut
791 5759 1048 5800 ιυριῖἠπῖή
1073 5764 1375 5800 nil-mann“.
1408 5766 1634 5800 :mnn-J:
1665 5773 1875 5800 ι..;...ι..-
1903 5776 2089 5800 ..;-ι---

570 5754 644 5806 xit
669 5754 778 5816 aut
789 5759 1049 5818 reddidit
1072 5764 1376 5834 praesentia
1406 5766 1637 5840 imperii
1665 5754 2112 5847 cista—vina;

2232 4796 2407 4835 unum
2434 4781 2672 4849 favente,
2705 4779 2796 4834 cui
2828 4775 3228 4833 Tertullianus
3250 4774 3458 4829 tribuit
3504 4788 3708 4828 eorum
3731 4776 3878 4827 tem-

2232 4886 2441 4940 porum
2473 4868 2809 4924 felicitatem
2841 4866 2972 4939 (26).
3002 4866 3265 4936 Namque
3323 4862 3423 4917 alii
3481 4861 3627 4934 (Jac.
3661 4860 3880 4916 Guthe-

2232 4958 2378 5027 rius,
2406 4958 2470 5013 de
2497 4958 2704 5027 Ofﬁciis
2737 4957 2931 5012 domus
2962 4956 3248 5026 Augustae,
3297 4953 3439 5008 edit.
3471 4951 3626 5023 Lips.
3660 4967 3716 5022 p.
3749 4949 3875 5019 277)

2230 5047 2324 5103 his
2356 5063 2539 5102 unum
2574 5048 2851 5103 Severum
2906 5044 3232 5100 iudicatum
3288 5041 3495 5099 volunt
3551 5043 3879 5112 propterea,

2230 5136 2384 5208 quod
2412 5140 2533 5192 tres
2564 5136 2698 5193 illos
2729 5135 2964 5208 imperii
2994 5132 3238 5190 aemulos
3274 5131 3603 5197 Julianum,
3632 5129 3877 5201 Nigrum

2228 5229 2285 5281 et
2312 5225 2587 5281 Albinum
2621 5228 3025 5299 superaverat;
3059 5222 3160 5280 alii
3194 5238 3329 5278 cum
3386 5222 3563 5293 Nigro
3591 5226 3647 5274 et
3668 5217 3877 5272 Albino

2227 5318 2502 5372 Severum
2581 5314 3006 5385 (Centuriatores
3072 5311 3502 5383 Magdsburgici,
3562 5309 3713 5362 cent.
3790 5320 3875 5375 nt,

2227 5420 2283 5475 p.
2317 5406 2442 5476 241)
2470 5422 2483 5473 ;
2518 5404 2616 5460 alii
2648 5404 2953 5474 Albinum,
2984 5403 3262 5459 Severum
3291 5396 3724 5456 etAntoninum
3749 5394 3875 5463 (Pa-

2228 5491 2462 5562 melius,
2486 5495 2547 5549 in
2582 5495 2701 5551 Vita
2734 5495 2982 5562 Tcrtult.,
3032 5509 3089 5564 p.
3139 5492 3207 5546 10
3235 5488 3303 5556 D,
3372 5489 3437 5541 14
3465 5485 3585 5558 F.);
3620 5482 3873 5555 denique

2226 5581 2323 5637 alii
2354 5584 2630 5641 Severum
2661 5600 2794 5641 cum
2821 5583 3052 5639 duobus
3090 5578 3226 5634 ﬁliis
3274 5575 3555 5632 Bassiano
3610 5572 3873 5645 Getaque

2226 5707 2337 5763 Deo
2368 5711 2454 5765 tot
2481 5710 2565 5764 Au
2613 5708 2760 5766 ustis
2791 5707 2851 5763 in
2900 5719 3085 5763 unum
3146 5702 3392 5773 favente,
3452 5703 3597 5772 quot
3653 5715 3867 5758 census

2226 5778 2558 5837 transcripti
2571 5724 2607 5837 β

2220 5778 2558 5853 transcripti
