4526 6364
629 341 745 400 183

1710 347 2226 409 DISSERTATIO
2270 346 2371 407 DE
2414 345 2622 406 VEHA
2665 345 2951 406 IE'I‘ATE

3926 346 4044 405 184

627 474 986 548 intelligunt.
1017 479 1126 533 Sed
1149 479 1326 535 trium
1347 479 1605 552 priorum
1652 481 1991 555 opinionum
2051 481 2273 539 nullam
2303 479 2497 548 Aboc
2555 496 2739 536 unum
2785 483 2987 547 restat,
3049 484 3114 536 ut
3179 478 3471 552 triplicem
3528 480 3706 535 istam
3763 479 4043 536 virtutem

628 565 830 635 probo.
865 565 1011 624 Nam
1043 583 1107 622 ea
1137 567 1398 624 Gutberii
1439 570 1696 641 opinatio
1754 576 2019 627 contorta
2075 576 2163 628 est
2219 579 2273 627 et

627 653 952 726 perinepta,
986 661 1050 711 ut
1079 673 1223 728 pene
1256 659 1532 729 nesciam,
1567 677 1639 715 an
1681 661 1812 733 quis
1858 678 2118 733 unquam
2149 666 2268 716 tam

627 749 824 812 aperte
845 749 901 798 et
929 761 1200 817 perversa
1225 751 1283 803 et
1316 746 1462 804 falsa
1493 755 1730 806 secutus
1760 750 1856 806 sit.
1875 750 2000 806 Non
2031 755 2271 823 tangam

625 830 686 886 id
719 832 977 904 quidem,
1008 835 1230 891 bonum
1274 835 1465 892 virum
1524 855 1639 894 non
1705 839 1922 896 vidisse
1979 839 2271 912 triplicem

625 919 787 975 illam
835 922 1108 981 virtutem
1155 929 1453 997 praesentis
1509 927 1762 1001 imperii,
1821 933 2120 1002 Deumque
2159 928 2273 985 dici

626 1016 700 1065 tot
727 1010 988 1080 Augustis
1025 1015 1227 1084 favisse
1282 1015 1344 1071 in
1404 1033 1610 1086 unum,
1657 1018 1765 1075 hos
1822 1019 1999 1075 etiam
2059 1018 2276 1074 multas

627 1098 802 1156 urbes
833 1103 1198 1172 produxisse,
1255 1105 1510 1174 auxisse,
1543 1109 1903 1178 reddidisse;
1937 1109 2091 1181 quod
2123 1108 2276 1164 dicat

626 1187 772 1242 mihi
799 1189 955 1260 quis,
989 1208 1062 1247 an
1089 1193 1161 1248 de
1189 1193 1450 1266 Juliano,
1481 1196 1658 1269 Nigro
1678 1201 1735 1254 et
1763 1197 1968 1254 Albino
1993 1197 2274 1254 offirmari

627 1281 825 1348 queat,
858 1280 1112 1336 maxime
1144 1286 1288 1352 tum,
1337 1300 1470 1340 cum
1519 1287 1642 1357 jam
1670 1291 1868 1344 essent
1895 1287 2276 1361 interempti?

626 1365 741 1421 Nec
793 1367 1006 1438 dicam,
1061 1387 1238 1444 quam
1305 1374 1457 1430 male
1505 1376 1768 1433 adhibita
1807 1378 1927 1434 sint
1963 1377 2275 1434 Iierodiani

625 1453 821 1524 verba,
853 1457 954 1514 lib.
989 1477 1074 1528 ιη,
1107 1478 1156 1516 c.
1190 1463 1243 1533 7,
1269 1463 1369 1534 qui
1412 1467 1687 1522 Severum
1743 1467 1994 1524 miratur
2037 1464 2130 1521 tv:
2181 1466 2276 1520 ἄν-

629 1539 732 1618 δρα
789 1550 934 1620 τρεῖς
1006 1545 1304 1611 καθελόντα
1391 1552 1646 1627 βασιΑὲας
1725 1552 1834 1626 ἤδη
1910 1560 2274 1632 κρατοῦντας

629 1637 771 1689 sunt
800 1635 956 1690 enim
989 1637 1253 1710 baecjam
1289 1658 1323 1696 a
1370 1640 1625 1700 Boeclero
1670 1645 1815 1701 satis
1863 1647 2162 1719 disputata
2190 1649 2274 1716 (In

629 1722 815 1779 adnot.
851 1725 1143 1784 adHerod.
1175 1746 1233 1801 p.
1267 1730 1411 1802 420).
1459 1732 1575 1788 Hoc
1624 1751 1807 1790 unum
1854 1733 2015 1792 lubet
2059 1736 2277 1792 exami-

630 1827 792 1882 nare,
839 1815 995 1884 quod
1038 1819 1109 1871 ad
1171 1834 1293 1873 rem
1337 1825 1598 1877 nostram
1656 1823 1951 1896 imprimis
2009 1825 2278 1897 pertinet,

631 1903 830 1955 utrum
861 1905 1022 1970 Geta,
1056 1905 1181 1962 vivo
1206 1910 1434 1975 Severo,
1494 1929 1800 1984 nunquam
1841 1914 1918 1969 sit
1949 1914 2136 1970 factus
2168 1916 2278 1969 Au-

636 1993 868 2058 gustus.
903 1992 1064 2055 Quod
1087 2009 1220 2050 cum
1247 1996 1382 2052 velit
1418 1999 1756 2072 Gutherius,
1788 2003 2044 2076 primum
2077 2003 2278 2060 Getam

637 2077 832 2133 Severi
864 2080 1101 2138 fratrem
1168 2101 1201 2140 a
1250 2085 1391 2143 Geta
1439 2088 1689 2158 Gaesare,
1732 2092 1928 2147 Severi
1977 2093 2118 2160 filio,
2164 2110 2278 2149 non

636 2167 896 2237 quidem,
931 2175 996 2226 ut
1023 2189 1129 2244 par
1159 2179 1300 2243 erat,
1353 2177 1685 2252 distinguit.
1747 2182 1892 2238 Nam
1925 2200 2060 2239 cum
2101 2184 2274 2255 Sparo

628 2255 849 2324 tianus,
884 2259 942 2314 in
969 2261 1097 2318 Sev.
1131 2280 1181 2318 c.
1207 2265 1292 2334 10,
1327 2266 1602 2324 Severum
1663 2269 1806 2326 dicit
1859 2271 2044 2326 lilium
2100 2289 2276 2328 suum

623 2344 973 2405 Bassianum
1002 2351 1290 2410 Casarem
1323 2357 1673 2430 appellasse,
1733 2365 1797 2415 ut
1829 2361 2066 2417 fratrem
2099 2379 2274 2417 suum

546 2492 549 2495 _
624 2433 828 2490 Getam
861 2455 896 2493 a
924 2455 1026 2511 spe
1053 2440 1490 2516 imperii,quam
1513 2448 1639 2521 ipse
1661 2453 2276 2522 conceperat,submo-

623 2530 800 2592 veret,
854 2543 1047 2584 nonne
1105 2538 1562 2592 consentaneum
1619 2542 1726 2607 est,
1805 2556 1941 2596 eum
1991 2543 2062 2597 de
2109 2545 2272 2610 Geta,

623 2614 814 2703 Severi
855 2616 1048 2686 fratre,
1108 2620 1292 2678 fuisse
1351 2622 1613 2682 locutum
1646 2628 1674 2681 ‘I
1731 2628 1950 2685 Deinde
2001 2633 2155 2703 quod
2213 2632 2273 2688 in

628 2700 834 2757 multis
865 2706 1082 2763 codicis
1123 2710 1310 2766 titulis
1369 2713 1610 2770 nomina
1668 2716 1860 2772 Severi
1891 2721 1948 2774 et
1992 2700 2272 2776 Antonini

627 2792 1024 2880 Augustorum
1048 2798 1436 2872 reperiantur,
1460 2804 1562 2858 sed
1595 2806 1749 2860 140
1770 2810 1919 2862 Gelae
1942 2825 2270 2880 nunquam,

627 2878 738 2934 hoc
770 2896 902 2937 vero
935 2885 1007 2939 ad
1040 2901 1160 2941 rem
1193 2889 1341 2943 nihil
1373 2890 1511 2946 facit
1541 2893 1814 2962 omnino;
1869 2897 1942 2951 ab
1999 2914 2065 2953 eo
2087 2878 2270 2956 enim

627 2972 910 3042 tempore,
943 2990 1058 3045 quo
1079 2975 1223 3032 Geta
1244 2979 1590 3052 dignitatem
1618 2985 1869 3056 Augusti
1897 2988 2177 3060 suscepit,
2209 2993 2275 3045 ut

625 3062 828 3128 postea
858 3062 1423 3140 docebitur,semper
1452 3071 1561 3127 fuit
1584 3074 1768 3143 patris
1797 3075 1855 3130 in
1878 3074 2030 3132 bello
2053 3093 2270 3146 comes,

621 3145 683 3238 in
715 3163 851 3220 quo,
885 3153 1039 3222 quod
1065 3154 1135 3211 de
1163 3155 1391 3230 legibus
1421 3161 1493 3215 ad
1524 3178 1646 3217 rem
1679 3163 1973 3235 publicam
2006 3145 2269 3238 spectan¥

2391 570 2666 625 Severum
2698 586 2832 625 cum
2882 569 3042 637 ﬁliis,
3095 570 3221 640 jam
3265 569 3547 641 Augustis
3606 573 3922 640 putemus;
3979 568 4044 623 in

2393 659 2609 730 quibus
2645 661 2794 714 Deus
2826 658 2941 713 dici
2975 662 3164 731 potest
3194 659 3252 713 in
3283 674 3468 713 unum
3500 658 3737 726 favisse,
3765 664 3830 714 ut
3863 659 4041 714 verbo

2391 747 2747 819 Septimiano
2783 751 3041 814 utamur,
3077 764 3210 802 cum
3250 763 3427 814 unus,
3487 747 3536 802 si
3591 747 3745 802 recte
3790 747 4044 803 velimus

2393 835 2576 907 loqui,
2631 838 2878 893 Severus
2961 837 3311 908 regnaverit,
3392 836 3581 892 caeteri
3639 837 3755 892 duo
3805 836 4046 892 nomine

2393 926 2582 998 magis
2616 942 2793 998 quam
2827 941 2887 982 re
2909 927 3160 999 Augusti
3179 927 3415 982 fuerint.
3449 926 3631 992 Unde,
3655 927 3705 983 si
3736 930 4044 983 teneamus

2395 1031 2650 1088 quonam
2682 1032 2834 1072 anno
2863 1019 3002 1071 Gela
3032 1016 3104 1071 ad
3135 1016 3382 1088 Augusti
3416 1015 3761 1087 dignitatem
3805 1020 4046 1072 evectus

2396 1104 2488 1172 sit,
2514 1103 2635 1160 haec
2668 1122 2782 1161 non
2817 1105 3006 1178 magis
3037 1105 3109 1160 ad
3140 1105 3534 1177 cognitionem
3565 1105 4044 1176 intelligentiam-

2395 1210 2505 1264 que
2534 1194 2719 1250 aetatis
2764 1197 3118 1251 convertent.
3152 1193 3457 1250 Enimvero
3504 1193 3847 1250 Dodwellus
3877 1195 4046 1264 scite,

2398 1283 2613 1338 utalia
2667 1282 2876 1352 multa,
2943 1283 3173 1338 monuit
3249 1283 3528 1354 (Praelect.
3586 1282 3870 1352 Camden.,
3904 1285 4043 1350 XIX,

2393 1373 2539 1440 §2I,
2571 1389 2628 1445 p.
2659 1374 2758 1428 621
2799 1375 2956 1444 seq.),
3006 1371 3329 1444 multisque
3385 1373 3788 1444 comprobavit
3846 1389 4044 1429 exem-

2385 1461 2520 1534 plis,
2580 1465 2980 1518 Romanorum
3033 1461 3417 1534 imperatores
3467 1479 3733 1531 curasse,
3786 1468 3852 1518 ut
3892 1463 4042 1518 Trib.

2384 1551 2508 1606 Pot.
2542 1550 2796 1606 ﬁliorum
2829 1568 3071 1607 suorum
3105 1568 3139 1606 a
3171 1551 3592 1623 quinquenniis
3633 1556 3735 1607 aut
3763 1540 4046 1607 decennis

2385 1639 2619 1712 imperii
2651 1645 3081 1697 numeraretur.
3107 1641 3216 1697 Sed
3251 1658 3388 1696 ann.
3420 1640 3654 1707 CCVIII,
3687 1639 3821 1714 quis
3853 1640 4046 1697 nescit

2389 1728 2878 1799 quindecennalia
2910 1729 3099 1785 Severi
3127 1737 3177 1784 et
3199 1729 3473 1784 Coracalli
3493 1728 3834 1785 decennalia
3864 1730 4046 1785 exsti-

2390 1818 2528 1872 tisse
2558 1818 2585 1873 ?
2613 1818 2894 1885 Quocirca
2925 1819 3019 1873 vix
3051 1818 3369 1891 quisquam
3388 1818 3658 1874 dubitare
3686 1819 4044 1892 potestquin

2389 1908 2592 1962 eodem
2651 1924 2803 1962 anno
2853 1907 2910 1962 in
2961 1907 3165 1963 Getam
3219 1908 3467 1980 Augusti
3524 1906 3780 1980 dignitas
3831 1908 4049 1964 collata

2389 1995 2582 2064 fuerit,
2616 2001 2672 2051 et
2704 1997 2843 2068 quid
2877 1996 3463 2069 impeditquominus
3502 2013 3604 2068 pro
3661 2012 3822 2052 more
3852 1997 4044 2070 impe-

2388 2089 2648 2141 ratorum
2679 2103 2827 2141 rom.
2860 2086 3013 2142 idem
3047 2087 3251 2142 eodem
3283 2086 3376 2142 die
3432 2086 3610 2142 etiam
3662 2090 3813 2142 Getae
3852 2086 4044 2143 conti-

2386 2173 2564 2246 gisse,
2599 2191 2715 2246 quo
2747 2173 2886 2230 olim
2920 2176 3127 2231 Severo
3157 2179 3213 2231 et
3250 2175 3566 2244 Caracallo,
3599 2175 3916 2232 dicamus?
3955 2177 4040 2230 Ac

2386 2262 2499 2318 ista
2530 2279 2623 2319 res
2644 2263 2692 2318 si
2715 2263 2862 2320 forte
2895 2263 3075 2320 dubia
3101 2264 3284 2320 videri
3317 2268 3515 2335 posset
3545 2266 4041 2336 propterea,quod

2383 2350 2472 2406 vel
2512 2351 2569 2406 id
2611 2351 2784 2407 citius
2822 2352 3112 2424 potuisset
3168 2353 3452 2420 accidere,
3509 2353 3595 2408 vel
3640 2355 3793 2424 quod
3853 2371 4037 2409 unam

2382 2438 2533 2494 hanc
2589 2441 2851 2512 regulam
2906 2442 3288 2513 imperatores
3347 2458 3462 2498 non
3533 2441 3782 2498 fuissent
3835 2443 4034 2498 ubivis

2383 2529 2590 2601 secuti,
2623 2531 2890 2602 quamvis
2921 2531 2978 2586 id
3029 2532 3267 2603 quidem
3321 2531 3639 2587 verisimile
3691 2531 3752 2586 in
3819 2532 4037 2588 Severo

2383 2633 2498 2672 non
2530 2619 2626 2686 sit,
2653 2619 2751 2691 qui
2783 2620 2926 2675 artis
2957 2619 3360 2676 Chaldaorum
3391 2619 3812 2676 studiossimus
3841 2620 4028 2676 fastos

2382 2707 2506 2763 dies
2537 2707 2847 2780 diligenter
2875 2709 3365 2780 tenebat,nummi
3405 2714 3602 2766 tamen
3638 2709 3747 2765 hoc
3795 2714 4031 2781 ponunt

2380 2801 2543 2852 extra
2577 2814 2810 2853 omnem
2845 2799 3290 2855 dubitationem.
3317 2799 3464 2855 Nam
3495 2797 3544 2854 si
3593 2801 3663 2855 ad
3714 2816 4034 2855 numerum

2382 2887 2524 2942 Trib.
2559 2893 2680 2943 Pot.
2743 2887 2884 2944 Getae
2942 2889 3323 2956 attendimus,
3383 2889 3600 2960 quibus
3657 2889 3794 2944 anni
3853 2888 4038 2959 hujus

2380 2975 2686 3048 dignitatis
2718 2982 2966 3048 possunt
2990 2978 3431 3033 accuratissime
3461 2977 3761 3048 efﬁci,iste
3791 2977 4034 3049 quidem

2379 3063 2533 3120 ultra
2546 3069 2822 3137 quartum
2838 3065 2898 3120 in
2919 3065 3071 3121 Getas
3094 3067 3358 3121 nummis
3389 3083 3502 3121 non
3519 3067 4033 3139 progreditur.Sed

2379 3153 2522 3208 Geta
2551 3170 2847 3210 summum
2877 3171 3010 3210 cum
3043 3155 3339 3211 Caracallo
3371 3155 3728 3227 principium
3761 3156 3833 3211 ad
3861 3171 4034 3211 men-

623 3235 784 3292 tibus
806 3241 1061 3311 cogitare
1091 3261 1207 3300 non
1265 3249 1540 3320 potuerit,
1600 3232 1771 3309 nemo
1820 3232 2263 3315 mirari-debet.
2299 3232 2342 3300 C
2381 3257 2504 3297 39m
2537 3243 2654 3298 Ῑθτθ
2681 3244 2978 3300 Februarii
3009 3247 3153 3317 141
3195 3245 3344 3300 Anni
3405 3245 3588 3301 CCX”
3628 3245 3815 3301 tennit
3845 3246 4031 3318 (26');

621 3325 684 3378 Id
715 3330 1040 3418 vero‘nullo
1101 3335 1274 3390 modo
1331 3338 1635 3395 ferendum
1676 3347 1786 3410 est,
1838 3345 1992 3415 quod
2037 3345 2262 3418 Getam,

621 3418 786 3484 patre
815 3415 1061 3508 vivente,
1085 3424 1412 3495 Augustum
1468 3428 1828 3500 appellatum
1895 3449 2025 3489 esse
2073 3415 2264 3508 neget,

623 3505 1004 3595 numinisque
1034 3514 1236 3567 utatur
1272 3513 1344 3568 ad
1377 3514 1485 3570 hoc
1531 3518 1925 3589 efficiendum,
1957 3521 2017 3577 in
2052 3505 2266 3595 quibus

621 3591 776 3646 Getae
808 3593 902 3649 Tr.
934 3599 998 3651 P.
1023 3601 1093 3667 II,
1118 3597 1350 3672 legitur.
1384 3603 1529 3660 Nam
1563 3623 1695 3662 cum
1728 3609 1854 3681 ipse
1879 3591 2134 3682 adjiciat,
2167 3615 2268 3671 Ge-

620 3683 776 3772 tam,
800 3688 1032 3741 mortuo
1050 3692 1236 3758 patre,
1261 3707 1395 3747 cum
1428 3693 1600 3750 fratre
1631 3713 1746 3752 non
1798 3698 1910 3755 nisi
1949 3718 1985 3756 x
2011 3718 2262 3772 menses,

619 3784 693 3823 xv
722 3768 847 3826 dies
886 3787 1200 3846 regnasse;
1234 3794 1472 3838 necesse
1501 3787 1592 3840 est
1646 3802 1787 3842 sane
1852 3793 1917 3843 ut
1945 3792 2085 3847 Geta
2129 3768 2266 3850 ante

623 3858 810 3955 patris
841 3866 1084 3955 mortem
1109 3867 1415 3937 Augustus
1445 3871 1524 3927 sit
1555 3874 2109 3946 appellatus.Altera
2140 3882 2264 3955 opi-

621 3947 717 4047 nio
749 3950 1246 4026 doctissimorum,
1268 3959 1657 4036 virorum,qui
1689 3947 2264 4043 Magdeburgibisto-

622 4053 718 4092 riae
749 4056 927 4097 sacrae
949 4047 1244 4104 centurias
1278 4060 1760 4123 composuerunt,
1815 4061 2087 4117 Severum
2128 4079 2262 4118 cum

619 4125 797 4220 Nigro
825 4129 1152 4204 Albinoque
1181 4139 1388 4195 statuit
1417 4141 1598 4198 fuisse
1628 4143 1788 4201 illam
1829 4148 2118 4220 triplicem
2149 4152 2264 4207 vir-

616 4218 826 4308 tutem,
860 4223 918 4308 et
947 4226 1119 4291 recte,
1145 4229 1210 4280 ut
1239 4243 1373 4284 cum
1405 4229 1776 4290 Tillemontio
1807 4218 2263 4308 loquar,erroris

619 4305 1006 4402 convincitur,
1060 4329 1127 4369 eo
1185 4317 1341 4387 quod
1395 4320 1613 4377 fontem
1690 4305 1974 4383 malorum
2017 4305 2264 4402 imperii

618 4393 866 4453 Romani
899 4399 1115 4460 fontem
1157 4407 1486 4480 constituit,
1547 4413 1700 4470 unde
1749 4419 2072 4475 manaverit
2099 4393 2264 4478 tanta

617 4483 865 4581 felicitas
891 4489 1143 4581 imperii,
1177 4496 1248 4552 de
1295 4515 1412 4570 qua
1452 4500 1849 4561 Tertullianus
1880 4506 2157 4581 loquitur.
2183 4518 2264 4567 Ac

2375 3330 2554 3403 igitur
2577 3348 2858 3388 numerus
2923 3339 3173 3404 quartus
3223 3334 3365 3390 Trib.
3424 3335 3542 3391 Pot.
3603 3333 3769 3392 Getae.
3829 3335 4031 3392 medio

2374 3436 2510 3474 ann.
2534 3420 2714 3487 CCXI,
2739 3423 2946 3478 merito
2973 3423 3144 3479 debet
3170 3424 3458 3497 assignari
3483 3440 3498 3491 ;
3527 3441 3562 3480 ο,
3591 3441 3706 3496 quo
3751 3423 3800 3479 si
3831 3441 4028 3496 regre-

2373 3508 2606 3564 diamur
2657 3513 3039 3582 numerando,
3099 3513 3351 3568 efficitur
3407 3530 3568 3570 sane.
3626 3517 3828 3569 Getam
3891 3518 4030 3586 post

2374 3597 2694 3654 confectam
2719 3599 3024 3657 dimidiam
3039 3606 3264 3673 partem
3278 3620 3414 3659 ann.
3447 3603 3661 3660 CCVIII
3692 3604 4031 3675 suscepisse

2373 3686 2716 3758 dignitatem
2750 3689 3034 3762 Augusti;
3070 3691 3225 3747 unde
3255 3696 3497 3764 apparet
3527 3695 3584 3748 et
3638 3691 3771 3762 hoc,
3803 3691 4024 3750 librum

2373 3775 2718 3832 Tertulliani
2739 3778 2805 3834 de
2828 3780 3016 3835 Pallio
3043 3780 3236 3836 medio
3276 3782 3406 3853 ejus
3436 3781 3576 3838 anni
3632 3797 3761 3838 esse
3821 3799 4026 3839 recen-

2371 3863 2602 3920 tiorem.

2373 4037 2401 4105 §
2451 4035 2538 4090 13.
2570 4065 2636 4077 -
2686 4036 2864 4092 Dubia
2906 4036 3158 4094 redditur
3203 4039 3475 4109 Basnagii
3511 4042 3563 4095 et
3613 4041 3854 4097 Walahii
3897 4059 4027 4098 sen-

2444 4110 2642 4176 tentia,
2674 4111 2772 4179 qui
2800 4126 2936 4165 ann.
2970 4111 3136 4178 CCXI,
3185 4109 3330 4168 hunc
3383 4111 3590 4168 librum
3646 4112 3852 4170 editum
3907 4130 4028 4171 esse

2444 4180 2756 4252 voluerunt,
2789 4185 2842 4236 et
2861 4198 2997 4239 ann.
3030 4181 3238 4241 CCVIII
3269 4183 3491 4240 libellus
3518 4187 3806 4241 asserilur.

2444 4321 2556 4377 Sed
2589 4338 2721 4378 cum
2748 4324 3076 4380 accuratior
3113 4326 3250 4381 anni
3282 4327 3433 4398 ejus,
3492 4343 3606 4399 quo
3638 4327 3895 4399 scriptus
3927 4327 4026 4384 hic

2373 4408 2522 4465 liber
2548 4417 2656 4478 est,
2691 4413 2836 4468 ratio
2866 4412 3214 4484 postuletur,
3248 4416 3348 4486 qui
3382 4416 3498 4471 ista
3527 4414 3805 4472 subtilius
3835 4415 4027 4474 disse-

2372 4504 2530 4566 runt,
2563 4501 2799 4572 abeunt,
2832 4507 3118 4573 quantum
3149 4504 3336 4571 video,
3369 4504 3430 4559 in
3461 4521 3591 4560 eam
3645 4504 4022 4575 sententiam,

619 4573 690 4674 de
727 4578 986 4636 Pamelio
1016 4583 1258 4641 meliora
1279 4587 1550 4657 sentiam,
1583 4610 1616 4648 a
1646 4595 1818 4666 cujus
1848 4573 2026 4654 causa
2053 4600 2265 4656 veritas
2293 4609 2342 4674 Β
2375 4593 2438 4643 ut
2468 4590 2526 4644 in
2550 4607 2771 4645 annum
2803 4592 2983 4662 CCXI:
3008 4609 3142 4648 eum
3175 4593 3609 4665 conﬁdendum
3641 4593 4020 4650 arbitrentur-

618 4662 961 4739 plerumque
1003 4676 1400 4734 remotissima
1437 4681 1569 4736 est?
1598 4662 2055 4758 qui'Albinum,
2089 4705 2264 4760 quem
2293 4662 2338 4674 υ
2373 4677 2528 4733 Nihil
2558 4680 2712 4736 enim
2754 4686 2990 4738 οωῑθνοε
3048 4699 3372 4752 moramur»
3429 4683 3530 4756 (ἶυί
3587 4700 3790 4739 Versus
3843 4683 4022 4740 ﬁnem

623 4767 828 4846 omnes
858 4764 1073 4846 norunt
1102 4770 1338 4836 propter
1358 4767 1706 4840 dignitatem
1738 4774 1987 4846 Augusti
2019 4777 2132 4832 sibi
2164 4795 2266 4835 ne-

619 4844 816 4939 gatam
865 4845 1143 4905 adversus
1207 4857 1484 4912 Severum
1534 4844 1876 4919 inimicitias
1931 4867 2264 4939 suscepisse

618 4930 898 5027 (κοῖφι.
932 4937 1218 5027 Cassium,
1272 4941 1312 4997 1.
1371 4962 1532 5017 Lxxv,
1593 4964 1642 5005 c.
1675 4950 1728 5019 4,
1762 4969 1820 5022 p.
1873 4953 2052 5027 1258),
2087 4930 2261 5013 etiam

616 5020 952 5118 Augustum
985 5024 1172 5118 dicere
1211 5033 1422 5103 potuit,
1483 5040 1540 5092 et
1596 5020 1960 5100 Caracallum
2013 5020 2146 5118 ejus
2202 5047 2262 5103 in

613 5109 860 5205 imperio
878 5114 1137 5205 socium,
1172 5121 1262 5175 cui
1281 5121 1539 5196 demum,
1563 5127 2001 5205 interfectojam
2037 5109 2261 5194 dudum

612 5195 846 5290 Albino,
878 5201 1129 5264 honores
1181 5214 1430 5284 Augusti
1459 5221 1721 5276 concessi
1771 5195 1912 5280 sunt
1938 5225 1965 5280 ?
1995 5226 2176 5290 Quem
2210 5229 2261 5285 si

603 5286 904 5391 jocant‘em
945 5293 1068 5352 haec
1098 5300 1425 5360 affirmasse
1442 5323 1575 5362 cum
1607 5309 1897 5386 Scaligero
1928 5286 2142 5386 dic-am,
2166 5337 2263 5391 pa-

610 5393 745 5435 rum
786 5382 1008 5456 dicam;
1041 5390 1126 5445 tot
1183 5394 1456 5453 tenebras
1510 5399 1738 5457 veritati
1763 5382 2014 5464 voﬂ‘udit.
2077 5382 2262 5482 Igitur

692 5541 969 5637 ρῳβωυ
998 5555 1065 5634 ut
1095 5553 1298 5611 multis
1329 5559 1888 5637 con_firmemus,non
1919 5569 2002 5627 ita
2022 5587 2262 5628 necesse

618 5616 739 5706 est;
769 5619 913 5676 satis
943 5623 1099 5706 enim
1131 5643 1197 5706 ea
1225 5645 1401 5706 opera
1422 5616 2261 5701 functa;'ééi'i‘iiiéééﬁiiﬁi

618 5699 678 5740 1n
712 5706 883 5760 opere
913 5697 1005 5750 cui
1027 5697 1278 5771 titulus;
1301 5703 1536 5762 Histoire
1574 5708 1668 5766 des
1723 5697 2258 5786 αηρενεαῖἑῖἶόὶῖ

2372 4759 2602 4841 imperii
2637 4770 2831 4826 Severi
2858 4771 2967 4828 hoc
2996 4789 3143 4844 opus
3175 4778 3500 4842 exaratum,
3533 4772 3722 4845 magis
3755 4772 4029 4830 universe

2371 4859 2776 4930 pronuntiant.
2811 4861 2922 4917 Sed
2947 4861 3047 4934 qui
3079 4863 3269 4936 magis
3299 4880 3428 4920 eam
3458 4880 3580 4920 rem
3613 4863 3687 4920 ad
3719 4861 4021 4918 subtilita-

2370 4950 2490 5002 tem
2544 4947 3013 5022 cbronologicam
3076 4958 3413 5025 exegerunt,
3475 4953 3636 5010 Sam.
3702 4951 4030 5025 Basnagius

2369 5035 2457 5108 (In
2487 5037 2792 5094 Annalibus
2817 5041 3489 5112 politico-ecclesiasticis,
3523 5047 3668 5099 tom.
3701 5041 3771 5112 II,
3803 5058 3862 5114 p.
3892 5043 4022 5111 217,

2370 5129 2446 5195 et,
2479 5127 2578 5198 qui
2611 5127 2780 5184 illum
2803 5129 3090 5202 sequitur,
3120 5131 3264 5186 Ven.
3328 5131 3819 5204 Gmttingensium
3863 5130 4026 5187 Wal-

2369 5215 2538 5272 cbius
2569 5218 2655 5289 (In
2702 5220 3129 5290 antiquitatibus
3172 5222 3337 5293 pallii
3362 5221 3733 5294 philosophici
3776 5229 4028 5276 veterum

2369 5305 2828 5373 Christianorum,
2862 5327 2917 5381 p.
2949 5309 3054 5363 227
3087 5313 3244 5382 seq),
3305 5308 3386 5379 hi,
3437 5311 3698 5382 inquam,
3753 5325 3842 5375 eo,
3903 5325 4024 5380 quo

2367 5395 2642 5466 diximus,
2673 5415 2824 5454 anno
2851 5398 3135 5470 scriptum
3168 5399 3324 5456 hunc
3363 5399 3579 5455 librum
3639 5416 3768 5456 esse
3821 5399 4022 5455 decer-

2366 5489 2556 5556 nunt;
2587 5492 2728 5545 sunt
2756 5488 2913 5545 enim
2947 5490 3216 5562 quadam
3257 5490 3382 5562 eius
3427 5491 3566 5546 anni
3597 5487 4024 5547 similitudines

2365 5647 2606 5790 3,51%?
2638 5651 2730 5709 ed.
2763 5652 2836 5710 de
2863 5651 3142 5722 Bruxell.,
3189 5667 3249 5725 p.
3283 5652 3424 5725 185;
3457 5657 3515 5712 et
3545 5653 3694 5712 dans
3711 5650 3797 5711 les
3826 5655 4022 5726 notes,
