4526 6340
450 379 554 438 185

1329 380 1425 440 AC
1471 378 1868 440 DOCTRINA
1915 376 2415 438 SCRIPTORUM
2463 379 2991 440 TERTULLIANI

3742 379 3857 439 186

442 527 570 567 eum
599 509 773 565 rebus
832 526 1094 581 quarum
1145 510 1237 568 hic
1306 511 1702 567 Tertullianus
1744 511 2095 566 mentionem
2129 510 2183 575 Α
2212 507 2300 563 vel
2336 508 2631 565 levissima
2662 528 2721 566 re
2753 512 2820 565 ad
2855 510 3284 565 convincendos
3312 510 3525 565 erroris
3558 527 3624 566 ac
3648 511 3857 585 ﬂagitii

444 600 654 671 injecit.
692 599 925 666 Verum,
963 600 1079 655 ista
1101 617 1160 655 re
1191 600 1499 672 diligenter
1544 602 1895 671 examinata,
1956 598 2100 653 mihi

445 690 697 757 animus,
733 690 924 762 magis
950 690 1256 746 inclinavit
1286 691 1341 745 in
1376 708 1503 747 eam
1534 690 1909 755 sententiam,
1944 687 2100 759 quod

442 782 548 836 iste
582 778 820 835 libellus
844 780 923 835 sit
958 780 1077 835 fere
1108 780 1177 835 ad
1207 798 1426 836 annum
1459 781 1668 837 CCVilI
1715 779 2095 851 compositus.

443 870 625 933 Quam
688 870 761 925 ob
788 886 938 937 rem,
972 886 1114 942 pace
1162 871 1475 927 venerandi
1508 870 1641 939 viri,
1700 886 1873 942 quem
1931 884 2099 939 spero

447 959 612 1015 facile
640 959 875 1015 veniam
910 960 1187 1016 daturum
1222 977 1351 1017 esse
1400 959 1632 1016 homini
1677 960 1951 1031 ingenuo,
2005 974 2098 1012 ve-

443 1064 692 1119 rumque
722 1049 850 1105 sine
884 1048 1006 1105 ulla
1035 1049 1401 1107 contentione
1436 1050 1693 1105 invenire
1736 1047 1972 1115 volenti,
2032 1062 2099 1102 ea

441 1137 743 1209 explicabo
776 1137 1123 1194 brevissime
1153 1156 1278 1211 qua:
1312 1155 1405 1195 me
1435 1144 1685 1206 movent,
1720 1142 1785 1193 ut
1814 1138 1903 1208 =de
1951 1135 2097 1191 veri-

441 1232 555 1283 tate
586 1229 718 1298 ejus
748 1227 1053 1284 sententiae
1096 1228 1496 1299 subdubitem,
1555 1245 1800 1300 quaeque
1832 1228 1900 1282 ad
1945 1243 2094 1296 eam,

438 1334 612 1387 quam
635 1316 786 1372 obiri
818 1316 1053 1383 vellem,
1087 1319 1618 1374 commendandam
1654 1318 1839 1373 facere
1898 1316 2095 1387 aliquo

439 1407 617 1462 modo
652 1406 945 1462 videntur.
1006 1406 1289 1463 Videlicet
1336 1407 1451 1463 ista
1507 1424 1678 1463 secus
1741 1406 2094 1462 sententiam

443 1496 642 1566 opinio
678 1496 949 1551 universa
979 1496 1232 1551 efficitur
1278 1496 1663 1552 similitudine
1709 1513 1909 1551 eorum
1968 1512 2094 1565 qua:

440 1584 840 1640 Tertullianus
871 1585 1069 1651 habet,
1103 1603 1236 1641 cum
1267 1586 1340 1641 iis
1370 1604 1495 1657 quae
1525 1587 1747 1641 scimus
1801 1585 1912 1640 isto
1944 1601 2094 1639 anno

442 1672 600 1729 CCXI
632 1673 969 1743 contigisse.
1030 1674 1137 1729 Sed
1202 1674 1356 1730 istud
1390 1675 1625 1745 quidem
1679 1679 2093 1745 argumentum

443 1762 687 1817 tametsi
719 1778 835 1817 non
866 1761 1134 1817 videatur
1188 1764 1620 1835 repudiandum
1678 1779 1779 1834 per
1836 1780 1916 1833 se,
1979 1779 2093 1817 non

442 1856 639 1906 tamen
676 1850 953 1917 multum,
988 1852 1213 1924 opinor,
1246 1853 1539 1908 ﬁrmitatis
1570 1853 1765 1921 habet,
1809 1854 1855 1908 si
1888 1854 2092 1907 eadem

444 1939 774 1994 similitudo
808 1956 1009 1995 eorum
1063 1957 1190 2011 quae
1222 1958 1254 1996 a
1309 1942 1667 1997 Tertulliano
1727 1942 1882 1997 dicta
1934 1945 2094 2010 sunt,

448 2029 757 2084 intercedit
788 2045 920 2084 cum
956 2030 1048 2099 iis,
1083 2048 1209 2102 quas
1241 2032 1592 2087 exstiterunt
1623 2050 1760 2087 ann.
1785 2030 2016 2099 CCVIII,
2042 2034 2097 2085 et

440 2117 660 2172 omittit
690 2117 807 2171 vim
833 2119 1115 2189 probandi
1144 2121 1455 2190 omnem,si
1487 2122 1672 2193 possit
1701 2120 1929 2177 ostendi
1955 2136 2092 2174 ann.

441 2207 593 2262 CCXI
628 2206 802 2278 plane
831 2207 1058 2264 diversa
1088 2210 1372 2266 accidisse
1404 2211 1475 2267 ab
1500 2212 1595 2279 liis
1618 2228 1744 2281 quae
1777 2211 1826 2265 is
1857 2210 1914 2264 in
1947 2208 2094 2263 libro

441 2299 641 2349 nostro
673 2296 969 2352 memoriae
1003 2298 1277 2369 prodidit.
1312 2300 1473 2364 Quod
1507 2305 1825 2371 utrumque
1881 2298 1975 2354 hic
2013 2299 2095 2353 ita

448 2399 508 2437 se
538 2400 782 2455 prorsus
813 2385 1253 2459 habet.Nam,ut
1274 2389 1345 2444 de
1376 2389 1485 2445 hoc
1507 2389 1697 2445 dicam
1732 2389 1920 2461 primo
1945 2386 2093 2456 loco,

447 2489 580 2528 cum
613 2478 879 2529 nostrum
910 2474 1173 2532 libellum
1209 2478 1417 2534 litteris
1452 2480 1756 2535 mandaret
1785 2476 2091 2533 Tertullia-

453 2579 585 2632 nus,
617 2562 811 2618 Africa
848 2565 975 2634 jam
1027 2567 1265 2622 vacabat
1313 2585 1347 2623 a
1394 2573 1559 2624 terra:
1591 2568 1850 2623 motibus
1882 2566 1951 2639 (c.
1975 2566 2031 2637 2)
2075 2580 2089 2620 :

447 2650 611 2704 Pacis
638 2653 878 2706 erantet
941 2668 1176 2709 annona:
1231 2657 1361 2725 otia,
1394 2657 1461 2710 ab
1502 2658 1733 2727 imperio
1790 2671 1841 2711 et
1870 2673 1902 2710 a
1958 2654 2092 2709 caelo

449 2739 580 2793 bene
607 2748 730 2794 erat
758 2740 833 2809 (ο.
868 2741 942 2811 1).
976 2742 1086 2797 Sed
1119 2758 1185 2798 eo
1222 2747 1480 2815 tempore
1530 2762 1645 2817 quo
1677 2746 1748 2801 ad
1780 2744 2089 2815 Scapulam

446 2828 790 2899 perscripsit
818 2846 885 2885 ea
904 2831 1117 2901 quibus
1148 2834 1409 2889 animum
1429 2835 1555 2905 ejus
1584 2841 1879 2891 revocaret
1907 2852 1939 2889 a
1960 2850 2091 2888 cru-

445 2917 682 2973 delitate
739 2919 1016 2975 adversus
1073 2922 1456 2991 Christianos,
1508 2926 1663 2997 quod
1724 2926 1837 2980 fere
1867 2924 2089 2979 factum

443 3010 531 3061 est
553 3023 697 3063 ann.
739 3007 917 3076 CCXI,
979 3018 1041 3065 ut
1096 3016 1299 3081 postea
1353 3013 1717 3085 docebimus,
1770 3015 1896 3085 jam
1956 3018 2091 3068 ante

447 3110 667 3150 annum
698 3095 1012 3165 imbribus,
1050 3099 1206 3171 igne,
1265 3102 1621 3171 tonitrubus,
1662 3104 1888 3159 delectu
1948 3102 2088 3159 solis

444 3184 695 3256 aliisque
728 3187 1015 3256 perterriti
1048 3197 1206 3244 erant
1245 3192 1522 3249 Africani.
1556 3194 1690 3257 Qum
1722 3193 1920 3248 omnia
1954 3210 2086 3248 cum

2212 614 2312 653 eos
2341 599 2440 669 qui
2472 605 2635 653 erant
2668 602 2841 655 rebus
2887 600 3350 655 Christianorum
3412 600 3649 656 adversi
3705 601 3862 657 hunc

2210 704 2315 757 ego
2348 688 2796 743 Terltullianum
2833 694 3168 760 putaremus
3200 690 3481 744 adversus
3514 706 3612 745 eos
3656 691 3858 763 dispu-

2210 782 2469 832 taturum
2528 780 2697 833 modo
2751 796 2838 844 eo,
2886 783 2971 843 ut,
3031 779 3531 849 quemadmodum
3612 780 3858 852 injurias

2210 867 2682 923 adversariorum
2742 868 2801 922 in
2871 868 3225 923 christianos
3309 874 3525 923 secutae
3606 870 3857 926 fuissent

2209 972 2455 1011 summie
2489 956 2872 1025 calamitates,
2908 957 2991 1013 ita
3021 957 3279 1013 vicissim
3317 957 3661 1013 felicissima
3706 964 3855 1015 tem-

2209 1062 2351 1117 pora
2380 1046 2673 1117 excepisse
2702 1064 2903 1102 eorum
2936 1046 2995 1101 in
3030 1046 3139 1102 hos
3180 1046 3645 1103 benevolentiam
3699 1049 3854 1105 dice-

2207 1138 2296 1190 ret
2323 1140 2349 1188 .9
2379 1140 2561 1206 Atque
2592 1136 2748 1191 aliud
2784 1136 2975 1192 adhuc
3007 1137 3063 1191 in
3090 1142 3363 1208 promptu
3397 1142 3503 1193 est.
3538 1142 3681 1193 N‘am
3717 1155 3851 1194 cum

2207 1224 2605 1280 Tertullianus
2635 1226 2814 1280 istum
2846 1226 2909 1280 de
2939 1226 3116 1281 Pallio
3140 1224 3401 1280 libellum
3461 1232 3851 1298 componeret,

2201 1316 2355 1385 pacis
2403 1317 2512 1369 otia
2563 1323 2743 1383 erant,
2806 1319 2856 1370 et
2912 1332 3101 1370 revera
3160 1316 3305 1369 orbis
3348 1316 3712 1371 cultissimum
3759 1335 3855 1373 rus

2204 1405 2426 1474 imperii
2452 1405 2735 1460 concultus
2760 1408 2816 1459 et
2843 1422 3092 1460 amamus
3116 1422 3280 1476 super
3326 1406 3544 1460 Alcioni
3581 1412 3857 1477 pomctum

2203 1498 2251 1547 et
2284 1494 2441 1548 Midae
2474 1504 2714 1549 rosetum
2744 1496 2817 1565 (c.
2851 1500 2926 1563 2).
2991 1496 3051 1549 Id
3116 1511 3248 1549 vero
3311 1512 3564 1567 quonam
3627 1498 3798 1552 modo
3830 1497 3857 1551 ‘l

2205 1581 2493 1637 Eradicato
2525 1586 2676 1638 omni
2716 1586 2930 1639 aconita
2968 1583 3312 1638 hostilitatis.
3368 1585 3450 1638 Sit
3504 1585 3702 1656 itaque
3760 1585 3854 1640 hic

2203 1670 2352 1725 liber
2381 1672 2637 1743 scriptus
2670 1672 2832 1727 initio
2864 1691 3000 1728 ann.
3035 1673 3195 1728 CCXI
3223 1692 3235 1741 ;
3271 1690 3405 1728 nam
3440 1674 3549 1729 sub
3600 1674 3856 1729 Februa-

2204 1760 2273 1814 rii
2336 1760 2568 1815 initium
2629 1762 2780 1817 inter
2828 1762 2988 1818 vivos
3048 1780 3175 1818 esse
3225 1768 3467 1818 Severus
3527 1764 3721 1828 desiit,
3799 1770 3857 1818 et

2206 1850 2380 1905 desiit
2437 1852 2610 1905 etiam
2674 1873 2701 1901 ‹‹
2762 1851 2970 1922 triplex
3029 1851 3259 1923 imperii
3317 1852 3523 1907 virtus.
3561 1875 3589 1902 »
3644 1854 3853 1908 Atisto

2207 1941 2467 2009 tempore
2502 1940 2717 1995 bellum
2752 1942 3035 1995 adversus
3070 1942 3381 1996 Britannos
3413 1942 3675 1996 nondum
3733 1946 3858 1997 erat

2208 2028 2564 2093 absolutum,
2602 2046 2702 2084 nec
2735 2047 2995 2100 unquam
3029 2034 3229 2101 postea
3260 2030 3392 2100 fuit,
3436 2030 3563 2085 vivo
3621 2031 3852 2101 Severo,

2207 2117 2309 2171 sed
2366 2134 2432 2173 eo
2483 2123 2713 2173 mortuo
2771 2119 3009 2173 demum
3072 2118 3399 2174 Antoninus
3458 2136 3659 2191 pacem
3718 2137 3852 2176 cum

2205 2206 2498 2262 Britannis
2528 2207 2659 2262 iniit
2692 2209 2772 2279 (V.
2806 2208 3220 2279 Herodianum,
3255 2208 3293 2262 I.
3330 2225 3415 2276 ιιι,
3457 2226 3506 2263 c.
3570 2210 3655 2277 15,
3718 2227 3850 2282 pag.

2208 2298 2349 2365 173).
2386 2298 2501 2351 Isto
2527 2296 2709 2368 igitur
2739 2314 2889 2352 anno
2914 2313 3048 2352 cum
3081 2303 3234 2353 certe
3268 2315 3371 2352 nec
3426 2295 3641 2353 fuerint
3697 2302 3851 2369 pacis

2206 2387 2334 2454 otia,
2368 2402 2473 2441 nec
2503 2386 2648 2441 orbis
2678 2387 3044 2442 cultissimum
3072 2403 3171 2441 rus
3204 2388 3454 2456 imperii,
3488 2388 3851 2443 commodior

2203 2476 2368 2531 locus
2396 2476 2625 2530 videtur
2654 2476 2789 2531 huic
2820 2476 2968 2531 libro
3000 2476 3291 2547 assignari
3323 2477 3621 2545 debere,et
3652 2494 3845 2533 annus

2203 2566 2439 2637 quidem
2471 2565 2688 2620 CCVIII
2722 2565 2780 2620 in
2811 2566 2987 2620 finem
3013 2565 3678 2636 inclinatus,praasertim
3708 2583 3849 2637 quo-

2204 2656 2363 2710 niam
2394 2672 2527 2711 cum
2560 2672 2626 2711 eo
2655 2654 2874 2727 optime
2916 2656 3270 2710 concordant
3324 2672 3393 2710 ea
3443 2654 3658 2721 omnia,
3720 2672 3847 2726 quas

2203 2747 2597 2804 Tertullianus
2629 2747 2722 2802 hic
2754 2746 3013 2802 tradidit.
3037 2747 3300 2817 Namque
3333 2747 3382 2801 si
3432 2745 3683 2817 requiris
3744 2749 3849 2801 tri-

2197 2838 2399 2909 plicem
2424 2840 2715 2909 praesentis
2742 2838 2965 2908 imperii
2997 2838 3271 2905 virtutem,
3317 2852 3458 2891 sane
3506 2836 3632 2906 jam
3676 2838 3847 2891 modo

2202 2928 2344 2983 Geta
2376 2927 2621 2999 Augusti
2654 2928 2997 2997 dignitatem
3040 2934 3413 2996 sumpserat;
3477 2924 3526 2979 si
3558 2926 3848 2993 Carthagi-

2199 3033 2392 3071 nenses
2414 3018 2653 3072 novitate
2675 3018 2880 3087 felices,
2902 3032 3000 3070 eos
3022 3016 3147 3086 jam
3181 3016 3405 3069 dudum
3458 3014 3687 3068 nummi
3744 3031 3847 3084 pro

2199 3109 2476 3164 diderunt
2502 3108 2644 3180 (27);
2681 3107 2729 3161 si
2759 3116 2983 3162 cactum
3012 3111 3065 3161 et
3104 3108 3303 3161 rubum
3333 3104 3578 3162 subdolae
3593 3104 3846 3175 [amitin-

2201 3199 2395 3263 ritatis,
2433 3197 2776 3252 Plautianus
2801 3196 3301 3251 familiarissimus
3333 3195 3539 3249 Severo
3568 3195 3688 3263 jam
3722 3198 3848 3248 erat

447 3273 846 3331 Tertullianus
878 3276 1150 3334 defendat
1181 3296 1484 3351 poenarum
1516 3282 1705 3337 instar
1742 3284 1921 3339 fuisse
1954 3284 2088 3338 deo-
2118 3258 2165 3326 ο
2203 3304 2338 3343 ann.
2373 3258 2547 3355 CCIV,
2579 3303 2609 3341 e
2641 3285 2856 3341 medito
2888 3285 3161 3340 sublatus
3194 3284 3281 3354 (V.
3335 3258 3675 3351 Tillemont,
3704 3284 3843 3339 Hist.

443 3379 573 3419 rum
609 3364 933 3420 cultoribus
959 3370 1302 3440 gpropterea,
1363 3373 1516 3443 quod
1576 3378 1661 3427 tot
1716 3372 2087 3428 miseriarum

442 3455 597 3509 142
631 3454 691 3509 in
723 3455 1072 3513 christianos
1106 3459 1375 3516 incendia
1404 3462 1815 3530 excitaverant,
1850 3479 2089 3518 necesse

442 3548 535 3598 est
564 3559 709 3598 sane
742 3544 915 3600 istam
948 3546 1159 3603 horum
1179 3550 1538 3607 vexationem
1579 3552 1706 3623 jam
1768 3570 1954 3624 usque
2013 3552 2085 3607 ab

442 3631 671 3703 integro
703 3649 855 3689 anno
886 3635 1121 3692 ductam
1154 3638 1356 3695 fuisse.
1390 3647 1511 3713 Age
1570 3642 1749 3713 igitur
1801 3644 1888 3698 fac
1946 3661 2084 3700 ann.

440 3721 600 3777 CCXI
660 3723 949 3794 scriptum
1006 3742 1136 3782 esse
1181 3728 1246 3785 de
1287 3732 1468 3787 Pallio
1527 3732 1814 3800 libellum,
1894 3751 2088 3789 nonne

439 3809 844 3868 Tertullianus
874 3818 1195 3885 pugnantia
1236 3817 1515 3891 loquitur,
1573 3822 1672 3892 qui
1703 3822 1891 3877 eidem
1940 3830 2087 3879 tem-

441 3901 569 3972 pori
601 3905 658 3955 et
686 3917 982 3958 summam
1016 3907 1460 3977 prosperitatem
1490 3914 1547 3965 et
1574 3910 1938 3968 calamitates
1963 3928 2089 3983 gra-

438 3988 720 4046 vissimas
749 3990 1003 4047 tribuit?
1023 3996 1204 4066 Atque
1234 3996 1327 4052 hic
1350 4014 1456 4070 ego
1515 4016 1631 4056 non
1662 3999 1912 4069 inficior,
1973 4002 2087 4057 dici

440 4079 688 4135 forsitan
720 4096 893 4152 posse
924 4083 1100 4153 quod,
1133 4084 1227 4141 his
1260 4085 1696 4145 calamitatibus
1741 4090 2088 4161 aliquantis-

441 4184 547 4241 per
574 4168 865 4238 remissis,
901 4170 1099 4242 quieta
1126 4190 1192 4229 ac
1223 4176 1393 4246 quasi
1424 4178 1744 4250 tranquilla
1789 4180 2092 4251 interjecta

443 4257 753 4314 intervalla
784 4260 1019 4317 fuerint.
1051 4262 1159 4318 Sed
1191 4280 1325 4321 cum
1351 4268 1562 4324 veteris
1595 4268 1845 4325 historia:
1878 4286 2089 4324 monu-

443 4351 646 4403 menta
678 4348 826 4403 nihil
858 4366 1096 4421 prorsus
1138 4355 1522 4425 prodiderint,
1572 4375 1641 4413 ex
1670 4376 1784 4431 quo
1842 4359 1957 4415 ista
2001 4374 2092 4414 res

445 4438 638 4509 possit
670 4440 1121 4509 quodammodo
1171 4444 1437 4518 intelligi,
1496 4449 1763 4519 nunquid
1821 4448 1935 4505 ista
1988 4448 2094 4502 ﬁn-

445 4543 585 4599 gere
614 4526 835 4595 liceret,
869 4534 935 4585 ut
991 4532 1417 4603 opitularemur
1447 4537 1708 4609 opinioni
1761 4556 1887 4610 quae
1948 4553 2093 4610 pene

2193 3377 2286 3432 des
2310 3392 2634 3447 empereurs,
2658 3375 2697 3429 1.
2732 3391 2804 3444 c.,
2830 3393 2884 3445 p.
2920 3375 3023 3429 413
3068 3375 3245 3445 seq.);
3303 3373 3351 3428 si
3407 3389 3557 3443 spem
3611 3373 3847 3443 Οαηιρα-

2193 3468 2303 3520 uiae
2328 3465 2528 3520 deusta:
2552 3467 2624 3520 de
2648 3465 2920 3518 montibus
2948 3465 3062 3517 suis
3092 3464 3163 3533 (e.
3189 3464 3267 3533 2),
3327 3463 3473 3516 illud
3538 3462 3637 3517 Dio
3694 3463 3845 3517 143

2196 3555 2432 3611 Cassius
2464 3555 2591 3626 (lib.
2629 3554 2860 3619 LXXVI,
2895 3570 2944 3607 c.
2978 3554 3033 3617 2,
3096 3570 3151 3623 p.
3208 3553 3397 3623 1272),
3456 3556 3719 3622 tempore
3778 3567 3843 3606 eo

2195 3662 2311 3715 quo
2340 3644 2679 3699 Plautianus
2702 3642 2891 3713 periit,
2938 3641 3108 3713 plane
3140 3641 3373 3711 quidem
3423 3655 3847 3695 commemora-

2193 3734 2275 3789 vit
2308 3752 2321 3802 ;
2350 3733 2400 3788 si
2422 3732 2672 3803 denique
2703 3731 3051 3786 eradicatum
3082 3746 3241 3787 omne
3272 3732 3547 3785 aconitum
3580 3728 3854 3784 hostilita-

2194 3824 2270 3878 tis
2299 3839 2367 3877 ac
2416 3822 2568 3894 pacis
2622 3822 2753 3888 otia,
2815 3824 2980 3876 erant
3036 3821 3151 3875 ista
3197 3836 3338 3874 sane
3426 3819 3613 3889 prius,
3667 3834 3846 3888 quam

2195 3917 2438 3968 Severus
2467 3912 2525 3965 in
2549 3910 2907 3965 Britanniam
2941 3908 3437 3979 proﬁciscebatur.
3472 3905 3582 3961 Sed
3637 3906 3852 3960 exclusi

2197 4000 2437 4058 ubinam
2470 4000 2710 4055 tandem
2741 4003 2880 4055 sunt
2900 3998 3136 4053 Barbari
3164 3997 3191 4051 ‘l
3224 3998 3265 4051 Ii
3298 3996 3535 4067 quidem
3582 3994 3841 4049 nondum

2197 4107 2263 4147 eo
2293 4094 2553 4161 tempore
2585 4104 2753 4143 muro
2786 4087 3140 4153 Britannico,
3176 4085 3277 4141 sed
3310 4090 3506 4140 tamen
3538 4083 3609 4138 ab
3658 4082 3849 4154 impe-

2198 4180 2269 4236 rii
2299 4178 2543 4235 Romani
2595 4177 2814 4232 ﬁnibus
2870 4176 3017 4248 ipsis
3085 4174 3384 4247 legionum
3445 4173 3845 4228 Romanarum

2200 4269 2489 4341 praesidiis
2536 4267 2905 4334 arcebantur,
2966 4270 3021 4321 et
3074 4265 3201 4336 ipse
3260 4261 3655 4319 Tertullianus
3714 4277 3848 4316 cum

2201 4359 2478 4430 loquatur
2506 4358 2577 4413 de
2610 4357 2813 4412 multis
2845 4354 3132 4424 barbaris,
3165 4354 3449 4425 quidnam
3508 4354 3597 4406 est
3655 4365 3847 4405 causes

2201 4467 2305 4505 cur
2330 4450 2485 4505 solos
2512 4447 2819 4501 Britannos
2848 4442 3278 4515 intelligamus?
3311 4444 3512 4512 Itaque
3543 4455 3674 4495 cum
3707 4454 3847 4493 ann.

2201 4540 2409 4594 CCVIII
2441 4536 2769 4593 exstiterint
2824 4534 3021 4590 omnia
3052 4550 3118 4587 ea
3150 4548 3275 4603 quae
3309 4531 3769 4585 commemorata
3820 4544 3853 4582 a

442 4618 681 4673 videtur
713 4619 782 4673 ad
812 4620 1032 4676 exitum
1065 4623 1361 4681 adducta?
1391 4627 1629 4682 Fuerint
1674 4628 1908 4683 interim
1966 4628 2091 4683 istae
2118 4633 2168 4699 Ι)
2197 4627 2554 4685 Tertulliano
2586 4626 2783 4691 fuere;
2816 4640 2947 4679 cum
2995 4620 3192 4676 nullus
3244 4618 3395 4675 alius
3450 4617 3636 4690 possit
3698 4615 3853 4671 exci-

445 4706 817 4765 calamitates
847 4711 918 4765 ad
950 4715 1179 4783 tempus
1208 4714 1795 4788 disperse,tamenne
1825 4735 2092 4774 summas

444 4799 732 4855 adversus
784 4798 1134 4858 christianos
1190 4802 1437 4875 injurias
1495 4807 1669 4865 etiam
1723 4808 2092 4865 intermissas

445 4888 998 4961 dicamus?Etiam,
1032 4892 1228 4961 dices;
1280 4911 1560 4968 prospera
1616 4897 1772 4953 enim
1830 4902 2094 4970 tempora

446 4980 545 5049 qui
589 4979 929 5051 potuissent
985 4982 1297 5052 exstitisse,
1358 4985 1472 5041 nisi
1513 4990 1571 5043 et
1599 4987 1686 5043 hae
1717 4987 2092 5059 aliquantum

446 5066 763 5124 dssiissent
795 5072 819 5124 Ρ
844 5074 919 5125 At
947 5086 1055 5143 ego
1082 5072 1183 5144 qui
1210 5073 1637 5133 Tertullianum
1669 5076 1845 5133 didici
1892 5076 2092 5133 hostes

444 5155 502 5213 in
534 5174 742 5214 omnes
791 5160 958 5231 quasi
1016 5160 1267 5219 latebras
1328 5172 1724 5237 persecutum,
1798 5184 2093 5240 usumque

514 5302 1086 5385 (‘37)_Spanhen_1ium
1117 5304 1175 5362 in
1206 5308 1526 5385 immortali
1552 5328 1723 5385 opere
1748 5313 1821 5369 De
1852 5318 2092 5369 Praesen-

445 5376 522 5457 tia
552 5381 609 5429 et
645 5376 751 5432 Usu
781 5380 1194 5457 numismatum,
1220 5381 1371 5457 diss.
1406 5386 1468 5438 12
1499 5376 1610 5441 νοΓ.
1645 5387 1713 5457 ΙΙ,
1745 5402 1802 5457 p.
1835 5387 1956 5453 443,
1990 5385 2091 5456 qui

448 5450 591 5529 istos
623 5465 902 5529 nummos
932 5451 1123 5529 Severi
1178 5456 1235 5507 et
1282 5456 1583 5523 Antonini,
1620 5450 1951 5529 in'quibus
2005 5450 2093 5513 est

451 5519 601 5574 Felix
633 5521 945 5593 Karthago,
982 5523 1055 5578 ad
1085 5524 1187 5595 jus
1212 5542 1487 5585 nummos
1519 5519 1770 5586 cadendi
1794 5534 1923 5587 urbi
1956 5531 2095 5586 huic

451 5598 784 5676 restaurata
825 5596 1033 5676 datum
1094 5598 1380 5676 pertinere
1428 5601 1602 5676 dicit.
1658 5606 1844 5672 Quam
1901 5605 2093 5676 ipsam

454 5678 594 5747 rem,
619 5672 721 5747 aut
751 5671 1066 5747 cognatam
1098 5674 1271 5747 certe,
1323 5672 1374 5747 si
1398 5671 1714 5747 respiciant
1766 5677 1805 5731 ii
1867 5671 2095 5733 nummi

456 5738 805 5813 creberrimi,
825 5737 959 5813 'qui
1010 5737 1258 5800 laudant
1336 5737 1752 5821 [indulgentiam
1805 5750 1978 5822 Augg.
2034 5748 2096 5803 in

2197 4719 2332 4786 tari,
2364 4718 2458 4774 cui
2489 4716 2685 4787 aliquo
2708 4713 2912 4785 majori
2940 4713 3073 4783 jure
3105 4712 3308 4767 eadem
3340 4712 3586 4781 possent
3616 4706 3800 4763 asseri
3828 4723 3841 4773 ;

2203 4826 2337 4865 cum
2369 4808 2499 4880 ipsa
2528 4807 2779 4877 denique
2804 4819 3005 4859 recens
3036 4800 3338 4873 dignitatis
3370 4800 3521 4854 Getas
3570 4795 3854 4853 memoria

2201 4900 2469 4955 videatur
2520 4894 2884 4952 occasionem
2944 4889 3303 4947 Tertulliano
3360 4887 3706 4960 praebuisse,
3790 4888 3857 4940 ut

2201 4991 2329 5061 ejus
2360 4987 2720 5044 mentionem
2752 4985 2965 5039 faceret
2997 4998 3009 5036 :
3044 4997 3253 5053 parum
3286 4979 3514 5034 videtur
3546 4994 3578 5031 a
3608 4975 3849 5031 certitu-

2202 5080 2338 5135 dine
2365 5078 2570 5134 abesse
2600 5075 2682 5143 id,
2707 5074 2862 5146 quod
2892 5072 3170 5140 diximus,
3195 5069 3413 5126 librum
3442 5068 3507 5123 de
3537 5067 3725 5124 Pallio
3775 5065 3848 5120 ad

2203 5187 2339 5226 ann.
2373 5165 2584 5224 CCVIII
2616 5165 2925 5237 pertinere.

2276 5312 2531 5387 Carthag.
2567 5306 2848 5387 (itaenim
2882 5304 3023 5387 mihi
3058 5301 3445 5387 videtu‘r),hoc
3469 5299 3588 5387 fere
3605 5292 3852 5387 exstitit,

2203 5366 2504 5448 AiCCIV:
2520 5366 2619 5436 aut
2648 5380 2717 5447 V,
2752 5379 2890 5450 quia
2921 5379 2977 5431 in
2998 5366 3367 5451 quibusdam
3402 5387 3532 5451 cum
3566 5384 3633 5421 ea
3653 5383 3724 5451 ‘re
3755 5366 3853 5451 Tr.

2202 5440 2269 5514 l5.
2300 5461 2397 5522 VI,
2431 5440 2715 5510 Caracalli
2734 5440 3132 5520 conjungitur.
3168 5448 3330 5501 Certe
3362 5442 3499 5498 editi
3532 5442 3671 5521 sunt
3698 5440 3857 5518 .ante

2204 5526 2787 5600 scriptumlibellum
2820 5522 2885 5600 de
2915 5522 3148 5600 Pallio):
3179 5530 3473 5600 nusquam
3507 5526 3662 5600 enim
3693 5525 3860 5600 inus

2204 5586 2381 5669 Getas,
2414 5599 2514 5659 sed
2540 5598 2734 5655 Severi
2762 5599 2994 5652 tantum
3023 5597 3079 5649 et
3109 5586 3394 5648 Caracalli
3424 5598 3641 5641 nomen
3689 5597 3857 5654 repe-

2203 5674 2371 5732 ritur.
