4526 6406
681 415 789 474 191

1756 402 2268 465 DlSSEBTATlO
2311 398 2413 458 DE
2459 399 2670 460 VERA
2713 397 2996 457 ιΕΤΑΤΕ

3969 383 4096 442 192

677 542 871 604 tamen
900 548 1008 600 tres
1052 544 1182 599 istas
1230 541 1392 598 horas
1435 540 1789 596 solemniores
1817 539 1989 610 fuisse
2017 539 2083 592 in
2108 535 2313 592 oratio-
2344 533 2400 602 Α
2427 531 2768 602 hujusmodi
2798 525 3194 601 'Septimianis
3245 521 3479 595 scriptis
3509 518 3756 610 dederis,
3785 516 3944 572 idem
3976 518 4095 571 est.

677 637 843 692 nibus
869 635 1113 698 divin-is;
1143 635 1198 688 et
1243 648 1368 702 cap.
1423 632 1510 700 13,
1561 631 1634 686 ad
1691 630 1880 702 ipsam
1930 629 2201 700 provocat
2237 623 2323 679 le-

681 741 813 797 gem
847 742 880 780 a
912 722 1190 780 Paracleto
1222 723 1442 787 datam,
1477 737 1593 792 qua
1647 719 1799 775 hanc
1837 717 2322 773 Montanistarum

682 814 1168 870 consuetudinem
1254 811 1678 868 conﬁrmasset.
1750 809 1971 873 Quibus
2050 805 2324 862 omnibus

683 904 965 960 evincitur
995 903 1153 958 haud
1207 901 1403 966 dubie,
1450 901 1627 956 aliam
1685 916 1927 972 prorsus
1983 893 2326 952 Tertulliani

683 994 1040 1050 sententiam
1071 992 1275 1063 fuisse,
1309 1008 1441 1047 cum
1494 992 1562 1046 de
1613 990 1871 1046 Oratione
1919 987 2138 1042 librum
2170 1001 2326 1040 com-

682 1086 944 1154 poneret.
977 1082 1258 1153 Denique,
1291 1085 1356 1136 ut
1385 1081 1501 1136 alia
1545 1079 1811 1136 omittam
1854 1075 2060 1144 multa,
2092 1075 2149 1130 id
2182 1073 2327 1129 mihi

680 1170 912 1227 videtur
943 1188 1155 1244 magno
1178 1175 1522 1243 argumento
1543 1185 1672 1225 esse
1691 1169 1762 1224 ad
1785 1166 2160 1224 asserendam
2179 1163 2328 1220 libro

684 1265 886 1316 nostro
919 1256 1254 1333 ὄρθοδοξίαν,
1288 1261 1443 1332 quod
1493 1258 1715 1315 nullam
1763 1257 1823 1312 in
1855 1257 1962 1314 hoc
1991 1255 2164 1323 libro,
2195 1269 2329 1309 cum

683 1351 755 1406 de
782 1351 1034 1422 Jejuniis
1055 1367 1120 1406 ac
1153 1350 1507 1406 stationibus
1534 1349 1795 1405 crebrius
1819 1347 2090 1415 disserat,
2108 1343 2332 1414 injiciat

685 1440 1043 1495 mentionem
1075 1439 1742 1511 xerophagiarum,quas
1765 1440 1925 1492 tanto
1957 1451 2089 1490 cum
2114 1435 2333 1488 fervore

686 1529 748 1584 in
781 1530 928 1585 libro
960 1529 1026 1585 de
1053 1531 1311 1601 Jejuniis,
1335 1545 1463 1601 cap.
1512 1533 1570 1597 2,
1600 1529 1635 1582 5
1682 1544 1871 1599 seqq.,
1904 1524 2200 1590 defendit;
2231 1539 2330 1578 cu-

676 1619 780 1689 jus
804 1618 1144 1675 omissionis
1165 1619 1370 1674 dubito
1394 1635 1465 1673 an
1490 1617 1609 1673 ulla
1633 1617 1747 1672 alia
1768 1616 1916 1672 ratio
1939 1613 2103 1670 reddi
2127 1612 2330 1685 possit,

683 1732 863 1788 quam
895 1733 983 1783 ea,
1017 1717 1174 1787 quod
1205 1721 1470 1787 tempore
1524 1715 1724 1786 scripti
1782 1712 1962 1768 libelli
2019 1711 2205 1766 nostri
2235 1709 2334 1765 isti

685 1804 955 1861 Ecclesiae
991 1806 1260 1860 addictus
1292 1805 1487 1870 fuerit,
1542 1821 1667 1876 quae
1725 1801 2109 1874 xerophagias
2140 1801 2228 1871 (ut
2257 1798 2338 1854 ait

685 1894 746 1949 in
780 1894 927 1949 libro
959 1895 1023 1950 de
1077 1896 1320 1966 Jejuniis
1379 1911 1428 1949 c.
1488 1894 1544 1965 2)
1600 1909 1799 1949 novum
1856 1892 2086 1946 dicebat
2113 1891 2334 1961 affecta-

685 1985 732 2038 ti
762 1984 937 2054 ofﬁcii
965 2000 1158 2040 nomen
1190 2000 1302 2039 esse
1359 1988 1408 2039 et
1433 1985 1754 2054 proximum
1811 1982 2041 2037 ethnicae
2067 1979 2333 2051 supersti-

689 2073 880 2130 tionis.
941 2077 1073 2129 Haec
1123 2074 1320 2129 omnia
1377 2073 1521 2128 mihi
1581 2077 1766 2127 multo
1823 2071 2094 2125 videntur
2148 2068 2335 2139 magis

689 2163 1007 2229 audienda,
1040 2180 1217 2236 quam
1248 2179 1372 2233 quas
1403 2163 1786 2218 Hofl‘mannus
1817 2161 1888 2216 ad
1918 2159 2336 2215 vindicandum

692 2252 1030 2322 opinionem
1061 2269 1232 2308 suam
1269 2253 1507 2324 profert,
1543 2252 1759 2323 quibus
1806 2249 1922 2306 alia
1970 2267 2083 2305 non
2117 2247 2338 2304 nullius

692 2342 1059 2398 auctoritatis
1111 2359 1217 2397 nos
1269 2343 1444 2398 etiam
1495 2342 1609 2414 ipsi
1662 2357 1992 2414 possemus,
2023 2339 2073 2395 si
2105 2354 2341 2394 necesse

692 2435 870 2496 esset,
887 2431 1120 2487 addere.
1147 2431 1459 2487 Simillima
1479 2431 1701 2487 scilicet
1723 2447 1851 2487 esse
1871 2432 2048 2501 ait,ea
2067 2446 2193 2500 quae
2228 2428 2341 2495 hic,

700 2545 750 2583 c.
780 2528 951 2597 22,de
981 2529 1310 2601 virginibus
1338 2529 1601 2585 velandis
1630 2529 1948 2600 przacipiat,
1984 2542 2181 2582 eorum
2215 2539 2341 2595 quae

701 2617 772 2672 ab
805 2634 870 2673 eo
901 2617 962 2672 in
994 2617 1141 2673 libro
1172 2619 1352 2689 hujus
1384 2618 1716 2691 argumenti
1749 2617 2144 2672 defenduntur
2165 2611 2342 2685 :quod

700 2703 872 2777 longe
929 2722 1099 2761 secus
1155 2711 1263 2762 est.
1296 2707 1438 2762 Nam
1500 2707 1732 2761 tametsi
1791 2707 1849 2759 in
1901 2711 2148 2774 utroque
2195 2701 2344 2756 libro

701 2793 840 2848 velit
871 2797 936 2848 ut
964 2794 1220 2866 virgines
1273 2795 1622 2866 obtegantur
1667 2793 1816 2864 velo,
1850 2811 1963 2848 non
1994 2793 2121 2865 ipse
2149 2795 2343 2846 tamen

701 2882 815 2936 iste
846 2897 1167 2938 consensus
1198 2883 1506 2950 librorum,
1539 2900 1607 2938 ex
1635 2883 1836 2939 eadem
1867 2881 2182 2953 disciplina
2213 2897 2344 2951 pro-

702 2973 884 3029 diisse
916 2979 1231 3046 utrumque
1261 2975 1661 3042 demonstrat;
1699 2976 1822 3042 sed,
1874 2975 1921 3028 si
1951 2973 2084 3045 quis
2125 2972 2345 3027 utrius-

705 3079 818 3133 que
877 3062 1003 3118 loca
1064 3068 1331 3119 accurate
1389 3063 1724 3132 contulerit,
1757 3080 2005 3134 magnus
2063 3064 2174 3117 erit
2223 3077 2347 3116 ase

704 3151 1049 3207 Tertulliani
1081 3154 1408 3220 dissensus,
1460 3153 1561 3224 qui
1620 3157 1884 3209 nostram
1946 3152 2127 3207 multo
2161 3151 2348 3222 magis

705 3257 880 3311 quam
912 3241 1248 3297 Hoﬂ'manni
1309 3243 1658 3298 sententiam
1718 3244 2042 3298 conﬁrmat.
2093 3242 2154 3295 In
2199 3239 2347 3294 libro

702 3330 766 3385 de
801 3331 939 3401 Virg.
972 3331 1218 3386 velandis
1265 3332 1634 3388 vehementer
1681 3337 1738 3387 et
1785 3349 1852 3387 ex
1899 3332 2027 3403 ipsa
2056 3329 2349 3401 imprimis

703 3418 830 3490 lege
860 3419 1354 3476 Montanistarum
1385 3421 1536 3476 hanc
1558 3421 2045 3476 consuetudinem
2069 3418 2348 3483 defendit,

708 3517 811 3572 sed
843 3517 902 3571 in
936 3523 1134 3574 nostro
1165 3519 1230 3572 de
1281 3523 1439 3575 Orat.
1490 3519 1707 3587 libello,
1759 3535 1808 3573 c.
1852 3521 1942 3589 22,
1995 3535 2049 3589 p.
2115 3519 2202 3582 43,
2236 3533 2351 3571 non

707 3607 1020 3661 tenendam
1076 3608 1240 3678 jubet
1290 3608 1440 3664 hanc
1503 3608 2008 3674 consuetudinem,
2071 3608 2352 3677 legemque

710 3695 855 3749 adeo
885 3697 1192 3766 virginibus
1219 3711 1428 3769 quoque
1484 3698 1824 3768 injicientem
1871 3699 2236 3753 velamentum
2277 3695 2356 3751 ait

711 3787 970 3840 excusari
991 3801 1186 3856 posse;
1218 3791 1392 3857 atque
1441 3787 1502 3841 in
1548 3786 1852 3859 principiis
1898 3787 2058 3842 illius
2089 3787 2353 3858 disputa-

709 3873 909 3941 tionis,
967 3891 1019 3930 c.
1075 3876 1166 3944 21,
1225 3877 1384 3947 quasi
1441 3878 1713 3934 incertum
1769 3877 2178 3932 retractandum
2243 3891 2358 3930 esse

711 3963 876 4030 illud,
907 3963 1045 4034 quod
1073 3967 1381 4035 promiscue
1410 3967 1717 4021 observetur
1741 3983 1842 4038 per
1876 3966 2174 4036 Ecclesias,
2208 3966 2356 4020 vela-

712 4055 838 4109 rine
866 4053 1094 4110 debeant
1122 4056 1364 4126 virgines
1393 4074 1464 4111 an
1498 4061 1651 4113 non?
1680 4063 1824 4112 Leve
1855 4057 2038 4129 igitur
2079 4062 2168 4112 est
2197 4056 2356 4112 istud

714 4141 823 4196 viri
855 4142 1008 4198 docti
1066 4150 1502 4216 argumentum,
1549 4147 1946 4217 potuissetque
2000 4146 2098 4201 ille
2147 4145 2360 4201 rectius

720 4229 792 4286 ad
823 4231 1230 4288 testimonium
1275 4235 1575 4290 sententiae
1633 4253 1751 4291 suae
1807 4236 1984 4291 citare
2016 4252 2142 4307 cap.
2173 4237 2228 4301 6,
2259 4233 2359 4290 ubi

719 4335 855 4374 cum
889 4321 1247 4393 rogationem
1281 4330 1551 4396 quartam
1591 4326 1870 4381 orationis
1901 4325 2214 4380 Dominicae
2247 4341 2362 4379 non

720 4410 971 4481 pr0prie,
1005 4412 1105 4467 sed
1149 4415 1370 4485 tropice
1418 4415 1488 4470 de
1535 4431 1700 4471 sacra
1756 4431 1918 4470 omna
1973 4429 2101 4470 esse
2147 4412 2364 4468 intelli-

720 4499 971 4568 gendam
1021 4500 1264 4574 dixerat,
1316 4503 1417 4558 Sed
1471 4507 1522 4559 et
1579 4506 1731 4576 quia,
1785 4504 2005 4575 adjicit,
2064 4503 2366 4557 carnaliter

720 4587 1035 4645 admittitur
1061 4594 1170 4646 ista
1213 4609 1340 4660 vox,
1369 4610 1480 4649 non
1535 4596 1654 4649 sine
1709 4593 1985 4664 religione
2037 4597 2206 4664 potest
2237 4593 2367 4663 ﬁeri

721 4683 772 4730 et
801 4681 1072 4747 spiritalis
1101 4681 1433 4754 disciplinae,
1471 4683 1572 4738 ubi
1608 4685 1880 4754 spiritalis
1930 4683 2230 4754 disciplina
2261 4681 2366 4737 ali-
2398 4669 2444 4734 D

724 4781 902 4834 quam
926 4769 1026 4822 dat
1056 4769 1450 4827 Montanistici
1476 4771 1779 4843 scriptoris
1810 4772 2229 4843 suspicionem,
2264 4771 2366 4842 qui

726 4854 1020 4925 spiritales
1081 4876 1160 4929 se,
1221 4865 1456 4916 caeteros
1524 4861 1827 4933 Psychicos
1883 4860 2198 4934 appellant.
2256 4861 2367 4916 Sed

726 4946 917 5016 potuit
940 4947 1332 5006 Tertullianus
1365 4953 1475 5007 sub
1528 4951 1891 5024 spiritalibus
1923 4953 2099 5008 etiam
2131 4952 2368 5025 quosvis

726 5035 940 5106 probos
963 5036 1231 5094 homines
1253 5045 1309 5096 et
1326 5041 1685 5098 Christianos
1703 5041 2204 5114 intelligere,quod
2224 5042 2368 5098 mihi

727 5132 918 5206 magis
942 5133 1462 5211 placet,propterea
1479 5141 1633 5210 quod
1657 5139 1764 5196 hos
1787 5156 1902 5195 non
1928 5140 2008 5196 ita
2032 5139 2216 5195 multo
2238 5144 2371 5212 post

725 5222 1146 5296 interpretatur
1175 5243 1277 5299 per
1333 5230 1536 5298 ﬁdeles,
1600 5247 1817 5302 eosque
1868 5248 1983 5287 non
2029 5230 2369 5286 orthodoxis

724 5331 779 5370 v.
813 5314 1111 5388 Psychicis
1158 5319 1422 5390 opponit,
1450 5321 1550 5376 sed
1596 5321 1928 5388 nationibus,
1961 5320 2071 5376 hoc
2111 5325 2218 5389 est,
2254 5339 2370 5378 non

729 5406 1104 5462 credentibus
1133 5407 1192 5462 in
1224 5412 1425 5465 Jesum
1455 5436 1469 5479 ;
1502 5427 1693 5482 neque
1724 5428 1975 5484 usquam
2007 5412 2194 5483 reperi
2238 5413 2373 5468 Ter-

728 5493 1046 5550 tullianum
1103 5497 1194 5551 vel
1224 5498 1284 5553 in
1337 5498 1482 5571 ipsis
1529 5499 1960 5556 Montanisticis
2016 5500 2168 5556 148
2205 5501 2372 5558 libris

731 5584 1070 5642 orthodoxis
1101 5603 1312 5644 nomen
1337 5590 1412 5645 fid
1429 5590 1599 5646 :lium
1622 5590 2027 5662 negasse.Jam
2059 5607 2192 5646 cum
2213 5591 2372 5648 hunc

731 5671 950 5730 librum
980 5693 1048 5732 ex
1093 5676 1166 5735 iis
1205 5695 1334 5737 esse
1379 5685 1626 5751 constet,
1660 5681 1761 5753 qui
1808 5681 2239 5754 castigatiorem
2269 5684 2372 5740 do-

737 5760 986 5819 ctrinam
1040 5767 1360 5842 continent,
1415 5785 1849 5844 quemcumque
1921 5769 2006 5826 illi
2061 5769 2256 5830 locum
2312 5774 2372 5830 in

2434 621 2632 688 Nobis,
2667 620 2881 692 quibus
2912 636 2976 674 ex
3008 635 3073 672 eo
3108 614 3267 670 nulla
3299 630 3360 669 se
3389 611 3476 668 vel
3524 609 3668 666 levis
3705 607 3964 680 suspicio
3995 622 4097 660 er-

2434 727 2633 767 rorum
2681 709 3174 765 Montanistarum
3222 702 3454 774 obtulit,
3497 700 3783 772 optimum
3829 697 4096 765 videtur,

2436 817 2570 857 eum
2601 803 2660 856 in
2689 798 2902 872 primis
2933 797 3114 869 hujus
3139 793 3374 869 generis
3400 791 3698 848 collocare.

2439 981 2547 1049 §3.
2579 1008 2648 1019 —
2678 979 2842 1032 Liber
2897 977 2964 1031 de
3025 975 3298 1046 Baptismo
3347 989 3384 1026 a
3437 967 4102 1049 Tertulliano_cat_holieo

2487 1058 2771 1108 exoratus.
2807 1040 3174 1120 Confutaniur
3203 1047 3537 1120 argumenta
3565 1040 4039 1098 dissentientium.

2508 1217 2580 1270 At
2610 1214 2801 1270 dicere
2849 1227 3120 1285 quasnam
3167 1209 3435 1266 doctrina
3483 1205 3800 1265 asserenda
3829 1203 3907 1261 sit
3939 1201 4101 1259 libro

2441 1304 2509 1361 de
2539 1307 2836 1377 Baptismo,
2867 1302 3074 1374 majori
3124 1305 3215 1358 est
3271 1316 3404 1356 cum
3453 1296 3802 1354 difﬁcultate
3846 1294 4103 1364 conjun-

2441 1399 2622 1450 ctum.
2673 1392 2956 1464 Equidem
3017 1408 3133 1447 non
3193 1390 3395 1463 ignoro
3452 1403 3656 1444 omnes
3713 1385 3796 1441 sic
3849 1382 4105 1450 sentire,

2443 1484 2612 1556 quasi
2646 1483 2722 1538 sit
2761 1482 2939 1552 hujus
2990 1479 3124 1535 libri
3174 1475 3466 1555 ὀρφοδοξὶα
3518 1481 3681 1534 extra
3709 1490 3942 1531 omnem
3976 1473 4099 1528 du-

2443 1571 2782 1628 bitationem
2835 1570 3042 1642 posita,
3093 1569 3314 1640 leviter,
3367 1571 3433 1623 ut
3498 1567 3558 1622 in
3618 1564 3862 1634 caeteris,
3921 1578 4108 1632 repu-

2444 1666 2659 1733 gnante
2689 1660 3075 1727 Hoﬂ‘manno;
3109 1659 3210 1714 sed
3271 1658 3329 1712 in
3387 1672 3455 1712 ea
3513 1672 3577 1711 re
3625 1653 3896 1710 miranda
3939 1651 4112 1706 venit

2445 1751 2767 1807 multorum
2802 1751 3106 1806 doctorum
3157 1747 3466 1803 hominum
3516 1745 3741 1809 levitas,
3777 1743 3879 1815 qui
3913 1741 4109 1796 libros

2445 1841 2612 1911 alios,
2646 1856 2896 1912 quorum
2926 1842 3338 1909 argumentum
3361 1839 3580 1892 certam
3612 1833 3789 1889 habet
3819 1829 4106 1904 puritatis

2365 1922 2412 1988 Β
2444 1926 3321 2004 signiﬁcationem,Tertulliano
3353 1923 3725 1980 Montanistaa
3756 1919 4110 1987 tribuerint,

2443 2029 2497 2076 et
2526 2019 2682 2075 hunc
2709 2022 2835 2074 tuto
2857 2016 3180 2073 exemerint
3205 2032 3234 2070 e
3267 2030 3512 2070 numero
3537 2013 3751 2068 horum
3782 2010 4108 2075 librorum,

2445 2111 2616 2180 cujus
2649 2116 2846 2164 tamen
2876 2106 3010 2175 loci,
3044 2106 3093 2161 si
3123 2104 3210 2161 vel
3241 2104 3566 2177 praecipuos
3597 2100 4102 2157 Montanistarum

2447 2199 2505 2254 in
2550 2215 2616 2255 eo
2665 2198 2755 2255 vel
2802 2197 3260 2254 orthodoxorum
3323 2192 3646 2249 sententias
3696 2187 4106 2262 requisiveris,

2446 2293 2567 2344 tam
2599 2291 2740 2343 sunt
2769 2285 3025 2354 obscuri,
3058 2289 3143 2355 ut,
3194 2283 3496 2356 inquisitis
3527 2281 3825 2348 omnibus,
3855 2279 3950 2334 vix
3981 2293 4110 2350 quo

2450 2395 2511 2434 se
2566 2381 2752 2434 vertat
2808 2376 3043 2432 animus
3091 2375 3304 2430 videat.
3359 2374 3472 2429 Sed
3535 2375 3620 2440 ut,
3653 2373 3940 2443 quantum
3972 2366 4112 2421 ﬁeri

2452 2467 2659 2540 possit,
2693 2466 2960 2522 dicamus
3011 2469 3208 2520 tamen
3262 2479 3530 2536 quaenam
3589 2461 3650 2515 in
3709 2459 3856 2514 libro
3905 2459 4116 2512 nostro

2453 2558 2717 2612 doc-trina
2746 2554 2833 2610 vel
2865 2555 2935 2610 ad
2989 2553 3096 2610 bas
3140 2552 3228 2608 vel
3284 2553 3356 2607 ad
3415 2550 3547 2606 illas
3579 2549 3772 2622 magis
3821 2545 4119 2602 inclinata

2454 2650 2674 2717 regnet,
2710 2644 2967 2717 primum
3016 2643 3208 2715 placet
3258 2640 3594 2697 examinare
3640 2639 3798 2694 locos
3831 2635 3935 2708 qui
3965 2634 4118 2691 huic

2455 2733 2604 2790 libro
2656 2733 3049 2804 suspicionem
3097 2729 3475 2789 Montanismi
3520 2727 3862 2797 conﬁciunt,
3893 2724 4116 2781 deinde

2455 2840 2554 2880 eos
2587 2823 2688 2896 qui
2720 2832 2857 2879 sunt
2905 2823 2964 2877 in
3021 2820 3374 2877 contrariam
3433 2827 3680 2892 partem,
3724 2816 3914 2873 rarius
3945 2813 4117 2884 licet,

2456 2910 2758 2985 propositi.
2792 2914 3002 2982 Atque,
3037 2915 3102 2966 ut
3152 2911 3490 2966 omittamus
3529 2925 3596 2964 ea
3647 2923 3776 2979 quae
3816 2903 4117 2962 subdubi-

2455 3006 2588 3058 tans
2621 3000 2832 3072 objccit
2864 2999 3174 3066 Baronius,
3206 2999 3350 3055 satis
3395 2997 3492 3053 ille
3545 2997 3616 3052 ab
3671 2994 3877 3049 Allixio
3909 2993 4118 3048 confu-

2456 3094 2616 3146 tatus
2643 3090 2722 3162 (in
2753 3090 2873 3144 Vit.
2935 3089 3089 3144 Tert.
3152 3105 3206 3159 p.
3268 3089 3338 3141 29
3391 3087 3587 3159 seqq.),
3629 3085 4017 3141 Hoﬂ‘mannus
4056 3082 4118 3138 in

2457 3179 2618 3234 illam
2651 3181 3009 3250 superiorem
3053 3183 3276 3250 partem
3334 3177 3546 3233 excitat
3575 3177 3945 3248 argumenta.
3980 3171 4117 3226 Pri-

2379 3293 2422 3358 C
2461 3285 2622 3324 mum
2655 3268 2808 3339 quod
2844 3268 2901 3322 in
2935 3267 3082 3322 libro
3111 3267 3173 3322 de
3204 3268 3478 3338 Baptismo
3509 3263 3905 3320 Tertullianus
3938 3261 4121 3316 dictis

2461 3362 2662 3413 utatur
2711 3357 3029 3412 simillibus
3084 3373 3286 3412 eorum
3339 3373 3464 3428 qua:
3513 3353 3573 3410 in
3623 3371 3690 3410 eo
3735 3353 3801 3408 de
3829 3352 4123 3408 Pudicitia

2462 3447 2817 3511 defenderat,
2850 3446 2932 3501 ita
2965 3451 3026 3501 ut
3055 3445 3307 3518 exagitet
3357 3460 3457 3501 eos
3511 3444 3610 3516 qui
3644 3443 3754 3498 sibi
3795 3442 4124 3498 sumebant

2462 3540 2811 3608 potestatem
2845 3534 3023 3589 dandi
3067 3535 3295 3590 veniam
3345 3535 3695 3590 delictorum
3724 3549 3848 3602 quae
3888 3529 3990 3585 uni
4023 3534 4120 3584 ta-

2465 3641 2596 3680 men
2632 3624 2748 3681 Deo
2779 3623 3342 3696 competeret.Cujus
3375 3623 3477 3687 rei,
3511 3623 3570 3677 ni
3603 3621 3790 3691 fallor,
3814 3618 4121 3691 signiﬁca-

2463 3714 2684 3769 tionem
2724 3714 2782 3767 in
2816 3712 2932 3768 illis
2964 3712 3152 3768 verbis
3185 3713 3439 3785 reperit:
3481 3713 3665 3783 Neque
3709 3715 3996 3782 peccatum
4027 3707 4121 3763 di-

2463 3803 2654 3869 mittit,
2687 3817 2859 3873 neque
2916 3803 3176 3871 spiritum
3237 3801 3506 3870 indulget,
3563 3801 3676 3856 nisi
3729 3801 3868 3854 Deus
3925 3797 4122 3859 solus;

2467 3908 2595 3963 quae
2628 3891 2920 3960 quomodo
2953 3890 3189 3946 nonnisi
3221 3908 3252 3946 a
3277 3891 3562 3962 scriptore
3593 3887 3914 3960 disciplinae
3947 3887 4120 3942 Mon-

2466 3979 2589 4035 tani
2640 3979 2834 4035 dedito
2881 3979 3248 4051 pronuntiari
3297 3979 3612 4052 potuerint,
3647 3994 3760 4033 non
3805 3975 4122 4048 perspicio.

2467 4070 2613 4125 Nam
2646 4086 2836 4140 neque
2861 4068 3005 4124 illud
3039 4068 3271 4125 sodales
3329 4069 3662 4125 orthodoxae
3707 4065 3975 4123 Ecclesiae
4015 4081 4123 4121 ne-

2469 4158 2709 4232 gabant,
2743 4173 2933 4230 neque
2985 4159 3055 4214 de
3085 4175 3154 4214 ea
3208 4175 3270 4214 re
3318 4164 3440 4216 erat
3487 4174 3585 4214 eos
3617 4157 3768 4214 inter
3811 4159 3868 4212 et
3896 4155 4128 4212 Monta-

2472 4248 2659 4304 nistas
2716 4247 3079 4319 disputatio;
3139 4249 3242 4304 sed
3322 4247 3406 4302 illi
3465 4247 3791 4317 orthodoxi,
3850 4241 4128 4316 quamvis

2473 4335 2708 4394 nonnisi
2733 4336 2849 4392 Deo
2871 4341 3218 4410 potestatem
3242 4337 3727 4394 remittendorum
3751 4337 4127 4409 peccatorum

2475 4425 2864 4498 assignarent,
2898 4427 3225 4499 negandum
3279 4431 3470 4484 tamen
3518 4443 3718 4498 pacem
3754 4425 3827 4480 iis
3857 4423 3958 4496 qui
3988 4440 4127 4495 pro-

2473 4520 2599 4587 pter
2646 4520 2884 4587 peccata
2930 4516 3164 4572 fuerant
3210 4533 3240 4573 e
3287 4517 3561 4574 societate
3591 4533 3757 4573 sacra
3785 4514 3974 4586 ejecti,
4004 4531 4127 4570 non

2475 4605 2784 4676 putabant,
2812 4605 3102 4677 siquidem
3136 4604 3220 4660 illi
3254 4623 3315 4663 se
3346 4608 3523 4662 vitam
3557 4607 3971 4662 emendaturos
4003 4602 4131 4675 pol-

2474 4694 2807 4750 licerentur.
2841 4695 3046 4750 Postea
3093 4695 3250 4752 hunc
3295 4695 3513 4752 librum
3560 4697 3651 4751 vir
3699 4695 3904 4750 doctus
3937 4693 4017 4749 ait
4051 4693 4125 4748 ad

2477 4783 2878 4840 calamitatum
2906 4785 3258 4842 Christianis
3289 4804 3322 4842 a
3376 4787 3619 4842 deorum
3651 4783 3976 4842 cultoribus
4008 4782 4124 4838 im-

2477 4873 2795 4928 missarum
2829 4873 3001 4946 plena
3031 4879 3294 4948 tempora
3338 4877 3627 4948 pertinere
3660 4893 3673 4944 ;
3708 4892 3834 4948 quae
3866 4877 3955 4930 est
3979 4872 4126 4928 levis

2476 4963 2734 5035 profecto
2766 4965 3122 5035 conjectura.
3155 4965 3301 5021 Nam
3352 4983 3400 5022 c.
3438 4967 3504 5021 16
3533 4965 3668 5022 libri
3710 4963 3917 5032 nostri,
3949 4977 4125 5034 quem

2475 5051 2673 5108 locum
2730 5051 2826 5108 ille
2883 5059 3246 5110 antestatur:
3280 5058 3360 5110 est
3412 5057 3568 5112 nobis
3623 5056 3791 5112 etiam
3826 5051 4129 5109 secundum

2480 5143 2780 5211 lavacrum,
2847 5144 3136 5214 sanguinis
3199 5145 3426 5211 scilicet,
3493 5143 3654 5200 nullo
3748 5143 3922 5198 modo
3997 5145 4127 5197 tum

2479 5248 2736 5305 praesens
2803 5233 3130 5306 periculum
3201 5234 3475 5291 ostendit.
3524 5235 3687 5301 Quod
3753 5233 3802 5290 si
3870 5249 4130 5288 comme-

2480 5327 2773 5379 moratum
2830 5323 3008 5379 etiam
3068 5341 3102 5380 a
3153 5324 3515 5380 Tertulliauo
3575 5323 3804 5393 fuisset,
3849 5339 3962 5378 non
3996 5338 4129 5394 pro-

2479 5417 2678 5485 pterea
2742 5413 2836 5469 hic
2898 5413 3046 5470 liber
3101 5415 3172 5470 ad
3239 5415 3458 5487 scripta
3520 5414 3778 5470 Montani
3827 5412 4126 5469 erroribus

2481 5503 2656 5559 refert
2719 5503 2892 5574 abjici
2958 5508 3192 5576 posset;
3269 5509 3410 5560 sunt
3499 5504 3656 5560 enim
3733 5502 3918 5559 multa
3989 5503 4128 5558 Ter-

2482 5591 2712 5649 tulliani
2752 5591 2973 5666 scripta
3037 5596 3127 5665 (ut
3194 5593 3336 5651 diss.
3381 5596 3433 5665 1,
3475 5591 3876 5663 docebamus),
3925 5609 4124 5664 eaqua-

2481 5682 2562 5740 lia
2633 5681 2727 5738 his
2801 5681 3256 5752 calamitatibus,
3334 5687 3470 5740 ante
3541 5682 3885 5741 Tertulliani
3964 5682 4126 5738 defe-

2483 5771 2736 5831 ctionem
2812 5772 3155 5846 composita.
3214 5772 3323 5831 Sed
3397 5789 3586 5848 neque
3660 5773 3789 5846 ipse
3860 5770 3958 5829 ille
4033 5769 4121 5828 di-
