4526 6340
385 319 487 378 193

1250 314 1349 375 AG
1389 312 1786 375 DOCTRINA
1832 310 2333 373 SCRIPTORUM
2378 313 2907 377 TERTULLIANI

3678 326 3793 384 194

380 450 532 509 cendi
565 449 803 518 modus,
835 463 952 519 quo
985 446 1384 503 Tertullianus
1429 446 1728 502 cruciatus
1766 444 2021 517 aliquem
2052 448 2106 515 Α
2136 443 2380 515 tentiam
2412 447 2579 518 (Diss.
2611 447 2677 505 de
2723 449 3055 507 Tertulliani
3100 453 3215 507 vita
3268 461 3321 509 et
3366 456 3605 525 scriptis,
3659 473 3709 512 c.
3745 458 3800 524 4,

380 542 516 598 149
531 539 715 595 veluti
732 538 992 610 baptism
1004 554 1104 593 um
1120 535 1599 610 appellat,statim
1615 535 2031 591 Montanistam

380 635 584 708 prodit,
638 632 756 688 nisi
804 631 1063 686 velimus
1123 630 1312 686 dicere
1372 628 1658 697 Originem
1715 642 1949 699 quoque
1976 630 2033 679 et

382 726 538 794 alios,
569 738 832 795 quorum
865 723 994 777 loca
1044 720 1217 775 habet
1246 717 1587 773 Dodwellus
1639 718 1897 788 (Disserl.
1929 713 2033 784 Cy-

378 816 552 886 prian.
590 812 742 881 XIII,
769 826 892 882 qua:
932 814 1015 865 est
1064 808 1128 864 de
1180 807 1415 863 secundo
1466 805 1731 875 martyrii
1774 805 2035 875 baptismo

378 902 650 976 imprimis
678 905 705 970 §
736 902 814 973 2),
851 900 953 972 qui
998 914 1302 969 nunquam
1353 896 1610 952 accusati
1660 892 2034 949 Montanismi

376 996 547 1060 fuere,
600 995 846 1064 propter
896 1006 1026 1044 eam
1080 1004 1201 1044 rem
1258 986 1741 1043 Montanistarum
1770 984 2035 1038 addictos

379 1081 639 1141 societati
694 1078 900 1135 haberi
954 1078 1163 1133 debere
1220 1077 1353 1147 (32).
1405 1075 1669 1146 Denique
1728 1073 1881 1144 quod
1917 1088 2033 1126 non

379 1174 619 1229 obscure
671 1167 1105 1225 Tertullianum
1161 1166 1363 1221 eodem
1412 1165 1470 1219 in
1528 1164 1652 1221 loco
1702 1162 2034 1234 significare

382 1263 767 1319 lloti‘mannus
797 1258 942 1313 dicit
972 1254 1189 1327 injuria
1228 1254 1613 1310 Montanistas
1663 1253 1843 1307 fuisse
1874 1268 1903 1307 θ
1934 1267 2035 1307 so-

380 1355 586 1408 cietate
635 1347 977 1406 communis
1024 1344 1290 1401 Ecclesiae
1340 1344 1717 1415 proscriptos,
1778 1358 1911 1397 cum
1963 1341 2035 1396 iis

376 1440 723 1511 ceterisque
753 1436 1100 1493 christianis
1135 1451 1285 1489 unus
1317 1434 1683 1501 Deus,unum
1719 1430 2033 1503 baptisma,

379 1547 490 1587 una
522 1530 783 1599 denique
812 1525 871 1581 in
906 1524 1069 1580 ccelis
1100 1522 1374 1592 Ecclesia,
1410 1538 1543 1577 cum
1586 1520 1807 1576 caeteris
1839 1523 2034 1574 autem

378 1618 674 1677 haereticis
706 1615 869 1672 nulla
899 1612 1147 1671 societas
1179 1611 1255 1667 sit
1285 1611 1357 1682 (c.
1395 1611 1505 1681 15),
1558 1610 1703 1664 illud
1751 1612 1905 1664 certe
1940 1625 2035 1662 ar-

382 1712 732 1782 gumentum
767 1701 1027 1775 opinioni
1079 1700 1207 1770 ejus
1257 1697 1403 1753 nihil
1464 1697 1819 1752 firmamenti
1848 1696 2033 1751 affert.

384 1803 520 1852 Nam
546 1792 951 1850 Tertullianus
975 1791 1046 1844 de
1072 1805 1363 1844 consensu
1388 1787 1875 1842 Montanistarum
1901 1802 2035 1841 cum
2070 1830 2116 1894 Β

385 1884 725 1942 orthodoxis
758 1882 820 1936 in
848 1880 964 1935 ista
996 1878 1260 1933 doctrina
1291 1893 1363 1933 ne
1393 1878 1636 1932 verbum
1668 1875 1902 1946 quidem
1937 1874 2040 1929 ha-

386 1978 495 2043 bet,
532 1973 636 2029 sed
670 1971 833 2025 illam
886 1967 1341 2023 christianorum
1384 1966 1555 2021 fidem
1608 1965 1852 2037 Opponit
1881 1963 2041 2018 Caia-

389 2080 595 2121 norum
630 2059 859 2126 haresi,
893 2059 1119 2129 hosque
1151 2056 1385 2128 spurios
1417 2070 1545 2110 esse
1593 2053 1944 2109 christianos
1976 2070 2043 2109 ex

391 2172 451 2211 eo
481 2154 677 2220 docet,
704 2148 855 2220 quod
905 2148 1181 2217 adempta
1238 2145 1384 2217 ipsis
1435 2160 1569 2199 cum
1629 2142 1853 2197 caeteris
1883 2141 2042 2197 chri-

396 2240 602 2296 stianis
633 2234 975 2294 communio
1005 2234 1199 2289 fuerit.
1234 2238 1316 2287 Ac
1348 2233 1418 2299 si,
1453 2249 1580 2303 qua:
1602 2230 1699 2286 ille
1722 2234 2046 2302 putat,vera

398 2333 610 2397 essent,
642 2332 761 2382 tam
824 2325 979 2382 150
1011 2339 1072 2379 se
1120 2340 1235 2377 non
1294 2322 1631 2377 defenderet
1673 2319 1916 2375 Tertull.
1973 2320 2045 2375 ab

396 2420 611 2490 injuria
639 2414 1013 2471 Montanistis
1063 2411 1246 2480 illata,
1300 2416 1365 2466 ut
1411 2410 1605 2483 potius
1636 2426 1696 2465 se
1752 2410 2046 2464 Montani-

394 2522 633 2579 stasque
652 2504 956 2561 haereticos
979 2518 1107 2557 esse
1134 2501 1343 2556 fuisset
1365 2499 1836 2555 confessus.Nam
1863 2498 1923 2553 in
1945 2498 2044 2553 illo

394 2600 522 2671 ipso
553 2596 743 2667 capite
778 2595 864 2660 16,
917 2593 1205 2648 haereticos
1257 2590 1337 2645 ait
1386 2594 1678 2644 extraneos
1721 2589 1801 2660 (h.
1844 2604 1894 2643 e.
1930 2604 2043 2643 non

398 2686 782 2752 Christianos)
828 2682 1035 2737 testari
1074 2680 1245 2751 ipsam
1295 2677 1696 2750 ademptionem
1741 2680 2046 2733 communi-

398 2777 651 2832 cationis.
689 2773 873 2845 Igitur
904 2771 953 2826 si
983 2768 1379 2825 Tertullianus
1424 2768 1818 2840 significasset
1847 2769 1905 2821 in
1936 2767 2046 2822 hoc

397 2866 543 2934 loco,
574 2862 934 2920 orthodoxos
983 2876 1051 2915 ex
1082 2858 1335 2914 Ecclesia
1387 2856 1703 2929 projecisse
1751 2856 2045 2911 Montani-

398 2962 538 3021 stas,
587 2970 650 3011 se
701 2956 854 3007 certe
912 2964 1172 3019 suosque
1222 2947 1521 3003 haereticos
1576 2946 1840 3014 dixisset,
1892 2946 2044 3017 quod

400 3059 640 3118 prorsus
693 3040 987 3097 abhorret.
1041 3042 1230 3109 Atque
1277 3036 1371 3092 hic
1403 3035 1501 3091 alii
1549 3051 1897 3091 occuramus
1948 3051 2047 3090 ne-

398 3150 558 3190 cesse
583 3136 675 3188 est
705 3127 1039 3186 difficultati
1070 3124 1379 3199 proposita
1402 3125 1474 3180 ab
1496 3123 1737 3179 Allixios
1769 3124 2046 3179 adversus

2142 552 2198 605 p.
2231 536 2345 607 33),
2378 537 2479 607 qui
2512 537 2800 610 suspicari
2853 557 2957 596 nos
3009 558 3182 612 posse
3241 542 3402 608 dicit,
3454 545 3803 602 Tertulliani

2150 630 2405 680 mentem
2430 626 2552 697 jam
2590 631 2715 682 tum
2752 629 2823 683 ad
2855 628 3119 684 montani
3153 630 3526 702 disciplinam
3557 634 3803 691 inclina-

2144 718 2266 769 tam
2311 715 2514 783 fuisse,
2566 718 2720 788 quod
2770 722 2827 773 et
2883 719 3199 774 Christiani
3248 723 3507 791 pisciculi
3554 729 3609 780 et
3639 726 3801 780 Chri-

2147 809 2275 859 stus
2311 804 2745 880 Ρ18018(Ἰχοὺς)
2806 808 2999 863 dictus
3048 809 3120 863 ab
3167 826 3231 863 eo
3283 812 3478 878 fuerit,
3539 830 3665 884 quas
3698 833 3803 871 no-

2148 894 2309 949 mina
2341 900 2537 951 essent
2568 894 2779 950 hausta
2831 912 2860 950 e
2910 896 3075 953 libris
3126 898 3434 970 Sibyllinis,
3498 902 3569 957 ab
3601 904 3798 976 aliquo

2147 983 2502 1041 Montanista
2554 984 2642 1039 vel
2673 985 2801 1057 ipso
2860 986 3037 1041 etiam
3090 988 3361 1045 Montano
3424 992 3804 1061 exaratis;et

2147 1089 2194 1128 c.
2227 1074 2297 1127 20
2328 1072 2587 1145 aliquam
2634 1074 3059 1130 charismatum
3110 1077 3465 1135 mentionem
3514 1081 3798 1153 injecerit,

2147 1163 2301 1233 quod
2338 1162 2798 1219 Montanismum
2848 1164 3107 1220 redolere
3136 1166 3451 1237 videretur,
3504 1169 3801 1241 imprimis

2145 1268 2281 1307 cum
2316 1254 2701 1308 conferuntur
2744 1270 2811 1309 ea
2842 1270 2974 1309 cum
3012 1254 3083 1309 iis
3134 1271 3260 1328 quae
3292 1261 3431 1312 sunt
3480 1274 3528 1313 c.
3563 1260 3632 1314 29
3666 1260 3800 1316 libri

2144 1342 2209 1397 de
2256 1342 2590 1412 Spectaculis
2647 1344 2880 1399 tradita.
2940 1345 3049 1399 Sed
3098 1346 3246 1400 bene
3293 1345 3389 1400 ille
3439 1348 3593 1419 fecit,
3640 1350 3797 1420 quod

2148 1430 2297 1485 hanc
2326 1431 2516 1502 ipsam
2572 1432 2969 1503 suspicionem
3024 1450 3137 1488 non
3197 1435 3379 1491 nimis
3426 1437 3702 1493 subtilem
3746 1445 3803 1495 et

2148 1525 2382 1575 acutam
2418 1522 2727 1591 putaverit.
2763 1522 2907 1576 Nam
2938 1523 3048 1577 etsi
3097 1523 3437 1580 dederimus
3467 1542 3596 1581 esse
3627 1528 3802 1583 etiam

2146 1625 2245 1665 eos
2276 1610 2476 1677 libros,
2509 1611 2609 1681 qui
2646 1628 2801 1666 nunc
2833 1612 2943 1667 sub
2978 1613 3217 1669 nomine
3269 1614 3685 1685 Sibyllinorum
3708 1619 3802 1688 ja-

2148 1704 2398 1766 ctentur,
2431 1699 2517 1754 vel
2552 1718 2584 1755 a
2614 1704 2885 1756 Montano
2910 1701 2995 1757 vel
3031 1702 3102 1757 ab
3137 1702 3334 1773 aliquo
3362 1706 3490 1773 ejus
3513 1705 3803 1778 discipulo

2147 1789 2453 1856 confictos,
2488 1806 2635 1861 quos
2662 1795 2854 1845 tamen
2890 1791 3081 1862 magis
3124 1790 3329 1847 vellem
3375 1794 3648 1850 Gnostico
3681 1797 3802 1851 cui-

2152 1879 2287 1933 dam
2319 1895 2601 1945 asserere,
2654 1879 3086 1936 Tertullianum
3142 1880 3314 1937 etiam
3376 1882 3512 1938 inde
3562 1884 3669 1940 hoc
3702 1902 3805 1939 no-

2152 1982 2285 2021 men
2321 1967 2495 2021 Piscis
2526 1967 2754 2023 Christo
2794 1969 2998 2023 datum
3054 1969 3361 2039 hausisse;
3416 1976 3609 2028 tamen
3643 1990 3711 2029 ex
3741 1991 3806 2031 eo

2154 2060 2501 2127 argumento
2535 2073 2648 2111 non
2684 2058 2871 2128 magis
2904 2064 3216 2129 suspectus
3267 2060 3643 2117 Montanismi
3675 2067 3808 2118 Ter-

2153 2144 2436 2200 tullianus
2470 2144 2671 2199 haberi
2721 2150 2940 2217 posset,
2992 2164 3125 2202 cum
3175 2148 3331 2203 hunc
3383 2152 3811 2222 composuisset

2152 2231 2391 2298 librum,
2421 2250 2596 2304 quam
2624 2234 2899 2289 Justinus
2949 2241 3188 2307 martyr,
3241 2238 3507 2293 Clemens
3556 2240 3807 2296 Alexan-

2153 2322 3049 2394 drinus,0rigenes,aliique,qui
3073 2326 3289 2396 saepius
3314 2325 3495 2381 libros
3518 2330 3805 2398 quosdam

2150 2410 2464 2482 Sibyllinos
2520 2413 2591 2466 ad
2647 2412 3051 2467 testimonium
3110 2414 3311 2468 citant.
3374 2422 3559 2487 Atque
3609 2418 3658 2473 si
3708 2419 3806 2474 isti

2154 2499 2288 2555 libri
2315 2500 2637 2571 generatim
2672 2500 3023 2557 exstiterunt
3054 2502 3180 2573 ipso
3222 2503 3329 2557 hoc
3361 2510 3641 2576 tempore,
3674 2509 3807 2578 quis

2154 2593 2245 2643 est
2274 2588 2373 2659 qui
2406 2590 2592 2659 possit
2622 2593 2901 2660 praestare
2934 2606 3047 2644 non
3075 2590 3254 2646 fuisse
3286 2608 3383 2646 eos
3416 2598 3615 2663 postea
3646 2596 3812 2650 adul-

2152 2680 2390 2747 teratos,
2461 2682 2526 2732 ut
2591 2694 2739 2743 eam,
2810 2695 2988 2747 quam
3057 2696 3210 2734 nunc
3264 2680 3501 2748 habent,
3553 2684 3803 2742 l'ormam

2156 2765 2522 2836 receperint?
2553 2768 2714 2831 Quod
2748 2772 2836 2821 est
2862 2768 3180 2823 verendum
3206 2768 3501 2840 imprimis
3531 2771 3588 2826 in
3621 2791 3810 2830 acros-

2153 2854 2370 2909 ticbide
2397 2854 2529 2910 libri
2562 2856 2785 2912 octavi:
2821 2856 3032 2923 Ἰησοῦς
3065 2856 3317 2929 Χρίστος,
3354 2862 3487 2911 Θεοῦ
3538 2860 3659 2922 Υἱὸς
3695 2862 3809 2917 Σώ-

2152 2962 2277 3016 τηρ,
2314 2944 2468 2998 unde
2500 2944 2694 3014 ipsum
2733 2944 2843 2999 hoc
2895 2943 3087 3017 ἰχθύος
3136 2963 3458 3018 cognomen
3500 2957 3801 3023 sumptum

2153 3034 2360 3105 vulgus
2390 3033 2701 3089 existimat.
2737 3038 2936 3105 Neque
2965 3037 3118 3090 enim
3162 3036 3246 3090 illi
3280 3038 3445 3108 prius
3476 3046 3563 3094 est
3593 3058 3625 3095 a
3658 3058 3801 3112 quo-

2157 3139 2333 3194 quam
2364 3128 2626 3179 veterum
2655 3125 2974 3195 prOposita,
3007 3140 3184 3195 quam
3228 3142 3261 3180 a
3310 3126 3691 3185 Constantino
3724 3132 3800 3187 M.

396 3226 694 3295 receptam
725 3220 797 3274 de
828 3216 1095 3274 doctrina
1145 3215 1203 3270 in
1252 3215 1361 3270 hoc
1408 3214 1557 3269 libro
1590 3217 1866 3284 regnante
1910 3229 2043 3269 sen-
2076 3204 2118 3270 C
2156 3216 2239 3287 (in
2271 3215 2431 3270 Orat.
2464 3215 2546 3270 ad
2592 3220 2910 3270 sanctorum
2960 3224 3175 3271 caelum.
3227 3233 3277 3271 c.
3326 3218 3437 3288 18),
3496 3220 3587 3273 cui
3620 3218 3705 3275 vel
3737 3237 3805 3276 ex

462 3330 577 3401 (3‘2)
614 3330 689 3381 At
714 3322 1089 3401 dic_ere_quis
1140 3324 1340 3401 posset
1390 3320 1543 3387 illos,
1591 3320 1695 3401 qui
1750 3324 1881 3390 post
1910 3321 2045 3375 Ter-

394 3393 714 3457 tullianum
766 3395 1035 3462 vixerint,
1115 3393 1466 3449 christianos
1525 3393 1859 3464 scriptores,
1912 3409 2044 3447 cum

392 3488 631 3529 summa
659 3466 1013 3525 existimatio
1036 3481 1237 3520 eorum
1268 3471 1394 3521 orta
1424 3469 1599 3534 esset,
1616 3463 1715 3536 qui
1746 3464 1831 3519 vel
1860 3469 2046 3519 morte

390 3545 476 3600 vel
537 3541 900 3600 cruciatibus
952 3537 1244 3607 susceptis
1294 3536 1584 3592 Christum
1645 3536 1896 3592 confessi
1938 3553 2045 3607 pu-

388 3618 539 3673 blice
572 3618 765 3692 erant,
816 3617 880 3668 ut
927 3609 1053 3692 ali_a_
1094 3608 1283 3692 plura,
1334 3609 1485 3692 hanc
1535 3624 1767 3692 quoque
1814 3608 2044 3663 dicendi

389 3685 883 3746 consuetudinem
925 3700 958 3738 a
1002 3681 1380 3737 Montanismi
1428 3681 1796 3753 sumpsisse;
1854 3696 2045 3751 neque

388 3779 523 3835 ergo
557 3760 774 3815 horum
806 3756 932 3835 loca
962 3770 1090 3835 esse
1122 3756 1334 3835 idonea
1368 3754 1465 3835 ad.
1486 3752 1855 3835 liberandum
1888 3753 2044 3835 hunc

391 3824 728 3891 sermonem
790 3847 825 3884 a
880 3826 1257 3882 Montanismi
1304 3824 1659 3897 suspicione,
1720 3825 2043 3896 praesertim

394 3924 525 3962 cum
558 3906 611 3960 is
640 3903 872 3975 primus
908 3900 969 3975 in
1020 3898 1378 3975 Tertulliano
1428 3897 1791 3975 aliorumque
1820 3900 2042 3975 Monta-

395 3970 688 4034 nistarum
719 3972 976 4045 scriptis,
1020 3970 1198 4026 veluti
1229 3970 1289 4045 in
1343 3971 1487 4045 Actis
1531 3973 1820 4045 Perpetua’.
1852 3977 1915 4045 _el
1944 3970 2040 4022 Fc-

396 4051 626 4106 licitutis
657 4040 1172 4117 §22),_appa_reat.
1221 4044 1405 4117 Quam
1451 4042 1595 4117 forte
1645 4040 2041 4117 suspicionem

437 4122 614 4178 ellam
666 4114 796 4173 alia
827 4114 1179 4194 suspicione,
1233 4114 1648 4194 si__ostendero
1695 4114 1892 4194 ipsum
1917 4115 2041 4194 jam

396 4184 753 4251 Marcionem
802 4184 1069 4244 eamdem
1120 4185 1346 4241 dicendi
1399 4184 1883 4241 consuetudinem
1947 4184 2045 4238 ha-

402 4268 621 4322 buisse.
658 4263 881 4332 Nempe
928 4257 1311 4332 Epiphanius,
1359 4256 1565 4332 haras.
1596 4258 1691 4332 42,
1743 4257 1851 4329 ἒ3.
1894 4255 2040 4332 _e_dit.

395 4340 618 4418 colem,
652 4353 708 4418 ρ.
743 4327 1132 4418 ΒΟᾷμτᾰεῖὶιίι
1164 4330 1484 4418 baptismos
1514 4327 1785 4418 dnete‘nsgo's
1829 4344 1861 4382 a
1894 4327 2041 4418 Minr-

399 4395 893 4493 OiODq‘fPiSSB‘(?;6
956 4400 1117 4487 {MSqu
1168 4395 1295 4493 ἔταξ’
1338 4400 1587 4493 assere;
1632 4397 1858 4473 λοῦτρον
1893 4395 2043 4493 tibi}:

396 4503 502 4549 ται,
536 4476 688 4535 ἀλλά
716 4471 1559 4549 καῖἓωςέριῶγ,λρῦτρωῇηΙῃ
1606 4489 1719 4549 quo
1752 4471 2043 4549 narrando

396 4543 499 4610 etsi
537 4556 753 4609 damus
782 4564 917 4603 vera
948 4543 1077 4601 esse
1097 4546 1257 4602 falsis
1287 4543 1358 4600 ab
1386 4545 1708 4616 Epiphanio
1739 4543 2042 4616 permista,

400 4632 685 4697 tanquam
718 4636 851 4697 cum
884 4620 1039 4673 dicat
1055 4636 1073 4697 Δε
1106 4618 1455 4697 Marcionem
1504 4616 1792 4697 triplicem
1824 4616 2044 4687 baptis-

402 4688 566 4753 mum
600 4692 983 4763 excogitasse,
1006 4694 1071 4744 ut
1100 4707 1160 4745 se
1183 4708 1215 4745 ει
1239 4688 1457 4761 ﬂagitio
1489 4706 1621 4763 cum
1642 4688 1868 4763 virgine
1890 4704 2045 4743 com-

400 4772 582 4826 misso
616 4761 900 4840 purgaret
936 4763 1114 4840 (quod
1155 4768 1264 4833 est,
1316 4761 1581 4840 ut__mult_i
1634 4761 2044 4840 ostenderunt,

401 4859 558 4899 mera
588 4833 907 4904 calumnia)
936 4860 949 4899 -,
981 4833 1155 4889 etiam
1188 4851 1321 4889 cum
1356 4834 1512 4888 dicat
1542 4834 1775 4888 dedisse
1800 4833 2045 4888 Marcio-

400 4932 530 4969 nem
562 4910 853 4981 triplicem
880 4907 1265 4981 baptismum,
1314 4907 1463 4976 quod
1517 4920 1648 4981 cum
1699 4908 2045 4981 argumento

402 4988 467 5041 ad
498 4978 662 5041 hunc
702 4980 1061 5052 baptismum
1110 4978 1400 5050 triplicem
1454 4979 1946 5042 confirmandum,
1982 4981 2047 5031 ut

440 5064 601 5115 ostea
629 5050 870 5128 patebit,
896 5050 1055 5128 nullo
1079 5052 1251 5128 modo
1276 5052 1563 5128 consentit
1589 5068 1600 5116 ;
1626 5066 1814 5128 neque
1845 5054 2043 5128 tamen

445 5148 507 5186 oc
522 5121 830 5201 Epiphanii
844 5121 1244 5201 testimonium
1271 5122 1534 5201 universe
1552 5122 2042 5201 contemnendum

408 5194 672 5276 arbitror.
705 5195 1036 5276 Eritjgitur
1066 5211 1253 5276 opera:
1282 5194 1657 5276 pretium,_ut
1688 5195 1962 5276 quisnam
1994 5195 2044 5249 is

405 5275 579 5330 fuerit
602 5271 812 5338 triplex
843 5268 1154 5323 Marcionis
1185 5268 1536 5338 baptismus,
1567 5268 1812 5322 breviter
1842 5272 2041 5321 osten-

404 5348 553 5401 dam.
594 5348 648 5399 1ο
678 5338 857 5399 Multa
891 5343 1030 5395 sunt
1056 5338 1117 5394 in
1148 5339 1458 5411 disciplina
1487 5338 1794 5395 Marcionis
1826 5338 2045 5393 similia

400 5417 718 5490 disciplinae
748 5412 1099 5490 Manichaee,
1126 5428 1299 5490 quem
1327 5416 1611 5490 Manetem
1646 5415 2041 5490 constatsuos

405 5491 460 5547 in
490 5483 767 5547 Auditorcs
799 5491 858 5544 et
891 5485 1096 5541 Elcclos
1124 5484 1498 5551 distinxisse;
1525 5501 1703 5555 quare
1735 5483 1887 5538 haud
1923 5483 2041 5538 scio

406 5582 475 5621 an
507 5562 859 5620 Marcionitis
893 5574 1011 5613 non
1042 5558 1234 5627 possit
1284 5560 1481 5613 eadem
1525 5556 1861 5612 distributio
1893 5556 2041 5610 assi-

408 5637 585 5711 gnari,
641 5626 1073 5711 cum__Tertull)
1125 5628 1337 5711 advers.
1383 5629 1576 5711 Marc.”
1618 5628 1728 5711 lib.
1783 5645 1834 5697 ν,
1887 5645 1934 5683 c.
1985 5628 2041 5711 7,

405 5700 974 5772 videatur-indicare,
1028 5717 1145 5759 non
1194 5700 1309 5759 nisi
1356 5701 1748 5765 sanctioribus
1797 5716 1866 5759 ex
1917 5700 2041 5759 suis

2157 3321 2520 3394 Marcionem
2542 3319 2883 3392 nuptiarum
2924 3319 3218 3378 licentiam
3253 3339 3519 3394 negasse,
3553 3325 3646 3381 his
3678 3343 3801 3381 ver-

2156 3394 2287 3468 bis:
2351 3392 2593 3468 Marcion
2643 3396 2814 3468 totum
2859 3394 3203 3468 concubitum
3267 3392 3457 3467 aur/ert
3521 3397 3801 3468 fidelibus,

2153 3466 2390 3541 viderint
2420 3466 2568 3520 enim
2613 3466 2994 3541 catechumcni
3025 3468 3194 3541 _cjus;
3243 3468 3301 3521 in
3344 3466 3565 3539 quibus
3612 3466 3802 3541 potuit

2154 3538 2605 3612 catechumenos
2636 3536 2939 3612 appellare
2961 3537 3157 3593 minus
3187 3536 3471 3610 perfectos
3504 3536 3677 3597 modo
3709 3559 3797 3612 eo,

2153 3626 2267 3734 quo
2296 3610 2657 3734 Epiphanius
2689 3608 2904 3680 aliique
2928 3608 3035 3664 hoc
3066 3608 3276 3665 nomen
3309 3612 3482 3667 etiam
3516 3608 3798 3670 adhibent

2195 3698 2223 3734 e
2254 3698 2327 3734 au
2375 3682 2621 3734 itoribus
2652 3681 3101 3734 Manichaeorum
3128 3700 3142 3734 :
3187 3699 3370 3734 neque
3402 3685 3678 3734 credibile
3709 3692 3798 3734 est.

2195 3698 2223 3735 e
2254 3681 2621 3736 auditoribus
2652 3681 3101 3736 Manichaeorum
3128 3700 3142 3749 ;
3187 3699 3370 3752 neque
3402 3685 3678 3741 credibile
3709 3692 3798 3742 est

2153 3753 2504 3827 Marcionem
2540 3752 2597 3807 in
2622 3752 2959 3827 universum
2985 3770 3188 3809 omnes
3215 3757 3451 3827 nuptias
3483 3759 3796 3813 sustulisse

2152 3826 2305 3896 apud
2339 3825 3165 3900 suos,cum_quemadm_0dum
3197 3825 3793 3900 con'stat,nuptiarum

2152 3902 2450 3951 auctorem
2484 3914 2597 3951 non
2648 3897 2827 3951 Deum
2880 3897 3127 3965 malum,
3176 3900 3275 3953 sed
3336 3897 3591 3955 medium
3625 3902 3791 3957 illum

2152 3970 2391 4040 putarit,
2428 3985 2601 4040 quem
2633 3969 2839 4037 iustum
2861 3970 3267 4044 _nuncupabat.
3314 3972 3393 4025 Ex
3443 3989 3557 4044 quo
3587 3975 3646 4026 2°
3678 3990 3793 4029 non

2151 4044 2344 4112 inepte
2378 4046 2569 4111 potest
2604 4056 2737 4095 cum
2780 4040 3135 4097 Bellosobrio
3184 4044 3390 4112 conjici
3442 4040 3693 4112 (Histoire
3723 4047 3796 4101 du

2151 4060 2344 4112 inepte
2378 4060 2569 4111 power.
2604 4060 2737 4095 cum
2780 4060 3135 4097 uenosonrxo
3184 4060 3285 4098 con
3320 4060 3390 4098 ιοι
3442 4060 3693 4112 (ηιδῑοινε
3723 4060 3796 4101 au

2150 4114 2560 4190 manichc‘isme,
2595 4116 2638 4167 t.
2668 4112 2734 4181 ΙΙ,
2766 4114 2980 4190 p422)
3022 4130 3203 4190 unum
3258 4060 3577 4190 Marcionis
3611 4118 3797 4190 bapti-

2152 4202 2346 4239 smum
2381 4185 2438 4238 in
2485 4200 2688 4239 omnes
2739 4182 3039 4254 collatum,
3093 4187 3271 4241 altero
3326 4188 3584 4245 initiatos
3617 4182 3798 4246 fuisse

2152 4256 2442 4333 interioris
2474 4254 2854 4333 admissionis
2875 4257 3297 4333 _Marcionlitas:
3332 4260 3623 4333 imprimis
3660 4264 3799 4333 quia

2151 4328 2763 4404 Epiphanius‘diserte
2820 4328 3059 4404 adjicit:
3121 4325 3285 4404 ἔξεστι
3344 4325 3549 4386 διδόναι
3586 4325 3794 4404 (scilic.

2153 4398 2386 4473 λόὕέρον
2418 4399 2543 4475 nap’
2585 4398 2766 4460 αὐτοῖς
2792 4403 2870 4469 τῷ
2919 4398 3264 4475 βουλομένῳ,
3321 4405 3474 4473 quod
3510 4398 3798 4475 pugnaret

2154 4473 2817 4548 cum_omnibus__super
2869 4488 3047 4548 _ea_re
3098 4473 3238 4529 locis
3296 4473 3660 4546 Tertulliani,
3697 4478 3796 4548 qui

2154 4544 2375 4620 nuptiis
2408 4561 2469 4599 se
2501 4544 2771 4598 abdicare
2802 4542 3065 4620 rebuisse
3098 4551 3338 4620 cunctos
3370 4548 3470 4612 ait,
3502 4548 3601 4619 qui
3650 4542 3795 4620 tingi

2156 4614 2321 4673 sacro
2350 4615 2642 4690 lavacroa
2672 4614 3023 4690 Marcionitis
3055 4616 3376 4673 voluissent
3418 4614 3541 4690 (lib'.
3584 4637 3636 4686 v,
3671 4614 3795 4677 adi).

2154 4690 2320 4761 Marc.
2353 4705 2402 4743 ο.
2438 4689 2499 4742 11
2529 4707 2541 4756 ;
2575 4686 2675 4761 lib.
2709 4704 2749 4761 ξ,
2782 4702 2831 4741 c.
2864 4688 2954 4752 29,
2988 4692 3123 4757 etc.)
3168 4690 3282 4745 nisi
3314 4686 3607 4761 duplicem
3642 4693 3799 4751 hunc

2154 4760 2518 4833 baptismum
2564 4759 3028 4833 admitteremus.
3077 4766 3148 4814 At
3195 4780 3351 4818 nunc
3393 4759 3452 4819 3°
3498 4770 3677 4820 restat
3706 4766 3799 4822 di-

2155 4831 2303 4916 cere,
2337 4832 2568 4916 qualem
2616 4831 2976 4916 baptismum
3032 4834 3268 4916 tertium
3323 4838 3574 4892 Marcion
3607 4840 3799 4894 credi-

2156 4906 2324 4973 derit,
2357 4906 2415 4959 in
2467 4920 2690 4979 qua_re
2740 4907 2940 4959 nostra
2985 4907 3221 4979 proprie
3273 4925 3451 4964 causa
3487 4916 3794 4979 versatur;

2155 4994 2328 5049 quem
2363 4976 2655 5048 quomodo
2686 4982 2955 5049 oporteat
2982 4975 3248 5049 intelligi,
3281 4980 3607 5038 clarissime
3630 4975 3799 5040 docet

2155 5047 2583 5124 argumentum.
2619 5064 2731 5119 quo
2782 5047 3136 5124 Marcionem
3180 5047 3546 5124 Epiphanius
3580 5056 3661 5111 ait
3692 5056 3795 5110 tri-

2154 5122 2362 5195 plicem
2396 5120 2763 5195 baptismum
2788 5121 3191 5195 confirmasse,
3224 5120 3465 5182 ductum
3489 5143 3519 5181 e
3548 5126 3673 5183 loco
3694 5126 3795 5182 illo

2153 5192 2305 5269 apud
2343 5194 2551 5269 Lucam
2584 5193 2655 5264 (ε.
2692 5192 2815 5269 X_l_l,
2849 5193 3094 5269 50),__ubi
3118 5195 3281 5269 haud
3328 5199 3503 5254 dubie
3534 5200 3603 5253 de
3653 5215 3794 5269 sup-

2154 5212 2184 5249 a
2231 5212 2305 5248 ua
2343 5212 2551 5248 Lucam
2584 5212 2655 5264 to.
2694 5212 2815 5258 All,
2849 5212 2961 5260 0U),
2996 5212 3094 5249 um
3128 5212 3281 5251 naua
3328 5212 3503 5254 dubie
3534 5212 3603 5253 de
3653 5215 3791 5269 sup-

2154 5212 2325 5337 plicio
2357 5282 2463 5338 suo
2495 5265 2681 5338 deque
2702 5262 2895 5338 aliquo
2924 5264 3035 5320 sibi
3063 5268 3255 5323 adhuc
3286 5269 3627 5325 imminente
3650 5269 3791 5338 bap-

2154 5335 2329 5413 tismo
2348 5335 2896 5413 Christusloquitur
2916 5354 2927 5413 ς
2947 5339 3101 5408 quod
3124 5340 3362 5395 allatum
3383 5356 3617 5413 quoque
3638 5357 3671 5394 a
3692 5335 3797 5395 cie-

2151 5410 2292 5484 teris
2318 5410 2386 5463 ad
2420 5408 2851 5484 defendendum
2877 5408 3121 5484 alterum
3147 5408 3416 5483 martyrii
3434 5408 3790 5484 baptismum

2150 5483 2437 5537 videmus.
2474 5482 2597 5545 Qua
2649 5497 2708 5535 re
2737 5486 2930 5536 motus
2980 5482 3107 5538 sine
3147 5484 3266 5538 ulla
3308 5482 3677 5539 dubitatione
3708 5485 3793 5539 sic

2153 5559 2377 5627 statuo,
2396 5570 2533 5627 eum,
2561 5551 2867 5627 suppliciis
2889 5552 3346 5627 Christianorum
3368 5560 3433 5611 ad
3458 5555 3791 5627 exemplum

2149 5628 2287 5702 Jesu
2327 5626 2537 5702 Christi
2572 5624 2980 5702 suscipiendis
3025 5625 3201 5682 etiam
3250 5644 3464 5685 nomen
3512 5624 3792 5702 baptismi

2151 5699 2460 5770 cujusdam
2489 5696 2794 5755 indidisse.
