4526 6354
446 326 557 385 197

1333 321 1431 382 AC
1475 319 1869 382 DOCTRINA
1914 320 2419 383 SCRIPTORUM
2462 322 2993 385 TERTULLIANI

3749 326 3863 387 198

444 470 610 513 more
634 470 743 509 suo
761 451 943 509 errori
978 468 1044 507 se
1096 450 1369 507 dedisset.
1429 451 1574 508 Nam
1633 455 1689 508 et
1747 451 2096 507 Caianorum
2129 453 2183 520 Α
2214 452 2582 525 presbyteros
2613 453 2793 510 fuisse
2823 458 2879 509 et
2909 454 3208 522 diaconos,
3238 458 3433 511 tamen
3464 454 3643 511 alium
3675 455 3734 511 in
3766 472 3863 513 eo-

446 552 617 603 sectaa
676 544 829 599 hanc
888 541 1199 597 mulierem
1256 541 1551 596 addictam
1609 542 1789 597 fuisse
1844 542 1924 597 ait
1980 541 2106 613 ipse

444 634 866 700 Tertullianus,
899 649 949 687 c.
988 634 1037 699 1,
1086 648 1335 702 quorum
1395 635 1451 686 et
1506 633 1741 687 decreta
1798 636 1855 686 et
1914 648 2106 687 mores

448 725 709 781 multum
742 723 1083 794 discrepant
1112 738 1144 775 a
1174 722 1658 776 Montanistarum
1692 720 2024 792 disciplina,
2050 724 2107 775 et

449 831 753 885 nunquam
785 811 1160 884 repudiatum
1184 811 1544 881 baptismum
1568 828 1601 864 a
1630 810 1995 865 Montanistis
2024 810 2102 864 le-

447 904 671 977 gimus,
704 901 807 956 sed
840 900 1150 954 defensum
1183 899 1361 954 etiam
1394 916 1427 953 a
1458 897 1817 953 Tertulliano
1874 901 2103 953 monta-

450 992 610 1049 nista
670 989 856 1045 multa
912 990 973 1043 in
1033 988 1198 1059 locis,
1248 992 1311 1043 ut
1355 988 1419 1044 de
1457 988 1754 1055 Pudicitia,
1789 1005 1838 1043 c.
1876 988 1958 1042 19.
1993 988 2103 1042 Sed

448 1085 592 1139 sunt
613 1081 728 1137 alia
750 1081 863 1134 duo
886 1082 1235 1150 argumenta
1272 1078 1427 1149 apud
1472 1077 1787 1149 Dupinium
1819 1078 2108 1148 (Nouvelle

450 1171 822 1241 bibliothéque
849 1169 939 1225 des
967 1171 1193 1223 auteurs
1224 1167 1966 1239 ecclesiastiques,tom.1,p.
1990 1166 2104 1237 91),

450 1262 666 1334 quibus
696 1260 855 1315 hunc
886 1258 1102 1312 librum
1137 1256 1195 1312 in
1228 1256 1481 1312 indicem
1515 1256 1871 1328 scriptorum
1906 1272 2106 1310 emen-

450 1350 697 1407 datioris
732 1347 1008 1404 doctrinas
1042 1347 1213 1401 infert
1244 1364 1257 1414 ;
1291 1348 1539 1401 alterum
1591 1346 1744 1417 quod
1795 1344 1941 1399 nulli
1989 1344 2108 1399 sint

451 1441 589 1496 huic
625 1440 772 1494 libro
805 1454 1030 1493 errores
1062 1435 1548 1491 Montanistarum
1583 1435 1830 1506 aspersi,
1856 1433 2102 1489 alterum

451 1530 612 1602 quod
644 1528 802 1584 dicat
853 1528 1201 1598 potestatem
1254 1524 1589 1579 conferendi
1650 1523 1927 1595 baptismi
1990 1539 2104 1577 non

454 1618 567 1674 nisi
619 1615 1028 1688 episcoporum
1078 1629 1226 1681 esse,
1279 1614 1442 1668 nefas
1493 1613 1666 1667 etiam
1707 1628 1856 1680 esse,
1889 1612 1939 1667 si
1972 1612 2108 1683 quis

454 1707 623 1763 illam
656 1704 1007 1760 mulieribus
1034 1703 1349 1771 concedat;
1383 1719 1507 1774 quae
1539 1703 1709 1757 verba
1760 1700 2106 1757 Tertulliani

456 1797 543 1851 illi
575 1796 850 1850 videntur
880 1792 1173 1848 contraria
1214 1792 1703 1847 Montanistarum
1762 1790 2103 1862 disciplinae.
2136 1826 2183 1891 B

457 1891 529 1939 At
586 1883 733 1938 illud
795 1882 1071 1953 superius
1117 1880 1351 1935 eludere
1381 1879 1569 1951 quivis
1602 1879 1765 1935 facile
1797 1882 1988 1951 potest
2017 1895 2103 1948 eo,

458 1974 614 2047 quod
648 1973 805 2027 dicat
832 1987 947 2025 non
986 1986 1115 2025 esse
1162 1969 1316 2023 hunc
1365 1968 1580 2023 librum
1630 1969 1961 2041 oppositum
2014 1986 2105 2023 or-

456 2064 723 2119 thodoxa
773 2058 1041 2115 Ecclesiae
1092 2057 1397 2123 doctrinis,
1445 2058 1596 2111 unde
1628 2073 1731 2111 nec
1762 2056 2103 2112 admiratio-

459 2170 587 2209 nem
616 2151 857 2206 haberet
906 2148 1034 2217 hoc,
1085 2148 1235 2218 quod
1286 2146 1683 2203 Tertullianns
1731 2146 1827 2202 hic
1872 2146 2105 2202 nullum

460 2244 528 2298 ab
577 2241 680 2296 illa
725 2223 985 2294 Ecclesia
1035 2236 1371 2293 dissensum
1421 2236 1779 2307 proﬁteatur,
1815 2236 1967 2307 quod
2002 2252 2106 2291 nec

458 2333 515 2386 in
542 2329 676 2385 aliis
707 2326 861 2394 fecit,
892 2327 951 2380 in
981 2325 1195 2397 quibus
1226 2324 1335 2378 sibi
1378 2341 1491 2379 non
1541 2324 1925 2395 pugnandum
1971 2341 2104 2379 cum

460 2419 699 2493 Psychis
730 2432 858 2472 esse
902 2416 1157 2480 videbat,
1216 2413 1429 2469 velutis
1481 2414 1539 2467 in
1599 2412 1746 2468 libro
1805 2413 1870 2469 de
1925 2415 2106 2470 Pallio

456 2511 709 2580 aliisque
758 2522 935 2578 supra
969 2503 1355 2576 pertractatis.
1409 2503 1517 2559 Sed
1568 2503 1626 2557 in
1659 2502 1839 2558 altero
1870 2503 2107 2575 Dupinii

457 2601 809 2671 argumento
870 2594 1017 2649 falsa
1062 2593 1212 2648 veris
1265 2596 1405 2647 sunt
1454 2592 1652 2647 mista.
1706 2593 1930 2663 Itaque,
1980 2610 2104 2663 quas

456 2694 615 2744 recte
644 2704 714 2742 ex
744 2702 809 2741 eo
859 2701 961 2756 pro
1009 2685 1232 2754 integra
1279 2680 1459 2752 hujus
1507 2680 1640 2735 libri
1690 2681 1957 2736 doctrina
2006 2682 2103 2737 de-

457 2776 649 2851 promi
701 2773 951 2846 possint,
986 2777 1186 2843 postea
1216 2769 1676 2842 disputabimus,
1708 2774 1763 2825 et
1794 2788 1977 2825 unum
2011 2770 2103 2825 hic

457 2866 993 2922 animadvertemus
1026 2860 1129 2915 viri
1161 2861 1313 2915 docti
1345 2860 1911 2915 errorem.Videlicet
1943 2860 2101 2915 Mon-

454 2957 708 3012 tanistas
738 2951 1073 3024 suSpicatur
1103 2949 1335 3005 feminis
1368 2954 1713 3021 potestatem
1746 2948 1977 3021 publice
2007 2951 2105 3004 doc

456 3045 626 3101 cendi
676 3042 947 3108 dedisse,
992 3056 1169 3112 quem
1219 3056 1351 3094 cum
1402 3038 1473 3094 iis
1522 3038 1743 3093 adimat
1807 3038 2101 3093 licentiam

456 3133 672 3190 Tertul.
746 3131 806 3185 in
858 3133 1056 3186 nostro
1108 3128 1323 3196 libello,
1373 3126 1530 3182 hunc
1580 3130 1748 3199 putat
1792 3143 1822 3182 e
1855 3143 2098 3182 numero

2216 558 2346 595 rum
2379 543 2715 598 doctoribus
2764 544 3118 599 collocandis
3168 544 3436 600 ordinem
3487 547 3858 602 observatum

2216 630 2419 699 fuisse,
2453 634 2619 687 testis
2652 638 2738 688 est
2769 634 3152 705 Hieronymus
3184 636 3448 704 (Epistola
3508 635 3579 689 ad
3636 636 3858 691 Marcet-

2216 722 2347 785 tam,
2378 737 2504 792 quae
2532 726 2613 777 est
2641 726 2711 776 27
2738 724 2870 778 edit.
2903 725 2987 778 Jo.
3022 723 3361 789 Martianeei,
3393 727 3534 779 tom.
3574 725 3664 794 IV,
3698 731 3856 798 part:

2216 828 2276 879 ιι,
2311 828 2366 881 p.
2400 812 2489 878 65)
2527 827 2537 864 :
2570 811 2669 881 qui
2698 812 2841 882 apud
2870 828 2983 879 nos,
3018 812 3230 882 inquit,
3274 815 3642 884 apostolorum
3685 816 3860 871 locum

2213 901 2451 971 episcopi
2478 905 2685 969 tenent,
2718 902 2868 972 apud
2892 917 2979 956 eos
3022 902 3299 972 episc0pus
3348 904 3541 957 tertius
3598 908 3697 960 est.
3758 907 3861 960 Ha-

2217 990 2338 1044 bent
2394 992 2541 1044 enim
2586 992 2794 1061 primo:
2850 991 2913 1045 de
2942 992 3161 1061 Pepum
3202 992 3573 1061 patriarchas,
3600 996 3866 1050 secundos

2215 1095 2345 1149 quos
2377 1080 2659 1150 appellant
2690 1082 2964 1150 Canenas,
2997 1085 3160 1151 atque
3193 1082 3269 1135 ita
3302 1082 3359 1135 in
3403 1084 3645 1149 tertium,
3696 1086 3735 1138 i.
3790 1101 3861 1152 e.,

2212 1184 2353 1239 pene
2400 1170 2657 1223 ultimum
2682 1170 2882 1240 ,locum
2912 1170 3153 1240 episc0pi
3179 1168 3563 1227 devolvuntur.
3605 1172 3787 1235 Quam
3815 1173 3862 1229 si

2216 1256 2349 1327 quis
2382 1258 2574 1313 dicere
2606 1258 2741 1313 velit
2770 1258 3254 1313 consuetudinem
3279 1258 3765 1316 Montanistarum
3791 1262 3860 1316 ab

2214 1347 2561 1419 Hieronymo
2598 1348 2791 1403 ﬁctam
2823 1365 2951 1403 esse
2979 1347 3069 1402 vel
3107 1347 3449 1403 Tertulliani
3501 1367 3619 1405 aevo
3665 1368 3860 1406 recen-

2214 1435 2443 1506 tiorem,
2480 1454 2665 1509 neque
2698 1438 2838 1509 quid
2864 1454 3090 1492 movere
3122 1437 3537 1509 Hieronymum
3582 1440 3865 1510 potuisset

2214 1525 2401 1592 video,
2438 1532 2501 1580 ut
2532 1526 2674 1581 talia
2706 1528 2969 1599 ﬁngeret,
3004 1544 3132 1598 qua}
3174 1544 3388 1599 magno
3446 1528 3678 1583 crimini
3736 1529 3862 1584 dari

2217 1615 2589 1670 Montanistis
2650 1634 2763 1671 non
2825 1621 3072 1688 poterat,
3133 1632 3320 1686 neque
3370 1616 3642 1672 abhorret
3672 1617 3862 1689 aliquo

2218 1704 2411 1774 modo,
2439 1704 2536 1775 qui
2568 1704 2680 1775 ipsi
2712 1722 2773 1759 se
2805 1705 2928 1760 suis
2961 1704 3047 1760 vel
3079 1704 3356 1761 docirinis
3388 1704 3471 1759 vel
3506 1705 3790 1762 institutis
3830 1725 3864 1763 a

2216 1793 2516 1847 communi
2549 1794 2805 1849 Ecclesia
2833 1795 3230 1865 sejunxerant,
3265 1810 3362 1849 eos
3392 1795 3565 1850 etiam
3598 1796 3864 1851 ordinem

2217 1883 2587 1938 sacerdotum
2612 1884 2908 1938 diversum
2933 1883 3861 1941 acommuniconsuetudinecon-

2216 1972 2823 2043 stituisse,prwsertim
2838 1974 3103 2043 cumjam
3117 1973 3240 2043 ipse
3253 1973 3565 2028 Montanus
3581 1973 3862 2045 Pepuzem

2214 2061 2473 2132 Phrygiis
2531 2062 2811 2133 oppidum
2867 2061 3320 2133 Hierosolymam
3380 2061 3733 2133 appellasset
3777 2064 3862 2134 (V.

2216 2150 2424 2204 Euseb.
2477 2152 2609 2205 Hist.
2643 2151 2853 2205 Eccles.
2887 2150 2988 2206 lib.
3022 2168 3075 2216 ν,
3110 2167 3159 2204 c.
3198 2152 3303 2220 18).
3336 2154 3522 2223 Atque
3554 2168 3684 2207 ecce
3718 2152 3861 2207 mihi

2216 2244 2503 2310 quantum
2520 2241 2576 2294 in
2594 2245 2792 2295 nostro
2807 2239 3004 2295 libello
3017 2240 3297 2295 honorem
3314 2240 3602 2312 episcopis
3616 2247 3862 2313 asserat,

2217 2346 2346 2383 cum
2378 2346 2611 2384 omnem
2644 2330 2904 2399 tingendi
2936 2346 3089 2400 aqua
3118 2346 3285 2384 sacra
3316 2333 3661 2401 potestatem
3687 2331 3757 2385 ab
3792 2331 3861 2386 iis

2217 2418 2490 2487 deducat,
2509 2422 2565 2472 et
2588 2417 2772 2487 ipsius
2790 2416 3060 2472 Ecclesiw
3075 2418 3353 2472 honorem
3372 2434 3503 2471 cum
3528 2418 3737 2473 horum
3771 2419 3857 2473 di-

2215 2506 2438 2577 gnitate
2461 2506 3016 2577 conjunctissimum
3042 2506 3370 2560 tradat.Sed
3394 2506 3450 2559 in
3476 2505 3623 2561 libro
3644 2507 3712 2561 de
3742 2513 3858 2562 Pu-

2213 2595 2434 2664 dicitia,
2460 2600 2581 2650 tam
2616 2595 2941 2650 vehementi
2976 2593 3075 2649 illo
3126 2595 3183 2649 in
3233 2595 3719 2651 consuetudinem
3769 2614 3860 2651 or-

2215 2685 2480 2739 thodoxae
2514 2683 2803 2751 Ecclesiae,
2838 2700 3015 2753 quam
3048 2682 3225 2747 salse,
3249 2682 3861 2755 obsecro,perstringit

2216 2774 2701 2844 (c.1):l’ontiﬁcem
2729 2773 2935 2827 scilicet
2966 2774 3276 2825 maximum
3306 2772 3720 2842 episcopumque
3748 2775 3861 2843 epi-

2211 2879 2515 2933 scoparum,
2531 2864 2752 2934 ejusque
2781 2862 3022 2917 edictum
3044 2862 3683 2932 peremptoriumlquam
3715 2861 3860 2916 nihil

2214 2952 2315 3005 dat
2342 2955 2505 3005 tanto
2540 2951 2678 3021 viro,
2712 2955 2777 3006 ut
2807 2951 2887 3005 ait
2917 2951 3032 3015 hic,
3069 2968 3100 3005 a
3133 2967 3246 3021 quo
3292 2950 3549 3021 dignitas
3596 2950 3859 3005 Ecclesiae

2212 3040 2518 3111 pendebat!
2547 3042 2622 3094 Ac
2653 3040 2701 3095 si
2734 3040 2867 3109 quis
2900 3044 3088 3111 putat,
3114 3039 3266 3110 quod
3298 3054 3397 3109 ego
3432 3055 3543 3093 non
3578 3038 3857 3095 difﬁteor.

2208 3128 2629 3184 Tertullianum
2659 3128 2716 3182 in
2749 3128 2847 3183 illo
2880 3128 3025 3183 libro
3060 3144 3326 3199 magnam
3382 3126 3563 3181 animi
3620 3144 3855 3199 permo-

456 3220 1009 3280 monlanisticorum
1034 3234 1146 3273 non
1189 3234 1338 3273 esse.
1395 3217 1458 3271 In
1510 3233 1625 3289 quo
1696 3216 1850 3271 haud
1923 3216 2098 3271 dubie
2130 3199 2172 3265 (αἶ
2210 3220 2430 3273 tionem
2490 3219 2561 3273 ad
2619 3234 2855 3272 causam
2917 3216 3202 3283 attulisse,
3252 3215 3433 3270 alium
3465 3216 3613 3270 dabo
3646 3215 3853 3273 elibro

456 3318 632 3381 errat,
688 3315 747 3366 et
793 3313 994 3365 contra
1043 3307 1364 3362 niteremur
1407 3306 1515 3361 hoc
1546 3305 1670 3361 loco
1700 3322 1767 3360 ex
1796 3305 1942 3377 ipsis
1970 3311 2103 3361 Ter-

456 3400 687 3458 tulliani
718 3399 954 3469 scriptis
986 3397 1382 3453 montanismo
1414 3396 1663 3461 infectis,
1696 3412 1742 3450 c.
1778 3412 1827 3451 e.
1879 3412 1908 3451 e
1955 3396 2104 3451 libro

456 3494 523 3548 de
576 3490 825 3548 i’elundis
872 3486 1201 3557 m'rginibus,
1253 3502 1301 3540 c.
1346 3486 1400 3551 9,
1449 3484 1561 3539 nisi
1592 3502 1718 3539 eam
1751 3484 2104 3556 disputatio-

457 3598 591 3636 nem
629 3581 973 3649 occupasset
999 3574 1523 3645 Cl.V.Theophilus
1551 3574 1989 3629 Wernsdorﬁus
2022 3576 2102 3643 (ln

462 3671 616 3727 153
687 3669 1050 3724 Commentat.
1119 3664 1183 3720 de
1247 3663 1588 3719 Montanistis
1647 3677 1775 3718 saec.
1843 3663 1878 3715 2
1942 3664 2104 3733 vulgo

459 3760 686 3817 creditis
717 3756 1009 3821 hwreticis,
1044 3753 1286 3818 Gedaui,
1339 3753 1495 3822 1751,
1545 3751 1573 3823 §
1625 3753 1733 3822 19).
1798 3754 1981 3818 Quam
2032 3754 2105 3807 ob

456 3867 582 3905 rem
614 3863 971 3919 exponamus
1003 3851 1225 3915 oportet
1254 3842 1583 3912 illud,quod
1618 3858 1722 3895 nos
1746 3846 2107 3896 commoveat

458 3946 521 3995 ut
550 3941 621 3994 de
654 3937 797 3992 libro
830 3940 1028 3990 nostro
1063 3932 1251 4003 magis
1278 3932 1334 3984 in
1360 3930 1774 3993 honestiorem,
1800 3946 1975 3999 quam
2006 3946 2103 4000 pe-

447 4031 641 4101 jorem
675 4030 890 4098 partem
924 4021 1422 4095 pronuntiandum
1456 4036 1583 4075 esse
1614 4020 2103 4090 putemus.Hujus

449 4115 658 4189 judicii
690 4112 906 4185 duplex
943 4118 1030 4167 est
1079 4126 1276 4165 causa.
1326 4110 1579 4163 Primum
1629 4124 1760 4162 cum
1830 4108 2102 4179 quaestio-

456 4224 591 4261 nem
642 4208 850 4258 tractat
900 4203 969 4256 de
1015 4201 1107 4268 iis,
1140 4200 1356 4271 quibus
1380 4199 1565 4269 jussit
1594 4197 1870 4267 baptismi
1905 4198 2105 4251 confe-

454 4295 623 4349 rendi
656 4294 727 4361 (c.
764 4292 870 4360 17),
904 4289 1064 4344 illam
1099 4292 1443 4358 potestatem
1476 4303 1750 4340 summum
1780 4286 1980 4341 habere
2027 4287 2107 4340 ait

451 4382 809 4447 sacerdotem,
843 4381 1043 4450 quiest
1071 4379 1367 4448 episcopus,
1420 4375 1618 4430 dehinc
1664 4376 2006 4446 presbyteros
2054 4379 2106 4429 et

452 4474 729 4537 diaconos,
788 4484 898 4523 non
954 4473 1141 4521 tamen
1197 4467 1319 4521 sine
1357 4464 1601 4535 episcopi
1629 4466 1951 4519 auctoritate
1974 4480 2104 4536 pro.

2211 3307 2277 3361 de
2313 3307 2710 3363 Exhortatione
2738 3307 3035 3372 castitatis,
3061 3305 3211 3359 haud
3235 3304 3409 3359 dubie
3442 3305 3855 3361 Montanistico

2210 3397 2426 3462 locum,
2460 3398 2557 3467 qui
2589 3396 2760 3467 longe
2794 3397 3097 3466 majorem,
3132 3399 3191 3449 ut
3222 3393 3364 3448 mihi
3399 3393 3643 3460 videtur,
3696 3395 3858 3451 laicis

2211 3485 2421 3540 tribuit
2452 3485 2731 3556 baptismi
2766 3483 3099 3539 conferendi
3134 3482 3453 3549 licentiam,
3488 3500 3663 3554 quam
3705 3500 3856 3553 eam,

2214 3574 2445 3644 qualem
2474 3580 2675 3628 nostro
2708 3575 2766 3627 in
2799 3573 2945 3627 libro
2993 3573 3351 3640 defenderat,
3402 3577 3466 3626 ut
3514 3574 3632 3643 jam
3694 3572 3858 3627 video

2214 3680 2490 3734 magnum
2518 3663 2726 3729 virum,
2761 3679 2930 3733 quem
2964 3661 3202 3716 honoris
3234 3677 3413 3715 causa
3445 3677 3740 3733 nuncupo,
3766 3663 3862 3733 ju-

2214 3760 2371 3809 stum
2402 3752 2793 3824 Henningium
2814 3757 3142 3806 Baemerum
3168 3753 3334 3805 acute
3359 3749 3657 3804 monuisse
3686 3752 3857 3822 (Diss.

2214 3860 2270 3897 IX
2294 3845 2420 3898 Jur.
2452 3841 2753 3897 ecclesiast.
2783 3843 2935 3911 antiq
2991 3840 3123 3913 §5).
3169 3840 3273 3894 Ubi
3333 3855 3466 3894 cum
3527 3855 3709 3908 neque
3766 3857 3860 3895 sa-

2213 3931 2573 3986 cerdotibus.
2610 3934 2677 3983 V.
2712 3931 2778 3984 T.
2815 3945 3005 4001 neque
3037 3928 3378 3982 Christiane
3411 3929 3565 3983 154
3596 3928 3861 3982 Ecclesia:

2214 4020 2618 4076 sacerdotibus
2649 4019 2923 4075 redetitas
2957 4018 3274 4090 permissas
3306 4033 3433 4071 esse
3466 4016 3699 4087 nuptias
3731 4018 3865 4071 Ter-

2212 4108 2496 4165 tullianus
2527 4109 2788 4179 dixisset,
2824 4124 3011 4179 neque
3042 4106 3171 4162 illas
3204 4107 3285 4161 ait
3330 4106 3550 4178 suscipi
3609 4124 3642 4162 a
3698 4105 3862 4162 laicis

2214 4199 2727 4269 debere,quoniam
2760 4203 2815 4251 et
2845 4198 2954 4269 ipsi
2992 4196 3614 4251 sacerdotesaChristo
3646 4197 3864 4251 consti-

2212 4290 2321 4342 tuti
2349 4288 2803 4356 fuissent,quare
2828 4286 2908 4339 illi
2933 4287 3105 4340 etiam
3127 4285 3390 4356 offerendi
3409 4285 3756 4354 tingendique
3772 4286 3867 4339 ha-

2216 4377 2399 4431 berent
2424 4380 2744 4447 potestatem
2778 4380 2830 4430 et
2855 4376 3167 4429 sacerdotes
3194 4374 3307 4428 sibi
3335 4374 3444 4427 soli
3472 4378 3663 4427 essent.
3700 4374 3862 4435 Quod

2213 4465 2446 4520 tametsi
2481 4482 2594 4519 non
2627 4465 2783 4519 dicat
2814 4465 2940 4519 ﬁeri
2965 4464 3195 4529 debere,
3232 4462 3345 4517 nisi
3370 4462 3464 4516 ubi
3492 4478 3601 4516 non
3651 4462 3721 4515 sit
3775 4477 3863 4515 ec-

448 4570 578 4634 pter
604 4560 863 4615 Ecclesia:
892 4557 1175 4612 honorem.
1211 4555 1480 4625 Alioquin
1508 4555 1700 4618 etiam,
1739 4554 1941 4625 pergit,
1993 4554 2103 4608 Iai-
2136 4568 2183 4633 D
2214 4556 2504 4610 clesiastici
2558 4554 2770 4609 ordinis
2827 4569 3129 4620 consessus,
3167 4559 3362 4606 tamen
3395 4566 3584 4618 neque
3616 4549 3864 4605 mentio-

451 4652 534 4706 cis
572 4651 670 4720 jus
719 4650 816 4713 est,
866 4677 933 4686 —
975 4646 1072 4700 sed
1100 4660 1222 4699 cum
1252 4660 1316 4698 ea
1344 4644 1655 4715 majoribus
1682 4644 2009 4712 competant,
2038 4659 2109 4698 ne

452 4738 563 4793 sibi
589 4739 891 4791 assumant
935 4733 1182 4789 dicatum
1227 4733 1485 4804 episcopis
1533 4731 1779 4800 ofﬁcium
1825 4732 2109 4803 epismpa-

451 4832 563 4883 tus.
596 4824 761 4881 Unde
789 4824 910 4878 hinc
944 4824 1405 4893 consequuntur.
1430 4818 1855 4875 Tertullianum
1891 4819 2106 4875 librum

455 4921 727 4972 nostrum
760 4913 1069 4984 scripsisse
1102 4917 1251 4977 tum,
1284 4926 1419 4966 cum
1452 4914 1787 4963 versaretur
1818 4908 1874 4962 in
1910 4908 2107 4981 aliquo

457 5010 609 5061 cmtu
643 5019 830 5068 sacro,
863 5001 963 5073 qui
995 5006 1051 5055 et
1076 4999 1378 5072 episcopos
1409 5014 1674 5054 summos
1706 5014 1835 5053 esse
1867 5000 2110 5070 putabat

458 5109 655 5149 rerum
704 5106 1005 5147 sacrarum
1060 5089 1495 5153 moderatores,
1551 5087 1608 5142 et
1654 5086 1818 5141 laicis
1869 5088 2105 5143 nonnisi

459 5198 697 5239 summa
728 5180 784 5235 in
818 5177 1168 5235 necessitate
1192 5176 1559 5233 versantibus
1602 5177 1703 5246 jus
1755 5176 2109 5233 concedebat

460 5272 713 5344 aliquem
766 5285 933 5324 sacro
984 5267 1210 5322 lavacro
1260 5265 1557 5321 abluendi.
1589 5265 1697 5320 Sed
1728 5263 1787 5319 in
1821 5265 2107 5322 Montani-

460 5368 679 5417 starum
714 5357 1039 5415 conviculis
1088 5354 1258 5427 longe
1307 5354 1421 5409 alia
1469 5355 1699 5409 videtur
1746 5357 2108 5410 consuetudo

463 5450 758 5507 obtinisse.
792 5449 942 5504 Nam
977 5450 1033 5501 et
1061 5445 1107 5499 si
1142 5461 1256 5500 non
1290 5460 1520 5516 negem,
1549 5443 1619 5498 iis
1650 5442 1825 5498 etiam
1858 5460 1997 5500 suos
2053 5449 2111 5500 et

2218 4660 2348 4699 nem
2380 4644 2744 4698 auctoritatis
2774 4644 3181 4713 episcopornm
3214 4640 3302 4694 vel
3362 4643 3700 4693 caiterorum
3763 4641 3866 4695 do-

2218 4738 2443 4789 ctorum
2506 4732 2876 4805 publicorum
2930 4731 3150 4801 injecit,
3183 4733 3246 4783 ut
3277 4730 3345 4783 ﬁt
3376 4728 3434 4783 in
3468 4732 3666 4783 nostro
3694 4728 3865 4799 libro,

2218 4839 2408 4895 neque
2441 4823 2589 4878 hanc
2619 4822 2901 4877 laicorum
2934 4824 3282 4893 potestatem
3317 4835 3384 4874 ex
3416 4818 3741 4874 ofﬁciorum
3766 4820 3869 4889 ju-

2219 4912 2419 4984 risque
2450 4913 2877 4981 vicissitudine,
2912 4916 2977 4966 ut
3008 4911 3099 4965 hic
3132 4911 3243 4981 (35)
3272 4908 3527 4978 deducit,
3562 4909 3661 4963 sed
3696 4908 3866 4980 plane

2218 5019 2285 5057 ex
2316 5006 2558 5073 mystico
2577 5002 2841 5056 omnium
2865 5000 3321 5054 christianorum
3347 4998 3694 5063 saccedotio;
3716 4998 3869 5053 unde

2219 5107 2455 5161 magna,
2482 5091 2541 5144 ni
2576 5090 2761 5158 fallor,
2797 5088 2930 5144 duci
2963 5088 3222 5160 suspicio
3246 5091 3457 5159 potest,
3491 5086 3664 5141 aliam
3698 5085 3869 5156 plane

2219 5180 2591 5252 disciplinam
2624 5178 2987 5247 Tertulliani,
3039 5176 3347 5233 scribentis
3406 5176 3514 5231 hos
3573 5174 3868 5230 erroribus

2222 5270 2480 5324 Montani
2516 5269 2760 5324 infectos
2790 5268 2969 5323 libros
3002 5268 3204 5335 fuisse,
3229 5282 3405 5335 quam
3439 5266 3566 5335 ejus
3597 5280 3727 5319 cum
3751 5261 3870 5317 ani-

2220 5376 2382 5413 mum
2413 5359 2483 5413 ad
2518 5364 2783 5413 nostrum
2822 5358 3201 5411 scribendum
3259 5356 3623 5424 adjungeret.
3684 5352 3867 5421 Atque

2219 5452 2285 5502 ut
2327 5447 2472 5502 illud
2507 5447 2695 5521 magis
2728 5447 3092 5513 conﬁrmem,
3126 5460 3441 5517 pr0ponam
3478 5442 3571 5495 hic
3605 5440 3863 5510 aliquam

530 5593 637 5665 (35)
667 5594 751 5650 Ila
783 5590 942 5647 enim
978 5587 1049 5665 de
1073 5587 1387 5665 baptismo,
1422 5604 1471 5643 c.
1506 5587 1573 5641 16
1605 5588 1618 5641 Ξ
1655 5607 1681 5635 ‹‹
1716 5585 1904 5641 Laicis
1932 5586 2106 5643 etiam
2132 5589 2235 5659 jus
2267 5594 2356 5646 est
2384 5590 2742 5663 baptismum
2776 5590 2985 5657 dandi;
3020 5588 3171 5659 quod
3207 5586 3364 5642 enim
3394 5601 3462 5640 ex
3506 5599 3670 5657 sequo
3715 5581 3881 5637 neci--

469 5658 632 5736 pitur,
664 5683 732 5724 ex
761 5677 933 5736 aequo
964 5658 1091 5716 dari
1124 5663 1330 5732 potest.
