  <div class='ocr_page' id='page_1' title='image "/cluster/home/n/w/nwhite01/storage/ocr_20150623/1/umn.31951002477295j/107.png"; bbox 0 0 4526 6336; ppageno 0'>
   <div class='ocr_carea' id='block_1_1' title="bbox 676 307 793 370">
    <p class='ocr_par' dir='ltr' id='par_1_1' title="bbox 676 307 793 370">
     <span class='ocr_line' id='line_1_1' title="bbox 676 307 793 370; baseline -0.017 0"><span class='ocrx_word' id='word_1_1' title='bbox 676 307 793 370; x_wconf 77' lang='grc'>199</span> 
     </span>
    </p>
   </div>
   <div class='ocr_carea' id='block_1_2' title="bbox 1753 299 3004 366">
    <p class='ocr_par' dir='ltr' id='par_1_2' title="bbox 1753 299 3004 366">
     <span class='ocr_line' id='line_1_2' title="bbox 1753 299 3004 366; baseline -0.005 0"><span class='ocrx_word' id='word_1_2' title='bbox 1753 303 2276 366; x_wconf 79' lang='lat' dir='ltr'>DISSERTATIO</span> <span class='ocrx_word' id='word_1_3' title='bbox 2315 301 2421 364; x_wconf 87' lang='lat' dir='ltr'><strong>DE</strong></span> <span class='ocrx_word' id='word_1_4' title='bbox 2463 301 2675 362; x_wconf 79' lang='lat' dir='ltr'>VERA</span> <span class='ocrx_word' id='word_1_5' title='bbox 2719 299 3004 361; x_wconf 67' lang='lat' dir='ltr'>ETATE</span> 
     </span>
    </p>
   </div>
   <div class='ocr_carea' id='block_1_3' title="bbox 3962 301 4090 363">
    <p class='ocr_par' dir='ltr' id='par_1_3' title="bbox 3962 301 4090 363">
     <span class='ocr_line' id='line_1_3' title="bbox 3962 301 4090 363; baseline 0.008 -1"><span class='ocrx_word' id='word_1_6' title='bbox 3962 301 4090 363; x_wconf 73' lang='lat'>200</span> 
     </span>
    </p>
   </div>
   <div class='ocr_carea' id='block_1_4' title="bbox 673 433 4088 515">
    <p class='ocr_par' dir='ltr' id='par_1_4' title="bbox 673 433 4088 515">
     <span class='ocr_line' id='line_1_4' title="bbox 673 433 4088 515; baseline -0.002 -14"><span class='ocrx_word' id='word_1_7' title='bbox 673 443 1073 515; x_wconf 80' lang='lat' dir='ltr'>conjecturam</span> <span class='ocrx_word' id='word_1_8' title='bbox 1106 457 1321 512; x_wconf 90' lang='lat' dir='ltr'>meam,</span> <span class='ocrx_word' id='word_1_9' title='bbox 1355 456 1472 496; x_wconf 94' lang='lat' dir='ltr'>non</span> <span class='ocrx_word' id='word_1_10' title='bbox 1503 439 1673 512; x_wconf 91' lang='lat' dir='ltr'>quasi</span> <span class='ocrx_word' id='word_1_11' title='bbox 1729 439 1858 513; x_wconf 90' lang='lat' dir='ltr'>ipse</span> <span class='ocrx_word' id='word_1_12' title='bbox 1908 455 2002 496; x_wconf 91' lang='lat' dir='ltr'>me</span> <span class='ocrx_word' id='word_1_13' title='bbox 2059 441 2326 513; x_wconf 88' lang='lat' dir='ltr'>putarem</span> <span class='ocrx_word' id='word_1_14' title='bbox 2356 439 2412 508; x_wconf 83' lang='grc' dir='ltr'><strong>Α</strong></span> <span class='ocrx_word' id='word_1_15' title='bbox 2441 436 2543 510; x_wconf 92' lang='lat' dir='ltr'>qui</span> <span class='ocrx_word' id='word_1_16' title='bbox 2574 433 2799 492; x_wconf 82' lang='lat' dir='ltr'>fraudis</span> <span class='ocrx_word' id='word_1_17' title='bbox 2830 433 2889 490; x_wconf 91' lang='lat' dir='ltr'>in</span> <span class='ocrx_word' id='word_1_18' title='bbox 2913 448 2981 490; x_wconf 90' lang='lat' dir='ltr'>ea</span> <span class='ocrx_word' id='word_1_19' title='bbox 3012 449 3074 491; x_wconf 89' lang='lat' dir='ltr'>re</span> <span class='ocrx_word' id='word_1_20' title='bbox 3100 433 3405 491; x_wconf 87' lang='lat' dir='ltr'>convictus</span> <span class='ocrx_word' id='word_1_21' title='bbox 3430 435 3502 491; x_wconf 91' lang='lat' dir='ltr'>de</span> <span class='ocrx_word' id='word_1_22' title='bbox 3532 435 3657 492; x_wconf 92' lang='lat' dir='ltr'>loco</span> <span class='ocrx_word' id='word_1_23' title='bbox 3690 434 3884 504; x_wconf 89' lang='lat' dir='ltr'>fuerit,</span> <span class='ocrx_word' id='word_1_24' title='bbox 3915 434 3978 492; x_wconf 93' lang='lat' dir='ltr'>h.</span> <span class='ocrx_word' id='word_1_25' title='bbox 4031 453 4088 493; x_wconf 85' lang='grc' dir='ltr'><strong>ο.</strong></span> 
     </span>
    </p>
   </div>
   <div class='ocr_carea' id='block_1_5' title="bbox 673 529 2322 602">
    <p class='ocr_par' dir='ltr' id='par_1_5' title="bbox 673 529 2322 602">
     <span class='ocr_line' id='line_1_5' title="bbox 673 529 2322 602; baseline -0.004 -11"><span class='ocrx_word' id='word_1_26' title='bbox 673 550 868 592; x_wconf 89' lang='lat' dir='ltr'>errare</span> <span class='ocrx_word' id='word_1_27' title='bbox 898 533 957 588; x_wconf 93' lang='lat' dir='ltr'>in</span> <span class='ocrx_word' id='word_1_28' title='bbox 993 547 1061 587; x_wconf 82' lang='lat' dir='ltr'>ea</span> <span class='ocrx_word' id='word_1_29' title='bbox 1095 547 1208 586; x_wconf 92' lang='lat' dir='ltr'>non</span> <span class='ocrx_word' id='word_1_30' title='bbox 1240 547 1432 602; x_wconf 86' lang='lat' dir='ltr'>posse,</span> <span class='ocrx_word' id='word_1_31' title='bbox 1469 530 1569 585; x_wconf 92' lang='lat' dir='ltr'>sed</span> <span class='ocrx_word' id='word_1_32' title='bbox 1603 533 1667 584; x_wconf 92' lang='lat' dir='ltr'>ut</span> <span class='ocrx_word' id='word_1_33' title='bbox 1695 529 1935 586; x_wconf 73' lang='lat' dir='ltr'>offeram</span> <span class='ocrx_word' id='word_1_34' title='bbox 1967 529 2038 586; x_wconf 89' lang='lat' dir='ltr'>iis</span> <span class='ocrx_word' id='word_1_35' title='bbox 2071 545 2322 601; x_wconf 91' lang='lat' dir='ltr'>quorum</span> 
     </span>
    </p>
   </div>
   <div class='ocr_carea' id='block_1_6' title="bbox 675 619 2323 694">
    <p class='ocr_par' dir='ltr' id='par_1_6' title="bbox 675 619 2323 694">
     <span class='ocr_line' id='line_1_6' title="bbox 675 619 2323 694; baseline -0.003 -15"><span class='ocrx_word' id='word_1_36' title='bbox 675 625 784 679; x_wconf 92' lang='lat' dir='ltr'>hac</span> <span class='ocrx_word' id='word_1_37' title='bbox 816 624 886 678; x_wconf 93' lang='lat' dir='ltr'>de</span> <span class='ocrx_word' id='word_1_38' title='bbox 916 639 977 678; x_wconf 90' lang='lat' dir='ltr'>re</span> <span class='ocrx_word' id='word_1_39' title='bbox 1009 625 1197 694; x_wconf 84' lang='lat' dir='ltr'>potest</span> <span class='ocrx_word' id='word_1_40' title='bbox 1228 636 1354 675; x_wconf 90' lang='lat' dir='ltr'>esse</span> <span class='ocrx_word' id='word_1_41' title='bbox 1377 619 1695 691; x_wconf 84' lang='lat' dir='ltr'>judicium,</span> <span class='ocrx_word' id='word_1_42' title='bbox 1729 620 1883 691; x_wconf 93' lang='lat' dir='ltr'>quod</span> <span class='ocrx_word' id='word_1_43' title='bbox 1915 619 2170 688; x_wconf 84' lang='lat' dir='ltr'>videant,</span> <span class='ocrx_word' id='word_1_44' title='bbox 2227 635 2323 674; x_wconf 90' lang='lat' dir='ltr'>va-</span> 
     </span>
    </p>
   </div>
   <div class='ocr_carea' id='block_1_7' title="bbox 675 707 2325 783">
    <p class='ocr_par' dir='ltr' id='par_1_7' title="bbox 675 707 2325 783">
     <span class='ocr_line' id='line_1_7' title="bbox 675 707 2325 783; baseline -0.004 -15"><span class='ocrx_word' id='word_1_45' title='bbox 675 713 868 769; x_wconf 89' lang='lat' dir='ltr'>leatne</span> <span class='ocrx_word' id='word_1_46' title='bbox 917 711 1237 783; x_wconf 82' lang='lat' dir='ltr'>quidquam</span> <span class='ocrx_word' id='word_1_47' title='bbox 1299 709 1369 763; x_wconf 92' lang='lat' dir='ltr'>ad</span> <span class='ocrx_word' id='word_1_48' title='bbox 1405 725 1642 764; x_wconf 82' lang='lat' dir='ltr'>causam</span> <span class='ocrx_word' id='word_1_49' title='bbox 1676 712 1937 765; x_wconf 91' lang='lat' dir='ltr'>nostram</span> <span class='ocrx_word' id='word_1_50' title='bbox 1968 707 2107 763; x_wconf 90' lang='lat' dir='ltr'>viris</span> <span class='ocrx_word' id='word_1_51' title='bbox 2137 707 2325 763; x_wconf 91' lang='lat' dir='ltr'>doctis</span> 
     </span>
    </p>
   </div>
   <div class='ocr_carea' id='block_1_8' title="bbox 675 797 2327 874">
    <p class='ocr_par' dir='ltr' id='par_1_8' title="bbox 675 797 2327 874">
     <span class='ocr_line' id='line_1_8' title="bbox 675 797 2327 874; baseline -0.003 -17"><span class='ocrx_word' id='word_1_52' title='bbox 675 801 1060 874; x_wconf 91' lang='lat' dir='ltr'>probandam.</span> <span class='ocrx_word' id='word_1_53' title='bbox 1094 800 1310 869; x_wconf 90' lang='lat' dir='ltr'>Tempe</span> <span class='ocrx_word' id='word_1_54' title='bbox 1340 815 1390 853; x_wconf 91' lang='lat' dir='ltr'>c.</span> <span class='ocrx_word' id='word_1_55' title='bbox 1426 799 1491 852; x_wconf 85' lang='lat'><strong>17</strong></span> <span class='ocrx_word' id='word_1_56' title='bbox 1522 797 1655 854; x_wconf 82' lang='lat' dir='ltr'>libri</span> <span class='ocrx_word' id='word_1_57' title='bbox 1684 798 1867 854; x_wconf 82' lang='lat' dir='ltr'>nostri</span> <span class='ocrx_word' id='word_1_58' title='bbox 1899 797 2158 853; x_wconf 88' lang='lat' dir='ltr'>confutat</span> <span class='ocrx_word' id='word_1_59' title='bbox 2185 801 2327 853; x_wconf 84' lang='lat' dir='ltr'>Ter-</span> 
     </span>
    </p>
   </div>
   <div class='ocr_carea' id='block_1_9' title="bbox 673 887 2324 959">
    <p class='ocr_par' dir='ltr' id='par_1_9' title="bbox 673 887 2324 959">
     <span class='ocr_line' id='line_1_9' title="bbox 673 887 2324 959; baseline -0.002 -13"><span class='ocrx_word' id='word_1_60' title='bbox 673 891 956 947; x_wconf 89' lang='lat' dir='ltr'>tullianus</span> <span class='ocrx_word' id='word_1_61' title='bbox 990 893 1400 958; x_wconf 77' lang='lat' dir='ltr'>argumentum</span> <span class='ocrx_word' id='word_1_62' title='bbox 1433 887 1600 957; x_wconf 89' lang='lat' dir='ltr'>illud,</span> <span class='ocrx_word' id='word_1_63' title='bbox 1633 888 1812 959; x_wconf 90' lang='lat' dir='ltr'>quod,</span> <span class='ocrx_word' id='word_1_64' title='bbox 1837 887 2191 958; x_wconf 85' lang='lat' dir='ltr'>quibuscum</span> <span class='ocrx_word' id='word_1_65' title='bbox 2220 903 2324 958; x_wconf 91' lang='lat' dir='ltr'>pu-</span> 
     </span>
    </p>
   </div>
   <div class='ocr_carea' id='block_1_10' title="bbox 671 973 2324 1054">
    <p class='ocr_par' dir='ltr' id='par_1_10' title="bbox 671 973 2324 1054">
     <span class='ocr_line' id='line_1_10' title="bbox 671 973 2324 1054; baseline -0.004 -18"><span class='ocrx_word' id='word_1_66' title='bbox 671 976 1190 1054; x_wconf 87' lang='lat' dir='ltr'>gnabat,homines</span> <span class='ocrx_word' id='word_1_67' title='bbox 1220 977 1489 1032; x_wconf 89' lang='lat' dir='ltr'>solebant</span> <span class='ocrx_word' id='word_1_68' title='bbox 1508 994 1575 1032; x_wconf 88' lang='lat' dir='ltr'>ex</span> <span class='ocrx_word' id='word_1_69' title='bbox 1598 978 1743 1033; x_wconf 89' lang='lat' dir='ltr'>actis</span> <span class='ocrx_word' id='word_1_70' title='bbox 1773 977 2126 1048; x_wconf 89' lang='lat' dir='ltr'>quibusdam</span> <span class='ocrx_word' id='word_1_71' title='bbox 2158 973 2324 1031; x_wconf 89' lang='lat' dir='ltr'>Pauli</span> 
     </span>
    </p>
   </div>
   <div class='ocr_carea' id='block_1_11' title="bbox 673 1065 2325 1137">
    <p class='ocr_par' dir='ltr' id='par_1_11' title="bbox 673 1065 2325 1137">
     <span class='ocr_line' id='line_1_11' title="bbox 673 1065 2325 1137; baseline -0.004 -11"><span class='ocrx_word' id='word_1_72' title='bbox 673 1084 927 1137; x_wconf 83' lang='lat' dir='ltr'>sumere,</span> <span class='ocrx_word' id='word_1_73' title='bbox 961 1072 1026 1122; x_wconf 91' lang='lat' dir='ltr'>ut</span> <span class='ocrx_word' id='word_1_74' title='bbox 1045 1065 1283 1121; x_wconf 83' lang='lat' dir='ltr'>feminis</span> <span class='ocrx_word' id='word_1_75' title='bbox 1309 1070 1651 1136; x_wconf 90' lang='lat' dir='ltr'>potestatem</span> <span class='ocrx_word' id='word_1_76' title='bbox 1678 1065 1910 1137; x_wconf 85' lang='lat' dir='ltr'>publice</span> <span class='ocrx_word' id='word_1_77' title='bbox 1933 1065 2176 1120; x_wconf 89' lang='lat' dir='ltr'>docendi</span> <span class='ocrx_word' id='word_1_78' title='bbox 2198 1065 2325 1120; x_wconf 88' lang='lat' dir='ltr'>vin-</span> 
     </span>
    </p>
   </div>
   <div class='ocr_carea' id='block_1_12' title="bbox 669 1153 2329 1225">
    <p class='ocr_par' dir='ltr' id='par_1_12' title="bbox 669 1153 2329 1225">
     <span class='ocr_line' id='line_1_12' title="bbox 669 1153 2329 1225; baseline -0.004 -12"><span class='ocrx_word' id='word_1_79' title='bbox 669 1157 952 1213; x_wconf 87' lang='lat' dir='ltr'>dicarent.</span> <span class='ocrx_word' id='word_1_80' title='bbox 990 1155 1120 1210; x_wconf 71' lang='lat' dir='ltr'>Haec</span> <span class='ocrx_word' id='word_1_81' title='bbox 1150 1171 1252 1224; x_wconf 86' lang='lat' dir='ltr'>ego</span> <span class='ocrx_word' id='word_1_82' title='bbox 1287 1153 1447 1209; x_wconf 81' lang='lat' dir='ltr'>Pauli</span> <span class='ocrx_word' id='word_1_83' title='bbox 1477 1156 1617 1209; x_wconf 84' lang='lat' dir='ltr'>Acta</span> <span class='ocrx_word' id='word_1_84' title='bbox 1648 1153 1719 1222; x_wconf 90' lang='lat' dir='ltr'>si,</span> <span class='ocrx_word' id='word_1_85' title='bbox 1778 1171 2046 1225; x_wconf 73' lang='lat' dir='ltr'>quaenam</span> <span class='ocrx_word' id='word_1_86' title='bbox 2109 1153 2329 1208; x_wconf 83' lang='lat' dir='ltr'>fuerint</span> 
     </span>
    </p>
   </div>
   <div class='ocr_carea' id='block_1_13' title="bbox 670 1242 2325 1319">
    <p class='ocr_par' dir='ltr' id='par_1_13' title="bbox 670 1242 2325 1319">
     <span class='ocr_line' id='line_1_13' title="bbox 670 1242 2325 1319; baseline -0.003 -17"><span class='ocrx_word' id='word_1_87' title='bbox 670 1261 966 1319; x_wconf 89' lang='lat' dir='ltr'>quemque</span> <span class='ocrx_word' id='word_1_88' title='bbox 1027 1254 1322 1300; x_wconf 83' lang='lat' dir='ltr'>auctorem</span> <span class='ocrx_word' id='word_1_89' title='bbox 1355 1242 1691 1314; x_wconf 87' lang='lat' dir='ltr'>habuerint,</span> <span class='ocrx_word' id='word_1_90' title='bbox 1725 1244 2030 1300; x_wconf 88' lang='lat' dir='ltr'>ostendere</span> <span class='ocrx_word' id='word_1_91' title='bbox 2060 1247 2325 1316; x_wconf 82' lang='lat' dir='ltr'>potuero,</span> 
     </span>
    </p>
   </div>
   <div class='ocr_carea' id='block_1_14' title="bbox 669 1339 2329 1414">
    <p class='ocr_par' dir='ltr' id='par_1_14' title="bbox 669 1339 2329 1414">
     <span class='ocr_line' id='line_1_14' title="bbox 669 1339 2329 1414; baseline -0.004 -13"><span class='ocrx_word' id='word_1_92' title='bbox 669 1349 797 1401; x_wconf 92' lang='lat' dir='ltr'>tum</span> <span class='ocrx_word' id='word_1_93' title='bbox 830 1342 972 1398; x_wconf 92' lang='lat' dir='ltr'>mihi</span> <span class='ocrx_word' id='word_1_94' title='bbox 992 1342 1229 1414; x_wconf 90' lang='lat' dir='ltr'>quidem</span> <span class='ocrx_word' id='word_1_95' title='bbox 1250 1339 1649 1398; x_wconf 87' lang='lat' dir='ltr'>Tertullianus</span> <span class='ocrx_word' id='word_1_96' title='bbox 1666 1341 1756 1396; x_wconf 85' lang='lat' dir='ltr'>vix</span> <span class='ocrx_word' id='word_1_97' title='bbox 1775 1342 2066 1397; x_wconf 81' lang='lat' dir='ltr'>videretur</span> <span class='ocrx_word' id='word_1_98' title='bbox 2081 1358 2150 1398; x_wconf 91' lang='lat' dir='ltr'>ea</span> <span class='ocrx_word' id='word_1_99' title='bbox 2170 1357 2329 1413; x_wconf 86' lang='lat' dir='ltr'>sper-</span> 
     </span>
    </p>
   </div>
   <div class='ocr_carea' id='block_1_15' title="bbox 667 1430 2329 1505">
    <p class='ocr_par' dir='ltr' id='par_1_15' title="bbox 667 1430 2329 1505">
     <span class='ocr_line' id='line_1_15' title="bbox 667 1430 2329 1505; baseline -0.004 -15"><span class='ocrx_word' id='word_1_100' title='bbox 667 1450 805 1490; x_wconf 88' lang='lat' dir='ltr'>nere</span> <span class='ocrx_word' id='word_1_101' title='bbox 835 1431 1118 1505; x_wconf 81' lang='lat' dir='ltr'>potuisse,</span> <span class='ocrx_word' id='word_1_102' title='bbox 1151 1431 1198 1486; x_wconf 93' lang='lat' dir='ltr'>si</span> <span class='ocrx_word' id='word_1_103' title='bbox 1232 1430 1390 1486; x_wconf 90' lang='lat' dir='ltr'>hunc</span> <span class='ocrx_word' id='word_1_104' title='bbox 1420 1430 1491 1485; x_wconf 91' lang='lat' dir='ltr'>de</span> <span class='ocrx_word' id='word_1_105' title='bbox 1523 1430 1816 1501; x_wconf 91' lang='lat' dir='ltr'>baptismo</span> <span class='ocrx_word' id='word_1_106' title='bbox 1849 1431 2214 1502; x_wconf 89' lang='lat' dir='ltr'>librumjam</span> <span class='ocrx_word' id='word_1_107' title='bbox 2245 1430 2329 1484; x_wconf 91' lang='lat' dir='ltr'>di-</span> 
     </span>
    </p>
   </div>
   <div class='ocr_carea' id='block_1_16' title="bbox 670 1519 2327 1595">
    <p class='ocr_par' dir='ltr' id='par_1_16' title="bbox 670 1519 2327 1595">
     <span class='ocr_line' id='line_1_16' title="bbox 670 1519 2327 1595; baseline -0.004 -15"><span class='ocrx_word' id='word_1_108' title='bbox 670 1523 930 1595; x_wconf 68' lang='lat' dir='ltr'>sciplinae</span> <span class='ocrx_word' id='word_1_109' title='bbox 965 1520 1459 1576; x_wconf 89' lang='lat' dir='ltr'>Montanistarum</span> <span class='ocrx_word' id='word_1_110' title='bbox 1493 1521 1726 1576; x_wconf 85' lang='lat' dir='ltr'>deditus</span> <span class='ocrx_word' id='word_1_111' title='bbox 1759 1519 2113 1592; x_wconf 84' lang='lat' dir='ltr'>scripsisset.</span> <span class='ocrx_word' id='word_1_112' title='bbox 2139 1522 2327 1591; x_wconf 80' lang='lat' dir='ltr'>Atque</span> 
     </span>
    </p>
   </div>
   <div class='ocr_carea' id='block_1_17' title="bbox 670 1609 2326 1684">
    <p class='ocr_par' dir='ltr' id='par_1_17' title="bbox 670 1609 2326 1684">
     <span class='ocr_line' id='line_1_17' title="bbox 670 1609 2326 1684; baseline -0.004 -15"><span class='ocrx_word' id='word_1_113' title='bbox 670 1613 794 1668; x_wconf 69' lang='lat' dir='ltr'>haec</span> <span class='ocrx_word' id='word_1_114' title='bbox 824 1627 928 1684; x_wconf 88' lang='lat' dir='ltr'>ego</span> <span class='ocrx_word' id='word_1_115' title='bbox 959 1614 1100 1665; x_wconf 87' lang='lat' dir='ltr'>Acta</span> <span class='ocrx_word' id='word_1_116' title='bbox 1131 1625 1198 1664; x_wconf 93' lang='lat' dir='ltr'>ea</span> <span class='ocrx_word' id='word_1_117' title='bbox 1229 1609 1412 1664; x_wconf 84' lang='lat' dir='ltr'>fuisse</span> <span class='ocrx_word' id='word_1_118' title='bbox 1445 1609 1734 1680; x_wconf 83' lang='lat' dir='ltr'>suspicor,</span> <span class='ocrx_word' id='word_1_119' title='bbox 1761 1625 1887 1679; x_wconf 84' lang='lat' dir='ltr'>quae</span> <span class='ocrx_word' id='word_1_120' title='bbox 1920 1609 2074 1681; x_wconf 93' lang='lat' dir='ltr'>apud</span> <span class='ocrx_word' id='word_1_121' title='bbox 2101 1613 2326 1664; x_wconf 83' lang='lat' dir='ltr'>veteres</span> 
     </span>
    </p>
   </div>
   <div class='ocr_carea' id='block_1_18' title="bbox 671 1698 2323 1758">
    <p class='ocr_par' dir='ltr' id='par_1_18' title="bbox 671 1698 2323 1758">
     <span class='ocr_line' id='line_1_18' title="bbox 671 1698 2323 1758; baseline -0.004 0"><span class='ocrx_word' id='word_1_122' title='bbox 671 1703 780 1758; x_wconf 85' lang='lat' dir='ltr'>sub</span> <span class='ocrx_word' id='word_1_123' title='bbox 814 1701 1050 1757; x_wconf 87' lang='lat' dir='ltr'>nomine</span> <span class='ocrx_word' id='word_1_124' title='bbox 1080 1701 1332 1755; x_wconf 78' lang='lat' dir='ltr'>Actorum</span> <span class='ocrx_word' id='word_1_125' title='bbox 1364 1699 1526 1753; x_wconf 80' lang='lat' dir='ltr'>Pauli</span> <span class='ocrx_word' id='word_1_126' title='bbox 1555 1704 1605 1754; x_wconf 84' lang='lat' dir='ltr'>et</span> <span class='ocrx_word' id='word_1_127' title='bbox 1640 1699 1844 1754; x_wconf 56' lang='lat' dir='ltr'>Thecla</span> <span class='ocrx_word' id='word_1_128' title='bbox 1875 1698 2165 1754; x_wconf 77' lang='lat' dir='ltr'>exstitisse</span> <span class='ocrx_word' id='word_1_129' title='bbox 2221 1713 2323 1752; x_wconf 84' lang='lat' dir='ltr'>no-</span> 
     </span>
    </p>
   </div>
   <div class='ocr_carea' id='block_1_19' title="bbox 2434 523 4092 596">
    <p class='ocr_par' dir='ltr' id='par_1_19' title="bbox 2434 523 4092 596">
     <span class='ocr_line' id='line_1_19' title="bbox 2434 523 4092 596; baseline 0 -13"><span class='ocrx_word' id='word_1_130' title='bbox 2434 528 2504 584; x_wconf 90' lang='lat' dir='ltr'>de</span> <span class='ocrx_word' id='word_1_131' title='bbox 2564 540 2807 582; x_wconf 89' lang='lat' dir='ltr'>munere</span> <span class='ocrx_word' id='word_1_132' title='bbox 2862 541 3027 581; x_wconf 89' lang='lat' dir='ltr'>sacro</span> <span class='ocrx_word' id='word_1_133' title='bbox 3084 525 3369 596; x_wconf 92' lang='lat' dir='ltr'>dejectus.</span> <span class='ocrx_word' id='word_1_134' title='bbox 3415 523 3516 579; x_wconf 92' lang='lat' dir='ltr'>Cui</span> <span class='ocrx_word' id='word_1_135' title='bbox 3545 524 3594 580; x_wconf 90' lang='lat' dir='ltr'>si</span> <span class='ocrx_word' id='word_1_136' title='bbox 3626 525 3760 596; x_wconf 90' lang='lat' dir='ltr'>quis</span> <span class='ocrx_word' id='word_1_137' title='bbox 3791 525 4092 582; x_wconf 85' lang='lat' dir='ltr'>addiderit</span> 
     </span>
    </p>
   </div>
   <div class='ocr_carea' id='block_1_20' title="bbox 2433 615 4086 689">
    <p class='ocr_par' dir='ltr' id='par_1_20' title="bbox 2433 615 4086 689">
     <span class='ocr_line' id='line_1_20' title="bbox 2433 615 4086 689; baseline 0.001 -17"><span class='ocrx_word' id='word_1_138' title='bbox 2433 618 2850 685; x_wconf 78' lang='lat' dir='ltr'>Hieronymum</span> <span class='ocrx_word' id='word_1_139' title='bbox 2884 615 2966 686; x_wconf 94' lang='lat' dir='ltr'>(in</span> <span class='ocrx_word' id='word_1_140' title='bbox 2998 615 3167 669; x_wconf 83' lang='lat' dir='ltr'>catal.</span> <span class='ocrx_word' id='word_1_141' title='bbox 3199 616 3535 686; x_wconf 80' lang='lat' dir='ltr'>scriptorum</span> <span class='ocrx_word' id='word_1_142' title='bbox 3563 615 3774 682; x_wconf 83' lang='lat' dir='ltr'>eccles.,</span> <span class='ocrx_word' id='word_1_143' title='bbox 3818 631 3866 670; x_wconf 88' lang='lat' dir='ltr'>c.</span> <span class='ocrx_word' id='word_1_144' title='bbox 3915 617 3971 671; x_wconf 91' lang='lat'>7.</span> <span class='ocrx_word' id='word_1_145' title='bbox 4024 634 4086 689; x_wconf 90' lang='lat' dir='ltr'>p.</span> 
     </span>
    </p>
   </div>
   <div class='ocr_carea' id='block_1_21' title="bbox 2437 703 4090 776">
    <p class='ocr_par' dir='ltr' id='par_1_21' title="bbox 2437 703 4090 776">
     <span class='ocr_line' id='line_1_21' title="bbox 2437 703 4090 776; baseline 0.001 -16"><span class='ocrx_word' id='word_1_146' title='bbox 2437 707 2580 776; x_wconf 79' lang='grc'>104),</span> <span class='ocrx_word' id='word_1_147' title='bbox 2643 705 2744 776; x_wconf 92' lang='lat' dir='ltr'>qui</span> <span class='ocrx_word' id='word_1_148' title='bbox 2804 703 3018 760; x_wconf 89' lang='lat' dir='ltr'>diserte</span> <span class='ocrx_word' id='word_1_149' title='bbox 3076 703 3177 770; x_wconf 89' lang='lat' dir='ltr'>ait,</span> <span class='ocrx_word' id='word_1_150' title='bbox 3222 703 3648 759; x_wconf 90' lang='lat' dir='ltr'>Tertullianum</span> <span class='ocrx_word' id='word_1_151' title='bbox 3681 704 3899 761; x_wconf 85' lang='lat' dir='ltr'>dixisse</span> <span class='ocrx_word' id='word_1_152' title='bbox 3930 706 4090 762; x_wconf 90' lang='lat' dir='ltr'>hunc</span> 
     </span>
    </p>
   </div>
   <div class='ocr_carea' id='block_1_22' title="bbox 2435 792 4089 867">
    <p class='ocr_par' dir='ltr' id='par_1_22' title="bbox 2435 792 4089 867">
     <span class='ocr_line' id='line_1_22' title="bbox 2435 792 4089 867; baseline 0.001 -17"><span class='ocrx_word' id='word_1_153' title='bbox 2435 795 2837 867; x_wconf 85' lang='lat' dir='ltr'>presbyterum</span> <span class='ocrx_word' id='word_1_154' title='bbox 2870 793 3021 865; x_wconf 90' lang='lat' dir='ltr'>apud</span> <span class='ocrx_word' id='word_1_155' title='bbox 3053 792 3337 849; x_wconf 84' lang='lat' dir='ltr'>Joannem</span> <span class='ocrx_word' id='word_1_156' title='bbox 3370 792 3700 849; x_wconf 90' lang='lat' dir='ltr'>convictum</span> <span class='ocrx_word' id='word_1_157' title='bbox 3726 799 3782 850; x_wconf 93' lang='lat' dir='ltr'>et</span> <span class='ocrx_word' id='word_1_158' title='bbox 3799 800 4089 851; x_wconf 89' lang='lat' dir='ltr'>remotum</span> 
     </span>
    </p>
   </div>
   <div class='ocr_carea' id='block_1_23' title="bbox 2435 883 4086 956">
    <p class='ocr_par' dir='ltr' id='par_1_23' title="bbox 2435 883 4086 956">
     <span class='ocr_line' id='line_1_23' title="bbox 2435 883 4086 956; baseline 0.001 -16"><span class='ocrx_word' id='word_1_159' title='bbox 2435 900 2740 940; x_wconf 90' lang='lat' dir='ltr'>amunere</span> <span class='ocrx_word' id='word_1_160' title='bbox 2768 883 3001 956; x_wconf 90' lang='lat' dir='ltr'>publico</span> <span class='ocrx_word' id='word_1_161' title='bbox 3071 883 3254 939; x_wconf 87' lang='lat' dir='ltr'>fuisse</span> <span class='ocrx_word' id='word_1_162' title='bbox 3311 887 3547 955; x_wconf 88' lang='lat' dir='ltr'>propter</span> <span class='ocrx_word' id='word_1_163' title='bbox 3601 884 3865 940; x_wconf 82' lang='lat' dir='ltr'>fraudem</span> <span class='ocrx_word' id='word_1_164' title='bbox 3923 901 4086 940; x_wconf 86' lang='lat' dir='ltr'>com-</span> 
     </span>
    </p>
   </div>
   <div class='ocr_carea' id='block_1_24' title="bbox 2437 971 4089 1045">
    <p class='ocr_par' dir='ltr' id='par_1_24' title="bbox 2437 971 4089 1045">
     <span class='ocr_line' id='line_1_24' title="bbox 2437 971 4089 1045; baseline 0.001 -16"><span class='ocrx_word' id='word_1_165' title='bbox 2437 973 2718 1041; x_wconf 86' lang='lat' dir='ltr'>missam;</span> <span class='ocrx_word' id='word_1_166' title='bbox 2789 973 3044 1045; x_wconf 86' lang='lat' dir='ltr'>profecto</span> <span class='ocrx_word' id='word_1_167' title='bbox 3109 971 3328 1028; x_wconf 89' lang='lat' dir='ltr'>videbit</span> <span class='ocrx_word' id='word_1_168' title='bbox 3401 973 3742 1044; x_wconf 82' lang='lat' dir='ltr'>scriptorem</span> <span class='ocrx_word' id='word_1_169' title='bbox 3807 976 4089 1030; x_wconf 87' lang='lat' dir='ltr'>Actorum</span> 
     </span>
    </p>
   </div>
   <div class='ocr_carea' id='block_1_25' title="bbox 2437 1062 4094 1134">
    <p class='ocr_par' dir='ltr' id='par_1_25' title="bbox 2437 1062 4094 1134">
     <span class='ocr_line' id='line_1_25' title="bbox 2437 1062 4094 1134; baseline 0.003 -19"><span class='ocrx_word' id='word_1_170' title='bbox 2437 1063 2597 1119; x_wconf 87' lang='lat' dir='ltr'>Pauli</span> <span class='ocrx_word' id='word_1_171' title='bbox 2620 1068 2677 1118; x_wconf 90' lang='lat' dir='ltr'>et</span> <span class='ocrx_word' id='word_1_172' title='bbox 2704 1062 2926 1118; x_wconf 72' lang='lat' dir='ltr'>Thecla:</span> <span class='ocrx_word' id='word_1_173' title='bbox 2961 1062 3296 1118; x_wconf 91' lang='lat' dir='ltr'>auctoritati</span> <span class='ocrx_word' id='word_1_174' title='bbox 3328 1062 3574 1118; x_wconf 89' lang='lat' dir='ltr'>Joannis</span> <span class='ocrx_word' id='word_1_175' title='bbox 3605 1062 3855 1134; x_wconf 89' lang='lat' dir='ltr'>apostoli</span> <span class='ocrx_word' id='word_1_176' title='bbox 3905 1063 4094 1120; x_wconf 83' lang='lat' dir='ltr'>fuisse</span> 
     </span>
    </p>
   </div>
   <div class='ocr_carea' id='block_1_26' title="bbox 2436 1152 4090 1226">
    <p class='ocr_par' dir='ltr' id='par_1_26' title="bbox 2436 1152 4090 1226">
     <span class='ocr_line' id='line_1_26' title="bbox 2436 1152 4090 1226; baseline -0.001 -17"><span class='ocrx_word' id='word_1_177' title='bbox 2436 1153 2791 1225; x_wconf 83' lang='lat' dir='ltr'>subjectum,</span> <span class='ocrx_word' id='word_1_178' title='bbox 2824 1153 2976 1226; x_wconf 91' lang='lat' dir='ltr'>quod</span> <span class='ocrx_word' id='word_1_179' title='bbox 3008 1152 3120 1208; x_wconf 90' lang='lat' dir='ltr'>dici</span> <span class='ocrx_word' id='word_1_180' title='bbox 3152 1154 3222 1208; x_wconf 92' lang='lat' dir='ltr'>de</span> <span class='ocrx_word' id='word_1_181' title='bbox 3252 1153 3480 1220; x_wconf 87' lang='lat' dir='ltr'>Leucio,</span> <span class='ocrx_word' id='word_1_182' title='bbox 3515 1156 3580 1208; x_wconf 92' lang='lat' dir='ltr'>ut</span> <span class='ocrx_word' id='word_1_183' title='bbox 3609 1153 3785 1208; x_wconf 90' lang='lat' dir='ltr'>moda</span> <span class='ocrx_word' id='word_1_184' title='bbox 3831 1153 4090 1224; x_wconf 89' lang='lat' dir='ltr'>ostendi,</span> 
     </span>
    </p>
   </div>
   <div class='ocr_carea' id='block_1_27' title="bbox 2435 1251 4092 1325">
    <p class='ocr_par' dir='ltr' id='par_1_27' title="bbox 2435 1251 4092 1325">
     <span class='ocr_line' id='line_1_27' title="bbox 2435 1251 4092 1325; baseline -0.002 -17"><span class='ocrx_word' id='word_1_185' title='bbox 2435 1252 2656 1324; x_wconf 85' lang='lat' dir='ltr'>Optime</span> <span class='ocrx_word' id='word_1_186' title='bbox 2703 1257 2912 1324; x_wconf 87' lang='lat' dir='ltr'>potest.</span> <span class='ocrx_word' id='word_1_187' title='bbox 2945 1257 3194 1322; x_wconf 74' lang='lat' dir='ltr'>Denique</span> <span class='ocrx_word' id='word_1_188' title='bbox 3235 1251 3380 1325; x_wconf 89' lang='lat' dir='ltr'>mihi</span> <span class='ocrx_word' id='word_1_189' title='bbox 3414 1255 3844 1324; x_wconf 90' lang='lat' dir='ltr'>peropportune</span> <span class='ocrx_word' id='word_1_190' title='bbox 3873 1251 4092 1308; x_wconf 86' lang='lat' dir='ltr'>cecidit</span> 
     </span>
    </p>
   </div>
   <div class='ocr_carea' id='block_1_28' title="bbox 2437 1340 4086 1413">
    <p class='ocr_par' dir='ltr' id='par_1_28' title="bbox 2437 1340 4086 1413">
     <span class='ocr_line' id='line_1_28' title="bbox 2437 1340 4086 1413; baseline 0 -17"><span class='ocrx_word' id='word_1_191' title='bbox 2437 1350 2501 1396; x_wconf 90' lang='lat' dir='ltr'>ut</span> <span class='ocrx_word' id='word_1_192' title='bbox 2529 1343 2656 1411; x_wconf 86' lang='lat' dir='ltr'>ejus</span> <span class='ocrx_word' id='word_1_193' title='bbox 2687 1343 2767 1397; x_wconf 90' lang='lat' dir='ltr'>rei</span> <span class='ocrx_word' id='word_1_194' title='bbox 2799 1343 2977 1398; x_wconf 90' lang='lat' dir='ltr'>etiam</span> <span class='ocrx_word' id='word_1_195' title='bbox 3009 1342 3068 1396; x_wconf 91' lang='lat' dir='ltr'>in</span> <span class='ocrx_word' id='word_1_196' title='bbox 3101 1340 3416 1397; x_wconf 91' lang='lat' dir='ltr'>Philastrio</span> <span class='ocrx_word' id='word_1_197' title='bbox 3447 1347 3525 1397; x_wconf 89' lang='lat' dir='ltr'>De</span> <span class='ocrx_word' id='word_1_198' title='bbox 3554 1341 3882 1411; x_wconf 70' lang='lat' dir='ltr'>haeresibus,</span> <span class='ocrx_word' id='word_1_199' title='bbox 3907 1356 3957 1397; x_wconf 94' lang='lat' dir='ltr'>c.</span> <span class='ocrx_word' id='word_1_200' title='bbox 3990 1341 4086 1413; x_wconf 89' lang='grc'>55,</span> 
     </span>
    </p>
   </div>
   <div class='ocr_carea' id='block_1_29' title="bbox 2435 1428 4085 1502">
    <p class='ocr_par' dir='ltr' id='par_1_29' title="bbox 2435 1428 4085 1502">
     <span class='ocr_line' id='line_1_29' title="bbox 2435 1428 4085 1502; baseline -0.001 -16"><span class='ocrx_word' id='word_1_201' title='bbox 2435 1430 2574 1486; x_wconf 91' lang='lat' dir='ltr'>edit.</span> <span class='ocrx_word' id='word_1_202' title='bbox 2609 1431 2853 1486; x_wconf 90' lang='lat' dir='ltr'>Fabricii</span> <span class='ocrx_word' id='word_1_203' title='bbox 2887 1431 3092 1502; x_wconf 84' lang='lat' dir='ltr'>p.112)</span> <span class='ocrx_word' id='word_1_204' title='bbox 3125 1428 3384 1500; x_wconf 89' lang='lat' dir='ltr'>aliquam</span> <span class='ocrx_word' id='word_1_205' title='bbox 3439 1429 3929 1501; x_wconf 80' lang='lat' dir='ltr'>significationem</span> <span class='ocrx_word' id='word_1_206' title='bbox 3990 1445 4085 1485; x_wconf 88' lang='lat' dir='ltr'>re-</span> 
     </span>
    </p>
   </div>
   <div class='ocr_carea' id='block_1_30' title="bbox 2438 1517 4086 1592">
    <p class='ocr_par' dir='ltr' id='par_1_30' title="bbox 2438 1517 4086 1592">
     <span class='ocr_line' id='line_1_30' title="bbox 2438 1517 4086 1592; baseline 0 -18"><span class='ocrx_word' id='word_1_207' title='bbox 2438 1520 2685 1592; x_wconf 88' lang='lat' dir='ltr'>perirem</span> <span class='ocrx_word' id='word_1_208' title='bbox 2720 1520 2778 1574; x_wconf 93' lang='lat' dir='ltr'>in</span> <span class='ocrx_word' id='word_1_209' title='bbox 2822 1519 2947 1574; x_wconf 93' lang='lat' dir='ltr'>loco</span> <span class='ocrx_word' id='word_1_210' title='bbox 2969 1519 3164 1587; x_wconf 91' lang='lat' dir='ltr'>eo,ubi</span> <span class='ocrx_word' id='word_1_211' title='bbox 3187 1519 3258 1573; x_wconf 91' lang='lat' dir='ltr'>de</span> <span class='ocrx_word' id='word_1_212' title='bbox 3279 1517 3515 1574; x_wconf 91' lang='lat' dir='ltr'>Seleuco</span> <span class='ocrx_word' id='word_1_213' title='bbox 3541 1518 3814 1574; x_wconf 63' lang='lat' dir='ltr'>heretico</span> <span class='ocrx_word' id='word_1_214' title='bbox 3835 1519 4086 1590; x_wconf 84' lang='lat' dir='ltr'>ejusque</span> 
     </span>
    </p>
   </div>
   <div class='ocr_carea' id='block_1_31' title="bbox 2436 1607 4084 1679">
    <p class='ocr_par' dir='ltr' id='par_1_31' title="bbox 2436 1607 4084 1679">
     <span class='ocr_line' id='line_1_31' title="bbox 2436 1607 4084 1679; baseline -0.001 -15"><span class='ocrx_word' id='word_1_215' title='bbox 2436 1611 2700 1664; x_wconf 87' lang='lat' dir='ltr'>doctrina</span> <span class='ocrx_word' id='word_1_216' title='bbox 2730 1609 2987 1665; x_wconf 89' lang='lat' dir='ltr'>disserit.</span> <span class='ocrx_word' id='word_1_217' title='bbox 3022 1614 3235 1679; x_wconf 83' lang='lat' dir='ltr'>Nempe</span> <span class='ocrx_word' id='word_1_218' title='bbox 3267 1609 3618 1663; x_wconf 73' lang='lat' dir='ltr'>confitentur</span> <span class='ocrx_word' id='word_1_219' title='bbox 3649 1623 3853 1663; x_wconf 91' lang='lat' dir='ltr'>omnes</span> <span class='ocrx_word' id='word_1_220' title='bbox 3881 1607 4084 1663; x_wconf 93' lang='lat' dir='ltr'>Seleu-</span> 
     </span>
    </p>
   </div>
   <div class='ocr_carea' id='block_1_32' title="bbox 2434 1698 4082 1756">
    <p class='ocr_par' dir='ltr' id='par_1_32' title="bbox 2434 1698 4082 1756">
     <span class='ocr_line' id='line_1_32' title="bbox 2434 1698 4082 1756; baseline -0.002 0"><span class='ocrx_word' id='word_1_221' title='bbox 2434 1717 2568 1756; x_wconf 92' lang='lat' dir='ltr'>cum</span> <span class='ocrx_word' id='word_1_222' title='bbox 2590 1699 2926 1755; x_wconf 73' lang='lat' dir='ltr'>hazreticum</span> <span class='ocrx_word' id='word_1_223' title='bbox 2951 1703 3006 1754; x_wconf 89' lang='lat' dir='ltr'>et</span> <span class='ocrx_word' id='word_1_224' title='bbox 3030 1698 3302 1754; x_wconf 86' lang='lat' dir='ltr'>Leucium</span> <span class='ocrx_word' id='word_1_225' title='bbox 3328 1702 3594 1753; x_wconf 90' lang='lat' dir='ltr'>nostrum</span> <span class='ocrx_word' id='word_1_226' title='bbox 3617 1698 3888 1753; x_wconf 90' lang='lat' dir='ltr'>eumdem</span> <span class='ocrx_word' id='word_1_227' title='bbox 3929 1713 4082 1753; x_wconf 91' lang='lat' dir='ltr'>esse.</span> 
     </span>
    </p>
   </div>
   <div class='ocr_carea' id='block_1_33' title="bbox 669 1786 4084 1880">
    <p class='ocr_par' dir='ltr' id='par_1_33' title="bbox 669 1786 4084 1880">
     <span class='ocr_line' id='line_1_33' title="bbox 669 1786 4084 1880; baseline -0.002 -32"><span class='ocrx_word' id='word_1_228' title='bbox 669 1793 884 1857; x_wconf 88' lang='lat' dir='ltr'>vimus,</span> <span class='ocrx_word' id='word_1_229' title='bbox 947 1807 1062 1846; x_wconf 91' lang='lat' dir='ltr'>non</span> <span class='ocrx_word' id='word_1_230' title='bbox 1123 1789 1359 1860; x_wconf 90' lang='lat' dir='ltr'>quidem</span> <span class='ocrx_word' id='word_1_231' title='bbox 1417 1805 1484 1843; x_wconf 91' lang='lat' dir='ltr'>ea</span> <span class='ocrx_word' id='word_1_232' title='bbox 1517 1788 1718 1843; x_wconf 87' lang='lat' dir='ltr'>habitu</span> <span class='ocrx_word' id='word_1_233' title='bbox 1749 1805 1815 1843; x_wconf 89' lang='lat' dir='ltr'>ac</span> <span class='ocrx_word' id='word_1_234' title='bbox 1850 1789 2056 1853; x_wconf 87' lang='lat' dir='ltr'>forma,</span> <span class='ocrx_word' id='word_1_235' title='bbox 2091 1787 2321 1859; x_wconf 89' lang='lat' dir='ltr'>qualem</span> <span class='ocrx_word' id='word_1_236' title='bbox 2354 1815 2400 1880; x_wconf 82' lang='lat' dir='ltr'><strong>B</strong></span> <span class='ocrx_word' id='word_1_237' title='bbox 2432 1790 2562 1845; x_wconf 91' lang='lat' dir='ltr'>Jam</span> <span class='ocrx_word' id='word_1_238' title='bbox 2587 1807 2716 1844; x_wconf 89' lang='lat' dir='ltr'>ecce</span> <span class='ocrx_word' id='word_1_239' title='bbox 2739 1789 2881 1844; x_wconf 90' lang='lat' dir='ltr'>mihi</span> <span class='ocrx_word' id='word_1_240' title='bbox 2904 1805 3122 1859; x_wconf 69' lang='lat' dir='ltr'>quaeso,</span> <span class='ocrx_word' id='word_1_241' title='bbox 3153 1788 3291 1859; x_wconf 88' lang='lat' dir='ltr'>quid</span> <span class='ocrx_word' id='word_1_242' title='bbox 3318 1787 3388 1843; x_wconf 90' lang='lat' dir='ltr'>de</span> <span class='ocrx_word' id='word_1_243' title='bbox 3410 1786 3646 1843; x_wconf 83' lang='lat' dir='ltr'>Seleuco</span> <span class='ocrx_word' id='word_1_244' title='bbox 3669 1786 3906 1858; x_wconf 91' lang='lat' dir='ltr'>suisque</span> <span class='ocrx_word' id='word_1_245' title='bbox 3941 1786 4084 1841; x_wconf 91' lang='lat' dir='ltr'>Phi-</span> 
     </span>
    </p>
   </div>
   <div class='ocr_carea' id='block_1_34' title="bbox 668 1877 2316 1948">
    <p class='ocr_par' dir='ltr' id='par_1_34' title="bbox 668 1877 2316 1948">
     <span class='ocr_line' id='line_1_34' title="bbox 668 1877 2316 1948; baseline -0.004 -10"><span class='ocrx_word' id='word_1_246' title='bbox 668 1882 887 1938; x_wconf 87' lang='lat' dir='ltr'>habent</span> <span class='ocrx_word' id='word_1_247' title='bbox 920 1879 1015 1934; x_wconf 88' lang='lat' dir='ltr'>illa</span> <span class='ocrx_word' id='word_1_248' title='bbox 1046 1896 1076 1933; x_wconf 93' lang='lat' dir='ltr'>a</span> <span class='ocrx_word' id='word_1_249' title='bbox 1106 1878 1158 1933; x_wconf 91' lang='lat' dir='ltr'>J.</span> <span class='ocrx_word' id='word_1_250' title='bbox 1193 1879 1438 1934; x_wconf 89' lang='lat' dir='ltr'>Ernesto</span> <span class='ocrx_word' id='word_1_251' title='bbox 1470 1877 1680 1933; x_wconf 88' lang='lat' dir='ltr'>Grabio</span> <span class='ocrx_word' id='word_1_252' title='bbox 1731 1878 1813 1948; x_wconf 80' lang='lat' dir='ltr'>(in</span> <span class='ocrx_word' id='word_1_253' title='bbox 1873 1877 2166 1948; x_wconf 79' lang='lat' dir='ltr'>Spicilegio</span> <span class='ocrx_word' id='word_1_254' title='bbox 2221 1877 2316 1932; x_wconf 88' lang='lat' dir='ltr'>SS.</span> 
     </span>
    </p>
   </div>
   <div class='ocr_carea' id='block_1_35' title="bbox 665 1967 2315 2037">
    <p class='ocr_par' dir='ltr' id='par_1_35' title="bbox 665 1967 2315 2037">
     <span class='ocr_line' id='line_1_35' title="bbox 665 1967 2315 2037; baseline -0.004 -10"><span class='ocrx_word' id='word_1_255' title='bbox 665 1974 899 2027; x_wconf 80' lang='lat' dir='ltr'>Patrum</span> <span class='ocrx_word' id='word_1_256' title='bbox 955 1977 1006 2024; x_wconf 86' lang='lat' dir='ltr'>ct</span> <span class='ocrx_word' id='word_1_257' title='bbox 1065 1968 1464 2036; x_wconf 64' lang='lat' dir='ltr'>haereticorum,</span> <span class='ocrx_word' id='word_1_258' title='bbox 1494 1971 1638 2022; x_wconf 90' lang='lat' dir='ltr'>tom.</span> <span class='ocrx_word' id='word_1_259' title='bbox 1672 1970 1715 2035; x_wconf 87' lang='lat' dir='ltr'>l,</span> <span class='ocrx_word' id='word_1_260' title='bbox 1749 1983 1864 2021; x_wconf 91' lang='lat' dir='ltr'>sec.</span> <span class='ocrx_word' id='word_1_261' title='bbox 1897 1968 1946 2033; x_wconf 95' lang='lat'><strong>1,</strong></span> <span class='ocrx_word' id='word_1_262' title='bbox 1981 1983 2038 2037; x_wconf 93' lang='lat' dir='ltr'>p.</span> <span class='ocrx_word' id='word_1_263' title='bbox 2070 1967 2140 2019; x_wconf 80' lang='lat'>95</span> <span class='ocrx_word' id='word_1_264' title='bbox 2170 1981 2315 2036; x_wconf 92' lang='lat' dir='ltr'>seq.,</span> 
     </span>
    </p>
   </div>
   <div class='ocr_carea' id='block_1_36' title="bbox 667 2055 2316 2126">
    <p class='ocr_par' dir='ltr' id='par_1_36' title="bbox 667 2055 2316 2126">
     <span class='ocr_line' id='line_1_36' title="bbox 667 2055 2316 2126; baseline -0.005 -9"><span class='ocrx_word' id='word_1_265' title='bbox 667 2065 806 2118; x_wconf 90' lang='lat' dir='ltr'>sunt</span> <span class='ocrx_word' id='word_1_266' title='bbox 836 2059 988 2114; x_wconf 90' lang='lat' dir='ltr'>enim</span> <span class='ocrx_word' id='word_1_267' title='bbox 1024 2057 1143 2112; x_wconf 68' lang='lat' dir='ltr'>hinc</span> <span class='ocrx_word' id='word_1_268' title='bbox 1175 2056 1331 2112; x_wconf 86' lang='lat' dir='ltr'>haud</span> <span class='ocrx_word' id='word_1_269' title='bbox 1363 2056 1537 2110; x_wconf 92' lang='lat' dir='ltr'>dubie</span> <span class='ocrx_word' id='word_1_270' title='bbox 1566 2055 1928 2124; x_wconf 77' lang='lat' dir='ltr'>temporibus</span> <span class='ocrx_word' id='word_1_271' title='bbox 1978 2055 2316 2126; x_wconf 87' lang='lat' dir='ltr'>prodeunti-</span> 
     </span>
    </p>
   </div>
   <div class='ocr_carea' id='block_1_37' title="bbox 667 2144 2317 2214">
    <p class='ocr_par' dir='ltr' id='par_1_37' title="bbox 667 2144 2317 2214">
     <span class='ocr_line' id='line_1_37' title="bbox 667 2144 2317 2214; baseline -0.005 -9"><span class='ocrx_word' id='word_1_272' title='bbox 667 2151 775 2206; x_wconf 88' lang='lat' dir='ltr'>bus</span> <span class='ocrx_word' id='word_1_273' title='bbox 792 2147 1241 2204; x_wconf 77' lang='lat' dir='ltr'>adulteratazsed</span> <span class='ocrx_word' id='word_1_274' title='bbox 1263 2149 1402 2200; x_wconf 93' lang='lat' dir='ltr'>sunt</span> <span class='ocrx_word' id='word_1_275' title='bbox 1420 2145 1476 2198; x_wconf 92' lang='lat' dir='ltr'>in</span> <span class='ocrx_word' id='word_1_276' title='bbox 1499 2145 1612 2199; x_wconf 91' lang='lat' dir='ltr'>illis</span> <span class='ocrx_word' id='word_1_277' title='bbox 1632 2149 1826 2199; x_wconf 90' lang='lat' dir='ltr'>tamen</span> <span class='ocrx_word' id='word_1_278' title='bbox 1844 2144 2152 2199; x_wconf 89' lang='lat' dir='ltr'>Grabianis</span> <span class='ocrx_word' id='word_1_279' title='bbox 2166 2160 2317 2214; x_wconf 77' lang='lat' dir='ltr'>qure-</span> 
     </span>
    </p>
   </div>
   <div class='ocr_carea' id='block_1_38' title="bbox 663 2232 2314 2309">
    <p class='ocr_par' dir='ltr' id='par_1_38' title="bbox 663 2232 2314 2309">
     <span class='ocr_line' id='line_1_38' title="bbox 663 2232 2314 2309; baseline -0.004 -15"><span class='ocrx_word' id='word_1_280' title='bbox 663 2239 799 2294; x_wconf 90' lang='lat' dir='ltr'>dam</span> <span class='ocrx_word' id='word_1_281' title='bbox 823 2237 990 2309; x_wconf 89' lang='lat' dir='ltr'>quasi</span> <span class='ocrx_word' id='word_1_282' title='bbox 1009 2253 1162 2291; x_wconf 61' lang='lat' dir='ltr'>venas</span> <span class='ocrx_word' id='word_1_283' title='bbox 1187 2239 1288 2290; x_wconf 90' lang='lat' dir='ltr'>aut</span> <span class='ocrx_word' id='word_1_284' title='bbox 1311 2234 1636 2305; x_wconf 85' lang='lat' dir='ltr'>fragmenta</span> <span class='ocrx_word' id='word_1_285' title='bbox 1657 2249 1860 2289; x_wconf 90' lang='lat' dir='ltr'>eorum</span> <span class='ocrx_word' id='word_1_286' title='bbox 1887 2232 2108 2288; x_wconf 76' lang='lat' dir='ltr'>Theclas</span> <span class='ocrx_word' id='word_1_287' title='bbox 2147 2236 2314 2288; x_wconf 84' lang='lat' dir='ltr'>Acto-</span> 
     </span>
    </p>
   </div>
   <div class='ocr_carea' id='block_1_39' title="bbox 663 2321 2314 2397">
    <p class='ocr_par' dir='ltr' id='par_1_39' title="bbox 663 2321 2314 2397">
     <span class='ocr_line' id='line_1_39' title="bbox 663 2321 2314 2397; baseline -0.005 -14"><span class='ocrx_word' id='word_1_288' title='bbox 663 2343 963 2397; x_wconf 68' lang='lat' dir='ltr'>rum,quae</span> <span class='ocrx_word' id='word_1_289' title='bbox 993 2325 1289 2380; x_wconf 90' lang='lat' dir='ltr'>veteribus</span> <span class='ocrx_word' id='word_1_290' title='bbox 1320 2323 1607 2378; x_wconf 86' lang='lat' dir='ltr'>celebrata</span> <span class='ocrx_word' id='word_1_291' title='bbox 1639 2324 1894 2390; x_wconf 89' lang='lat' dir='ltr'>fuerunt,</span> <span class='ocrx_word' id='word_1_292' title='bbox 1919 2321 2096 2378; x_wconf 87' lang='lat' dir='ltr'>veluti</span> <span class='ocrx_word' id='word_1_293' title='bbox 2130 2338 2185 2392; x_wconf 91' lang='lat' dir='ltr'>p.</span> <span class='ocrx_word' id='word_1_294' title='bbox 2212 2322 2314 2376; x_wconf 85' lang='lat'><strong>115</strong></span> 
     </span>
    </p>
   </div>
   <div class='ocr_carea' id='block_1_40' title="bbox 661 2411 2313 2484">
    <p class='ocr_par' dir='ltr' id='par_1_40' title="bbox 661 2411 2313 2484">
     <span class='ocr_line' id='line_1_40' title="bbox 661 2411 2313 2484; baseline -0.004 -13"><span class='ocrx_word' id='word_1_295' title='bbox 661 2415 1023 2481; x_wconf 90' lang='lat' dir='ltr'>islocus,ubi</span> <span class='ocrx_word' id='word_1_296' title='bbox 1056 2413 1274 2468; x_wconf 89' lang='lat' dir='ltr'>Paulus</span> <span class='ocrx_word' id='word_1_297' title='bbox 1302 2412 1521 2468; x_wconf 77' lang='lat' dir='ltr'>Theclas</span> <span class='ocrx_word' id='word_1_298' title='bbox 1554 2415 1898 2484; x_wconf 90' lang='lat' dir='ltr'>potestatem</span> <span class='ocrx_word' id='word_1_299' title='bbox 1933 2411 2184 2483; x_wconf 88' lang='lat' dir='ltr'>imponit</span> <span class='ocrx_word' id='word_1_300' title='bbox 2213 2411 2313 2465; x_wconf 92' lang='lat' dir='ltr'>do-</span> 
     </span>
    </p>
   </div>
   <div class='ocr_carea' id='block_1_41' title="bbox 661 2501 2310 2574">
    <p class='ocr_par' dir='ltr' id='par_1_41' title="bbox 661 2501 2310 2574">
     <span class='ocr_line' id='line_1_41' title="bbox 661 2501 2310 2574; baseline -0.004 -14"><span class='ocrx_word' id='word_1_301' title='bbox 661 2507 880 2561; x_wconf 88' lang='lat' dir='ltr'>crinam</span> <span class='ocrx_word' id='word_1_302' title='bbox 909 2504 1123 2559; x_wconf 79' lang='lat' dir='ltr'>Christi</span> <span class='ocrx_word' id='word_1_303' title='bbox 1150 2503 1281 2558; x_wconf 88' lang='lat' dir='ltr'>aliis</span> <span class='ocrx_word' id='word_1_304' title='bbox 1306 2501 1537 2574; x_wconf 89' lang='lat' dir='ltr'>publice</span> <span class='ocrx_word' id='word_1_305' title='bbox 1560 2502 1848 2557; x_wconf 90' lang='lat' dir='ltr'>tradendi.</span> <span class='ocrx_word' id='word_1_306' title='bbox 1884 2501 2016 2564; x_wconf 64' lang='lat' dir='ltr'>Quae</span> <span class='ocrx_word' id='word_1_307' title='bbox 2039 2501 2167 2572; x_wconf 91' lang='lat' dir='ltr'>ipsa</span> <span class='ocrx_word' id='word_1_308' title='bbox 2199 2517 2310 2569; x_wconf 89' lang='lat' dir='ltr'>res,</span> 
     </span>
    </p>
   </div>
   <div class='ocr_carea' id='block_1_42' title="bbox 661 2589 2312 2666">
    <p class='ocr_par' dir='ltr' id='par_1_42' title="bbox 661 2589 2312 2666">
     <span class='ocr_line' id='line_1_42' title="bbox 661 2589 2312 2666; baseline -0.005 -16"><span class='ocrx_word' id='word_1_309' title='bbox 661 2595 886 2666; x_wconf 85' lang='lat' dir='ltr'>Opinor,</span> <span class='ocrx_word' id='word_1_310' title='bbox 921 2592 1173 2648; x_wconf 85' lang='lat' dir='ltr'>ostendit</span> <span class='ocrx_word' id='word_1_311' title='bbox 1201 2590 1630 2647; x_wconf 89' lang='lat' dir='ltr'>Tertullianum</span> <span class='ocrx_word' id='word_1_312' title='bbox 1662 2590 1720 2644; x_wconf 92' lang='lat' dir='ltr'>in</span> <span class='ocrx_word' id='word_1_313' title='bbox 1750 2589 1874 2645; x_wconf 91' lang='lat' dir='ltr'>loco</span> <span class='ocrx_word' id='word_1_314' title='bbox 1907 2589 2151 2646; x_wconf 89' lang='lat' dir='ltr'>excitato</span> <span class='ocrx_word' id='word_1_315' title='bbox 2191 2589 2312 2643; x_wconf 64' lang='lat' dir='ltr'>haec</span> 
     </span>
    </p>
   </div>
   <div class='ocr_carea' id='block_1_43' title="bbox 661 2678 2310 2749">
    <p class='ocr_par' dir='ltr' id='par_1_43' title="bbox 661 2678 2310 2749">
     <span class='ocr_line' id='line_1_43' title="bbox 661 2678 2310 2749; baseline -0.004 -11"><span class='ocrx_word' id='word_1_316' title='bbox 661 2685 789 2738; x_wconf 83' lang='lat' dir='ltr'>Acta</span> <span class='ocrx_word' id='word_1_317' title='bbox 823 2683 1037 2738; x_wconf 51' lang='lat' dir='ltr'>Thecla</span> <span class='ocrx_word' id='word_1_318' title='bbox 1069 2681 1350 2736; x_wconf 88' lang='lat' dir='ltr'>habuisse</span> <span class='ocrx_word' id='word_1_319' title='bbox 1382 2679 1454 2734; x_wconf 91' lang='lat' dir='ltr'>ob</span> <span class='ocrx_word' id='word_1_320' title='bbox 1487 2678 1685 2734; x_wconf 91' lang='lat' dir='ltr'>oculos</span> <span class='ocrx_word' id='word_1_321' title='bbox 1743 2679 1933 2749; x_wconf 90' lang='lat' dir='ltr'>posita</span> <span class='ocrx_word' id='word_1_322' title='bbox 1987 2682 2310 2749; x_wconf 88' lang='lat' dir='ltr'>propterea,</span> 
     </span>
    </p>
   </div>
   <div class='ocr_carea' id='block_1_44' title="bbox 661 2757 2311 2844">
    <p class='ocr_par' dir='ltr' id='par_1_44' title="bbox 661 2757 2311 2844">
     <span class='ocr_line' id='line_1_44' title="bbox 661 2757 2311 2844; baseline -0.003 -17"><span class='ocrx_word' id='word_1_323' title='bbox 661 2772 815 2844; x_wconf 94' lang='lat' dir='ltr'>quod</span> <span class='ocrx_word' id='word_1_324' title='bbox 849 2772 1204 2826; x_wconf 90' lang='lat' dir='ltr'>mentionem</span> <span class='ocrx_word' id='word_1_325' title='bbox 1238 2769 1424 2840; x_wconf 88' lang='lat' dir='ltr'>injicit</span> <span class='ocrx_word' id='word_1_326' title='bbox 1455 2757 1656 2839; x_wconf 88' lang='lat' dir='ltr'>scripti</span> <span class='ocrx_word' id='word_1_327' title='bbox 1681 2767 1990 2838; x_wconf 83' lang='lat' dir='ltr'>cujusdam</span> <span class='ocrx_word' id='word_1_328' title='bbox 2016 2783 2311 2822; x_wconf 86' lang='lat' dir='ltr'>commen-</span> 
     </span>
    </p>
   </div>
   <div class='ocr_carea' id='block_1_45' title="bbox 659 2855 2308 2932">
    <p class='ocr_par' dir='ltr' id='par_1_45' title="bbox 659 2855 2308 2932">
     <span class='ocr_line' id='line_1_45' title="bbox 659 2855 2308 2932; baseline -0.003 -17"><span class='ocrx_word' id='word_1_329' title='bbox 659 2860 769 2916; x_wconf 84' lang='lat' dir='ltr'>titii</span> <span class='ocrx_word' id='word_1_330' title='bbox 801 2861 953 2932; x_wconf 93' lang='lat' dir='ltr'>quod</span> <span class='ocrx_word' id='word_1_331' title='bbox 986 2859 1148 2913; x_wconf 80' lang='lat' dir='ltr'>Pauli</span> <span class='ocrx_word' id='word_1_332' title='bbox 1193 2856 1441 2930; x_wconf 90' lang='lat' dir='ltr'>apostoli</span> <span class='ocrx_word' id='word_1_333' title='bbox 1502 2872 1714 2912; x_wconf 88' lang='lat' dir='ltr'>nomen</span> <span class='ocrx_word' id='word_1_334' title='bbox 1775 2855 2190 2920; x_wconf 89' lang='lat' dir='ltr'>mentiebatur,</span> <span class='ocrx_word' id='word_1_335' title='bbox 2247 2856 2308 2910; x_wconf 91' lang='lat' dir='ltr'>in</span> 
     </span>
    </p>
   </div>
   <div class='ocr_carea' id='block_1_46' title="bbox 659 2944 2304 3023">
    <p class='ocr_par' dir='ltr' id='par_1_46' title="bbox 659 2944 2304 3023">
     <span class='ocr_line' id='line_1_46' title="bbox 659 2944 2304 3023; baseline -0.004 -18"><span class='ocrx_word' id='word_1_336' title='bbox 659 2967 774 3023; x_wconf 92' lang='lat' dir='ltr'>quo</span> <span class='ocrx_word' id='word_1_337' title='bbox 831 2965 1106 3004; x_wconf 91' lang='lat' dir='ltr'>concessa</span> <span class='ocrx_word' id='word_1_338' title='bbox 1157 2952 1280 3003; x_wconf 85' lang='lat' dir='ltr'>erat</span> <span class='ocrx_word' id='word_1_339' title='bbox 1338 2946 1571 3001; x_wconf 80' lang='lat' dir='ltr'>feminis</span> <span class='ocrx_word' id='word_1_340' title='bbox 1613 2946 1735 3000; x_wconf 69' lang='grc' dir='ltr'>ὴωο</span> <span class='ocrx_word' id='word_1_341' title='bbox 1767 2945 2012 3000; x_wconf 91' lang='lat' dir='ltr'>docendi</span> <span class='ocrx_word' id='word_1_342' title='bbox 2041 2944 2304 3013; x_wconf 89' lang='lat' dir='ltr'>licentia;</span> 
     </span>
    </p>
   </div>
   <div class='ocr_carea' id='block_1_47' title="bbox 655 3043 2308 3120">
    <p class='ocr_par' dir='ltr' id='par_1_47' title="bbox 655 3043 2308 3120">
     <span class='ocr_line' id='line_1_47' title="bbox 655 3043 2308 3120; baseline -0.004 -16"><span class='ocrx_word' id='word_1_343' title='bbox 655 3050 711 3104; x_wconf 89' lang='lat' dir='ltr'>id</span> <span class='ocrx_word' id='word_1_344' title='bbox 747 3049 902 3120; x_wconf 90' lang='lat' dir='ltr'>quod</span> <span class='ocrx_word' id='word_1_345' title='bbox 936 3047 1123 3118; x_wconf 86' lang='lat' dir='ltr'>magis</span> <span class='ocrx_word' id='word_1_346' title='bbox 1159 3049 1358 3118; x_wconf 90' lang='lat' dir='ltr'>postea</span> <span class='ocrx_word' id='word_1_347' title='bbox 1385 3044 2000 3100; x_wconf 84' lang='lat' dir='ltr'>oonlirmabimus.Scd</span> <span class='ocrx_word' id='word_1_348' title='bbox 2023 3043 2068 3098; x_wconf 91' lang='lat' dir='ltr'>si</span> <span class='ocrx_word' id='word_1_349' title='bbox 2091 3060 2308 3116; x_wconf 63' lang='lat' dir='ltr'>quiera-</span> 
     </span>
    </p>
   </div>
   <div class='ocr_carea' id='block_1_48' title="bbox 657 3131 2304 3208">
    <p class='ocr_par' dir='ltr' id='par_1_48' title="bbox 657 3131 2304 3208">
     <span class='ocr_line' id='line_1_48' title="bbox 657 3131 2304 3208; baseline -0.004 -16"><span class='ocrx_word' id='word_1_350' title='bbox 657 3143 753 3193; x_wconf 88' lang='lat' dir='ltr'>tur</span> <span class='ocrx_word' id='word_1_351' title='bbox 770 3137 902 3208; x_wconf 88' lang='lat' dir='ltr'>quis</span> <span class='ocrx_word' id='word_1_352' title='bbox 926 3135 1098 3192; x_wconf 85' lang='lat' dir='ltr'>fuerit</span> <span class='ocrx_word' id='word_1_353' title='bbox 1119 3135 1170 3191; x_wconf 92' lang='lat' dir='ltr'>is</span> <span class='ocrx_word' id='word_1_354' title='bbox 1192 3134 1287 3206; x_wconf 91' lang='lat' dir='ltr'>qui</span> <span class='ocrx_word' id='word_1_355' title='bbox 1314 3135 1423 3190; x_wconf 91' lang='lat' dir='ltr'>sub</span> <span class='ocrx_word' id='word_1_356' title='bbox 1451 3133 1609 3188; x_wconf 89' lang='lat' dir='ltr'>Pauli</span> <span class='ocrx_word' id='word_1_357' title='bbox 1635 3131 1882 3204; x_wconf 89' lang='lat' dir='ltr'>apostoli</span> <span class='ocrx_word' id='word_1_358' title='bbox 1908 3132 2144 3188; x_wconf 90' lang='lat' dir='ltr'>nomine</span> <span class='ocrx_word' id='word_1_359' title='bbox 2191 3133 2304 3187; x_wconf 84' lang='lat' dir='ltr'>ﬁn-</span> 
     </span>
    </p>
   </div>
   <div class='ocr_carea' id='block_1_49' title="bbox 649 3191 2377 3296">
    <p class='ocr_par' dir='ltr' id='par_1_49' title="bbox 649 3191 2377 3296">
     <span class='ocr_line' id='line_1_49' title="bbox 649 3191 2377 3296; baseline -0.004 -15"><span class='ocrx_word' id='word_1_360' title='bbox 1004 3191 1228 3296; x_wconf 67' lang='lat' dir='ltr'>spuria,</span> <span class='ocrx_word' id='word_1_361' title='bbox 1261 3227 1387 3278; x_wconf 92' lang='lat' dir='ltr'>tum</span> <span class='ocrx_word' id='word_1_362' title='bbox 1422 3239 1526 3292; x_wconf 85' lang='lat' dir='ltr'>ego</span> <span class='ocrx_word' id='word_1_363' title='bbox 1559 3191 1757 3278; x_wconf 81' lang='lat' dir='ltr'>nullus</span> <span class='ocrx_word' id='word_1_364' title='bbox 1790 3221 1993 3277; x_wconf 90' lang='lat' dir='ltr'>dubito</span> <span class='ocrx_word' id='word_1_365' title='bbox 2024 3221 2302 3276; x_wconf 90' lang='lat' dir='ltr'>Leucium</span> <span class='ocrx_word' id='word_1_366' title='bbox 2333 3191 2377 3258; x_wconf 59' lang='grc' dir='ltr'>(ἶ</span> 
     </span>
    </p>
   </div>
   <div class='ocr_carea' id='block_1_50' title="bbox 659 3311 2306 3384">
    <p class='ocr_par' dir='ltr' id='par_1_50' title="bbox 659 3311 2306 3384">
     <span class='ocr_line' id='line_1_50' title="bbox 659 3311 2306 3384; baseline -0.004 -14"><span class='ocrx_word' id='word_1_367' title='bbox 659 3315 1018 3380; x_wconf 65' lang='grc' dir='ltr'>ὴωνθῐὶευιη,</span> <span class='ocrx_word' id='word_1_368' title='bbox 1049 3330 1218 3384; x_wconf 85' lang='lat' dir='ltr'>quem</span> <span class='ocrx_word' id='word_1_369' title='bbox 1253 3312 1424 3384; x_wconf 84' lang='lat' dir='ltr'>vulgo</span> <span class='ocrx_word' id='word_1_370' title='bbox 1457 3311 1838 3366; x_wconf 66' lang='lat' dir='ltr'>Manichaaum</span> <span class='ocrx_word' id='word_1_371' title='bbox 1873 3327 1986 3366; x_wconf 91' lang='lat' dir='ltr'>non</span> <span class='ocrx_word' id='word_1_372' title='bbox 2022 3315 2172 3365; x_wconf 90' lang='lat' dir='ltr'>recte</span> <span class='ocrx_word' id='word_1_373' title='bbox 2204 3328 2306 3382; x_wconf 89' lang='lat' dir='ltr'>pu-</span> 
     </span>
    </p>
   </div>
   <div class='ocr_carea' id='block_1_51' title="bbox 653 3399 2306 3471">
    <p class='ocr_par' dir='ltr' id='par_1_51' title="bbox 653 3399 2306 3471">
     <span class='ocr_line' id='line_1_51' title="bbox 653 3399 2306 3471; baseline -0.004 -12"><span class='ocrx_word' id='word_1_374' title='bbox 653 3409 800 3469; x_wconf 89' lang='lat' dir='ltr'>tant,</span> <span class='ocrx_word' id='word_1_375' title='bbox 834 3403 1043 3458; x_wconf 90' lang='lat' dir='ltr'>horum</span> <span class='ocrx_word' id='word_1_376' title='bbox 1073 3407 1508 3471; x_wconf 66' lang='lat' dir='ltr'>Actorum,quze</span> <span class='ocrx_word' id='word_1_377' title='bbox 1539 3399 1935 3455; x_wconf 88' lang='lat' dir='ltr'>Tertullianus</span> <span class='ocrx_word' id='word_1_378' title='bbox 1963 3399 2306 3469; x_wconf 72' lang='lat' dir='ltr'>affert,scri-</span> 
     </span>
    </p>
   </div>
   <div class='ocr_carea' id='block_1_52' title="bbox 654 3488 2303 3566">
    <p class='ocr_par' dir='ltr' id='par_1_52' title="bbox 654 3488 2303 3566">
     <span class='ocr_line' id='line_1_52' title="bbox 654 3488 2303 3566; baseline -0.004 -18"><span class='ocrx_word' id='word_1_379' title='bbox 654 3497 877 3566; x_wconf 91' lang='lat' dir='ltr'>ptorem</span> <span class='ocrx_word' id='word_1_380' title='bbox 909 3491 1176 3547; x_wconf 86' lang='lat' dir='ltr'>exstisse.</span> <span class='ocrx_word' id='word_1_381' title='bbox 1209 3493 1324 3546; x_wconf 92' lang='lat' dir='ltr'>Cur</span> <span class='ocrx_word' id='word_1_382' title='bbox 1354 3489 1435 3543; x_wconf 91' lang='lat' dir='ltr'>ita</span> <span class='ocrx_word' id='word_1_383' title='bbox 1490 3505 1758 3544; x_wconf 90' lang='lat' dir='ltr'>censeam</span> <span class='ocrx_word' id='word_1_384' title='bbox 1820 3488 2074 3544; x_wconf 90' lang='lat' dir='ltr'>breviter</span> <span class='ocrx_word' id='word_1_385' title='bbox 2131 3505 2303 3560; x_wconf 88' lang='lat' dir='ltr'>expo-</span> 
     </span>
    </p>
   </div>
   <div class='ocr_carea' id='block_1_53' title="bbox 653 3577 2304 3649">
    <p class='ocr_par' dir='ltr' id='par_1_53' title="bbox 653 3577 2304 3649">
     <span class='ocr_line' id='line_1_53' title="bbox 653 3577 2304 3649; baseline -0.004 -11"><span class='ocrx_word' id='word_1_386' title='bbox 653 3583 910 3638; x_wconf 90' lang='lat' dir='ltr'>nendum</span> <span class='ocrx_word' id='word_1_387' title='bbox 960 3580 1245 3635; x_wconf 91' lang='lat' dir='ltr'>videatur.</span> <span class='ocrx_word' id='word_1_388' title='bbox 1281 3580 1530 3634; x_wconf 85' lang='lat' dir='ltr'>Primum</span> <span class='ocrx_word' id='word_1_389' title='bbox 1564 3578 1757 3647; x_wconf 87' lang='lat' dir='ltr'>negari</span> <span class='ocrx_word' id='word_1_390' title='bbox 1793 3595 1907 3632; x_wconf 91' lang='lat' dir='ltr'>non</span> <span class='ocrx_word' id='word_1_391' title='bbox 1941 3582 2130 3649; x_wconf 88' lang='lat' dir='ltr'>potest</span> <span class='ocrx_word' id='word_1_392' title='bbox 2159 3577 2304 3633; x_wconf 89' lang='lat' dir='ltr'>Leu-</span> 
     </span>
    </p>
   </div>
   <div class='ocr_carea' id='block_1_54' title="bbox 651 3666 2305 3740">
    <p class='ocr_par' dir='ltr' id='par_1_54' title="bbox 651 3666 2305 3740">
     <span class='ocr_line' id='line_1_54' title="bbox 651 3666 2305 3740; baseline -0.004 -14"><span class='ocrx_word' id='word_1_393' title='bbox 651 3671 807 3726; x_wconf 91' lang='lat' dir='ltr'>cium</span> <span class='ocrx_word' id='word_1_394' title='bbox 843 3675 908 3725; x_wconf 88' lang='lat' dir='ltr'>ut</span> <span class='ocrx_word' id='word_1_395' title='bbox 940 3669 1190 3724; x_wconf 89' lang='lat' dir='ltr'>aliorum</span> <span class='ocrx_word' id='word_1_396' title='bbox 1215 3666 1728 3740; x_wconf 89' lang='lat' dir='ltr'>apostolorum,sic</span> <span class='ocrx_word' id='word_1_397' title='bbox 1757 3667 1934 3721; x_wconf 92' lang='lat' dir='ltr'>etiam</span> <span class='ocrx_word' id='word_1_398' title='bbox 1961 3666 2125 3721; x_wconf 86' lang='lat' dir='ltr'>Pauli</span> <span class='ocrx_word' id='word_1_399' title='bbox 2157 3683 2305 3737; x_wconf 80' lang='lat' dir='ltr'>quae-</span> 
     </span>
    </p>
   </div>
   <div class='ocr_carea' id='block_1_55' title="bbox 651 3756 2302 3832">
    <p class='ocr_par' dir='ltr' id='par_1_55' title="bbox 651 3756 2302 3832">
     <span class='ocr_line' id='line_1_55' title="bbox 651 3756 2302 3832; baseline -0.002 -17"><span class='ocrx_word' id='word_1_400' title='bbox 651 3777 786 3832; x_wconf 90' lang='lat' dir='ltr'>pam</span> <span class='ocrx_word' id='word_1_401' title='bbox 848 3764 988 3814; x_wconf 85' lang='lat' dir='ltr'>Acta</span> <span class='ocrx_word' id='word_1_402' title='bbox 1045 3757 1304 3823; x_wconf 85' lang='lat' dir='ltr'>finxisse,</span> <span class='ocrx_word' id='word_1_403' title='bbox 1358 3758 1510 3828; x_wconf 92' lang='lat' dir='ltr'>quod</span> <span class='ocrx_word' id='word_1_404' title='bbox 1545 3756 1787 3811; x_wconf 89' lang='lat' dir='ltr'>Photius</span> <span class='ocrx_word' id='word_1_405' title='bbox 1817 3758 2066 3811; x_wconf 90' lang='lat' dir='ltr'>testatur</span> <span class='ocrx_word' id='word_1_406' title='bbox 2095 3756 2176 3826; x_wconf 89' lang='lat' dir='ltr'>(in</span> <span class='ocrx_word' id='word_1_407' title='bbox 2208 3758 2302 3811; x_wconf 87' lang='lat' dir='ltr'>Bi-</span> 
     </span>
    </p>
   </div>
   <div class='ocr_carea' id='block_1_56' title="bbox 651 3845 2303 3920">
    <p class='ocr_par' dir='ltr' id='par_1_56' title="bbox 651 3845 2303 3920">
     <span class='ocr_line' id='line_1_56' title="bbox 651 3845 2303 3920; baseline -0.003 -14"><span class='ocrx_word' id='word_1_408' title='bbox 651 3849 944 3915; x_wconf 86' lang='lat' dir='ltr'>bliotheca,</span> <span class='ocrx_word' id='word_1_409' title='bbox 979 3852 1120 3904; x_wconf 91' lang='lat' dir='ltr'>sect.</span> <span class='ocrx_word' id='word_1_410' title='bbox 1156 3849 1278 3914; x_wconf 78' lang='grc'>114,</span> <span class='ocrx_word' id='word_1_411' title='bbox 1314 3865 1370 3920; x_wconf 92' lang='lat' dir='ltr'>p.</span> <span class='ocrx_word' id='word_1_412' title='bbox 1407 3863 1486 3901; x_wconf 93' lang='lat' dir='ltr'>m.</span> <span class='ocrx_word' id='word_1_413' title='bbox 1532 3847 1676 3917; x_wconf 87' lang='lat'><strong>157),</strong></span> <span class='ocrx_word' id='word_1_414' title='bbox 1734 3846 1833 3917; x_wconf 90' lang='lat' dir='ltr'>qui</span> <span class='ocrx_word' id='word_1_415' title='bbox 1892 3845 2033 3901; x_wconf 90' lang='lat' dir='ltr'>talia</span> <span class='ocrx_word' id='word_1_416' title='bbox 2090 3846 2303 3916; x_wconf 74' lang='lat' dir='ltr'>saepius</span> 
     </span>
    </p>
   </div>
   <div class='ocr_carea' id='block_1_57' title="bbox 647 3934 2298 4000">
    <p class='ocr_par' dir='ltr' id='par_1_57' title="bbox 647 3934 2298 4000">
     <span class='ocr_line' id='line_1_57' title="bbox 647 3934 2298 4000; baseline -0.004 -5"><span class='ocrx_word' id='word_1_417' title='bbox 647 3943 1059 3995; x_wconf 88' lang='lat' dir='ltr'>trunctaverat.</span> <span class='ocrx_word' id='word_1_418' title='bbox 1094 3937 1295 3992; x_wconf 83' lang='lat' dir='ltr'>Deinde</span> <span class='ocrx_word' id='word_1_419' title='bbox 1348 3934 1620 3990; x_wconf 90' lang='lat' dir='ltr'>Leucium</span> <span class='ocrx_word' id='word_1_420' title='bbox 1673 3952 1787 3990; x_wconf 91' lang='lat' dir='ltr'>non</span> <span class='ocrx_word' id='word_1_421' title='bbox 1827 3934 2298 4000; x_wconf 77' lang='lat' dir='ltr'>Manichmorum,</span> 
     </span>
    </p>
   </div>
   <div class='ocr_carea' id='block_1_58' title="bbox 649 4031 2293 4105">
    <p class='ocr_par' dir='ltr' id='par_1_58' title="bbox 649 4031 2293 4105">
     <span class='ocr_line' id='line_1_58' title="bbox 649 4031 2293 4105; baseline -0.002 -11"><span class='ocrx_word' id='word_1_422' title='bbox 649 4039 748 4094; x_wconf 89' lang='lat' dir='ltr'>sed</span> <span class='ocrx_word' id='word_1_423' title='bbox 783 4039 1128 4094; x_wconf 89' lang='lat' dir='ltr'>Docetarum</span> <span class='ocrx_word' id='word_1_424' title='bbox 1162 4034 1248 4090; x_wconf 91' lang='lat' dir='ltr'>vel</span> <span class='ocrx_word' id='word_1_425' title='bbox 1280 4033 1711 4089; x_wconf 89' lang='lat' dir='ltr'>Eucratitarum</span> <span class='ocrx_word' id='word_1_426' title='bbox 1763 4031 2086 4105; x_wconf 74' lang='lat' dir='ltr'>disciplina:</span> <span class='ocrx_word' id='word_1_427' title='bbox 2144 4034 2293 4090; x_wconf 71' lang='lat'><strong>155</strong></span> 
     </span>
    </p>
   </div>
   <div class='ocr_carea' id='block_1_59' title="bbox 648 4122 2297 4196">
    <p class='ocr_par' dir='ltr' id='par_1_59' title="bbox 648 4122 2297 4196">
     <span class='ocr_line' id='line_1_59' title="bbox 648 4122 2297 4196; baseline -0.002 -14"><span class='ocrx_word' id='word_1_428' title='bbox 648 4128 910 4183; x_wconf 90' lang='lat' dir='ltr'>deditum</span> <span class='ocrx_word' id='word_1_429' title='bbox 935 4123 1417 4196; x_wconf 73' lang='lat' dir='ltr'>fuisse,przeclare</span> <span class='ocrx_word' id='word_1_430' title='bbox 1441 4123 1706 4195; x_wconf 91' lang='lat' dir='ltr'>probavit</span> <span class='ocrx_word' id='word_1_431' title='bbox 1727 4122 1814 4176; x_wconf 91' lang='lat' dir='ltr'>vir</span> <span class='ocrx_word' id='word_1_432' title='bbox 1833 4122 2062 4194; x_wconf 77' lang='lat' dir='ltr'>egregie</span> <span class='ocrx_word' id='word_1_433' title='bbox 2087 4123 2297 4178; x_wconf 92' lang='lat' dir='ltr'>doctus</span> 
     </span>
    </p>
   </div>
   <div class='ocr_carea' id='block_1_60' title="bbox 647 4211 2295 4284">
    <p class='ocr_par' dir='ltr' id='par_1_60' title="bbox 647 4211 2295 4284">
     <span class='ocr_line' id='line_1_60' title="bbox 647 4211 2295 4284; baseline -0.003 -13"><span class='ocrx_word' id='word_1_434' title='bbox 647 4216 1015 4284; x_wconf 86' lang='lat' dir='ltr'>maximeque</span> <span class='ocrx_word' id='word_1_435' title='bbox 1028 4213 1267 4268; x_wconf 88' lang='lat' dir='ltr'>limatus</span> <span class='ocrx_word' id='word_1_436' title='bbox 1282 4211 1911 4267; x_wconf 86' lang='lat' dir='ltr'>IsaacusBellosobrius</span> <span class='ocrx_word' id='word_1_437' title='bbox 1929 4211 2295 4281; x_wconf 89' lang='lat' dir='ltr'>(Beausobre,</span> 
     </span>
    </p>
   </div>
   <div class='ocr_carea' id='block_1_61' title="bbox 646 4299 2294 4375">
    <p class='ocr_par' dir='ltr' id='par_1_61' title="bbox 646 4299 2294 4375">
     <span class='ocr_line' id='line_1_61' title="bbox 646 4299 2294 4375; baseline -0.004 -12"><span class='ocrx_word' id='word_1_438' title='bbox 646 4307 889 4363; x_wconf 77' lang='lat' dir='ltr'>Histoire</span> <span class='ocrx_word' id='word_1_439' title='bbox 916 4305 1150 4375; x_wconf 78' lang='lat' dir='ltr'>critique</span> <span class='ocrx_word' id='word_1_440' title='bbox 1180 4304 1251 4357; x_wconf 87' lang='lat' dir='ltr'>de</span> <span class='ocrx_word' id='word_1_441' title='bbox 1308 4300 1585 4357; x_wconf 69' lang='lat' dir='ltr'>Manio/ide</span> <span class='ocrx_word' id='word_1_442' title='bbox 1639 4309 1691 4356; x_wconf 85' lang='lat' dir='ltr'>et</span> <span class='ocrx_word' id='word_1_443' title='bbox 1746 4300 1818 4354; x_wconf 86' lang='lat' dir='ltr'>du</span> <span class='ocrx_word' id='word_1_444' title='bbox 1878 4299 2294 4372; x_wconf 77' lang='lat' dir='ltr'>Manicheisme,</span> 
     </span>
    </p>
   </div>
   <div class='ocr_carea' id='block_1_62' title="bbox 643 4388 2295 4462">
    <p class='ocr_par' dir='ltr' id='par_1_62' title="bbox 643 4388 2295 4462">
     <span class='ocr_line' id='line_1_62' title="bbox 643 4388 2295 4462; baseline -0.002 -13"><span class='ocrx_word' id='word_1_445' title='bbox 643 4395 744 4449; x_wconf 93' lang='lat' dir='ltr'>lib.</span> <span class='ocrx_word' id='word_1_446' title='bbox 779 4410 841 4459; x_wconf 84' lang='lat' dir='ltr'>II,</span> <span class='ocrx_word' id='word_1_447' title='bbox 874 4409 924 4448; x_wconf 92' lang='lat' dir='ltr'>c.</span> <span class='ocrx_word' id='word_1_448' title='bbox 957 4393 1014 4458; x_wconf 83' lang='grc'>2,</span> <span class='ocrx_word' id='word_1_449' title='bbox 1046 4394 1072 4460; x_wconf 82' lang='lat'>§</span> <span class='ocrx_word' id='word_1_450' title='bbox 1101 4395 1134 4446; x_wconf 83' lang='lat'><strong>2</strong></span> <span class='ocrx_word' id='word_1_451' title='bbox 1163 4390 1585 4462; x_wconf 82' lang='lat' dir='ltr'>seq.),quorum</span> <span class='ocrx_word' id='word_1_452' title='bbox 1619 4388 1885 4460; x_wconf 89' lang='lat' dir='ltr'>capitalis</span> <span class='ocrx_word' id='word_1_453' title='bbox 1916 4405 2077 4444; x_wconf 89' lang='lat' dir='ltr'>error</span> <span class='ocrx_word' id='word_1_454' title='bbox 2110 4390 2295 4445; x_wconf 88' lang='lat' dir='ltr'>conti-</span> 
     </span>
    </p>
   </div>
   <div class='ocr_carea' id='block_1_63' title="bbox 642 4479 2296 4550">
    <p class='ocr_par' dir='ltr' id='par_1_63' title="bbox 642 4479 2296 4550">
     <span class='ocr_line' id='line_1_63' title="bbox 642 4479 2296 4550; baseline -0.002 -12"><span class='ocrx_word' id='word_1_455' title='bbox 642 4483 890 4538; x_wconf 89' lang='lat' dir='ltr'>nebatur</span> <span class='ocrx_word' id='word_1_456' title='bbox 919 4481 977 4536; x_wconf 90' lang='lat' dir='ltr'>in</span> <span class='ocrx_word' id='word_1_457' title='bbox 1011 4479 1458 4536; x_wconf 88' lang='lat' dir='ltr'>contemnendis</span> <span class='ocrx_word' id='word_1_458' title='bbox 1491 4479 1736 4550; x_wconf 85' lang='lat' dir='ltr'>nuptiis;</span> <span class='ocrx_word' id='word_1_459' title='bbox 1769 4483 1827 4533; x_wconf 92' lang='lat' dir='ltr'>et</span> <span class='ocrx_word' id='word_1_460' title='bbox 1857 4481 2131 4534; x_wconf 90' lang='lat' dir='ltr'>Actorum</span> <span class='ocrx_word' id='word_1_461' title='bbox 2167 4479 2296 4534; x_wconf 85' lang='lat' dir='ltr'>uni-</span> 
     </span>
    </p>
   </div>
   <div class='ocr_carea' id='block_1_64' title="bbox 2431 1877 4082 1949">
    <p class='ocr_par' dir='ltr' id='par_1_64' title="bbox 2431 1877 4082 1949">
     <span class='ocr_line' id='line_1_64' title="bbox 2431 1877 4082 1949; baseline -0.002 -16"><span class='ocrx_word' id='word_1_462' title='bbox 2431 1879 2671 1934; x_wconf 88' lang='lat' dir='ltr'>lastrius</span> <span class='ocrx_word' id='word_1_463' title='bbox 2690 1879 2717 1932; x_wconf 84' lang='lat'><strong>?</strong></span> <span class='ocrx_word' id='word_1_464' title='bbox 2745 1880 3043 1949; x_wconf 81' lang='lat' dir='ltr'>Baptismo,</span> <span class='ocrx_word' id='word_1_465' title='bbox 3068 1877 3280 1948; x_wconf 89' lang='lat' dir='ltr'>inquit,</span> <span class='ocrx_word' id='word_1_466' title='bbox 3305 1892 3412 1932; x_wconf 81' lang='lat' dir='ltr'>non</span> <span class='ocrx_word' id='word_1_467' title='bbox 3444 1885 3682 1931; x_wconf 81' lang='lat' dir='ltr'>utuntur</span> <span class='ocrx_word' id='word_1_468' title='bbox 3709 1880 3930 1948; x_wconf 79' lang='lat' dir='ltr'>propter</span> <span class='ocrx_word' id='word_1_469' title='bbox 3955 1892 4082 1931; x_wconf 81' lang='lat' dir='ltr'>ver-</span> 
     </span>
    </p>
   </div>
   <div class='ocr_carea' id='block_1_65' title="bbox 2434 1966 4082 2038">
    <p class='ocr_par' dir='ltr' id='par_1_65' title="bbox 2434 1966 4082 2038">
     <span class='ocr_line' id='line_1_65' title="bbox 2434 1966 4082 2038; baseline -0.001 -14"><span class='ocrx_word' id='word_1_470' title='bbox 2434 1970 2561 2024; x_wconf 83' lang='lat' dir='ltr'>bum</span> <span class='ocrx_word' id='word_1_471' title='bbox 2591 1970 2706 2034; x_wconf 87' lang='lat' dir='ltr'>hoc,</span> <span class='ocrx_word' id='word_1_472' title='bbox 2729 1967 2870 2038; x_wconf 83' lang='lat' dir='ltr'>quod</span> <span class='ocrx_word' id='word_1_473' title='bbox 2900 1968 3045 2022; x_wconf 73' lang='lat' dir='ltr'>dixit</span> <span class='ocrx_word' id='word_1_474' title='bbox 3074 1969 3230 2023; x_wconf 85' lang='lat' dir='ltr'>Joan.</span> <span class='ocrx_word' id='word_1_475' title='bbox 3277 1969 3522 2037; x_wconf 81' lang='lat' dir='ltr'>Baptista</span> <span class='ocrx_word' id='word_1_476' title='bbox 3559 1983 3570 2021; x_wconf 96' lang='lat'>:</span> <span class='ocrx_word' id='word_1_477' title='bbox 3603 1968 3720 2037; x_wconf 80' lang='lat' dir='ltr'>Ipse</span> <span class='ocrx_word' id='word_1_478' title='bbox 3749 1982 3836 2021; x_wconf 81' lang='lat' dir='ltr'>vos</span> <span class='ocrx_word' id='word_1_479' title='bbox 3893 1966 4082 2037; x_wconf 84' lang='lat' dir='ltr'>bapti-</span> 
     </span>
    </p>
   </div>
   <div class='ocr_carea' id='block_1_66' title="bbox 2429 2054 4079 2129">
    <p class='ocr_par' dir='ltr' id='par_1_66' title="bbox 2429 2054 4079 2129">
     <span class='ocr_line' id='line_1_66' title="bbox 2429 2054 4079 2129; baseline -0.002 -15"><span class='ocrx_word' id='word_1_480' title='bbox 2429 2059 2577 2114; x_wconf 77' lang='lat' dir='ltr'>zahit</span> <span class='ocrx_word' id='word_1_481' title='bbox 2619 2058 2674 2113; x_wconf 84' lang='lat' dir='ltr'>in</span> <span class='ocrx_word' id='word_1_482' title='bbox 2706 2058 2912 2126; x_wconf 80' lang='lat' dir='ltr'>spiritu</span> <span class='ocrx_word' id='word_1_483' title='bbox 2941 2060 2992 2110; x_wconf 67' lang='lat' dir='ltr'>et</span> <span class='ocrx_word' id='word_1_484' title='bbox 3024 2059 3176 2129; x_wconf 82' lang='lat' dir='ltr'>igne.</span> <span class='ocrx_word' id='word_1_485' title='bbox 3209 2055 3362 2110; x_wconf 85' lang='lat' dir='ltr'>Nihil</span> <span class='ocrx_word' id='word_1_486' title='bbox 3395 2054 3647 2111; x_wconf 92' lang='lat' dir='ltr'>similius</span> <span class='ocrx_word' id='word_1_487' title='bbox 3680 2055 3787 2111; x_wconf 94' lang='lat' dir='ltr'>hoc</span> <span class='ocrx_word' id='word_1_488' title='bbox 3812 2072 3942 2112; x_wconf 91' lang='lat' dir='ltr'>esse</span> <span class='ocrx_word' id='word_1_489' title='bbox 3974 2073 4079 2126; x_wconf 91' lang='lat' dir='ltr'>po-</span> 
     </span>
    </p>
   </div>
   <div class='ocr_carea' id='block_1_67' title="bbox 2428 2136 4080 2216">
    <p class='ocr_par' dir='ltr' id='par_1_67' title="bbox 2428 2136 4080 2216">
     <span class='ocr_line' id='line_1_67' title="bbox 2428 2136 4080 2216; baseline -0.001 -12"><span class='ocrx_word' id='word_1_490' title='bbox 2428 2152 2543 2204; x_wconf 91' lang='lat' dir='ltr'>test</span> <span class='ocrx_word' id='word_1_491' title='bbox 2572 2136 2808 2202; x_wconf 84' lang='lat' dir='ltr'>illorum</span> <span class='ocrx_word' id='word_1_492' title='bbox 2841 2161 3285 2216; x_wconf 87' lang='lat' dir='ltr'>errorum,quos</span> <span class='ocrx_word' id='word_1_493' title='bbox 3316 2143 3714 2200; x_wconf 89' lang='lat' dir='ltr'>Tertullianus</span> <span class='ocrx_word' id='word_1_494' title='bbox 3745 2145 3803 2201; x_wconf 90' lang='lat' dir='ltr'>in</span> <span class='ocrx_word' id='word_1_495' title='bbox 3834 2144 3981 2200; x_wconf 90' lang='lat' dir='ltr'>libro</span> <span class='ocrx_word' id='word_1_496' title='bbox 4012 2145 4080 2202; x_wconf 77' lang='lat' dir='ltr'>de</span> 
     </span>
    </p>
   </div>
   <div class='ocr_carea' id='block_1_68' title="bbox 2427 2233 4078 2309">
    <p class='ocr_par' dir='ltr' id='par_1_68' title="bbox 2427 2233 4078 2309">
     <span class='ocr_line' id='line_1_68' title="bbox 2427 2233 4078 2309; baseline -0.001 -18"><span class='ocrx_word' id='word_1_497' title='bbox 2427 2239 2710 2309; x_wconf 79' lang='lat' dir='ltr'>Baptismo</span> <span class='ocrx_word' id='word_1_498' title='bbox 2741 2234 3334 2305; x_wconf 85' lang='lat' dir='ltr'>confutat.Negabant</span> <span class='ocrx_word' id='word_1_499' title='bbox 3355 2233 3916 2298; x_wconf 71' lang='lat' dir='ltr'>hmretici,adversus</span> <span class='ocrx_word' id='word_1_500' title='bbox 3929 2250 4078 2303; x_wconf 90' lang='lat' dir='ltr'>quos</span> 
     </span>
    </p>
   </div>
   <div class='ocr_carea' id='block_1_69' title="bbox 2427 2321 4080 2398">
    <p class='ocr_par' dir='ltr' id='par_1_69' title="bbox 2427 2321 4080 2398">
     <span class='ocr_line' id='line_1_69' title="bbox 2427 2321 4080 2398; baseline -0.002 -17"><span class='ocrx_word' id='word_1_501' title='bbox 2427 2326 2505 2382; x_wconf 87' lang='lat' dir='ltr'>ibi</span> <span class='ocrx_word' id='word_1_502' title='bbox 2527 2327 2981 2398; x_wconf 88' lang='lat' dir='ltr'>disputat,sacro</span> <span class='ocrx_word' id='word_1_503' title='bbox 3005 2322 3228 2378; x_wconf 85' lang='lat' dir='ltr'>lavacro</span> <span class='ocrx_word' id='word_1_504' title='bbox 3246 2322 3553 2393; x_wconf 88' lang='lat' dir='ltr'>tingendos</span> <span class='ocrx_word' id='word_1_505' title='bbox 3570 2321 3931 2378; x_wconf 89' lang='lat' dir='ltr'>Christianos</span> <span class='ocrx_word' id='word_1_506' title='bbox 3947 2338 4080 2378; x_wconf 89' lang='lat' dir='ltr'>esse</span> 
     </span>
    </p>
   </div>
   <div class='ocr_carea' id='block_1_70' title="bbox 2425 2411 4076 2488">
    <p class='ocr_par' dir='ltr' id='par_1_70' title="bbox 2425 2411 4076 2488">
     <span class='ocr_line' id='line_1_70' title="bbox 2425 2411 4076 2488; baseline -0.004 -16"><span class='ocrx_word' id='word_1_507' title='bbox 2425 2421 2598 2488; x_wconf 90' lang='lat' dir='ltr'>atque</span> <span class='ocrx_word' id='word_1_508' title='bbox 2629 2415 2681 2471; x_wconf 93' lang='lat' dir='ltr'>is</span> <span class='ocrx_word' id='word_1_509' title='bbox 2713 2414 2838 2486; x_wconf 91' lang='lat' dir='ltr'>ipse</span> <span class='ocrx_word' id='word_1_510' title='bbox 2869 2413 3022 2468; x_wconf 91' lang='lat' dir='ltr'>dicta</span> <span class='ocrx_word' id='word_1_511' title='bbox 3052 2412 3298 2468; x_wconf 90' lang='lat' dir='ltr'>Joannis</span> <span class='ocrx_word' id='word_1_512' title='bbox 3329 2412 3400 2467; x_wconf 90' lang='lat' dir='ltr'>de</span> <span class='ocrx_word' id='word_1_513' title='bbox 3430 2411 3727 2484; x_wconf 91' lang='lat' dir='ltr'>baptismo</span> <span class='ocrx_word' id='word_1_514' title='bbox 3759 2427 3862 2483; x_wconf 88' lang='lat' dir='ltr'>per</span> <span class='ocrx_word' id='word_1_515' title='bbox 3891 2411 4076 2484; x_wconf 86' lang='lat' dir='ltr'>spiri-</span> 
     </span>
    </p>
   </div>
   <div class='ocr_carea' id='block_1_71' title="bbox 2424 2500 4074 2575">
    <p class='ocr_par' dir='ltr' id='par_1_71' title="bbox 2424 2500 4074 2575">
     <span class='ocr_line' id='line_1_71' title="bbox 2424 2500 4074 2575; baseline -0.002 -14"><span class='ocrx_word' id='word_1_516' title='bbox 2424 2509 2549 2561; x_wconf 91' lang='lat' dir='ltr'>tum</span> <span class='ocrx_word' id='word_1_517' title='bbox 2582 2508 2638 2560; x_wconf 93' lang='lat' dir='ltr'>et</span> <span class='ocrx_word' id='word_1_518' title='bbox 2668 2505 2860 2575; x_wconf 86' lang='lat' dir='ltr'>ignem</span> <span class='ocrx_word' id='word_1_519' title='bbox 2893 2519 3010 2558; x_wconf 57' lang='lat' dir='ltr'>suae</span> <span class='ocrx_word' id='word_1_520' title='bbox 3044 2501 3343 2557; x_wconf 67' lang='lat' dir='ltr'>sententias</span> <span class='ocrx_word' id='word_1_521' title='bbox 3375 2500 3680 2566; x_wconf 85' lang='lat' dir='ltr'>conciliat;</span> <span class='ocrx_word' id='word_1_522' title='bbox 3706 2518 3906 2572; x_wconf 90' lang='lat' dir='ltr'>quare,</span> <span class='ocrx_word' id='word_1_523' title='bbox 3931 2501 4074 2573; x_wconf 90' lang='lat' dir='ltr'>quid</span> 
     </span>
    </p>
   </div>
   <div class='ocr_carea' id='block_1_72' title="bbox 2423 2589 4074 2666">
    <p class='ocr_par' dir='ltr' id='par_1_72' title="bbox 2423 2589 4074 2666">
     <span class='ocr_line' id='line_1_72' title="bbox 2423 2589 4074 2666; baseline -0.001 -18"><span class='ocrx_word' id='word_1_524' title='bbox 2423 2598 2507 2648; x_wconf 89' lang='lat' dir='ltr'>est</span> <span class='ocrx_word' id='word_1_525' title='bbox 2537 2591 2897 2666; x_wconf 85' lang='lat' dir='ltr'>probabilius</span> <span class='ocrx_word' id='word_1_526' title='bbox 2928 2607 3104 2662; x_wconf 93' lang='lat' dir='ltr'>quam</span> <span class='ocrx_word' id='word_1_527' title='bbox 3137 2590 3499 2646; x_wconf 89' lang='lat' dir='ltr'>adversarios</span> <span class='ocrx_word' id='word_1_528' title='bbox 3519 2589 3859 2646; x_wconf 90' lang='lat' dir='ltr'>Tertulliani</span> <span class='ocrx_word' id='word_1_529' title='bbox 3884 2607 3917 2646; x_wconf 89' lang='lat' dir='ltr'>a</span> <span class='ocrx_word' id='word_1_530' title='bbox 3939 2607 4074 2646; x_wconf 90' lang='lat' dir='ltr'>sen-</span> 
     </span>
    </p>
   </div>
   <div class='ocr_carea' id='block_1_73' title="bbox 2420 2679 4069 2750">
    <p class='ocr_par' dir='ltr' id='par_1_73' title="bbox 2420 2679 4069 2750">
     <span class='ocr_line' id='line_1_73' title="bbox 2420 2679 4069 2750; baseline -0.001 -13"><span class='ocrx_word' id='word_1_531' title='bbox 2420 2683 2602 2738; x_wconf 89' lang='lat' dir='ltr'>tentia</span> <span class='ocrx_word' id='word_1_532' title='bbox 2631 2681 2821 2738; x_wconf 90' lang='lat' dir='ltr'>Leucii</span> <span class='ocrx_word' id='word_1_533' title='bbox 2853 2680 3102 2746; x_wconf 88' lang='lat' dir='ltr'>stetisse,</span> <span class='ocrx_word' id='word_1_534' title='bbox 3135 2680 3256 2750; x_wconf 90' lang='lat' dir='ltr'>qui,</span> <span class='ocrx_word' id='word_1_535' title='bbox 3317 2684 3464 2736; x_wconf 90' lang='lat' dir='ltr'>teste</span> <span class='ocrx_word' id='word_1_536' title='bbox 3524 2679 3851 2748; x_wconf 89' lang='lat' dir='ltr'>Philastrio,</span> <span class='ocrx_word' id='word_1_537' title='bbox 3911 2679 4069 2736; x_wconf 90' lang='lat' dir='ltr'>idem</span> 
     </span>
    </p>
   </div>
   <div class='ocr_carea' id='block_1_74' title="bbox 2421 2767 4064 2844">
    <p class='ocr_par' dir='ltr' id='par_1_74' title="bbox 2421 2767 4064 2844">
     <span class='ocr_line' id='line_1_74' title="bbox 2421 2767 4064 2844; baseline -0.002 -17"><span class='ocrx_word' id='word_1_538' title='bbox 2421 2789 2662 2844; x_wconf 90' lang='lat' dir='ltr'>prorsus</span> <span class='ocrx_word' id='word_1_539' title='bbox 2721 2771 2967 2825; x_wconf 83' lang='lat' dir='ltr'>dixerat.</span> <span class='ocrx_word' id='word_1_540' title='bbox 3010 2773 3190 2824; x_wconf 87' lang='lat' dir='ltr'>Nemo</span> <span class='ocrx_word' id='word_1_541' title='bbox 3231 2767 3372 2823; x_wconf 86' lang='lat' dir='ltr'>mihi</span> <span class='ocrx_word' id='word_1_542' title='bbox 3398 2773 3664 2824; x_wconf 89' lang='lat' dir='ltr'>occurrat</span> <span class='ocrx_word' id='word_1_543' title='bbox 3703 2785 3716 2823; x_wconf 91' lang='lat'><strong>:</strong></span> <span class='ocrx_word' id='word_1_544' title='bbox 3750 2767 4064 2824; x_wconf 91' lang='lat' dir='ltr'>Seleucum</span> 
     </span>
    </p>
   </div>
   <div class='ocr_carea' id='block_1_75' title="bbox 2418 2856 4062 2931">
    <p class='ocr_par' dir='ltr' id='par_1_75' title="bbox 2418 2856 4062 2931">
     <span class='ocr_line' id='line_1_75' title="bbox 2418 2856 4062 2931; baseline -0.001 -17"><span class='ocrx_word' id='word_1_545' title='bbox 2418 2860 2851 2926; x_wconf 91' lang='lat' dir='ltr'>v.Leucium,de</span> <span class='ocrx_word' id='word_1_546' title='bbox 2873 2876 2987 2931; x_wconf 93' lang='lat' dir='ltr'>quo</span> <span class='ocrx_word' id='word_1_547' title='bbox 3013 2858 3360 2914; x_wconf 90' lang='lat' dir='ltr'>Philastrius</span> <span class='ocrx_word' id='word_1_548' title='bbox 3383 2856 3662 2928; x_wconf 90' lang='lat' dir='ltr'>loquitur,</span> <span class='ocrx_word' id='word_1_549' title='bbox 3677 2857 4062 2913; x_wconf 63' lang='lat' dir='ltr'>Manicheum</span> 
     </span>
    </p>
   </div>
   <div class='ocr_carea' id='block_1_76' title="bbox 2417 2946 4062 3021">
    <p class='ocr_par' dir='ltr' id='par_1_76' title="bbox 2417 2946 4062 3021">
     <span class='ocr_line' id='line_1_76' title="bbox 2417 2946 4062 3021; baseline -0.002 -16"><span class='ocrx_word' id='word_1_550' title='bbox 2417 2951 2599 3005; x_wconf 88' lang='lat' dir='ltr'>fuisse</span> <span class='ocrx_word' id='word_1_551' title='bbox 2622 2955 2796 3021; x_wconf 89' lang='lat' dir='ltr'>atque</span> <span class='ocrx_word' id='word_1_552' title='bbox 2818 2948 3112 3004; x_wconf 89' lang='lat' dir='ltr'>diversum</span> <span class='ocrx_word' id='word_1_553' title='bbox 3140 2965 3173 3003; x_wconf 91' lang='lat' dir='ltr'>a</span> <span class='ocrx_word' id='word_1_554' title='bbox 3195 2947 3403 3003; x_wconf 91' lang='lat' dir='ltr'>Leucio</span> <span class='ocrx_word' id='word_1_555' title='bbox 3425 2946 3849 3019; x_wconf 87' lang='lat' dir='ltr'>Joan.aposto|i</span> <span class='ocrx_word' id='word_1_556' title='bbox 3883 2947 4062 3002; x_wconf 84' lang='lat' dir='ltr'>disci-</span> 
     </span>
    </p>
   </div>
   <div class='ocr_carea' id='block_1_77' title="bbox 2415 3036 4064 3112">
    <p class='ocr_par' dir='ltr' id='par_1_77' title="bbox 2415 3036 4064 3112">
     <span class='ocr_line' id='line_1_77' title="bbox 2415 3036 4064 3112; baseline 0 -18"><span class='ocrx_word' id='word_1_557' title='bbox 2415 3039 2957 3112; x_wconf 86' lang='lat' dir='ltr'>pulo;Philastrium</span> <span class='ocrx_word' id='word_1_558' title='bbox 2981 3037 3156 3094; x_wconf 92' lang='lat' dir='ltr'>etiam</span> <span class='ocrx_word' id='word_1_559' title='bbox 3179 3037 3479 3092; x_wconf 92' lang='lat' dir='ltr'>hominem</span> <span class='ocrx_word' id='word_1_560' title='bbox 3495 3036 3714 3093; x_wconf 90' lang='lat' dir='ltr'>nullius</span> <span class='ocrx_word' id='word_1_561' title='bbox 3729 3037 3897 3108; x_wconf 89' lang='lat' dir='ltr'>pretii</span> <span class='ocrx_word' id='word_1_562' title='bbox 3911 3053 4064 3108; x_wconf 86' lang='lat' dir='ltr'>esse,</span> 
     </span>
    </p>
   </div>
   <div class='ocr_carea' id='block_1_78' title="bbox 2415 3134 4067 3207">
    <p class='ocr_par' dir='ltr' id='par_1_78' title="bbox 2415 3134 4067 3207">
     <span class='ocr_line' id='line_1_78' title="bbox 2415 3134 4067 3207; baseline -0.002 -13"><span class='ocrx_word' id='word_1_563' title='bbox 2415 3139 2569 3194; x_wconf 92' lang='lat' dir='ltr'>unde</span> <span class='ocrx_word' id='word_1_564' title='bbox 2599 3137 2926 3203; x_wconf 84' lang='lat' dir='ltr'>exsisteret,</span> <span class='ocrx_word' id='word_1_565' title='bbox 2961 3136 3112 3207; x_wconf 93' lang='lat' dir='ltr'>quod</span> <span class='ocrx_word' id='word_1_566' title='bbox 3149 3136 3281 3191; x_wconf 82' lang='lat' dir='ltr'>ﬁdei</span> <span class='ocrx_word' id='word_1_567' title='bbox 3314 3135 3494 3206; x_wconf 90' lang='lat' dir='ltr'>hujus</span> <span class='ocrx_word' id='word_1_568' title='bbox 3537 3134 3687 3191; x_wconf 91' lang='lat' dir='ltr'>male</span> <span class='ocrx_word' id='word_1_569' title='bbox 3735 3134 4067 3191; x_wconf 88' lang='lat' dir='ltr'>ambulanti</span> 
     </span>
    </p>
   </div>
   <div class='ocr_carea' id='block_1_79' title="bbox 2415 3225 4068 3298">
    <p class='ocr_par' dir='ltr' id='par_1_79' title="bbox 2415 3225 4068 3298">
     <span class='ocr_line' id='line_1_79' title="bbox 2415 3225 4068 3298; baseline -0.002 -14"><span class='ocrx_word' id='word_1_570' title='bbox 2415 3229 2647 3284; x_wconf 92' lang='lat' dir='ltr'>credere</span> <span class='ocrx_word' id='word_1_571' title='bbox 2678 3245 2790 3283; x_wconf 93' lang='lat' dir='ltr'>non</span> <span class='ocrx_word' id='word_1_572' title='bbox 2826 3231 3104 3298; x_wconf 88' lang='lat' dir='ltr'>oporteat.</span> <span class='ocrx_word' id='word_1_573' title='bbox 3140 3231 3399 3297; x_wconf 86' lang='lat' dir='ltr'>Namque</span> <span class='ocrx_word' id='word_1_574' title='bbox 3426 3225 3586 3280; x_wconf 88' lang='lat' dir='ltr'>istud</span> <span class='ocrx_word' id='word_1_575' title='bbox 3618 3225 3928 3281; x_wconf 90' lang='lat' dir='ltr'>discrimen</span> <span class='ocrx_word' id='word_1_576' title='bbox 3961 3225 4068 3281; x_wconf 81' lang='lat' dir='ltr'>ﬁo-</span> 
     </span>
    </p>
   </div>
   <div class='ocr_carea' id='block_1_80' title="bbox 2415 3314 4067 3383">
    <p class='ocr_par' dir='ltr' id='par_1_80' title="bbox 2415 3314 4067 3383">
     <span class='ocr_line' id='line_1_80' title="bbox 2415 3314 4067 3383; baseline -0.003 -9"><span class='ocrx_word' id='word_1_577' title='bbox 2415 3324 2538 3374; x_wconf 77' lang='lat' dir='ltr'>tuin</span> <span class='ocrx_word' id='word_1_578' title='bbox 2571 3333 2720 3383; x_wconf 89' lang='lat' dir='ltr'>esse,</span> <span class='ocrx_word' id='word_1_579' title='bbox 2754 3333 2820 3372; x_wconf 91' lang='lat' dir='ltr'>ac</span> <span class='ocrx_word' id='word_1_580' title='bbox 2877 3315 3132 3381; x_wconf 88' lang='lat' dir='ltr'>nullum,</span> <span class='ocrx_word' id='word_1_581' title='bbox 3192 3314 3336 3370; x_wconf 89' lang='lat' dir='ltr'>satis</span> <span class='ocrx_word' id='word_1_582' title='bbox 3395 3315 3676 3370; x_wconf 90' lang='lat' dir='ltr'>adversus</span> <span class='ocrx_word' id='word_1_583' title='bbox 3733 3315 4067 3370; x_wconf 87' lang='lat' dir='ltr'>Fabricium</span> 
     </span>
    </p>
   </div>
   <div class='ocr_carea' id='block_1_81' title="bbox 2415 3403 4069 3473">
    <p class='ocr_par' dir='ltr' id='par_1_81' title="bbox 2415 3403 4069 3473">
     <span class='ocr_line' id='line_1_81' title="bbox 2415 3403 4069 3473; baseline -0.002 -12"><span class='ocrx_word' id='word_1_584' title='bbox 2415 3405 2831 3473; x_wconf 84' lang='lat' dir='ltr'>Bellosobrius,</span> <span class='ocrx_word' id='word_1_585' title='bbox 2862 3403 2971 3460; x_wconf 92' lang='lat' dir='ltr'>loc.</span> <span class='ocrx_word' id='word_1_586' title='bbox 3005 3405 3104 3459; x_wconf 89' lang='lat' dir='ltr'>cit.</span> <span class='ocrx_word' id='word_1_587' title='bbox 3137 3407 3164 3472; x_wconf 86' lang='lat'>§</span> <span class='ocrx_word' id='word_1_588' title='bbox 3195 3405 3247 3471; x_wconf 90' lang='lat'>3,</span> <span class='ocrx_word' id='word_1_589' title='bbox 3281 3403 3563 3472; x_wconf 83' lang='lat' dir='ltr'>defendit,</span> <span class='ocrx_word' id='word_1_590' title='bbox 3598 3407 3654 3458; x_wconf 91' lang='lat' dir='ltr'>et</span> <span class='ocrx_word' id='word_1_591' title='bbox 3682 3403 4069 3459; x_wconf 91' lang='lat' dir='ltr'>Philastrium</span> 
     </span>
    </p>
   </div>
   <div class='ocr_carea' id='block_1_82' title="bbox 2415 3491 4068 3565">
    <p class='ocr_par' dir='ltr' id='par_1_82' title="bbox 2415 3491 4068 3565">
     <span class='ocr_line' id='line_1_82' title="bbox 2415 3491 4068 3565; baseline -0.002 -14"><span class='ocrx_word' id='word_1_592' title='bbox 2415 3512 2528 3551; x_wconf 90' lang='lat' dir='ltr'>non</span> <span class='ocrx_word' id='word_1_593' title='bbox 2563 3494 2802 3565; x_wconf 91' lang='lat' dir='ltr'>quidem</span> <span class='ocrx_word' id='word_1_594' title='bbox 2839 3493 3044 3565; x_wconf 87' lang='lat' dir='ltr'>ignoro</span> <span class='ocrx_word' id='word_1_595' title='bbox 3076 3496 3420 3564; x_wconf 83' lang='lat' dir='ltr'>nugatorem</span> <span class='ocrx_word' id='word_1_596' title='bbox 3452 3509 3581 3549; x_wconf 89' lang='lat' dir='ltr'>esse</span> <span class='ocrx_word' id='word_1_597' title='bbox 3635 3491 3695 3547; x_wconf 95' lang='lat' dir='ltr'>in</span> <span class='ocrx_word' id='word_1_598' title='bbox 3747 3492 4068 3565; x_wconf 90' lang='lat' dir='ltr'>plerisque,</span> 
     </span>
    </p>
   </div>
   <div class='ocr_carea' id='block_1_83' title="bbox 2413 3581 4070 3655">
    <p class='ocr_par' dir='ltr' id='par_1_83' title="bbox 2413 3581 4070 3655">
     <span class='ocr_line' id='line_1_83' title="bbox 2413 3581 4070 3655; baseline -0.002 -15"><span class='ocrx_word' id='word_1_599' title='bbox 2413 3585 2590 3640; x_wconf 85' lang='lat' dir='ltr'>etiam</span> <span class='ocrx_word' id='word_1_600' title='bbox 2647 3582 2706 3637; x_wconf 90' lang='lat' dir='ltr'>in</span> <span class='ocrx_word' id='word_1_601' title='bbox 2759 3582 3102 3638; x_wconf 90' lang='lat' dir='ltr'>enarrandis</span> <span class='ocrx_word' id='word_1_602' title='bbox 3159 3581 3303 3655; x_wconf 90' lang='lat' dir='ltr'>ipsis</span> <span class='ocrx_word' id='word_1_603' title='bbox 3362 3581 3585 3638; x_wconf 91' lang='lat' dir='ltr'>Seleuci</span> <span class='ocrx_word' id='word_1_604' title='bbox 3617 3582 3934 3650; x_wconf 89' lang='lat' dir='ltr'>erroribus,</span> <span class='ocrx_word' id='word_1_605' title='bbox 3965 3581 4070 3653; x_wconf 91' lang='lat' dir='ltr'>qui</span> 
     </span>
    </p>
   </div>
   <div class='ocr_carea' id='block_1_84' title="bbox 2413 3669 4069 3743">
    <p class='ocr_par' dir='ltr' id='par_1_84' title="bbox 2413 3669 4069 3743">
     <span class='ocr_line' id='line_1_84' title="bbox 2413 3669 4069 3743; baseline -0.001 -15"><span class='ocrx_word' id='word_1_606' title='bbox 2413 3677 2567 3728; x_wconf 86' lang='lat' dir='ltr'>certe</span> <span class='ocrx_word' id='word_1_607' title='bbox 2595 3669 2804 3726; x_wconf 92' lang='lat' dir='ltr'>Leucio</span> <span class='ocrx_word' id='word_1_608' title='bbox 2826 3671 2994 3726; x_wconf 92' lang='lat' dir='ltr'>Joan.</span> <span class='ocrx_word' id='word_1_609' title='bbox 3021 3670 3309 3742; x_wconf 91' lang='lat' dir='ltr'>discipulo</span> <span class='ocrx_word' id='word_1_610' title='bbox 3334 3670 3514 3726; x_wconf 91' lang='lat' dir='ltr'>tribui</span> <span class='ocrx_word' id='word_1_611' title='bbox 3538 3687 3652 3727; x_wconf 93' lang='lat' dir='ltr'>non</span> <span class='ocrx_word' id='word_1_612' title='bbox 3693 3687 3896 3726; x_wconf 89' lang='lat' dir='ltr'>omnes</span> <span class='ocrx_word' id='word_1_613' title='bbox 3938 3687 4069 3743; x_wconf 84' lang='lat' dir='ltr'>pos-</span> 
     </span>
    </p>
   </div>
   <div class='ocr_carea' id='block_1_85' title="bbox 2413 3758 4066 3832">
    <p class='ocr_par' dir='ltr' id='par_1_85' title="bbox 2413 3758 4066 3832">
     <span class='ocr_line' id='line_1_85' title="bbox 2413 3758 4066 3832; baseline -0.002 -15"><span class='ocrx_word' id='word_1_614' title='bbox 2413 3766 2588 3828; x_wconf 88' lang='lat' dir='ltr'>sunt;</span> <span class='ocrx_word' id='word_1_615' title='bbox 2626 3761 2726 3815; x_wconf 90' lang='lat' dir='ltr'>sed</span> <span class='ocrx_word' id='word_1_616' title='bbox 2753 3760 2811 3814; x_wconf 91' lang='lat' dir='ltr'>in</span> <span class='ocrx_word' id='word_1_617' title='bbox 2837 3759 3010 3830; x_wconf 79' lang='lat' dir='ltr'>nugis</span> <span class='ocrx_word' id='word_1_618' title='bbox 3040 3758 3170 3814; x_wconf 86' lang='lat' dir='ltr'>&#39;illis</span> <span class='ocrx_word' id='word_1_619' title='bbox 3211 3759 3616 3816; x_wconf 89' lang='lat' dir='ltr'>Philastrianis</span> <span class='ocrx_word' id='word_1_620' title='bbox 3657 3759 3755 3832; x_wconf 91' lang='lat' dir='ltr'>qui</span> <span class='ocrx_word' id='word_1_621' title='bbox 3787 3759 3951 3815; x_wconf 87' lang='lat' dir='ltr'>nulla</span> <span class='ocrx_word' id='word_1_622' title='bbox 3976 3760 4066 3814; x_wconf 86' lang='lat' dir='ltr'>di-</span> 
     </span>
    </p>
   </div>
   <div class='ocr_carea' id='block_1_86' title="bbox 2412 3847 4066 3922">
    <p class='ocr_par' dir='ltr' id='par_1_86' title="bbox 2412 3847 4066 3922">
     <span class='ocr_line' id='line_1_86' title="bbox 2412 3847 4066 3922; baseline -0.001 -15"><span class='ocrx_word' id='word_1_623' title='bbox 2412 3867 2538 3907; x_wconf 89' lang='lat' dir='ltr'>cere</span> <span class='ocrx_word' id='word_1_624' title='bbox 2570 3850 2780 3905; x_wconf 81' lang='lat' dir='ltr'>audeat</span> <span class='ocrx_word' id='word_1_625' title='bbox 2809 3849 3074 3904; x_wconf 87' lang='lat' dir='ltr'>veritatis</span> <span class='ocrx_word' id='word_1_626' title='bbox 3103 3849 3330 3904; x_wconf 89' lang='lat' dir='ltr'>semina</span> <span class='ocrx_word' id='word_1_627' title='bbox 3360 3847 3582 3906; x_wconf 87' lang='lat' dir='ltr'>latere?</span> <span class='ocrx_word' id='word_1_628' title='bbox 3611 3850 3698 3906; x_wconf 90' lang='lat' dir='ltr'>Sit</span> <span class='ocrx_word' id='word_1_629' title='bbox 3727 3849 3910 3922; x_wconf 89' lang='lat' dir='ltr'>igitur</span> <span class='ocrx_word' id='word_1_630' title='bbox 3951 3849 4066 3906; x_wconf 91' lang='lat' dir='ltr'>hoc</span> 
     </span>
    </p>
   </div>
   <div class='ocr_carea' id='block_1_87' title="bbox 2411 3939 4061 4007">
    <p class='ocr_par' dir='ltr' id='par_1_87' title="bbox 2411 3939 4061 4007">
     <span class='ocr_line' id='line_1_87' title="bbox 2411 3939 4061 4007; baseline -0.001 -11"><span class='ocrx_word' id='word_1_631' title='bbox 2411 3939 2823 4004; x_wconf 89' lang='lat' dir='ltr'>constitutum,</span> <span class='ocrx_word' id='word_1_632' title='bbox 2881 3939 3307 3995; x_wconf 88' lang='lat' dir='ltr'>Tertullianum</span> <span class='ocrx_word' id='word_1_633' title='bbox 3366 3940 3424 3994; x_wconf 91' lang='lat' dir='ltr'>in</span> <span class='ocrx_word' id='word_1_634' title='bbox 3481 3939 3628 3996; x_wconf 91' lang='lat' dir='ltr'>libro</span> <span class='ocrx_word' id='word_1_635' title='bbox 3677 3945 3897 4007; x_wconf 90' lang='lat' dir='ltr'>nostro,</span> <span class='ocrx_word' id='word_1_636' title='bbox 3926 3955 4061 3995; x_wconf 90' lang='lat' dir='ltr'>cum</span> 
     </span>
    </p>
   </div>
   <div class='ocr_carea' id='block_1_88' title="bbox 2407 4026 4062 4101">
    <p class='ocr_par' dir='ltr' id='par_1_88' title="bbox 2407 4026 4062 4101">
     <span class='ocr_line' id='line_1_88' title="bbox 2407 4026 4062 4101; baseline 0 -16"><span class='ocrx_word' id='word_1_637' title='bbox 2407 4031 2549 4085; x_wconf 86' lang='lat' dir='ltr'>Acta</span> <span class='ocrx_word' id='word_1_638' title='bbox 2580 4026 2744 4082; x_wconf 90' lang='lat' dir='ltr'>Pauli</span> <span class='ocrx_word' id='word_1_639' title='bbox 2775 4027 3058 4098; x_wconf 88' lang='lat' dir='ltr'>rejiceret,</span> <span class='ocrx_word' id='word_1_640' title='bbox 3093 4029 3377 4100; x_wconf 89' lang='lat' dir='ltr'>scriptum</span> <span class='ocrx_word' id='word_1_641' title='bbox 3410 4028 3645 4100; x_wconf 87' lang='lat' dir='ltr'>aliquod</span> <span class='ocrx_word' id='word_1_642' title='bbox 3692 4029 4062 4101; x_wconf 84' lang='lat' dir='ltr'>repudiasse,</span> 
     </span>
    </p>
   </div>
   <div class='ocr_carea' id='block_1_89' title="bbox 2409 4117 4065 4190">
    <p class='ocr_par' dir='ltr' id='par_1_89' title="bbox 2409 4117 4065 4190">
     <span class='ocr_line' id='line_1_89' title="bbox 2409 4117 4065 4190; baseline 0.001 -17"><span class='ocrx_word' id='word_1_643' title='bbox 2409 4119 2562 4190; x_wconf 90' lang='lat' dir='ltr'>quod</span> <span class='ocrx_word' id='word_1_644' title='bbox 2597 4119 2801 4172; x_wconf 85' lang='lat' dir='ltr'>ﬁctum</span> <span class='ocrx_word' id='word_1_645' title='bbox 2830 4121 2954 4172; x_wconf 90' lang='lat' dir='ltr'>erat</span> <span class='ocrx_word' id='word_1_646' title='bbox 2981 4135 3014 4171; x_wconf 90' lang='lat' dir='ltr'>a</span> <span class='ocrx_word' id='word_1_647' title='bbox 3047 4117 3271 4186; x_wconf 86' lang='lat' dir='ltr'>Leucio,</span> <span class='ocrx_word' id='word_1_648' title='bbox 3305 4118 3404 4190; x_wconf 91' lang='lat' dir='ltr'>qui</span> <span class='ocrx_word' id='word_1_649' title='bbox 3429 4118 3726 4190; x_wconf 89' lang='lat' dir='ltr'>justitiam</span> <span class='ocrx_word' id='word_1_650' title='bbox 3757 4118 3887 4172; x_wconf 66' lang='lat' dir='ltr'>vitae</span> <span class='ocrx_word' id='word_1_651' title='bbox 3932 4118 4065 4174; x_wconf 88' lang='lat' dir='ltr'>sine</span> 
     </span>
    </p>
   </div>
   <div class='ocr_carea' id='block_1_90' title="bbox 2407 4206 4061 4278">
    <p class='ocr_par' dir='ltr' id='par_1_90' title="bbox 2407 4206 4061 4278">
     <span class='ocr_line' id='line_1_90' title="bbox 2407 4206 4061 4278; baseline 0.001 -17"><span class='ocrx_word' id='word_1_652' title='bbox 2407 4207 2631 4278; x_wconf 90' lang='lat' dir='ltr'>nuptiis</span> <span class='ocrx_word' id='word_1_653' title='bbox 2687 4210 2993 4261; x_wconf 67' lang='lat' dir='ltr'>transacta:</span> <span class='ocrx_word' id='word_1_654' title='bbox 3051 4206 3212 4261; x_wconf 90' lang='lat' dir='ltr'>omni</span> <span class='ocrx_word' id='word_1_655' title='bbox 3271 4207 3444 4262; x_wconf 92' lang='lat' dir='ltr'>modo</span> <span class='ocrx_word' id='word_1_656' title='bbox 3501 4207 3866 4263; x_wconf 79' lang='lat' dir='ltr'>defendebat.</span> <span class='ocrx_word' id='word_1_657' title='bbox 3923 4207 4061 4263; x_wconf 90' lang='lat' dir='ltr'>Jam</span> 
     </span>
    </p>
   </div>
   <div class='ocr_carea' id='block_1_91' title="bbox 2407 4295 4062 4368">
    <p class='ocr_par' dir='ltr' id='par_1_91' title="bbox 2407 4295 4062 4368">
     <span class='ocr_line' id='line_1_91' title="bbox 2407 4295 4062 4368; baseline 0 -17"><span class='ocrx_word' id='word_1_658' title='bbox 2407 4296 2597 4368; x_wconf 87' lang='lat' dir='ltr'>placet</span> <span class='ocrx_word' id='word_1_659' title='bbox 2627 4311 2936 4366; x_wconf 88' lang='lat' dir='ltr'>provocare</span> <span class='ocrx_word' id='word_1_660' title='bbox 2963 4295 3034 4350; x_wconf 92' lang='lat' dir='ltr'>ad</span> <span class='ocrx_word' id='word_1_661' title='bbox 3068 4295 3383 4351; x_wconf 91' lang='lat' dir='ltr'>Pacianum</span> <span class='ocrx_word' id='word_1_662' title='bbox 3415 4295 3756 4368; x_wconf 90' lang='lat' dir='ltr'>episcopum</span> <span class='ocrx_word' id='word_1_663' title='bbox 3789 4295 4062 4352; x_wconf 88' lang='lat' dir='ltr'>Barcino-</span> 
     </span>
    </p>
   </div>
   <div class='ocr_carea' id='block_1_92' title="bbox 2406 4385 4060 4458">
    <p class='ocr_par' dir='ltr' id='par_1_92' title="bbox 2406 4385 4060 4458">
     <span class='ocr_line' id='line_1_92' title="bbox 2406 4385 4060 4458; baseline 0 -18"><span class='ocrx_word' id='word_1_664' title='bbox 2406 4401 2648 4441; x_wconf 89' lang='lat' dir='ltr'>nensem</span> <span class='ocrx_word' id='word_1_665' title='bbox 2681 4385 2835 4439; x_wconf 75' lang='grc'>158</span> <span class='ocrx_word' id='word_1_666' title='bbox 2869 4400 2998 4438; x_wconf 67' lang='lat' dir='ltr'>saec.</span> <span class='ocrx_word' id='word_1_667' title='bbox 3034 4401 3108 4452; x_wconf 82' lang='grc' dir='ltr'>ιν,</span> <span class='ocrx_word' id='word_1_668' title='bbox 3139 4385 3236 4456; x_wconf 91' lang='lat' dir='ltr'>qui</span> <span class='ocrx_word' id='word_1_669' title='bbox 3274 4385 3448 4456; x_wconf 82' lang='lat' dir='ltr'>Epist.</span> <span class='ocrx_word' id='word_1_670' title='bbox 3485 4387 3534 4452; x_wconf 92' lang='lat'><strong>1,</strong></span> <span class='ocrx_word' id='word_1_671' title='bbox 3567 4385 3637 4440; x_wconf 84' lang='lat' dir='ltr'>ad</span> <span class='ocrx_word' id='word_1_672' title='bbox 3695 4385 4060 4458; x_wconf 83' lang='lat' dir='ltr'>Sympronia-</span> 
     </span>
    </p>
   </div>
   <div class='ocr_carea' id='block_1_93' title="bbox 2404 4473 4060 4550">
    <p class='ocr_par' dir='ltr' id='par_1_93' title="bbox 2404 4473 4060 4550">
     <span class='ocr_line' id='line_1_93' title="bbox 2404 4473 4060 4550; baseline 0.001 -20"><span class='ocrx_word' id='word_1_673' title='bbox 2404 4491 2538 4530; x_wconf 84' lang='lat' dir='ltr'>num</span> <span class='ocrx_word' id='word_1_674' title='bbox 2568 4473 3106 4540; x_wconf 79' lang='lat' dir='ltr'>Novatianum,edita</span> <span class='ocrx_word' id='word_1_675' title='bbox 3138 4475 3192 4527; x_wconf 84' lang='lat' dir='ltr'>in</span> <span class='ocrx_word' id='word_1_676' title='bbox 3229 4473 3743 4529; x_wconf 68' lang='lat' dir='ltr'>Bibliothmaxima</span> <span class='ocrx_word' id='word_1_677' title='bbox 3763 4479 3872 4530; x_wconf 88' lang='lat' dir='ltr'>PP.</span> <span class='ocrx_word' id='word_1_678' title='bbox 3905 4476 4060 4550; x_wconf 88' lang='lat' dir='ltr'>Lug-</span> 
     </span>
    </p>
   </div>
   <div class='ocr_carea' id='block_1_94' title="bbox 640 4563 4057 4636">
    <p class='ocr_par' dir='ltr' id='par_1_94' title="bbox 640 4563 4057 4636">
     <span class='ocr_line' id='line_1_94' title="bbox 640 4563 4057 4636; baseline -0.001 -9"><span class='ocrx_word' id='word_1_679' title='bbox 640 4589 943 4628; x_wconf 90' lang='lat' dir='ltr'>versorum</span> <span class='ocrx_word' id='word_1_680' title='bbox 1002 4570 1160 4626; x_wconf 88' lang='lat' dir='ltr'>Pauli</span> <span class='ocrx_word' id='word_1_681' title='bbox 1222 4574 1279 4626; x_wconf 90' lang='lat' dir='ltr'>et</span> <span class='ocrx_word' id='word_1_682' title='bbox 1335 4568 1562 4624; x_wconf 62' lang='lat' dir='ltr'>Thecla:</span> <span class='ocrx_word' id='word_1_683' title='bbox 1622 4567 1718 4623; x_wconf 88' lang='lat' dir='ltr'>hic</span> <span class='ocrx_word' id='word_1_684' title='bbox 1778 4569 1933 4636; x_wconf 83' lang='lat' dir='ltr'>finis,</span> <span class='ocrx_word' id='word_1_685' title='bbox 1995 4573 2060 4623; x_wconf 91' lang='lat' dir='ltr'>ut</span> <span class='ocrx_word' id='word_1_686' title='bbox 2114 4569 2292 4625; x_wconf 89' lang='lat' dir='ltr'>vitam</span> <span class='ocrx_word' id='word_1_687' title='bbox 2326 4565 2371 4630; x_wconf 92' lang='lat' dir='ltr'><strong>D</strong></span> <span class='ocrx_word' id='word_1_688' title='bbox 2405 4565 2664 4630; x_wconf 76' lang='lat' dir='ltr'>dimensi,</span> <span class='ocrx_word' id='word_1_689' title='bbox 2697 4568 2841 4619; x_wconf 91' lang='lat' dir='ltr'>tom.</span> <span class='ocrx_word' id='word_1_690' title='bbox 2875 4563 2964 4631; x_wconf 92' lang='lat' dir='ltr'>IV,</span> <span class='ocrx_word' id='word_1_691' title='bbox 3000 4581 3056 4636; x_wconf 93' lang='lat' dir='ltr'>p.</span> <span class='ocrx_word' id='word_1_692' title='bbox 3087 4564 3194 4618; x_wconf 89' lang='lat'>305</span> <span class='ocrx_word' id='word_1_693' title='bbox 3225 4564 3290 4634; x_wconf 78' lang='lat' dir='ltr'>G)</span> <span class='ocrx_word' id='word_1_694' title='bbox 3326 4579 3338 4617; x_wconf 88' lang='lat'>:</span> <span class='ocrx_word' id='word_1_695' title='bbox 3369 4563 3755 4634; x_wconf 79' lang='lat' dir='ltr'>Prhyges,hoc</span> <span class='ocrx_word' id='word_1_696' title='bbox 3781 4568 4057 4631; x_wconf 87' lang='lat' dir='ltr'>est,Mon-</span> 
     </span>
    </p>
   </div>
   <div class='ocr_carea' id='block_1_95' title="bbox 642 4657 2294 4731">
    <p class='ocr_par' dir='ltr' id='par_1_95' title="bbox 642 4657 2294 4731">
     <span class='ocr_line' id='line_1_95' title="bbox 642 4657 2294 4731; baseline 0 -16"><span class='ocrx_word' id='word_1_697' title='bbox 642 4659 766 4715; x_wconf 88' lang='lat' dir='ltr'>sine</span> <span class='ocrx_word' id='word_1_698' title='bbox 797 4659 1021 4731; x_wconf 88' lang='lat' dir='ltr'>nuptiis</span> <span class='ocrx_word' id='word_1_699' title='bbox 1053 4659 1306 4714; x_wconf 90' lang='lat' dir='ltr'>summis</span> <span class='ocrx_word' id='word_1_700' title='bbox 1339 4657 1615 4713; x_wconf 91' lang='lat' dir='ltr'>laudibus</span> <span class='ocrx_word' id='word_1_701' title='bbox 1643 4657 2125 4725; x_wconf 77' lang='lat' dir='ltr'>eﬂ‘erant;multa</span> <span class='ocrx_word' id='word_1_702' title='bbox 2156 4659 2294 4716; x_wconf 90' lang='lat' dir='ltr'>item</span> 
     </span>
    </p>
   </div>
   <div class='ocr_carea' id='block_1_96' title="bbox 642 4747 2294 4820">
    <p class='ocr_par' dir='ltr' id='par_1_96' title="bbox 642 4747 2294 4820">
     <span class='ocr_line' id='line_1_96' title="bbox 642 4747 2294 4820; baseline -0.001 -15"><span class='ocrx_word' id='word_1_703' title='bbox 642 4754 782 4806; x_wconf 91' lang='lat' dir='ltr'>sunt</span> <span class='ocrx_word' id='word_1_704' title='bbox 807 4748 922 4804; x_wconf 91' lang='lat' dir='ltr'>alia</span> <span class='ocrx_word' id='word_1_705' title='bbox 952 4750 1060 4804; x_wconf 88' lang='lat' dir='ltr'>sub</span> <span class='ocrx_word' id='word_1_706' title='bbox 1095 4748 1493 4820; x_wconf 90' lang='lat' dir='ltr'>apostolorum</span> <span class='ocrx_word' id='word_1_707' title='bbox 1527 4747 1760 4802; x_wconf 90' lang='lat' dir='ltr'>nomine</span> <span class='ocrx_word' id='word_1_708' title='bbox 1791 4763 1826 4801; x_wconf 90' lang='lat' dir='ltr'>a</span> <span class='ocrx_word' id='word_1_709' title='bbox 1858 4747 2067 4802; x_wconf 90' lang='lat' dir='ltr'>Leucio</span> <span class='ocrx_word' id='word_1_710' title='bbox 2099 4748 2168 4803; x_wconf 92' lang='lat' dir='ltr'>ad</span> <span class='ocrx_word' id='word_1_711' title='bbox 2232 4749 2294 4803; x_wconf 91' lang='lat' dir='ltr'>il-</span> 
     </span>
    </p>
   </div>
   <div class='ocr_carea' id='block_1_97' title="bbox 640 4836 2296 4910">
    <p class='ocr_par' dir='ltr' id='par_1_97' title="bbox 640 4836 2296 4910">
     <span class='ocr_line' id='line_1_97' title="bbox 640 4836 2296 4910; baseline -0.001 -15"><span class='ocrx_word' id='word_1_712' title='bbox 640 4839 761 4895; x_wconf 92' lang='lat' dir='ltr'>lum</span> <span class='ocrx_word' id='word_1_713' title='bbox 795 4853 1049 4894; x_wconf 90' lang='lat' dir='ltr'>errorem</span> <span class='ocrx_word' id='word_1_714' title='bbox 1085 4855 1185 4910; x_wconf 92' lang='lat' dir='ltr'>per</span> <span class='ocrx_word' id='word_1_715' title='bbox 1217 4838 1406 4909; x_wconf 89' lang='lat' dir='ltr'>ipsam</span> <span class='ocrx_word' id='word_1_716' title='bbox 1441 4836 1854 4907; x_wconf 88' lang='lat' dir='ltr'>Apostolorum</span> <span class='ocrx_word' id='word_1_717' title='bbox 1887 4837 2213 4893; x_wconf 89' lang='lat' dir='ltr'>doctrinam</span> <span class='ocrx_word' id='word_1_718' title='bbox 2239 4844 2296 4894; x_wconf 91' lang='lat' dir='ltr'>et</span> 
     </span>
    </p>
   </div>
   <div class='ocr_carea' id='block_1_98' title="bbox 639 4925 2290 5000">
    <p class='ocr_par' dir='ltr' id='par_1_98' title="bbox 639 4925 2290 5000">
     <span class='ocr_line' id='line_1_98' title="bbox 639 4925 2290 5000; baseline -0.001 -15"><span class='ocrx_word' id='word_1_719' title='bbox 639 4945 818 4985; x_wconf 91' lang='lat' dir='ltr'>usum</span> <span class='ocrx_word' id='word_1_720' title='bbox 850 4929 1318 4983; x_wconf 83' lang='lat' dir='ltr'>conﬁrmandum</span> <span class='ocrx_word' id='word_1_721' title='bbox 1351 4928 1617 4982; x_wconf 81' lang='lat' dir='ltr'>conﬁcta.</span> <span class='ocrx_word' id='word_1_722' title='bbox 1655 4930 1827 4981; x_wconf 88' lang='lat' dir='ltr'>Porro</span> <span class='ocrx_word' id='word_1_723' title='bbox 1860 4925 2060 4982; x_wconf 91' lang='lat' dir='ltr'>multis</span> <span class='ocrx_word' id='word_1_724' title='bbox 2119 4945 2290 5000; x_wconf 87' lang='lat' dir='ltr'>argu-</span> 
     </span>
    </p>
   </div>
   <div class='ocr_carea' id='block_1_99' title="bbox 640 5015 2287 5088">
    <p class='ocr_par' dir='ltr' id='par_1_99' title="bbox 640 5015 2287 5088">
     <span class='ocr_line' id='line_1_99' title="bbox 640 5015 2287 5088; baseline -0.001 -14"><span class='ocrx_word' id='word_1_725' title='bbox 640 5019 858 5074; x_wconf 89' lang='lat' dir='ltr'>mentis</span> <span class='ocrx_word' id='word_1_726' title='bbox 890 5017 1281 5081; x_wconf 91' lang='lat' dir='ltr'>Bellosobrus,</span> <span class='ocrx_word' id='word_1_727' title='bbox 1303 5015 1424 5081; x_wconf 92' lang='lat' dir='ltr'>l.c.,</span> <span class='ocrx_word' id='word_1_728' title='bbox 1445 5017 1664 5085; x_wconf 90' lang='lat' dir='ltr'>docuit,</span> <span class='ocrx_word' id='word_1_729' title='bbox 1701 5016 1979 5071; x_wconf 90' lang='lat' dir='ltr'>Leucium</span> <span class='ocrx_word' id='word_1_730' title='bbox 2003 5017 2130 5088; x_wconf 89' lang='lat' dir='ltr'>jam</span> <span class='ocrx_word' id='word_1_731' title='bbox 2158 5036 2287 5074; x_wconf 68' lang='lat' dir='ltr'>smc.</span> 
     </span>
    </p>
   </div>
   <div class='ocr_carea' id='block_1_100' title="bbox 636 5105 2287 5179">
    <p class='ocr_par' dir='ltr' id='par_1_100' title="bbox 636 5105 2287 5179">
     <span class='ocr_line' id='line_1_100' title="bbox 636 5105 2287 5179; baseline -0.002 -14"><span class='ocrx_word' id='word_1_732' title='bbox 636 5127 678 5165; x_wconf 77' lang='grc' dir='ltr'>ιι</span> <span class='ocrx_word' id='word_1_733' title='bbox 705 5107 1020 5173; x_wconf 86' lang='lat' dir='ltr'>exstitisse,</span> <span class='ocrx_word' id='word_1_734' title='bbox 1055 5112 1110 5163; x_wconf 92' lang='lat' dir='ltr'>et</span> <span class='ocrx_word' id='word_1_735' title='bbox 1141 5106 1504 5179; x_wconf 85' lang='lat' dir='ltr'>Epiphanius</span> <span class='ocrx_word' id='word_1_736' title='bbox 1537 5105 1758 5175; x_wconf 63' lang='lat' dir='ltr'>(haeres.</span> <span class='ocrx_word' id='word_1_737' title='bbox 1789 5105 1878 5176; x_wconf 79' lang='grc'>51,</span> <span class='ocrx_word' id='word_1_738' title='bbox 1909 5107 1977 5175; x_wconf 52' lang='grc'>,6,</span> <span class='ocrx_word' id='word_1_739' title='bbox 2033 5123 2088 5178; x_wconf 93' lang='lat' dir='ltr'>p.</span> <span class='ocrx_word' id='word_1_740' title='bbox 2141 5109 2287 5178; x_wconf 84' lang='grc'>427),</span> 
     </span>
    </p>
   </div>
   <div class='ocr_carea' id='block_1_101' title="bbox 635 5203 2292 5276">
    <p class='ocr_par' dir='ltr' id='par_1_101' title="bbox 635 5203 2292 5276">
     <span class='ocr_line' id='line_1_101' title="bbox 635 5203 2292 5276; baseline -0.001 -13"><span class='ocrx_word' id='word_1_741' title='bbox 635 5206 918 5264; x_wconf 91' lang='lat' dir='ltr'>Deucium</span> <span class='ocrx_word' id='word_1_742' title='bbox 952 5204 1278 5261; x_wconf 90' lang='lat' dir='ltr'>clarissime</span> <span class='ocrx_word' id='word_1_743' title='bbox 1309 5203 1563 5276; x_wconf 87' lang='lat' dir='ltr'>appellat</span> <span class='ocrx_word' id='word_1_744' title='bbox 1589 5203 1833 5259; x_wconf 86' lang='lat' dir='ltr'>Joannis</span> <span class='ocrx_word' id='word_1_745' title='bbox 1853 5203 2292 5275; x_wconf 89' lang='lat' dir='ltr'>apostolidisci-</span> 
     </span>
    </p>
   </div>
   <div class='ocr_carea' id='block_1_102' title="bbox 637 5291 2289 5369">
    <p class='ocr_par' dir='ltr' id='par_1_102' title="bbox 637 5291 2289 5369">
     <span class='ocr_line' id='line_1_102' title="bbox 637 5291 2289 5369; baseline 0 -17"><span class='ocrx_word' id='word_1_746' title='bbox 637 5296 864 5369; x_wconf 90' lang='lat' dir='ltr'>pulum.</span> <span class='ocrx_word' id='word_1_747' title='bbox 920 5296 1119 5367; x_wconf 90' lang='lat' dir='ltr'>Itaque</span> <span class='ocrx_word' id='word_1_748' title='bbox 1179 5299 1232 5352; x_wconf 89' lang='lat' dir='ltr'>et</span> <span class='ocrx_word' id='word_1_749' title='bbox 1272 5298 1534 5365; x_wconf 89' lang='lat' dir='ltr'>tempore</span> <span class='ocrx_word' id='word_1_750' title='bbox 1564 5291 1908 5348; x_wconf 88' lang='lat' dir='ltr'>Tertulliani</span> <span class='ocrx_word' id='word_1_751' title='bbox 1939 5295 2289 5352; x_wconf 86' lang='lat' dir='ltr'>exstiterunt</span> 
     </span>
    </p>
   </div>
   <div class='ocr_carea' id='block_1_103' title="bbox 636 5382 2285 5455">
    <p class='ocr_par' dir='ltr' id='par_1_103' title="bbox 636 5382 2285 5455">
     <span class='ocr_line' id='line_1_103' title="bbox 636 5382 2285 5455; baseline 0 -13"><span class='ocrx_word' id='word_1_752' title='bbox 636 5385 760 5442; x_wconf 64' lang='lat' dir='ltr'>haec</span> <span class='ocrx_word' id='word_1_753' title='bbox 789 5388 931 5442; x_wconf 85' lang='lat' dir='ltr'>Acta</span> <span class='ocrx_word' id='word_1_754' title='bbox 961 5384 1143 5451; x_wconf 85' lang='lat' dir='ltr'>Pauli,</span> <span class='ocrx_word' id='word_1_755' title='bbox 1178 5401 1303 5455; x_wconf 70' lang='lat' dir='ltr'>quae</span> <span class='ocrx_word' id='word_1_756' title='bbox 1334 5382 1609 5438; x_wconf 90' lang='lat' dir='ltr'>Leucium</span> <span class='ocrx_word' id='word_1_757' title='bbox 1660 5386 1954 5438; x_wconf 88' lang='lat' dir='ltr'>auctorem</span> <span class='ocrx_word' id='word_1_758' title='bbox 2007 5383 2285 5442; x_wconf 88' lang='lat' dir='ltr'>habuisse</span> 
     </span>
    </p>
   </div>
   <div class='ocr_carea' id='block_1_104' title="bbox 637 5471 2282 5541">
    <p class='ocr_par' dir='ltr' id='par_1_104' title="bbox 637 5471 2282 5541">
     <span class='ocr_line' id='line_1_104' title="bbox 637 5471 2282 5541; baseline 0.001 -11"><span class='ocrx_word' id='word_1_759' title='bbox 637 5475 912 5541; x_wconf 85' lang='lat' dir='ltr'>diximus,</span> <span class='ocrx_word' id='word_1_760' title='bbox 940 5479 997 5530; x_wconf 90' lang='lat' dir='ltr'>et</span> <span class='ocrx_word' id='word_1_761' title='bbox 1025 5479 1114 5530; x_wconf 90' lang='lat' dir='ltr'>est</span> <span class='ocrx_word' id='word_1_762' title='bbox 1143 5474 1461 5530; x_wconf 85' lang='lat' dir='ltr'>admodum</span> <span class='ocrx_word' id='word_1_763' title='bbox 1491 5471 1827 5538; x_wconf 90' lang='lat' dir='ltr'>verisimile,</span> <span class='ocrx_word' id='word_1_764' title='bbox 1854 5473 2282 5532; x_wconf 85' lang='lat' dir='ltr'>Tertullianum</span> 
     </span>
    </p>
   </div>
   <div class='ocr_carea' id='block_1_105' title="bbox 637 5561 2280 5633">
    <p class='ocr_par' dir='ltr' id='par_1_105' title="bbox 637 5561 2280 5633">
     <span class='ocr_line' id='line_1_105' title="bbox 637 5561 2280 5633; baseline 0.001 -14"><span class='ocrx_word' id='word_1_765' title='bbox 637 5581 753 5620; x_wconf 91' lang='lat' dir='ltr'>non</span> <span class='ocrx_word' id='word_1_766' title='bbox 787 5563 901 5619; x_wconf 88' lang='lat' dir='ltr'>alia</span> <span class='ocrx_word' id='word_1_767' title='bbox 931 5564 1045 5620; x_wconf 90' lang='lat' dir='ltr'>nisi</span> <span class='ocrx_word' id='word_1_768' title='bbox 1081 5562 1274 5620; x_wconf 91' lang='lat' dir='ltr'>Leucii</span> <span class='ocrx_word' id='word_1_769' title='bbox 1304 5564 1446 5618; x_wconf 90' lang='lat' dir='ltr'>Acta</span> <span class='ocrx_word' id='word_1_770' title='bbox 1476 5561 1734 5618; x_wconf 87' lang='lat' dir='ltr'>indicare</span> <span class='ocrx_word' id='word_1_771' title='bbox 1787 5561 2084 5633; x_wconf 81' lang='lat' dir='ltr'>voluisse;</span> <span class='ocrx_word' id='word_1_772' title='bbox 2144 5581 2280 5622; x_wconf 91' lang='lat' dir='ltr'>nam</span> 
     </span>
    </p>
   </div>
   <div class='ocr_carea' id='block_1_106' title="bbox 636 5651 2276 5729">
    <p class='ocr_par' dir='ltr' id='par_1_106' title="bbox 636 5651 2276 5729">
     <span class='ocr_line' id='line_1_106' title="bbox 636 5651 2276 5729; baseline 0.001 -18"><span class='ocrx_word' id='word_1_773' title='bbox 636 5653 849 5711; x_wconf 90' lang='lat' dir='ltr'>horum</span> <span class='ocrx_word' id='word_1_774' title='bbox 872 5655 1148 5712; x_wconf 90' lang='lat' dir='ltr'>Actorum</span> <span class='ocrx_word' id='word_1_775' title='bbox 1179 5653 1520 5728; x_wconf 87' lang='lat' dir='ltr'>scriptorem</span> <span class='ocrx_word' id='word_1_776' title='bbox 1543 5652 1626 5711; x_wconf 87' lang='lat' dir='ltr'>ait</span> <span class='ocrx_word' id='word_1_777' title='bbox 1647 5651 1829 5711; x_wconf 80' lang='lat' dir='ltr'>fuisse</span> <span class='ocrx_word' id='word_1_778' title='bbox 1850 5656 2276 5729; x_wconf 82' lang='lat' dir='ltr'>presbyterum,</span> 
     </span>
    </p>
   </div>
   <div class='ocr_carea' id='block_1_107' title="bbox 2407 4652 4053 4723">
    <p class='ocr_par' dir='ltr' id='par_1_107' title="bbox 2407 4652 4053 4723">
     <span class='ocr_line' id='line_1_107' title="bbox 2407 4652 4053 4723; baseline 0.001 -14"><span class='ocrx_word' id='word_1_779' title='bbox 2407 4654 2656 4720; x_wconf 83' lang='lat' dir='ltr'>tanistae,</span> <span class='ocrx_word' id='word_1_780' title='bbox 2687 4652 2902 4723; x_wconf 91' lang='lat' dir='ltr'>inquit,</span> <span class='ocrx_word' id='word_1_781' title='bbox 2937 4668 2992 4708; x_wconf 83' lang='lat' dir='ltr'>se</span> <span class='ocrx_word' id='word_1_782' title='bbox 3022 4654 3292 4708; x_wconf 78' lang='lat' dir='ltr'>animatos</span> <span class='ocrx_word' id='word_1_783' title='bbox 3346 4669 3384 4708; x_wconf 90' lang='lat' dir='ltr'>a</span> <span class='ocrx_word' id='word_1_784' title='bbox 3439 4654 3635 4709; x_wconf 85' lang='lat' dir='ltr'>Leucio</span> <span class='ocrx_word' id='word_1_785' title='bbox 3687 4655 4053 4712; x_wconf 81' lang='lat' dir='ltr'>mentiuntur.</span> 
     </span>
    </p>
   </div>
   <div class='ocr_carea' id='block_1_108' title="bbox 2407 4749 4056 4826">
    <p class='ocr_par' dir='ltr' id='par_1_108' title="bbox 2407 4749 4056 4826">
     <span class='ocr_line' id='line_1_108' title="bbox 2407 4749 4056 4826; baseline 0.001 -18"><span class='ocrx_word' id='word_1_786' title='bbox 2407 4752 2603 4823; x_wconf 82' lang='lat' dir='ltr'>Neque</span> <span class='ocrx_word' id='word_1_787' title='bbox 2660 4749 2805 4805; x_wconf 91' lang='lat' dir='ltr'>illud</span> <span class='ocrx_word' id='word_1_788' title='bbox 2838 4750 3241 4806; x_wconf 89' lang='lat' dir='ltr'>testimonium</span> <span class='ocrx_word' id='word_1_789' title='bbox 3275 4751 3506 4807; x_wconf 92' lang='lat' dir='ltr'>videtur</span> <span class='ocrx_word' id='word_1_790' title='bbox 3535 4769 3568 4808; x_wconf 91' lang='lat' dir='ltr'>a</span> <span class='ocrx_word' id='word_1_791' title='bbox 3595 4769 3730 4809; x_wconf 91' lang='lat' dir='ltr'>vero</span> <span class='ocrx_word' id='word_1_792' title='bbox 3761 4753 4056 4826; x_wconf 89' lang='lat' dir='ltr'>aberrare,</span> 
     </span>
    </p>
   </div>
   <div class='ocr_carea' id='block_1_109' title="bbox 2402 4841 4050 4913">
    <p class='ocr_par' dir='ltr' id='par_1_109' title="bbox 2402 4841 4050 4913">
     <span class='ocr_line' id='line_1_109' title="bbox 2402 4841 4050 4913; baseline 0.003 -17"><span class='ocrx_word' id='word_1_793' title='bbox 2402 4845 2707 4913; x_wconf 90' lang='lat' dir='ltr'>propterea</span> <span class='ocrx_word' id='word_1_794' title='bbox 2765 4841 2920 4912; x_wconf 92' lang='lat' dir='ltr'>quod</span> <span class='ocrx_word' id='word_1_795' title='bbox 2979 4847 3200 4896; x_wconf 88' lang='lat' dir='ltr'>certum</span> <span class='ocrx_word' id='word_1_796' title='bbox 3257 4845 3347 4896; x_wconf 89' lang='lat' dir='ltr'>est</span> <span class='ocrx_word' id='word_1_797' title='bbox 3403 4841 3793 4900; x_wconf 91' lang='lat' dir='ltr'>Montanistas</span> <span class='ocrx_word' id='word_1_798' title='bbox 3847 4843 4050 4901; x_wconf 92' lang='lat' dir='ltr'>eodem</span> 
     </span>
    </p>
   </div>
   <div class='ocr_carea' id='block_1_110' title="bbox 2402 4929 4052 5005">
    <p class='ocr_par' dir='ltr' id='par_1_110' title="bbox 2402 4929 4052 5005">
     <span class='ocr_line' id='line_1_110' title="bbox 2402 4929 4052 5005; baseline 0.002 -19"><span class='ocrx_word' id='word_1_799' title='bbox 2402 4931 2573 4986; x_wconf 92' lang='lat' dir='ltr'>modo</span> <span class='ocrx_word' id='word_1_800' title='bbox 2623 4933 2798 5001; x_wconf 91' lang='lat' dir='ltr'>atque</span> <span class='ocrx_word' id='word_1_801' title='bbox 2841 4929 3185 5000; x_wconf 88' lang='lat' dir='ltr'>Eucratitas,</span> <span class='ocrx_word' id='word_1_802' title='bbox 3219 4947 3248 4986; x_wconf 92' lang='lat' dir='ltr'>e</span> <span class='ocrx_word' id='word_1_803' title='bbox 3274 4947 3526 5003; x_wconf 91' lang='lat' dir='ltr'>quorum</span> <span class='ocrx_word' id='word_1_804' title='bbox 3559 4931 3870 5005; x_wconf 84' lang='lat' dir='ltr'>disciplina</span> <span class='ocrx_word' id='word_1_805' title='bbox 3903 4934 4052 4990; x_wconf 92' lang='lat' dir='ltr'>Leu-</span> 
     </span>
    </p>
   </div>
   <div class='ocr_carea' id='block_1_111' title="bbox 2399 5018 4056 5092">
    <p class='ocr_par' dir='ltr' id='par_1_111' title="bbox 2399 5018 4056 5092">
     <span class='ocr_line' id='line_1_111' title="bbox 2399 5018 4056 5092; baseline 0.004 -18"><span class='ocrx_word' id='word_1_806' title='bbox 2399 5019 2526 5075; x_wconf 92' lang='lat' dir='ltr'>cius</span> <span class='ocrx_word' id='word_1_807' title='bbox 2582 5023 2731 5084; x_wconf 89' lang='lat' dir='ltr'>erat,</span> <span class='ocrx_word' id='word_1_808' title='bbox 2767 5019 3016 5074; x_wconf 87' lang='lat' dir='ltr'>nimium</span> <span class='ocrx_word' id='word_1_809' title='bbox 3050 5018 3328 5076; x_wconf 91' lang='lat' dir='ltr'>tribuisse</span> <span class='ocrx_word' id='word_1_810' title='bbox 3360 5018 3432 5075; x_wconf 92' lang='lat' dir='ltr'>iis</span> <span class='ocrx_word' id='word_1_811' title='bbox 3462 5020 3560 5092; x_wconf 93' lang='lat' dir='ltr'>qui</span> <span class='ocrx_word' id='word_1_812' title='bbox 3595 5021 3990 5080; x_wconf 86' lang='lat' dir='ltr'>abhorrebant</span> <span class='ocrx_word' id='word_1_813' title='bbox 4021 5042 4056 5081; x_wconf 83' lang='lat' dir='ltr'>a</span> 
     </span>
    </p>
   </div>
   <div class='ocr_carea' id='block_1_112' title="bbox 2400 5108 4054 5185">
    <p class='ocr_par' dir='ltr' id='par_1_112' title="bbox 2400 5108 4054 5185">
     <span class='ocr_line' id='line_1_112' title="bbox 2400 5108 4054 5185; baseline 0.004 -20"><span class='ocrx_word' id='word_1_814' title='bbox 2400 5108 2822 5181; x_wconf 90' lang='lat' dir='ltr'>nuptiis.Unde</span> <span class='ocrx_word' id='word_1_815' title='bbox 2853 5109 2959 5164; x_wconf 92' lang='lat' dir='ltr'>hoc</span> <span class='ocrx_word' id='word_1_816' title='bbox 2989 5109 3138 5164; x_wconf 83' lang='lat' dir='ltr'>effici</span> <span class='ocrx_word' id='word_1_817' title='bbox 3171 5125 3344 5180; x_wconf 92' lang='lat' dir='ltr'>posse</span> <span class='ocrx_word' id='word_1_818' title='bbox 3375 5110 3577 5166; x_wconf 92' lang='lat' dir='ltr'>credo:</span> <span class='ocrx_word' id='word_1_819' title='bbox 3601 5111 4054 5185; x_wconf 76' lang='lat' dir='ltr'>Tertullianum,</span> 
     </span>
    </p>
   </div>
   <div class='ocr_carea' id='block_1_113' title="bbox 2397 5206 4058 5285">
    <p class='ocr_par' dir='ltr' id='par_1_113' title="bbox 2397 5206 4058 5285">
     <span class='ocr_line' id='line_1_113' title="bbox 2397 5206 4058 5285; baseline 0.005 -22"><span class='ocrx_word' id='word_1_820' title='bbox 2397 5207 2688 5278; x_wconf 86' lang='lat' dir='ltr'>siquidem</span> <span class='ocrx_word' id='word_1_821' title='bbox 2725 5206 2941 5262; x_wconf 92' lang='lat' dir='ltr'>librum</span> <span class='ocrx_word' id='word_1_822' title='bbox 2974 5211 3241 5264; x_wconf 91' lang='lat' dir='ltr'>nostrum</span> <span class='ocrx_word' id='word_1_823' title='bbox 3274 5209 3425 5264; x_wconf 90' lang='lat' dir='ltr'>inter</span> <span class='ocrx_word' id='word_1_824' title='bbox 3457 5209 3711 5266; x_wconf 84' lang='lat' dir='ltr'>Montani</span> <span class='ocrx_word' id='word_1_825' title='bbox 3732 5211 4058 5285; x_wconf 90' lang='lat' dir='ltr'>discipulos</span> 
     </span>
    </p>
   </div>
   <div class='ocr_carea' id='block_1_114' title="bbox 2395 5297 4055 5369">
    <p class='ocr_par' dir='ltr' id='par_1_114' title="bbox 2395 5297 4055 5369">
     <span class='ocr_line' id='line_1_114' title="bbox 2395 5297 4055 5369; baseline 0.004 -16"><span class='ocrx_word' id='word_1_826' title='bbox 2395 5297 2757 5353; x_wconf 81' lang='lat' dir='ltr'>constitutus</span> <span class='ocrx_word' id='word_1_827' title='bbox 2787 5297 3387 5369; x_wconf 90' lang='lat' dir='ltr'>scripsisset,cautius</span> <span class='ocrx_word' id='word_1_828' title='bbox 3419 5297 3603 5355; x_wconf 86' lang='lat' dir='ltr'>fuisse</span> <span class='ocrx_word' id='word_1_829' title='bbox 3628 5299 3957 5358; x_wconf 90' lang='lat' dir='ltr'>locuturum</span> <span class='ocrx_word' id='word_1_830' title='bbox 3982 5304 4055 5361; x_wconf 88' lang='lat' dir='ltr'>de</span> 
     </span>
    </p>
   </div>
   <div class='ocr_carea' id='block_1_115' title="bbox 2394 5385 4054 5464">
    <p class='ocr_par' dir='ltr' id='par_1_115' title="bbox 2394 5385 4054 5464">
     <span class='ocr_line' id='line_1_115' title="bbox 2394 5385 4054 5464; baseline 0.004 -22"><span class='ocrx_word' id='word_1_831' title='bbox 2394 5386 2543 5442; x_wconf 91' lang='lat' dir='ltr'>libro</span> <span class='ocrx_word' id='word_1_832' title='bbox 2575 5385 2702 5455; x_wconf 92' lang='lat' dir='ltr'>tali,</span> <span class='ocrx_word' id='word_1_833' title='bbox 2733 5386 2835 5457; x_wconf 90' lang='lat' dir='ltr'>qui</span> <span class='ocrx_word' id='word_1_834' title='bbox 2866 5387 3143 5442; x_wconf 89' lang='lat' dir='ltr'>Leucium</span> <span class='ocrx_word' id='word_1_835' title='bbox 3177 5390 3474 5443; x_wconf 89' lang='lat' dir='ltr'>auctorem</span> <span class='ocrx_word' id='word_1_836' title='bbox 3532 5387 3804 5458; x_wconf 91' lang='lat' dir='ltr'>habebat,</span> <span class='ocrx_word' id='word_1_837' title='bbox 3861 5407 4054 5464; x_wconf 90' lang='lat' dir='ltr'>neque</span> 
     </span>
    </p>
   </div>
   <div class='ocr_carea' id='block_1_116' title="bbox 2392 5475 4047 5550">
    <p class='ocr_par' dir='ltr' id='par_1_116' title="bbox 2392 5475 4047 5550">
     <span class='ocr_line' id='line_1_116' title="bbox 2392 5475 4047 5550; baseline 0.004 -19"><span class='ocrx_word' id='word_1_838' title='bbox 2392 5475 2561 5531; x_wconf 91' lang='lat' dir='ltr'>illum</span> <span class='ocrx_word' id='word_1_839' title='bbox 2595 5475 2818 5532; x_wconf 89' lang='lat' dir='ltr'>fraudis</span> <span class='ocrx_word' id='word_1_840' title='bbox 2852 5480 3286 5542; x_wconf 89' lang='lat' dir='ltr'>accusaturum,</span> <span class='ocrx_word' id='word_1_841' title='bbox 3310 5493 3440 5532; x_wconf 74' lang='lat' dir='ltr'>cum</span> <span class='ocrx_word' id='word_1_842' title='bbox 3475 5476 3534 5532; x_wconf 91' lang='lat' dir='ltr'>in</span> <span class='ocrx_word' id='word_1_843' title='bbox 3566 5477 3692 5550; x_wconf 90' lang='lat' dir='ltr'>ipse</span> <span class='ocrx_word' id='word_1_844' title='bbox 3721 5497 3852 5537; x_wconf 91' lang='lat' dir='ltr'>cum</span> <span class='ocrx_word' id='word_1_845' title='bbox 3883 5481 4047 5538; x_wconf 87' lang='lat' dir='ltr'>Mon-</span> 
     </span>
    </p>
   </div>
   <div class='ocr_carea' id='block_1_117' title="bbox 2392 5564 4043 5640">
    <p class='ocr_par' dir='ltr' id='par_1_117' title="bbox 2392 5564 4043 5640">
     <span class='ocr_line' id='line_1_117' title="bbox 2392 5564 4043 5640; baseline 0.004 -20"><span class='ocrx_word' id='word_1_846' title='bbox 2392 5564 2579 5622; x_wconf 89' lang='lat' dir='ltr'>nastis</span> <span class='ocrx_word' id='word_1_847' title='bbox 2610 5564 2872 5621; x_wconf 91' lang='lat' dir='ltr'>sentiret.</span> <span class='ocrx_word' id='word_1_848' title='bbox 2928 5566 3090 5630; x_wconf 89' lang='lat' dir='ltr'>Quod</span> <span class='ocrx_word' id='word_1_849' title='bbox 3147 5565 3196 5622; x_wconf 90' lang='lat' dir='ltr'>si</span> <span class='ocrx_word' id='word_1_850' title='bbox 3255 5565 3388 5638; x_wconf 92' lang='lat' dir='ltr'>quis</span> <span class='ocrx_word' id='word_1_851' title='bbox 3447 5567 3828 5640; x_wconf 89' lang='lat' dir='ltr'>contradicat,</span> <span class='ocrx_word' id='word_1_852' title='bbox 3889 5570 4043 5628; x_wconf 86' lang='lat' dir='ltr'>elabi</span> 
     </span>
    </p>
   </div>
   <div class='ocr_carea' id='block_1_118' title="bbox 2392 5653 4041 5730">
    <p class='ocr_par' dir='ltr' id='par_1_118' title="bbox 2392 5653 4041 5730">
     <span class='ocr_line' id='line_1_118' title="bbox 2392 5653 4041 5730; baseline 0.004 -17"><span class='ocrx_word' id='word_1_853' title='bbox 2392 5655 2563 5713; x_wconf 91' lang='lat' dir='ltr'>nobis</span> <span class='ocrx_word' id='word_1_854' title='bbox 2615 5653 2778 5712; x_wconf 87' lang='lat' dir='ltr'>illam</span> <span class='ocrx_word' id='word_1_855' title='bbox 2837 5671 3100 5730; x_wconf 88' lang='lat' dir='ltr'>causam,</span> <span class='ocrx_word' id='word_1_856' title='bbox 3156 5661 3464 5730; x_wconf 87' lang='lat' dir='ltr'>propterea</span> <span class='ocrx_word' id='word_1_857' title='bbox 3520 5658 3676 5730; x_wconf 89' lang='lat' dir='ltr'>quod</span> <span class='ocrx_word' id='word_1_858' title='bbox 3735 5675 3850 5718; x_wconf 92' lang='lat' dir='ltr'>non</span> <span class='ocrx_word' id='word_1_859' title='bbox 3895 5661 4041 5720; x_wconf 83' lang='lat' dir='ltr'>satis</span> 
     </span>
    </p>
   </div>
  </div>
