4526 6358
210 288 318 349 301

1075 290 1174 353 AC
1216 290 1610 354 DOCTRINA
1655 290 2157 355 SCRIPTORUM
2200 294 2749 358 TERTULLIANI.

3493 305 3611 365 202

208 422 454 475 constat.
486 419 923 490 ignoraveritne
969 422 1364 478 Tertullianus
1416 423 1622 478 borum
1679 426 1852 478 Acto-
1883 424 1931 491 Α
1967 423 2063 478 nio
2091 424 2328 480 aliunde
2356 429 2747 495 commendat,
2780 430 2891 487 nisi
2924 447 2991 487 ex
3022 448 3089 488 eo
3128 436 3283 505 quod
3325 450 3393 491 ea
3421 438 3608 509 majo-

207 523 335 561 rum
370 511 671 577 parentem
710 511 881 578 (quod
915 510 1007 564 vix
1056 511 1332 565 credibile
1377 516 1466 566 est
1492 512 1549 565 in
1600 516 1720 566 tam
1753 528 1853 567 cu-

206 596 358 651 rioso
382 596 664 650 universae
701 597 1083 667 antiquitatis
1101 598 1663 670 exploratore),dabo
1685 599 1853 667 illud,

205 685 253 738 si
286 684 366 738 ita
398 684 609 755 placet;
643 685 756 740 boc
788 691 984 741 tamen
1019 688 1162 742 mihi
1196 688 1449 759 quisque
1481 690 1737 744 vicissim
1763 690 1857 743 de-

206 773 378 839 derit,
413 774 523 827 nisi
568 773 704 845 quis
755 774 1105 830 contrariam
1163 777 1513 831 sententiam
1570 775 1853 843 docuerit,

208 860 355 916 satis
388 860 540 916 hanc
568 861 970 933 suspicionem
1009 863 1295 935 impedire
1334 865 1560 934 debere,
1594 881 1708 935 quo
1743 865 1855 919 mi-

209 967 321 1004 nus
378 950 536 1004 hunc
597 950 943 1005 Tertulliani
1010 952 1224 1007 librum
1288 954 1357 1007 ad
1408 967 1591 1024 genus
1652 970 1852 1009 eorum

206 1038 493 1093 librorum
529 1040 900 1110 adjiciamus,
930 1057 1074 1111 quos
1098 1046 1229 1113 post
1257 1044 1647 1097 secessionem
1676 1043 1746 1097 ab
1769 1055 1855 1097 or‘

206 1127 476 1183 thodoxis
508 1128 715 1183 factam
748 1129 1095 1201 composuit.

210 1280 315 1347 9‘5.
345 1306 419 1321 -
451 1281 602 1336 Libri
625 1282 676 1336 II
708 1280 778 1335 ad
813 1281 1043 1338 Uxorem
1073 1290 1204 1407 (gnte
1245 1281 1460 1353 lapsum
1514 1282 1857 1339 Tertulliani

911 1369 1079 1407 exara
1114 1371 1151 1407 ι.

911 1369 1151 1409 exarati.

274 1467 458 1523 Venio
482 1485 637 1524 nunc
668 1469 739 1524 ad
779 1467 961 1524 libros
992 1486 1139 1539 quos
1176 1470 1343 1526 Uxori
1397 1484 1512 1524 suae
1544 1470 1857 1525 Tertullia-

209 1572 317 1611 nus
347 1556 673 1628 inscripsit,
707 1559 807 1628 qui
840 1558 993 1627 quod
1027 1557 1145 1612 sint
1166 1559 1526 1628 conjunctim
1552 1559 1713 1627 editi,
1747 1560 1855 1613 du-

209 1645 379 1699 bitari
414 1663 527 1700 non
560 1647 781 1718 patitur
808 1646 940 1701 libri
974 1647 1313 1717 posterioris
1339 1647 1689 1719 principium
1719 1648 1855 1719 (36).

1965 529 2086 567 rem
2122 514 2325 569 offerat
2355 516 2690 574 utilitatem.
2722 519 2883 582 Quod
2921 526 3010 576 est
3042 523 3235 578 nimim
3267 524 3524 582 lenitatis
3545 527 3605 581 in

1966 602 2250 672 scriptore
2280 606 2707 671 Montanistico,
2740 610 2908 679 cujus
2938 611 3252 682 disciplina
3291 630 3490 669 omnes
3522 632 3609 671 se-

1966 692 2188 746 cundas
2220 694 2454 763 nuptias
2485 694 2542 747 in
2579 694 2702 750 loco
2734 712 3101 754 summorum
3126 702 3393 758 vitiorum
3428 704 3607 759 habe-

1966 778 2085 833 bat.
2107 779 2366 851 Denique
2386 781 2531 836 libro
2548 799 2587 836 ιι
2608 784 2770 837 uxori
2802 802 2919 839 sua?
2939 789 3223 858 permittit
3241 807 3449 846 novam
3472 796 3607 864 post

1964 867 2187 923 obitum
2221 886 2395 925 suum
2435 872 2904 940 conjunctionem
2938 875 3278 945 ineundam,
3319 896 3509 950 neque
3541 881 3608 935 il-

1964 955 2063 1010 lud
2097 956 2209 1011 alia
2239 960 2509 1014 severiori
2554 960 2701 1031 lege,
2754 962 2867 1016 nisi
2916 968 2981 1017 ut
3030 966 3213 1020 nubat
3261 967 3602 1039 christiano,

1964 1044 2221 1115 dicitque
2250 1062 2323 1100 αι
2357 1046 2688 1102 difﬁcilium
2722 1066 2916 1104 rerum
2939 1052 3161 1108 facilem
3189 1071 3317 1111 esse
3347 1058 3600 1112 veniam.

1963 1132 2071 1187 Sed
2106 1134 2463 1191 Montanistee
2495 1152 2610 1206 quo
2643 1138 2815 1192 modo
2847 1140 3210 1211 excipiebant
3248 1160 3346 1199 eos
3394 1147 3494 1216 qui
3527 1148 3600 1201 ad

1962 1222 2205 1292 nuptias
2236 1225 2580 1279 redierant?
2622 1228 2899 1297 Digamos,
2950 1228 3144 1295 inquit
3185 1234 3598 1303 Tertullianus,

1962 1308 2028 1362 de
2061 1310 2298 1365 Pudicit.
2335 1328 2382 1365 c.
2444 1314 2468 1365 1
2532 1318 2799 1384 extrem.,
2847 1317 2991 1388 foris
3039 1320 3310 1387 sistimus,
3359 1325 3609 1381 eumdem

1966 1397 2198 1452 limitem
2225 1401 2445 1454 mcechis
2474 1417 2683 1472 quoque
2715 1413 2767 1457 et
2795 1406 3223 1473 fornicatoribus
3266 1412 3506 1481 ﬁgimus,
3538 1445 3609 1454 ——

1964 1502 2075 1540 non
2096 1489 2337 1558 amplius
2366 1491 2434 1544 ab
2465 1492 2711 1547 Ecclesia
2739 1493 3181 1563 publicationem
3219 1499 3494 1557 dedecoris
3522 1519 3609 1557 re-

1969 1578 2189 1630 laturis.
2227 1577 2457 1633 Scilicet
2488 1578 2596 1634 hoc
2627 1585 2716 1635 est
2746 1583 2973 1638 facilem
3006 1587 3236 1643 veniam
3281 1590 3440 1645 dare.
3480 1592 3612 1647 Jam

1967 1664 2123 1718 baud
2151 1665 2393 1720 difﬁcile
2425 1672 2516 1722 est
2545 1668 2616 1723 ad
2645 1670 3034 1738 judicandum
3070 1692 3211 1729 num
3247 1679 3612 1748 possintista

212 1735 516 1848 Inkquib‘us
549 1734 717 1790 libris
749 1735 985 1790 tametsi
1027 1736 1149 1789 sint
1178 1752 1303 1805 quae
1352 1737 1662 1791 videantur
1694 1753 1855 1848 erlro-
1888 1782 1934 1848 Β
1967 1759 2088 1808 tam
2119 1754 2294 1823 ciam,
2330 1770 2456 1826 qua,
2483 1772 2721 1811 causam
2755 1776 2788 1813 α
2822 1760 2990 1816 nobis
3025 1734 3385 1833 proposi‘mm
3438 1768 3614 1839 θάλα-

212 1822 255 1848 -ζ
312 1841 374 1848 .-.-
472 1824 896 1848 Α...ι-..ζ-ι..-......
945 1830 1322 1848 ..Α-.-Α-Δ,.---
1387 1831 1577 1848 1-..-..
1618 1842 1714 1848 -.._-
1797 1844 1852 1848 Α-
2091 1846 2096 1848 .
2138 1840 2148 1848 .
2470 1843 2526 1848 ---
2596 1845 2626 1848 .-
2841 1847 2844 1848 ,

210 1822 376 1878 ribus
409 1823 901 1879 Montanistarum
942 1830 1351 1893 consentanea,
1387 1831 1581 1880 tamen
1615 1842 1719 1897 ego
1750 1826 1855 1881 bos

210 1912 401 1967 ausim
435 1912 629 1982 potius
661 1913 720 1967 in
752 1929 995 1968 numero
1018 1929 1220 1969 eorum
1245 1913 1527 1970 collocare
1559 1932 1702 1987 quos
1724 1919 1858 1969 ante

209 2002 358 2056 hanc
387 2000 771 2057 defectionem
806 2002 1170 2074 perscripsit.
1208 2004 1368 2066 Quod
1402 2002 1547 2057 mihi
1600 2005 1857 2075 primum

209 2090 439 2145 videtur
457 2090 1049 2162 conﬁrmarieo,quod
1070 2108 1361 2163 nusquam
1391 2108 1568 2148 suum
1593 2092 1855 2148 Paracle-

210 2187 337 2233 tum
367 2178 760 2235 Tertullianus
784 2180 972 2249 jactat
994 2182 1053 2234 in
1075 2181 1249 2235 rebus
1274 2180 1343 2235 iis
1376 2182 1432 2235 in
1467 2182 1683 2252 quibus
1707 2182 1856 2236 mul-

209 2274 335 2323 tum
388 2269 704 2324 auctoritas
767 2269 942 2339 hujus
1004 2269 1177 2325 etl‘ata
1243 2270 1513 2326 habitura
1585 2272 1854 2326 fuissent.

208 2357 495 2427 Namque,
531 2361 594 2411 ut
626 2357 733 2411 hoc
768 2364 918 2423 utar,
973 2374 1099 2428 cap.
1154 2360 1191 2425 l,
1227 2358 1327 2413 lib.
1381 2376 1398 2413 1
1440 2367 1708 2431 extrem.,
1757 2360 1857 2415 ubi

207 2445 393 2500 satius
426 2462 553 2500 esse
582 2445 847 2517 disputat
880 2446 1079 2518 fugere
1110 2448 1398 2502 secundas
1430 2448 1690 2520 nuptias,
1724 2448 1858 2503 nul-

208 2534 332 2589 lum
353 2534 564 2590 excitat
586 2534 1148 2606 Paracletum,quem
1172 2535 1363 2592 lccum
1383 2553 1687 2609 nunquam
1709 2553 1858 2608 prie-

208 2625 486 2679 termittit
519 2624 574 2678 in
608 2623 774 2679 libris
806 2624 905 2695 qui
936 2640 965 2680 e
998 2625 1489 2681 Montanistarum
1543 2625 1857 2697 disciplina

211 2712 654 2785 prodiere;sed
709 2729 888 2768 unam
938 2713 1178 2768 adhibet
1226 2714 1633 2771 auctoritatem
1673 2714 1854 2770 disci-

215 2802 388 2873 plinae
419 2801 685 2857 Ecclesia:
716 2806 772 2857 et
804 2802 1067 2872 Apostoli
1098 2803 1304 2873 legem,
1338 2820 1451 2873 qua
1482 2804 1581 2876 qui
1622 2805 1712 2859 bis
1745 2805 1858 2875 (37)

212 2892 358 2947 157
399 2889 841 2946 matrimonium
874 2893 1393 2958 contraxerant,ait
1425 2893 1494 2946 ab
1523 2892 1716 2947 ofﬁcio
1741 2910 1854 2963 pu-

210 2979 260 3033 bl
273 2981 358 3035 ico
372 2979 626 3051 sejungi;
653 2996 780 3052 qua:
797 2980 975 3036 verba
988 2979 1143 3035 haud
1160 2980 1280 3036 scio
1295 2997 1367 3036 an
1386 2997 1501 3036 non
1517 2981 1637 3036 sint
1655 2981 1853 3036 minus

207 3069 647 3124 accommodata
677 3068 947 3140 scriptori
969 3069 1319 3127 Montanisto
1337 3086 1511 3141 quam
1542 3070 1591 3125 ei
1626 3070 1726 3141 qui
1749 3071 1851 3125 do-

1970 1840 2261 1906 vant,loca
2283 1843 2528 1898 convelli
2553 1845 2750 1914 aliqua
2771 1847 2875 1902 tali
2908 1849 3295 1908 similitudine
3324 1855 3617 1913 dictorum

1970 1932 2384 2001 quorumdam,
2418 1950 2546 2003 qua:
2576 1939 2716 1988 sunt
2748 1935 2804 1990 in
2837 1937 2965 1992 istis
2995 1938 3186 2006 libris,
3219 1959 3351 1998 cum
3385 1944 3458 1999 iis
3491 1963 3617 2017 qua)

1970 2021 2223 2075 severior
2249 2022 2504 2075 Montani
2537 2022 2816 2094 diciplina
2846 2026 2903 2080 in
2936 2027 3067 2083 aliis
3098 2031 3461 2088 Tertulliano
3494 2052 3619 2105 per-

1969 2109 2177 2164 suasit.
2213 2108 2354 2164 lllud
2391 2126 2519 2165 vero
2556 2128 2759 2182 unum,
2794 2116 2948 2184 quod
2984 2117 3158 2173 habet
3207 2121 3612 2192 Uoti‘mannus,

1967 2196 2007 2252 l.
2042 2214 2091 2252 c.
2144 2198 2173 2268 ἓ
2223 2200 2305 2268 12,
2358 2206 2794 2271 argumentum,
2848 2206 3002 2275 quod
3056 2206 3191 2262 libri
3239 2212 3443 2282 scripti
3490 2213 3614 2267 sint

1968 2303 2100 2341 cum
2134 2288 2373 2358 quaestio
2404 2288 2467 2342 de
2496 2292 2653 2361 Fuga
2683 2289 2744 2343 in
2792 2293 3050 2362 periculo
3101 2303 3336 2368 prOpter
3378 2300 3610 2372 religio—

1968 2392 2099 2430 nem
2116 2376 2331 2447 agitata
2346 2378 2762 2449 fuisset,eaque
2775 2379 3023 2436 salutem
3041 2390 3233 2455 petere
3257 2403 3613 2460 quemquam

1968 2465 2179 2519 debere
2208 2465 2606 2521 Tertullianus
2638 2483 2771 2522 cum
2801 2471 3174 2528 Montanistis
3207 2478 3616 2546 negasset;boc

1966 2552 2112 2608 illud
2142 2570 2322 2608 unum
2347 2555 2491 2609 adeo
2524 2572 2628 2611 nos
2662 2573 2777 2613 non
2809 2565 3023 2629 movet,
3044 2566 3107 2616 ut
3138 2578 3343 2620 eamus
3364 2565 3424 2620 in
3486 2570 3617 2637 ejus

1968 2643 2338 2710 sententiam,
2374 2649 2438 2697 ut
2469 2644 2540 2699 ab
2572 2660 2640 2699 ea
2671 2647 2861 2719 magis
2891 2649 3321 2707 retrahat.Nam
3356 2653 3455 2709 ille
3487 2655 3613 2727 ipse

1968 2730 2154 2802 locus,
2188 2749 2361 2803 quem
2395 2733 2611 2803 promit
2639 2751 2669 2789 e
2703 2735 2804 2790 lib.
2840 2754 2879 2807 1,
2913 2754 2962 2794 c.
2994 2739 3027 2793 3
3062 2756 3075 2805 ;
3104 2742 3274 2796 etiam
3317 2744 3379 2797 in
3419 2760 3611 2815 perse-

1965 2822 2274 2877 cutionibus
2302 2822 2499 2877 melius
2530 2832 2609 2878 est
2631 2840 2699 2879 ex
2725 2828 2999 2895 permissu
3038 2831 3235 2900 fugere
3282 2831 3347 2886 de
3394 2835 3613 2905 Oppido,

1966 2926 2131 2979 quam
2159 2909 2556 2980 deprehensum
2601 2916 2653 2966 et
2698 2914 3000 2970 distortum
3056 2934 3301 2988 negare;
3337 2920 3432 2976 ille
3464 2923 3611 2978 satis

1965 2999 2132 3053 docet
2162 2998 2589 3054 Tertullianum
2622 3018 2739 3056 non
2772 3020 3004 3059 omnem
3024 3005 3219 3077 fugam
3250 3008 3309 3062 in
3341 3010 3443 3064 tali
3467 3016 3609 3067 tem-

1965 3091 2186 3157 pestate
2217 3104 2329 3141 non
2355 3086 3081 3160 legitimamexistimasse;
3107 3112 3239 3151 eum
3273 3098 3453 3169 igitur
3476 3117 3610 3156 con-

212 3158 432 3212 ctrinas
490 3156 757 3212 Ecclesiae
822 3159 1038 3213 rectius
1113 3159 1421 3214 sentientis
1476 3160 1846 3230 sequebatur.
1882 3145 1925 3214 Ο
1965 3145 2159 3228 firmat
2189 3145 2447 3246 ιθωροτξ
2478 3193 2543 3231 eo
2576 3194 2689 3248 quo
2723 3178 2829 3234 hos
2859 3145 3442 3257 co,n'1;5;,;{,—“§;;,'s:'

212 3247 427 3302 Deinde
459 3246 513 3301 in
547 3247 749 3301 eadem
783 3246 1040 3302 sectione
1072 3265 1330 3315 uxorem,
1368 3248 1417 3303 si
1457 3249 1646 3303 denuo
1678 3249 1853 3303 socie-

204 3341 384 3391 tatem
410 3335 779 3407 conjugalem
814 3336 1029 3401 inierit,
1062 3354 1175 3393 non
1208 3338 1289 3392 ait
1320 3337 1469 3393 male
1498 3338 1856 3408 facere,adji-

204 3426 399 3494 citque
434 3440 466 3478 e
498 3429 689 3478 mente
725 3424 881 3478 Pauli
914 3424 1162 3495 apostoli
1192 3442 1305 3480 neu
1330 3425 1565 3495 quidem
1599 3442 1713 3480 non
1744 3426 1852 3481 bo-

207 3518 403 3568 nestas
434 3528 563 3568 esse
593 3513 882 3569 secundas
916 3513 1176 3585 nuptias,
1207 3515 1307 3569 sed
1340 3518 1533 3568 tamen
1562 3530 1660 3569 eas
1691 3514 1851 3569 solli-

206 3601 527 3657 citudinem
580 3618 693 3657 non
756 3600 939 3656 levem
1009 3601 1487 3674 calamitatesque
1554 3603 1849 3658 inducere.

206 3690 530 3762 Nequelib.
557 3707 619 3755 II,
649 3706 700 3761 ο,
734 3691 782 3760 1,
825 3690 1244 3746 abstinentiam
1277 3709 1309 3746 ιι
1348 3708 1494 3747 novo
1548 3692 1850 3748 matrimo-

273 3808 387 3877 (36)
420 3808 681 3862 Proxime
709 3808 829 3863 tibi.
873 3845 885 3858 .
933 3849 945 3862 .
980 3808 1111 3879 quid
1140 3810 1364 3878 feminae
1384 3813 1601 3867 sanctae
1627 3817 1857 3874 sectam,

204 3881 338 3934 dum
361 3883 433 3933 sit
460 3888 777 3948 prosecutus
796 3895 936 3933 sum.

272 3952 385 4021 (37)
419 3951 747 4020 Perspicue,
782 3950 895 4005 nisi
927 3949 1112 4019 fallor,
1141 3949 1236 4006 hic
1267 3949 1455 4018 locus,
1485 3954 1542 4005 et
1579 3949 1724 4005 alter
1748 3950 1847 4006 ille

202 4038 233 4075 e
266 4023 413 4076 libro
445 4022 508 4076 de
540 4022 766 4078 Exhort.
821 4025 1019 4092 castit.,
1071 4038 1121 4076 c.
1152 4024 1205 4091 7,
1259 4023 1571 4090 excitatus,
1618 4029 1682 4076 ut
1732 4022 1848 4078 alia

201 4093 390 4148 multa
421 4110 533 4147 non
570 4100 829 4165 tangam,
859 4094 1355 4165 docet,antiquam
1381 4094 1844 4149 Christianorum

202 4166 516 4237 Ecclesiarn
550 4168 724 4237 verba
756 4164 916 4237 Pauli
949 4165 969 4219 Ι
1000 4166 1151 4219 Tim.
1189 4183 1274 4225 ui.
1310 4166 1377 4237 de
1408 4167 1692 4237 Episcopo
1717 4185 1842 4233 μιας

197 4236 448 4309 Traiqu
480 4233 631 4311 item
664 4238 749 4311 sic
789 4236 1036 4311 cepisse,
1064 4242 1154 4311 Aut
1201 4236 1417 4311 Paulus
1450 4233 1539 4311 de,
1569 4233 1844 4311 secundis

198 4307 505 4364 ductorum
540 4307 760 4380 nuptiis
792 4309 1018 4363 dixerit.
1061 4308 1203 4363 Nam
1249 4309 1307 4362 in
1354 4307 1453 4363 illo
1500 4308 1843 4363 Tertulliani

199 4380 348 4443 loco,
377 4397 508 4435 cum
542 4379 876 4435 interdictas
907 4380 1012 4433 bas
1043 4380 1450 4435 sacerdotibus
1472 4380 1537 4434 V.
1567 4381 1629 4437 T.
1662 4381 1840 4435 dixis-

199 4460 289 4507 set
320 4471 333 4507 :
370 4452 605 4517 Christo,
638 4451 853 4522 inquit,
903 4452 1227 4506 servabatur
1274 4454 1413 4507 sicut
1443 4454 1503 4506 in
1522 4456 1847 4520 ceterisn'ta

1964 3262 2333 3317 Montanistis
2360 3263 2578 3333 minus,
2612 3282 2783 3336 quam
2827 3271 3048 3326 caeteris
3078 3274 3355 3330 sensisse.

2529 3355 2925 3414 ARTICUEUS
2964 3359 3032 3416 V.

1964 3442 2170 3509 Quarta
2197 3440 2385 3497 classis
2418 3442 2709 3511 librorum,
2742 3462 2975 3572 quotrum
3011 3466 3122 3506 non
3146 3453 3263 3509 nisi
3296 3458 3606 3515 Montanis-

2626 3533 2749 3571 mus
2771 3535 2836 3572 im
2863 3528 2931 3572 et.

2626 3533 2749 3571 mus
2769 3528 2931 3588 patet.

1959 3602 1987 3674 ξ
2018 3602 2067 3655 1.
2100 3633 2171 3641 -
2200 3602 2359 3657 Liber
2385 3603 2453 3658 de
2488 3606 2793 3673 Patientia,
2828 3625 2921 3661 an.
2950 3609 3075 3678 200,
3098 3612 3180 3667 vel
3206 3614 3602 3688 20i,scriptus.

2030 3692 2212 3756 Quam
2247 3693 2319 3746 ob
2343 3707 2464 3746 rem
2497 3694 2672 3747 etiam
2707 3694 2815 3750 bos
2863 3696 3191 3756 eximamus
3240 3718 3271 3757 e
3313 3702 3598 3760 librorum

1958 3820 2008 3857 c.
2044 3805 2433 3889 11,convincit
2461 3807 2824 3889 adversarios
2855 3810 3183 3889 iniquitatis
3214 3819 3594 3889 repetitarum

1958 3881 2296 3959 nuptiarum
2332 3881 2535 3959 sic,__ut
2563 3895 2662 3933 eos
2699 3882 2808 3959 tale
2853 3881 3295 3959 matrimonium.
3317 3893 3595 3959 postulare

1956 3950 2111 4001 dicat
2139 3950 2205 4001 ab
2237 3951 2309 4002 iis
2358 3951 2555 4018 quibus
2594 3968 2729 4034 non.
2754 3955 2913 4034 liceat
2958 3950 3337 4034 talehhabere',
3373 3963 3440 4015 ab
3468 3966 3588 4034 epi-

1952 4035 2109 4090 scopo
2138 4035 2489 4103 monogamo,
2523 4038 2557 4103 ᾳ
2583 4023 2992 4103 presbyteriset
3030 4030 3295 4103 diaconis
3326 4023 3587 4103 ejusdem

1953 4094 2307 4175 sacramenti,
2339 4109 2375 4146 a
2399 4092 2580 4147 viduis
2608 4092 2795 4175 etiam,
2826 4107 2875 4153 et
2908 4099 3085 4175 laicis,
3119 4107 3175 4157 et
3204 4106 3274 4159 ab
3312 4092 3589 4175 Apostolo

1919 4194 1933 4205 ς
1954 4164 2776 4249 interdictasargumentatur
2807 4164 3081 4249 nuptias,
3099 4164 3401 4246 propterea
3435 4180 3587 4249 quod

1952 4238 2127 4289 totum
2191 4234 2441 4309 ordinem
2507 4238 2784 4305 Ecclesiae,
2854 4234 2913 4306 h,
2994 4234 3471 4309 e.,‘sacerdotes
3528 4252 3594 4305 de

1950 4308 2296 4374 monogamia
2325 4308 2593 4378 disponat.
2625 4311 2757 4374 Quae
2789 4314 2986 4367 omnia
3017 4308 3335 4372 oetendunt
3379 4322 3591 4376 Catho-

1951 4378 2095 4433 licos
2128 4380 2413 4460 secundas
2437 4382 2803 4460 sacerdotum
2827 4386 3060 4460 nuptias
3095 4390 3594 4460 repudiasse,cum

1952 4468 2018 4505 ex
2050 4466 2248 4531 eorum
2283 4451 2586 4531 sententiis
2618 4453 2871 4531 colligat,
2907 4451 3009 4531 nec
3041 4451 3202 4531 laicis
3254 4451 3595 4531 hujusmodi

200 4527 263 4601 in
296 4527 399 4601 isto
422 4540 656 4601 qu_oque,_
686 4518 821 4590 legis
842 4524 1150 4601 plenitudo.
1189 4524 1317 4601 inde
1349 4526 1538 4601 igitur
1579 4518 1721 4596 apud
1748 4518 1847 4601 nos
1874 4518 1921 4581 D
1953 4522 2188 4601 nuptias
2220 4522 2455 4576 concedi
2490 4539 2676 4601 posse.
2710 4518 2786 4578 Ac
2906 4530 2987 4593 12,
3022 4518 3364 4601 planissime
3408 4535 3490 4589 sic
3519 4538 3599 4594 ait

198 4597 423 4666 plenius
446 4599 605 4667 atque
636 4596 960 4650 instructius
988 4595 1385 4664 praescribitur,
1439 4595 1621 4650 unius
1646 4598 1840 4651 matri-

200 4669 381 4722 monii
405 4683 521 4721 esse
552 4668 926 4737 opertere,qui
953 4667 1271 4735 atleguntur
1302 4669 1359 4721 in
1389 4667 1634 4722 ordinem
1665 4684 1847 4722 sacer-

200 4739 458 4794 dotalem.
496 4739 672 4810 Usque
699 4738 831 4793 adeo
878 4740 1134 4810 quasdam
1163 4740 1394 4793 memini
1439 4739 1685 4806 digamos
1738 4740 1849 4794 loco

199 4811 457 4878 deiecios.
492 4808 596 4865 Ubi
631 4826 819 4880 neque
848 4808 973 4863 vult
1003 4808 1120 4864 illis
1151 4811 1221 4865 de
1252 4812 1655 4865 sacerdotibus
1684 4810 1850 4865 intel-

204 4882 327 4953 ligi,
364 4881 461 4952 qui
496 4886 968 4953 praeteruxorem
1016 4883 1186 4953 etiam
1240 4883 1544 4937 meretrice
1596 4884 1848 4951 quadam

202 4952 542 5026 utebantur,
577 4960 641 5008 ut
672 4952 978 5008 videbatur
1007 4952 1352 5026 Heumanno
1405 4954 1465 5008 in
1510 4955 1854 5026 Erklserung

203 5025 306 5106 des
334 5024 400 5079 N.
531 5030 679 5106 part.
714 5041 881 5106 1x,“p.
928 5025 1050 5089 179,
1078 5041 1292 5106 neque
1342 5042 1499 5106 more
1559 5024 1853 5106 Montani;

202 5100 432 5151 starum
468 5094 749 5167 loquitur.
780 5096 928 5151 Nam
961 5100 1160 5151 contra
1194 5094 1351 5151 illam
1406 5097 1732 5151 Heumanni
1768 5098 1853 5152 in-

204 5168 684 5237 terpretationem
720 5172 942 5239 pugnat
972 5169 1305 5222 universum
1340 5169 1677 5224 Tertulliani
1714 5187 1853 5223 con-

203 5240 431 5301 silium,
466 5240 567 5311 qui
600 5239 751 5294 clare
782 5240 925 5293 dicit
955 5240 1025 5311 de
1067 5244 1336 5311 castrata,
1369 5240 1601 5295 licentia,
1650 5243 1857 5307 sapius

204 5313 450 5383 nubendi
470 5310 493 5378 ,4
520 5318 576 5367 et
606 5328 657 5367 c.
691 5314 745 5376 fi,
777 5312 846 5365 de
889 5310 1111 5379 duplici
1159 5312 1256 5367 Dei
1306 5310 1680 5383 dispositione,
1740 5330 1859 5367 una

206 5382 305 5438 illa
352 5401 366 5439 :
421 5384 657 5440 Crescite
702 5384 754 5436 et
800 5383 1276 5455 multiplicamini,
1330 5383 1509 5438 altera
1562 5401 1574 5437 ε
1634 5386 1859 5455 Tempus

206 5457 322 5525 iam
358 5456 415 5509 in
440 5456 664 5512 collecto
693 5461 788 5519 est,
819 5458 953 5519 etc.,
986 5470 1102 5525 qua
1134 5460 1282 5510 Deus
1329 5455 1675 5526 abolafecerit
1704 5457 1859 5526 prio-

209 5543 353 5582 rem.
388 5527 584 5598 Neque
615 5531 1043 5598 commemorat
1091 5526 1441 5582 sententiam
1489 5528 1862 5582 Montanistis

214 5596 532 5671 propriam,
588 5598 690 5671 sed
732 5596 1420 5671 illisgatqueUCatholicis
1465 5616 1860 5655 communem.

211 5668 357 5729 Nam
388 5674 644 5745 primum
678 5669 738 5725 in
772 5668 915 5727 locis
949 5669 1244 5730 similibus
1267 5670 1401 5728 libri
1431 5670 1495 5730 de
1519 5672 1866 5743 Monoyamia

526 5803 799 5864 PATBOL.
850 5800 901 5860 Ι.

1955 4594 2273 4672 catholicos
2322 4600 2761 4672 argumentatas
2794 4614 2806 4650 :
2838 4600 2990 4653 Solos
3022 4594 3133 4672 'qui
3184 4609 3315 4659 sunt
3358 4608 3418 4661 in
3446 4609 3597 4664 clero

1956 4668 2320 4751 monogumim
2348 4665 2475 4751 ilug‘o
2505 4671 2794 4751 astrinxit;_
2811 4686 2948 4751 ergo
2978 4672 3035 4726 id
3048 4665 3168 4729 ἠοη
3192 4679 3446 4734 omnibus
3461 4696 3603 4751 pra:-

1958 4739 2166 4819 scribit.
2200 4737 2406 4819 Deinde
2436 4737 2590 4819 hanc.
2638 4737 3137 4819 constit.ii:tioneni,
3192 4764 3307 4819 qua
3355 4737 3599 4808 sublatae

1962 4809 2078 4887 sint
2111 4810 2401 4887 secundre
2428 4809 2665 4887 nuptiae,
2717 4828 2832 4887 non
2868 4809 3181 4887 Paracleto,
3207 4809 3338 4877 'sed
3392 4822 3604 4879 Christo

1965 4882 2205 4965 tribuit,
2223 4886 2279 4934 et
2311 4880 2549 4965 adhibet
2574 4884 2834 4965 Apostoli
2864 4888 3074 4965 verba,
3108 4880 3207 4961 qui
3254 4894 3472 4965 plenius
3512 4904 3602 4952 at-

1961 4970 2064 5036 que
2094 4955 2417 5037 instructius
2449 4954 2648 5035 (quam
2677 4955 2734 5010 in
2786 4957 2860 5037 V._
2902 4954 3082 5029 Test.)
3120 4954 3541 5037 praescripserit
3588 4986 3607 5023 :

1961 5027 2127 5106 unius
2158 5027 2506 5106 matrimonii
2535 5042 2650 5106 esse
2706 5034 2975 5106 oportere,
3029 5027 3138 5106 qui
3187 5027 3512 5106 allegdntur
3543 5041 3605 5093 in

1961 5096 2205 5153 ordinem
2263 5096 2681 5152 sacerdotalem.
2740 5096 2877 5155 Tum
2937 5096 3133 5160 statim
3195 5096 3608 5167 addit:usaue

1965 5128 2010 5153 UI
2025 5128 2205 5151 υιιησιη
2263 5128 2681 5152 οιιυσιιιυιιιιοηι.
2750 5128 2877 5155 sum
2937 5128 3133 5160 διαιιω
3195 5128 3358 5163 αααιι
3390 5130 3402 5167 ζ
3436 5128 3499 5165 us
3542 5128 3605 5166 ue

1965 5170 2097 5244 (illeo
2126 5168 2360 5222 memini
2389 5170 2636 5244 digamos
2673 5169 2813 5227 locos
2843 5173 3089 5244 deiectos.
3124 5177 3284 5240 Quod
3308 5182 3378 5235 de
3406 5128 3605 5236 cathio-

1968 5240 2096 5297 linis
2130 5244 2355 5310 Oportet
2388 5240 2653 5311 intelligi.
2690 5260 2823 5297 nam
2876 5240 3244 5305 Montanistas
3290 5269 3358 5306 ne
3391 5252 3606 5307 laicum

1968 5313 2204 5384 quidem
2230 5315 2621 5385 secundarum
2649 5318 2985 5385 nuptiarum
3016 5337 3175 5374 reum
3216 5324 3507 5378 tulissent.
3544 5323 3607 5378 In

1969 5392 2169 5459 nostro
2198 5401 2328 5459 vero
2361 5384 2498 5459 loco
2538 5385 2624 5441 sic
2671 5384 2933 5459 loquitur
2965 5407 2977 5446 :
3013 5393 3287 5458 Quantum
3321 5394 3611 5450 detrahant

1968 5457 2117 5535 fidei,
2149 5456 2765 5535 qnantuni_oostrepant
2789 5456 3082 5535 sanctitati
3110 5466 3321 5533 nuptiae
3340 5466 3609 5535 secundae,

1971 5529 2269 5607 disciplina
2292 5529 2563 5584 Ecclesiz'
2585 5533 3014 5607 etprzescriptio
3045 5529 3288 5603 Apostoti
3333 5529 3610 5607 declarat,

1972 5618 2097 5656 cum
2127 5600 2375 5672 digamos
2405 5616 2514 5656 non
2542 5600 2681 5657 sinit
2717 5604 3035 5672 prwsidcrc,
3084 5600 3209 5661 cum
3256 5610 3485 5665 viduam
3514 5600 3613 5667 ad;

1975 5673 2089 5743 legi
2119 5670 2477 5744 inordinem,
2507 5673 2663 5729 misit
2687 5670 2992 5745 univiram,
3026 5691 3136 5733 non
3164 5682 3432 5739 concedit.

3260 5815 3295 5869 7
