  <div class='ocr_page' id='page_1' title='image "/cluster/home/n/w/nwhite01/storage/ocr_20150623/1/umn.31951002477295j/109.png"; bbox 0 0 4526 6400; ppageno 0'>
   <div class='ocr_carea' id='block_1_1' title="bbox 375 12 1871 40">
    <p class='ocr_par' dir='ltr' id='par_1_1' title="bbox 463 12 1613 38">
     <span class='ocr_line' id='line_1_1' title="bbox 463 12 1613 38; baseline 0 -18"><span class='ocrx_word' id='word_1_1' title='bbox 463 23 496 28; x_wconf 66' lang='lat'><em>_</em></span> <span class='ocrx_word' id='word_1_2' title='bbox 601 16 632 38; x_wconf 65' lang='grc' dir='ltr'>,ι</span> <span class='ocrx_word' id='word_1_3' title='bbox 925 12 1018 32; x_wconf 61' lang='grc' dir='ltr'>η..</span> <span class='ocrx_word' id='word_1_4' title='bbox 1464 14 1474 29; x_wconf 88' lang='grc'><strong>,</strong></span> <span class='ocrx_word' id='word_1_5' title='bbox 1525 16 1613 28; x_wconf 83' lang='lat'>___</span> 
     </span>
    </p>
   </div>
   <div class='ocr_carea' id='block_1_2' title="bbox 652 349 771 413">
    <p class='ocr_par' dir='ltr' id='par_1_2' title="bbox 652 349 771 413">
     <span class='ocr_line' id='line_1_2' title="bbox 652 349 771 413; baseline -0.025 1"><span class='ocrx_word' id='word_1_6' title='bbox 652 349 771 413; x_wconf 76' lang='lat'>203</span> 
     </span>
    </p>
   </div>
   <div class='ocr_carea' id='block_1_3' title="bbox 651 530 2299 629">
    <p class='ocr_par' dir='ltr' id='par_1_3' title="bbox 651 530 2299 629">
     <span class='ocr_line' id='line_1_3' title="bbox 651 530 2299 629; baseline -0.027 -1"><span class='ocrx_word' id='word_1_7' title='bbox 651 530 865 629; x_wconf 48' lang='lat' dir='ltr'>;evferri</span> <span class='ocrx_word' id='word_1_8' title='bbox 883 530 1156 628; x_wconf 86' lang='lat' dir='ltr'>debeant,</span> <span class='ocrx_word' id='word_1_9' title='bbox 1195 557 1518 612; x_wconf 78' lang='lat' dir='ltr'>videamus.</span> <span class='ocrx_word' id='word_1_10' title='bbox 1567 549 1630 602; x_wconf 91' lang='lat' dir='ltr'>In</span> <span class='ocrx_word' id='word_1_11' title='bbox 1677 542 1893 615; x_wconf 84' lang='lat' dir='ltr'>quibus</span> <span class='ocrx_word' id='word_1_12' title='bbox 1947 551 2065 592; x_wconf 90' lang='lat' dir='ltr'>non</span> <span class='ocrx_word' id='word_1_13' title='bbox 2096 530 2299 629; x_wconf 75' lang='lat' dir='ltr'>dubito</span> 
     </span>
    </p>
   </div>
   <div class='ocr_carea' id='block_1_4' title="bbox 652 620 2302 718">
    <p class='ocr_par' dir='ltr' id='par_1_4' title="bbox 652 620 2302 718">
     <span class='ocr_line' id='line_1_4' title="bbox 652 620 2302 718; baseline -0.028 -1"><span class='ocrx_word' id='word_1_14' title='bbox 652 673 898 718; x_wconf 87' lang='lat' dir='ltr'>aureum</span> <span class='ocrx_word' id='word_1_15' title='bbox 939 655 1006 709; x_wconf 84' lang='lat' dir='ltr'>de</span> <span class='ocrx_word' id='word_1_16' title='bbox 1025 648 1301 705; x_wconf 70' lang='lat' dir='ltr'>Patientia</span> <span class='ocrx_word' id='word_1_17' title='bbox 1323 642 1538 696; x_wconf 91' lang='lat' dir='ltr'>librum</span> <span class='ocrx_word' id='word_1_18' title='bbox 1556 635 1745 707; x_wconf 90' lang='lat' dir='ltr'>primo</span> <span class='ocrx_word' id='word_1_19' title='bbox 1760 630 1879 686; x_wconf 89' lang='lat' dir='ltr'>loco</span> <span class='ocrx_word' id='word_1_20' title='bbox 1894 638 2125 698; x_wconf 90' lang='lat' dir='ltr'>ponere.</span> <span class='ocrx_word' id='word_1_21' title='bbox 2159 620 2302 674; x_wconf 88' lang='lat' dir='ltr'>Nam</span> 
     </span>
    </p>
   </div>
   <div class='ocr_carea' id='block_1_5' title="bbox 653 709 2304 806">
    <p class='ocr_par' dir='ltr' id='par_1_5' title="bbox 653 709 2304 806">
     <span class='ocr_line' id='line_1_5' title="bbox 653 709 2304 806; baseline -0.028 0"><span class='ocrx_word' id='word_1_22' title='bbox 653 709 1202 806; x_wconf 33' lang='lat' dir='ltr'>ets-iv’l‘illemontius</span> <span class='ocrx_word' id='word_1_23' title='bbox 1231 733 1538 805; x_wconf 72' lang='lat' dir='ltr'>(Mdmoires</span> <span class='ocrx_word' id='word_1_24' title='bbox 1563 740 1703 796; x_wconf 85' lang='lat' dir='ltr'>pour</span> <span class='ocrx_word' id='word_1_25' title='bbox 1732 709 2304 806; x_wconf 15' lang='lat' dir='ltr'>serviren-l’ﬂiftoire</span> 
     </span>
    </p>
   </div>
   <div class='ocr_carea' id='block_1_6' title="bbox 653 796 2303 899">
    <p class='ocr_par' dir='ltr' id='par_1_6' title="bbox 653 796 2303 899">
     <span class='ocr_line' id='line_1_6' title="bbox 653 796 2303 899; baseline -0.028 -6"><span class='ocrx_word' id='word_1_26' title='bbox 653 796 1091 899; x_wconf 49' lang='lat' dir='ltr'>Ecclesia—mque,</span> <span class='ocrx_word' id='word_1_27' title='bbox 1114 796 1252 879; x_wconf 42' lang='lat' dir='ltr'>tom‘.</span> <span class='ocrx_word' id='word_1_28' title='bbox 1290 819 1388 885; x_wconf 84' lang='grc' dir='ltr'>ΙΙΙ,</span> <span class='ocrx_word' id='word_1_29' title='bbox 1418 813 1606 886; x_wconf 76' lang='grc' dir='ltr'>ρ.262)</span> <span class='ocrx_word' id='word_1_30' title='bbox 1637 812 1797 866; x_wconf 91' lang='lat' dir='ltr'>hunc</span> <span class='ocrx_word' id='word_1_31' title='bbox 1826 804 1963 899; x_wconf 69' lang='lat' dir='ltr'>velit</span> <span class='ocrx_word' id='word_1_32' title='bbox 1994 796 2303 899; x_wconf 48' lang='lat' dir='ltr'>iis‘adjun:</span> 
     </span>
    </p>
   </div>
   <div class='ocr_carea' id='block_1_7' title="bbox 659 883 2301 999">
    <p class='ocr_par' dir='ltr' id='par_1_7' title="bbox 659 883 2301 999">
     <span class='ocr_line' id='line_1_7' title="bbox 659 883 2301 999; baseline -0.027 -18"><span class='ocrx_word' id='word_1_33' title='bbox 659 941 814 999; x_wconf 88' lang='lat' dir='ltr'>gere,</span> <span class='ocrx_word' id='word_1_34' title='bbox 846 919 946 991; x_wconf 86' lang='lat' dir='ltr'>qui</span> <span class='ocrx_word' id='word_1_35' title='bbox 977 883 1315 985; x_wconf 69' lang='lat' dir='ltr'>superiores</span> <span class='ocrx_word' id='word_1_36' title='bbox 1348 910 1487 962; x_wconf 85' lang='lat' dir='ltr'>sunt</span> <span class='ocrx_word' id='word_1_37' title='bbox 1517 900 1842 957; x_wconf 76' lang='lat' dir='ltr'>defectione</span> <span class='ocrx_word' id='word_1_38' title='bbox 1860 885 2211 999; x_wconf 51' lang='lat' dir='ltr'>Tertullia‘n‘i</span> <span class='ocrx_word' id='word_1_39' title='bbox 2231 883 2301 980; x_wconf 73' lang='lat' dir='ltr'>ad</span> 
     </span>
    </p>
   </div>
   <div class='ocr_carea' id='block_1_8' title="bbox 657 971 2305 1074">
    <p class='ocr_par' dir='ltr' id='par_1_8' title="bbox 657 971 2305 1074">
     <span class='ocr_line' id='line_1_8' title="bbox 657 971 2305 1074; baseline -0.028 -4"><span class='ocrx_word' id='word_1_40' title='bbox 657 971 1068 1072; x_wconf 51' lang='lat' dir='ltr'>ilvoniabistas:</span> <span class='ocrx_word' id='word_1_41' title='bbox 1098 1003 1424 1074; x_wconf 86' lang='lat' dir='ltr'>prepterea,</span> <span class='ocrx_word' id='word_1_42' title='bbox 1455 991 1610 1063; x_wconf 90' lang='lat' dir='ltr'>quod</span> <span class='ocrx_word' id='word_1_43' title='bbox 1641 993 1699 1043; x_wconf 88' lang='lat' dir='ltr'>et</span> <span class='ocrx_word' id='word_1_44' title='bbox 1728 988 1938 1074; x_wconf 77' lang='lat' dir='ltr'>fugam</span> <span class='ocrx_word' id='word_1_45' title='bbox 1957 981 2015 1034; x_wconf 90' lang='lat' dir='ltr'>in</span> <span class='ocrx_word' id='word_1_46' title='bbox 2043 971 2305 1074; x_wconf 39' lang='lat' dir='ltr'>&#39;publicis</span> 
     </span>
    </p>
   </div>
   <div class='ocr_carea' id='block_1_9' title="bbox 659 1065 2302 1161">
    <p class='ocr_par' dir='ltr' id='par_1_9' title="bbox 659 1065 2302 1161">
     <span class='ocr_line' id='line_1_9' title="bbox 659 1065 2302 1161; baseline -0.027 -3"><span class='ocrx_word' id='word_1_47' title='bbox 659 1065 1122 1157; x_wconf 45' lang='lat' dir='ltr'>E—hristianorum</span> <span class='ocrx_word' id='word_1_48' title='bbox 1138 1065 1373 1161; x_wconf 81' lang='lat' dir='ltr'>propter</span> <span class='ocrx_word' id='word_1_49' title='bbox 1386 1082 1722 1151; x_wconf 81' lang='lat' dir='ltr'>religionem</span> <span class='ocrx_word' id='word_1_50' title='bbox 1735 1065 2172 1129; x_wconf 75' lang='lat' dir='ltr'>calamitatibus</span> <span class='ocrx_word' id='word_1_51' title='bbox 2186 1075 2302 1116; x_wconf 90' lang='lat' dir='ltr'>non</span> 
     </span>
    </p>
   </div>
   <div class='ocr_carea' id='block_1_10' title="bbox 660 1156 2304 1271">
    <p class='ocr_par' dir='ltr' id='par_1_10' title="bbox 660 1156 2304 1271">
     <span class='ocr_line' id='line_1_10' title="bbox 660 1156 2304 1271; baseline -0.029 -15"><span class='ocrx_word' id='word_1_52' title='bbox 660 1196 903 1271; x_wconf 79' lang='lat' dir='ltr'>spernit,</span> <span class='ocrx_word' id='word_1_53' title='bbox 935 1198 992 1248; x_wconf 89' lang='lat' dir='ltr'>et</span> <span class='ocrx_word' id='word_1_54' title='bbox 1022 1156 1298 1259; x_wconf 81' lang='lat' dir='ltr'>magnam</span> <span class='ocrx_word' id='word_1_55' title='bbox 1323 1177 1667 1236; x_wconf 82' lang='lat' dir='ltr'>modestiam</span> <span class='ocrx_word' id='word_1_56' title='bbox 1691 1170 1948 1232; x_wconf 83' lang='lat' dir='ltr'>adhibet;</span> <span class='ocrx_word' id='word_1_57' title='bbox 1981 1168 2179 1271; x_wconf 72' lang='lat' dir='ltr'>tamen</span> <span class='ocrx_word' id='word_1_58' title='bbox 2202 1156 2304 1211; x_wconf 92' lang='lat' dir='ltr'>illa</span> 
     </span>
    </p>
   </div>
   <div class='ocr_carea' id='block_1_11' title="bbox 659 1251 2304 1358">
    <p class='ocr_par' dir='ltr' id='par_1_11' title="bbox 659 1251 2304 1358">
     <span class='ocr_line' id='line_1_11' title="bbox 659 1251 2304 1358; baseline -0.029 -13"><span class='ocrx_word' id='word_1_59' title='bbox 659 1251 1034 1358; x_wconf 45' lang='lat' dir='ltr'>ncquaquam</span> <span class='ocrx_word' id='word_1_60' title='bbox 1066 1279 1270 1332; x_wconf 85' lang='lat' dir='ltr'>idonea</span> <span class='ocrx_word' id='word_1_61' title='bbox 1301 1271 1370 1326; x_wconf 90' lang='lat' dir='ltr'>ad</span> <span class='ocrx_word' id='word_1_62' title='bbox 1405 1268 1557 1322; x_wconf 86' lang='lat' dir='ltr'>hanc</span> <span class='ocrx_word' id='word_1_63' title='bbox 1579 1279 1699 1319; x_wconf 90' lang='lat' dir='ltr'>rem</span> <span class='ocrx_word' id='word_1_64' title='bbox 1724 1251 2183 1315; x_wconf 82' lang='lat' dir='ltr'>confirmandam</span> <span class='ocrx_word' id='word_1_65' title='bbox 2219 1262 2304 1299; x_wconf 90' lang='lat' dir='ltr'>ar-</span> 
     </span>
     <span class='ocr_line' id='line_1_12' title="bbox 1823 1334 2298 1358; baseline -0.027 -1"><span class='ocrx_word' id='word_1_66' title='bbox 1823 1347 1872 1358; x_wconf 89' lang='lat'>..</span> <span class='ocrx_word' id='word_1_67' title='bbox 2127 1353 2181 1358; x_wconf 87' lang='lat'>__</span> <span class='ocrx_word' id='word_1_68' title='bbox 2217 1334 2298 1358; x_wconf 47' lang='lat' dir='ltr'><strong>un</strong></span> 
     </span>
    </p>
   </div>
   <div class='ocr_carea' id='block_1_12' title="bbox 659 1334 2302 1432">
    <p class='ocr_par' dir='ltr' id='par_1_12' title="bbox 659 1334 2302 1432">
     <span class='ocr_line' id='line_1_13' title="bbox 659 1334 2302 1432; baseline -0.028 1"><span class='ocrx_word' id='word_1_69' title='bbox 659 1334 1047 1432; x_wconf 39' lang='lat' dir='ltr'>bitiorfNam</span> <span class='ocrx_word' id='word_1_70' title='bbox 1081 1367 1151 1420; x_wconf 92' lang='lat' dir='ltr'>de</span> <span class='ocrx_word' id='word_1_71' title='bbox 1181 1359 1476 1418; x_wconf 83' lang='lat' dir='ltr'>modestia</span> <span class='ocrx_word' id='word_1_72' title='bbox 1513 1371 1580 1409; x_wconf 92' lang='lat' dir='ltr'>ea</span> <span class='ocrx_word' id='word_1_73' title='bbox 1611 1368 1725 1407; x_wconf 91' lang='lat' dir='ltr'>non</span> <span class='ocrx_word' id='word_1_74' title='bbox 1781 1347 1948 1401; x_wconf 88' lang='lat' dir='ltr'>video</span> <span class='ocrx_word' id='word_1_75' title='bbox 2006 1334 2302 1432; x_wconf 59' lang='lat' dir='ltr'>quarebti</span> 
     </span>
    </p>
   </div>
   <div class='ocr_carea' id='block_1_13' title="bbox 657 1423 2300 1522">
    <p class='ocr_par' dir='ltr' id='par_1_13' title="bbox 657 1423 2300 1522">
     <span class='ocr_line' id='line_1_14' title="bbox 657 1423 2300 1522; baseline -0.029 0"><span class='ocrx_word' id='word_1_76' title='bbox 657 1423 1060 1522; x_wconf 41' lang='lat' dir='ltr'>&#39;lertvulli—anus</span> <span class='ocrx_word' id='word_1_77' title='bbox 1091 1470 1206 1509; x_wconf 90' lang='lat' dir='ltr'>non</span> <span class='ocrx_word' id='word_1_78' title='bbox 1239 1449 1413 1506; x_wconf 87' lang='lat' dir='ltr'>etiam</span> <span class='ocrx_word' id='word_1_79' title='bbox 1457 1449 1589 1517; x_wconf 88' lang='lat' dir='ltr'>post</span> <span class='ocrx_word' id='word_1_80' title='bbox 1618 1441 1951 1507; x_wconf 88' lang='lat' dir='ltr'>susceptam</span> <span class='ocrx_word' id='word_1_81' title='bbox 1997 1430 2055 1483; x_wconf 93' lang='lat' dir='ltr'>in</span> <span class='ocrx_word' id='word_1_82' title='bbox 2105 1423 2300 1522; x_wconf 79' lang='lat' dir='ltr'>ortho-</span> 
     </span>
    </p>
   </div>
   <div class='ocr_carea' id='block_1_14' title="bbox 657 1511 2304 1610">
    <p class='ocr_par' dir='ltr' id='par_1_14' title="bbox 657 1511 2304 1610">
     <span class='ocr_line' id='line_1_15' title="bbox 657 1511 2304 1610; baseline -0.028 0"><span class='ocrx_word' id='word_1_83' title='bbox 657 1556 839 1610; x_wconf 83' lang='lat' dir='ltr'>doxos</span> <span class='ocrx_word' id='word_1_84' title='bbox 868 1544 1236 1604; x_wconf 83' lang='lat' dir='ltr'>inimicitiam</span> <span class='ocrx_word' id='word_1_85' title='bbox 1256 1537 1762 1610; x_wconf 85' lang='lat' dir='ltr'>potuisset,neque</span> <span class='ocrx_word' id='word_1_86' title='bbox 1787 1524 1943 1579; x_wconf 91' lang='lat' dir='ltr'>enim</span> <span class='ocrx_word' id='word_1_87' title='bbox 1975 1536 2040 1574; x_wconf 89' lang='lat' dir='ltr'>ea</span> <span class='ocrx_word' id='word_1_88' title='bbox 2071 1511 2304 1587; x_wconf 85' lang='lat' dir='ltr'>prepria</span> 
     </span>
    </p>
   </div>
   <div class='ocr_carea' id='block_1_15' title="bbox 657 1608 2304 1700">
    <p class='ocr_par' dir='ltr' id='par_1_15' title="bbox 657 1608 2304 1700">
     <span class='ocr_line' id='line_1_16' title="bbox 657 1608 2304 1700; baseline -0.027 -1"><span class='ocrx_word' id='word_1_89' title='bbox 657 1647 747 1700; x_wconf 86' lang='lat' dir='ltr'>est</span> <span class='ocrx_word' id='word_1_90' title='bbox 777 1641 964 1695; x_wconf 90' lang='lat' dir='ltr'>virtus</span> <span class='ocrx_word' id='word_1_91' title='bbox 994 1638 1148 1689; x_wconf 89' lang='lat' dir='ltr'>recte</span> <span class='ocrx_word' id='word_1_92' title='bbox 1181 1608 1559 1684; x_wconf 76' lang='lat' dir='ltr'>sentientium</span> <span class='ocrx_word' id='word_1_93' title='bbox 1593 1644 1607 1686; x_wconf 73' lang='grc' dir='ltr'>ς</span> <span class='ocrx_word' id='word_1_94' title='bbox 1638 1622 1694 1672; x_wconf 92' lang='lat' dir='ltr'>et</span> <span class='ocrx_word' id='word_1_95' title='bbox 1722 1614 1805 1668; x_wconf 88' lang='lat' dir='ltr'>illi</span> <span class='ocrx_word' id='word_1_96' title='bbox 1851 1608 2018 1666; x_wconf 80' lang='lat' dir='ltr'>alteri</span> <span class='ocrx_word' id='word_1_97' title='bbox 2068 1621 2140 1660; x_wconf 90' lang='lat' dir='ltr'>ne</span> <span class='ocrx_word' id='word_1_98' title='bbox 2193 1616 2304 1656; x_wconf 87' lang='lat' dir='ltr'>sua</span> 
     </span>
    </p>
   </div>
   <div class='ocr_carea' id='block_1_16' title="bbox 657 1697 2301 1803">
    <p class='ocr_par' dir='ltr' id='par_1_16' title="bbox 657 1697 2301 1803">
     <span class='ocr_line' id='line_1_17' title="bbox 657 1697 2301 1803; baseline -0.027 -16"><span class='ocrx_word' id='word_1_99' title='bbox 657 1731 896 1803; x_wconf 87' lang='lat' dir='ltr'>quidem</span> <span class='ocrx_word' id='word_1_100' title='bbox 927 1723 1143 1780; x_wconf 88' lang='lat' dir='ltr'>veritas</span> <span class='ocrx_word' id='word_1_101' title='bbox 1193 1720 1444 1773; x_wconf 81' lang='lat' dir='ltr'>constat.</span> <span class='ocrx_word' id='word_1_102' title='bbox 1489 1708 1714 1765; x_wconf 84' lang='lat' dir='ltr'>Etenim</span> <span class='ocrx_word' id='word_1_103' title='bbox 1757 1703 1816 1756; x_wconf 91' lang='lat' dir='ltr'>in</span> <span class='ocrx_word' id='word_1_104' title='bbox 1867 1716 1932 1754; x_wconf 92' lang='lat' dir='ltr'>eo</span> <span class='ocrx_word' id='word_1_105' title='bbox 1967 1697 2092 1751; x_wconf 93' lang='lat' dir='ltr'>loco</span> <span class='ocrx_word' id='word_1_106' title='bbox 2122 1710 2154 1747; x_wconf 90' lang='lat' dir='ltr'>e</span> <span class='ocrx_word' id='word_1_107' title='bbox 2185 1705 2301 1762; x_wconf 90' lang='lat' dir='ltr'>quo</span> 
     </span>
    </p>
   </div>
   <div class='ocr_carea' id='block_1_17' title="bbox 658 1795 2300 1892">
    <p class='ocr_par' dir='ltr' id='par_1_17' title="bbox 658 1795 2300 1892">
     <span class='ocr_line' id='line_1_18' title="bbox 658 1795 2300 1892; baseline -0.027 -16"><span class='ocrx_word' id='word_1_108' title='bbox 658 1795 999 1892; x_wconf 76' lang='lat' dir='ltr'>potestatem</span> <span class='ocrx_word' id='word_1_109' title='bbox 1043 1806 1300 1879; x_wconf 84' lang='lat' dir='ltr'>fugiendi</span> <span class='ocrx_word' id='word_1_110' title='bbox 1345 1821 1378 1858; x_wconf 90' lang='lat' dir='ltr'>a</span> <span class='ocrx_word' id='word_1_111' title='bbox 1417 1795 1777 1892; x_wconf 81' lang='lat' dir='ltr'>Tertulliano</span> <span class='ocrx_word' id='word_1_112' title='bbox 1827 1798 2164 1892; x_wconf 68' lang='lat' dir='ltr'>coneessam</span> <span class='ocrx_word' id='word_1_113' title='bbox 2204 1796 2300 1892; x_wconf 53' lang='lat' dir='ltr'>en-</span> 
     </span>
    </p>
   </div>
   <div class='ocr_carea' id='block_1_18' title="bbox 660 1868 2300 1965">
    <p class='ocr_par' dir='ltr' id='par_1_18' title="bbox 660 1868 2300 1965">
     <span class='ocr_line' id='line_1_19' title="bbox 660 1868 2300 1965; baseline -0.027 -1"><span class='ocrx_word' id='word_1_114' title='bbox 660 1868 1481 1965; x_wconf 42' lang='lat' dir='ltr'>;i&#39;ta‘reconaturu(c.13),fuga</span> <span class='ocrx_word' id='word_1_115' title='bbox 1511 1887 1612 1941; x_wconf 91' lang='lat' dir='ltr'>illa</span> <span class='ocrx_word' id='word_1_116' title='bbox 1640 1880 1804 1938; x_wconf 87' lang='lat' dir='ltr'>nullo</span> <span class='ocrx_word' id='word_1_117' title='bbox 1829 1875 2000 1933; x_wconf 91' lang='lat' dir='ltr'>modo</span> <span class='ocrx_word' id='word_1_118' title='bbox 2031 1868 2300 1965; x_wconf 83' lang='lat' dir='ltr'>concedi-</span> 
     </span>
    </p>
   </div>
   <div class='ocr_carea' id='block_1_19' title="bbox 659 1958 2299 2062">
    <p class='ocr_par' dir='ltr' id='par_1_19' title="bbox 659 1958 2299 2062">
     <span class='ocr_line' id='line_1_20' title="bbox 659 1958 2299 2062; baseline -0.027 -10"><span class='ocrx_word' id='word_1_119' title='bbox 659 1958 912 2062; x_wconf 81' lang='lat' dir='ltr'>sed</span> <span class='ocrx_word' id='word_1_120' title='bbox 943 1991 1131 2061; x_wconf 87' lang='lat' dir='ltr'>ipsam</span> <span class='ocrx_word' id='word_1_121' title='bbox 1151 1958 1508 2054; x_wconf 71' lang='lat' dir='ltr'>patientiam</span> <span class='ocrx_word' id='word_1_122' title='bbox 1541 1974 1868 2030; x_wconf 82' lang='lat' dir='ltr'>affirmatur</span> <span class='ocrx_word' id='word_1_123' title='bbox 1897 1967 2166 2020; x_wconf 71' lang='lat' dir='ltr'>humana:</span> <span class='ocrx_word' id='word_1_124' title='bbox 2189 1958 2299 2062; x_wconf 64' lang='lat' dir='ltr'>im-</span> 
     </span>
    </p>
   </div>
   <div class='ocr_carea' id='block_1_20' title="bbox 659 2046 2298 2148">
    <p class='ocr_par' dir='ltr' id='par_1_20' title="bbox 659 2046 2298 2148">
     <span class='ocr_line' id='line_1_21' title="bbox 659 2046 2298 2148; baseline -0.026 -8"><span class='ocrx_word' id='word_1_125' title='bbox 659 2046 1297 2148; x_wconf 41' lang='lat' dir='ltr'>becilitatis‘przestare,</span> <span class='ocrx_word' id='word_1_126' title='bbox 1329 2071 1522 2141; x_wconf 83' lang='lat' dir='ltr'>ignem</span> <span class='ocrx_word' id='word_1_127' title='bbox 1555 2063 1730 2118; x_wconf 88' lang='lat' dir='ltr'>etiam</span> <span class='ocrx_word' id='word_1_128' title='bbox 1763 2061 1819 2112; x_wconf 91' lang='lat' dir='ltr'>et</span> <span class='ocrx_word' id='word_1_129' title='bbox 1854 2065 2088 2110; x_wconf 89' lang='lat' dir='ltr'>crucem</span> <span class='ocrx_word' id='word_1_130' title='bbox 2111 2052 2168 2102; x_wconf 89' lang='lat' dir='ltr'>et</span> <span class='ocrx_word' id='word_1_131' title='bbox 2199 2046 2298 2101; x_wconf 90' lang='lat' dir='ltr'>be-</span> 
     </span>
    </p>
   </div>
   <div class='ocr_carea' id='block_1_21' title="bbox 661 2136 2300 2238">
    <p class='ocr_par' dir='ltr' id='par_1_21' title="bbox 661 2136 2300 2238">
     <span class='ocr_line' id='line_1_22' title="bbox 661 2136 2300 2238; baseline -0.026 -11"><span class='ocrx_word' id='word_1_132' title='bbox 661 2136 805 2228; x_wconf 83' lang='lat' dir='ltr'>stias</span> <span class='ocrx_word' id='word_1_133' title='bbox 837 2172 893 2224; x_wconf 90' lang='lat' dir='ltr'>et</span> <span class='ocrx_word' id='word_1_134' title='bbox 923 2136 1182 2238; x_wconf 73' lang='lat' dir='ltr'>gladium</span> <span class='ocrx_word' id='word_1_135' title='bbox 1221 2136 1711 2230; x_wconf 42' lang='lat' dir='ltr'>ipsavconstantia</span> <span class='ocrx_word' id='word_1_136' title='bbox 1740 2143 1913 2201; x_wconf 90' lang='lat' dir='ltr'>vinci.</span> <span class='ocrx_word' id='word_1_137' title='bbox 1955 2137 2127 2209; x_wconf 84' lang='lat' dir='ltr'>Atqui</span> <span class='ocrx_word' id='word_1_138' title='bbox 2162 2136 2300 2188; x_wconf 89' lang='lat' dir='ltr'>sunt</span> 
     </span>
    </p>
   </div>
   <div class='ocr_carea' id='block_1_22' title="bbox 660 2228 2296 2321">
    <p class='ocr_par' dir='ltr' id='par_1_22' title="bbox 660 2228 2296 2321">
     <span class='ocr_line' id='line_1_23' title="bbox 660 2228 2296 2321; baseline -0.025 -6"><span class='ocrx_word' id='word_1_139' title='bbox 660 2259 835 2316; x_wconf 88' lang='lat' dir='ltr'>etiam</span> <span class='ocrx_word' id='word_1_140' title='bbox 870 2228 1070 2310; x_wconf 51' lang='lat' dir='ltr'>invboc</span> <span class='ocrx_word' id='word_1_141' title='bbox 1102 2228 1368 2321; x_wconf 75' lang='lat' dir='ltr'>quamvis</span> <span class='ocrx_word' id='word_1_142' title='bbox 1407 2240 1681 2315; x_wconf 66' lang='lat' dir='ltr'>praeclaro</span> <span class='ocrx_word' id='word_1_143' title='bbox 1712 2232 1905 2290; x_wconf 91' lang='lat' dir='ltr'>libello</span> <span class='ocrx_word' id='word_1_144' title='bbox 1954 2228 2141 2321; x_wconf 77' lang='lat' dir='ltr'>plura,</span> <span class='ocrx_word' id='word_1_145' title='bbox 2173 2238 2296 2292; x_wconf 67' lang='lat' dir='ltr'>qua:</span> 
     </span>
    </p>
   </div>
   <div class='ocr_carea' id='block_1_23' title="bbox 655 2316 2295 2404">
    <p class='ocr_par' dir='ltr' id='par_1_23' title="bbox 655 2316 2295 2404">
     <span class='ocr_line' id='line_1_24' title="bbox 655 2316 2295 2404; baseline -0.026 0"><span class='ocrx_word' id='word_1_146' title='bbox 655 2348 919 2404; x_wconf 87' lang='lat' dir='ltr'>animum</span> <span class='ocrx_word' id='word_1_147' title='bbox 950 2336 1294 2398; x_wconf 87' lang='lat' dir='ltr'>Tertulliani</span> <span class='ocrx_word' id='word_1_148' title='bbox 1328 2329 1816 2389; x_wconf 87' lang='lat' dir='ltr'>Montanistarum</span> <span class='ocrx_word' id='word_1_149' title='bbox 1852 2316 2149 2375; x_wconf 88' lang='lat' dir='ltr'>erroribus</span> <span class='ocrx_word' id='word_1_150' title='bbox 2181 2327 2295 2365; x_wconf 93' lang='lat' dir='ltr'>non</span> 
     </span>
    </p>
   </div>
   <div class='ocr_carea' id='block_1_24' title="bbox 654 2401 2298 2493">
    <p class='ocr_par' dir='ltr' id='par_1_24' title="bbox 654 2401 2298 2493">
     <span class='ocr_line' id='line_1_25' title="bbox 654 2401 2298 2493; baseline -0.025 0"><span class='ocrx_word' id='word_1_151' title='bbox 654 2401 856 2493; x_wconf 77' lang='lat' dir='ltr'>leviter</span> <span class='ocrx_word' id='word_1_152' title='bbox 884 2433 1136 2488; x_wconf 90' lang='lat' dir='ltr'>tinctum</span> <span class='ocrx_word' id='word_1_153' title='bbox 1169 2423 1507 2484; x_wconf 87' lang='lat' dir='ltr'>ostendunt,</span> <span class='ocrx_word' id='word_1_154' title='bbox 1541 2420 1795 2485; x_wconf 86' lang='lat' dir='ltr'>suntque</span> <span class='ocrx_word' id='word_1_155' title='bbox 1836 2409 1913 2464; x_wconf 91' lang='lat' dir='ltr'>ibi</span> <span class='ocrx_word' id='word_1_156' title='bbox 1947 2419 2149 2493; x_wconf 83' lang='lat' dir='ltr'>omnes</span> <span class='ocrx_word' id='word_1_157' title='bbox 2181 2401 2298 2493; x_wconf 78' lang='lat' dir='ltr'>fere</span> 
     </span>
    </p>
   </div>
   <div class='ocr_carea' id='block_1_25' title="bbox 655 2487 2296 2580">
    <p class='ocr_par' dir='ltr' id='par_1_25' title="bbox 655 2487 2296 2580">
     <span class='ocr_line' id='line_1_26' title="bbox 655 2487 2296 2580; baseline -0.025 1"><span class='ocrx_word' id='word_1_158' title='bbox 655 2522 1142 2580; x_wconf 87' lang='lat' dir='ltr'>Montanistarum</span> <span class='ocrx_word' id='word_1_159' title='bbox 1193 2527 1418 2569; x_wconf 90' lang='lat' dir='ltr'>errores</span> <span class='ocrx_word' id='word_1_160' title='bbox 1462 2504 1767 2580; x_wconf 88' lang='lat' dir='ltr'>propositi.</span> <span class='ocrx_word' id='word_1_161' title='bbox 1825 2505 1902 2552; x_wconf 85' lang='lat' dir='ltr'>Ac</span> <span class='ocrx_word' id='word_1_162' title='bbox 1950 2487 2296 2580; x_wconf 78' lang='lat' dir='ltr'>significatio</span> 
     </span>
    </p>
   </div>
   <div class='ocr_carea' id='block_1_26' title="bbox 658 2576 2300 2680">
    <p class='ocr_par' dir='ltr' id='par_1_26' title="bbox 658 2576 2300 2680">
     <span class='ocr_line' id='line_1_27' title="bbox 658 2576 2300 2680; baseline -0.024 -12"><span class='ocrx_word' id='word_1_163' title='bbox 658 2576 1048 2680; x_wconf 57' lang='lat' dir='ltr'>illa—quidem</span> <span class='ocrx_word' id='word_1_164' title='bbox 1099 2599 1375 2658; x_wconf 88' lang='lat' dir='ltr'>Peracleti</span> <span class='ocrx_word' id='word_1_165' title='bbox 1429 2576 1794 2652; x_wconf 82' lang='lat' dir='ltr'>subobscura</span> <span class='ocrx_word' id='word_1_166' title='bbox 1846 2590 1954 2652; x_wconf 89' lang='lat' dir='ltr'>est,</span> <span class='ocrx_word' id='word_1_167' title='bbox 1989 2597 2102 2636; x_wconf 92' lang='lat' dir='ltr'>non</span> <span class='ocrx_word' id='word_1_168' title='bbox 2139 2576 2300 2680; x_wconf 76' lang='lat' dir='ltr'>nulla</span> 
     </span>
    </p>
   </div>
   <div class='ocr_carea' id='block_1_27' title="bbox 656 2664 2298 2759">
    <p class='ocr_par' dir='ltr' id='par_1_27' title="bbox 656 2664 2298 2759">
     <span class='ocr_line' id='line_1_28' title="bbox 656 2664 2298 2759; baseline -0.024 -2"><span class='ocrx_word' id='word_1_169' title='bbox 656 2664 854 2758; x_wconf 69' lang='lat' dir='ltr'>tamen</span> <span class='ocrx_word' id='word_1_170' title='bbox 884 2697 945 2751; x_wconf 90' lang='lat' dir='ltr'>in</span> <span class='ocrx_word' id='word_1_171' title='bbox 975 2695 1085 2749; x_wconf 89' lang='lat' dir='ltr'>hoc</span> <span class='ocrx_word' id='word_1_172' title='bbox 1117 2692 1265 2759; x_wconf 88' lang='lat' dir='ltr'>loco,</span> <span class='ocrx_word' id='word_1_173' title='bbox 1291 2705 1339 2743; x_wconf 92' lang='lat' dir='ltr'>c.</span> <span class='ocrx_word' id='word_1_174' title='bbox 1379 2688 1428 2755; x_wconf 94' lang='lat'><strong>1,</strong></span> <span class='ocrx_word' id='word_1_175' title='bbox 1458 2685 1529 2739; x_wconf 86' lang='lat' dir='ltr'>ad</span> <span class='ocrx_word' id='word_1_176' title='bbox 1573 2677 1836 2751; x_wconf 82' lang='lat' dir='ltr'>capienda</span> <span class='ocrx_word' id='word_1_177' title='bbox 1877 2677 1926 2729; x_wconf 85' lang='lat' dir='ltr'>et</span> <span class='ocrx_word' id='word_1_178' title='bbox 1989 2664 2298 2742; x_wconf 56' lang='lat' dir='ltr'>prastanda</span> 
     </span>
    </p>
   </div>
   <div class='ocr_carea' id='block_1_28' title="bbox 658 2761 2298 2858">
    <p class='ocr_par' dir='ltr' id='par_1_28' title="bbox 658 2761 2298 2858">
     <span class='ocr_line' id='line_1_29' title="bbox 658 2761 2298 2858; baseline -0.024 -12"><span class='ocrx_word' id='word_1_179' title='bbox 658 2807 743 2856; x_wconf 87' lang='lat' dir='ltr'>ea,</span> <span class='ocrx_word' id='word_1_180' title='bbox 775 2788 891 2842; x_wconf 78' lang='lat' dir='ltr'>sola</span> <span class='ocrx_word' id='word_1_181' title='bbox 919 2784 1112 2858; x_wconf 84' lang='lat' dir='ltr'>gratia</span> <span class='ocrx_word' id='word_1_182' title='bbox 1138 2780 1339 2834; x_wconf 57' lang='lat' dir='ltr'>divina</span> <span class='ocrx_word' id='word_1_183' title='bbox 1372 2770 1761 2844; x_wconf 75' lang='lat' dir='ltr'>inspirationis</span> <span class='ocrx_word' id='word_1_184' title='bbox 1790 2768 2068 2836; x_wconf 81' lang='lat' dir='ltr'>Operatur.</span> <span class='ocrx_word' id='word_1_185' title='bbox 2121 2761 2298 2810; x_wconf 91' lang='lat' dir='ltr'>Porro</span> 
     </span>
    </p>
   </div>
   <div class='ocr_carea' id='block_1_29' title="bbox 660 2844 2299 2952">
    <p class='ocr_par' dir='ltr' id='par_1_29' title="bbox 660 2844 2299 2952">
     <span class='ocr_line' id='line_1_30' title="bbox 660 2844 2299 2952; baseline -0.024 -17"><span class='ocrx_word' id='word_1_186' title='bbox 660 2844 1001 2952; x_wconf 60' lang='lat' dir='ltr'>prastantia</span> <span class='ocrx_word' id='word_1_187' title='bbox 1036 2869 1376 2941; x_wconf 88' lang='lat' dir='ltr'>nuptiarum</span> <span class='ocrx_word' id='word_1_188' title='bbox 1434 2879 1549 2917; x_wconf 90' lang='lat' dir='ltr'>non</span> <span class='ocrx_word' id='word_1_189' title='bbox 1610 2855 1991 2928; x_wconf 70' lang='lat' dir='ltr'>repetiturum</span> <span class='ocrx_word' id='word_1_190' title='bbox 2053 2848 2134 2901; x_wconf 88' lang='lat' dir='ltr'>ita</span> <span class='ocrx_word' id='word_1_191' title='bbox 2182 2844 2299 2898; x_wconf 86' lang='lat' dir='ltr'>fere</span> 
     </span>
    </p>
   </div>
   <div class='ocr_carea' id='block_1_30' title="bbox 656 2953 2299 3050">
    <p class='ocr_par' dir='ltr' id='par_1_30' title="bbox 656 2953 2299 3050">
     <span class='ocr_line' id='line_1_31' title="bbox 656 2953 2299 3050; baseline -0.023 -18"><span class='ocrx_word' id='word_1_192' title='bbox 656 2974 990 3050; x_wconf 89' lang='lat' dir='ltr'>poponitur,</span> <span class='ocrx_word' id='word_1_193' title='bbox 1023 2985 1073 3025; x_wconf 85' lang='grc' dir='ltr'><strong><em>ο.</em></strong></span> <span class='ocrx_word' id='word_1_194' title='bbox 1097 2969 1163 3022; x_wconf 87' lang='grc'>13</span> <span class='ocrx_word' id='word_1_195' title='bbox 1197 2983 1210 3022; x_wconf 94' lang='lat'>:</span> <span class='ocrx_word' id='word_1_196' title='bbox 1245 2963 1527 3020; x_wconf 72' lang='lat' dir='ltr'>Patientia</span> <span class='ocrx_word' id='word_1_197' title='bbox 1581 2953 1861 3012; x_wconf 76' lang='lat' dir='ltr'>sanctitati</span> <span class='ocrx_word' id='word_1_198' title='bbox 1920 2960 2128 3020; x_wconf 80' lang='lat' dir='ltr'>quoque</span> <span class='ocrx_word' id='word_1_199' title='bbox 2169 2957 2299 3014; x_wconf 84' lang='lat' dir='ltr'>pro-</span> 
     </span>
    </p>
   </div>
   <div class='ocr_carea' id='block_1_31' title="bbox 657 3039 2298 3121">
    <p class='ocr_par' dir='ltr' id='par_1_31' title="bbox 657 3039 2298 3121">
     <span class='ocr_line' id='line_1_32' title="bbox 657 3039 2298 3121; baseline -0.024 0"><span class='ocrx_word' id='word_1_200' title='bbox 657 3039 820 3121; x_wconf 69' lang='lat' dir='ltr'>curat</span> <span class='ocrx_word' id='word_1_201' title='bbox 848 3039 1244 3117; x_wconf 81' lang='lat' dir='ltr'>continentiam</span> <span class='ocrx_word' id='word_1_202' title='bbox 1264 3053 1449 3108; x_wconf 81' lang='lat' dir='ltr'>carnis</span> <span class='ocrx_word' id='word_1_203' title='bbox 1469 3066 1489 3111; x_wconf 75' lang='grc' dir='ltr'>,ο</span> <span class='ocrx_word' id='word_1_204' title='bbox 1517 3048 1656 3116; x_wconf 58' lang='lat' dir='ltr'>haec,</span> <span class='ocrx_word' id='word_1_205' title='bbox 1704 3052 1754 3099; x_wconf 86' lang='lat' dir='ltr'>et</span> <span class='ocrx_word' id='word_1_206' title='bbox 1803 3040 2026 3095; x_wconf 81' lang='lat' dir='ltr'>viduam</span> <span class='ocrx_word' id='word_1_207' title='bbox 2057 3039 2218 3097; x_wconf 82' lang='lat' dir='ltr'>tenet,</span> <span class='ocrx_word' id='word_1_208' title='bbox 2245 3039 2298 3083; x_wconf 78' lang='lat' dir='ltr'>et</span> 
     </span>
    </p>
   </div>
   <div class='ocr_carea' id='block_1_32' title="bbox 655 3123 2299 3222">
    <p class='ocr_par' dir='ltr' id='par_1_32' title="bbox 655 3123 2299 3222">
     <span class='ocr_line' id='line_1_33' title="bbox 655 3123 2299 3222; baseline -0.023 -11"><span class='ocrx_word' id='word_1_209' title='bbox 655 3155 931 3222; x_wconf 76' lang='lat' dir='ltr'>virginem</span> <span class='ocrx_word' id='word_1_210' title='bbox 961 3147 1283 3217; x_wconf 70' lang='lat' dir='ltr'>assignat,et</span> <span class='ocrx_word' id='word_1_211' title='bbox 1303 3138 1683 3196; x_wconf 82' lang='lat' dir='ltr'>voluntarium</span> <span class='ocrx_word' id='word_1_212' title='bbox 1701 3130 2000 3204; x_wconf 75' lang='lat' dir='ltr'>spadonem</span> <span class='ocrx_word' id='word_1_213' title='bbox 2020 3123 2090 3180; x_wconf 87' lang='lat' dir='ltr'>ad</span> <span class='ocrx_word' id='word_1_214' title='bbox 2119 3135 2299 3190; x_wconf 83' lang='lat' dir='ltr'>regna</span> 
     </span>
    </p>
   </div>
   <div class='ocr_carea' id='block_1_33' title="bbox 1727 297 2976 382">
    <p class='ocr_par' dir='ltr' id='par_1_33' title="bbox 1727 297 2976 382">
     <span class='ocr_line' id='line_1_34' title="bbox 1727 297 2976 382; baseline -0.022 1"><span class='ocrx_word' id='word_1_215' title='bbox 1727 309 2248 382; x_wconf 78' lang='lat' dir='ltr'>DISSERTATIO</span> <span class='ocrx_word' id='word_1_216' title='bbox 2289 304 2394 367; x_wconf 80' lang='lat' dir='ltr'>DE</span> <span class='ocrx_word' id='word_1_217' title='bbox 2436 301 2650 364; x_wconf 80' lang='lat' dir='ltr'>VERA</span> <span class='ocrx_word' id='word_1_218' title='bbox 2693 297 2976 362; x_wconf 66' lang='lat' dir='ltr'>AETATE</span> 
     </span>
    </p>
   </div>
   <div class='ocr_carea' id='block_1_34' title="bbox 650 427 3053 540">
    <p class='ocr_par' dir='ltr' id='par_1_34' title="bbox 650 427 3053 540">
     <span class='ocr_line' id='line_1_35' title="bbox 650 427 3053 540; baseline -0.025 0"><span class='ocrx_word' id='word_1_219' title='bbox 650 479 806 540; x_wconf 76' lang='lat'>158</span> <span class='ocrx_word' id='word_1_220' title='bbox 836 471 1378 533; x_wconf 83' lang='lat' dir='ltr'>Montanisticorum</span> <span class='ocrx_word' id='word_1_221' title='bbox 1411 474 1678 521; x_wconf 89' lang='lat' dir='ltr'>numero,</span> <span class='ocrx_word' id='word_1_222' title='bbox 1710 458 1768 509; x_wconf 87' lang='lat' dir='ltr'>et</span> <span class='ocrx_word' id='word_1_223' title='bbox 1797 452 1903 523; x_wconf 86' lang='lat' dir='ltr'>qui</span> <span class='ocrx_word' id='word_1_224' title='bbox 1955 463 2022 502; x_wconf 88' lang='lat' dir='ltr'>eo</span> <span class='ocrx_word' id='word_1_225' title='bbox 2074 441 2292 499; x_wconf 88' lang='lat' dir='ltr'>rectius</span> <span class='ocrx_word' id='word_1_226' title='bbox 2321 441 2374 506; x_wconf 84' lang='grc' dir='ltr'><strong>Α</strong></span> <span class='ocrx_word' id='word_1_227' title='bbox 2406 449 2609 491; x_wconf 89' lang='lat' dir='ltr'>earum</span> <span class='ocrx_word' id='word_1_228' title='bbox 2640 447 2747 487; x_wconf 91' lang='lat' dir='ltr'>suo</span> <span class='ocrx_word' id='word_1_229' title='bbox 2769 430 2980 486; x_wconf 88' lang='lat' dir='ltr'>Severo</span> <span class='ocrx_word' id='word_1_230' title='bbox 2997 427 3053 540; x_wconf 48' lang='grc' dir='ltr'>Ἀ</span> 
     </span>
    </p>
   </div>
   <div class='ocr_carea' id='block_1_35' title="bbox 2333 1841 2380 1906">
    <p class='ocr_par' dir='ltr' id='par_1_35' title="bbox 2333 1841 2380 1906">
     <span class='ocr_line' id='line_1_36' title="bbox 2333 1841 2380 1906; baseline 0 0"><span class='ocrx_word' id='word_1_231' title='bbox 2333 1841 2380 1906; x_wconf 90' lang='lat' dir='ltr'><strong>B</strong></span> 
     </span>
    </p>
   </div>
   <div class='ocr_carea' id='block_1_36' title="bbox 3936 280 4060 341">
    <p class='ocr_par' dir='ltr' id='par_1_36' title="bbox 3936 280 4060 341">
     <span class='ocr_line' id='line_1_37' title="bbox 3936 280 4060 341; baseline -0.016 1"><span class='ocrx_word' id='word_1_232' title='bbox 3936 280 4060 341; x_wconf 68' lang='grc'>204</span> 
     </span>
    </p>
   </div>
   <div class='ocr_carea' id='block_1_37' title="bbox 3058 412 4062 495">
    <p class='ocr_par' dir='ltr' id='par_1_37' title="bbox 3058 412 4062 495">
     <span class='ocr_line' id='line_1_38' title="bbox 3058 412 4062 495; baseline -0.015 -15"><span class='ocrx_word' id='word_1_233' title='bbox 3058 438 3299 495; x_wconf 79' lang='lat' dir='ltr'>ug.,quo</span> <span class='ocrx_word' id='word_1_234' title='bbox 3320 425 3585 492; x_wconf 88' lang='lat' dir='ltr'>tempore</span> <span class='ocrx_word' id='word_1_235' title='bbox 3608 419 3665 473; x_wconf 90' lang='lat' dir='ltr'>et</span> <span class='ocrx_word' id='word_1_236' title='bbox 3682 415 3808 487; x_wconf 89' lang='lat' dir='ltr'>ipse</span> <span class='ocrx_word' id='word_1_237' title='bbox 3827 412 3891 470; x_wconf 80' lang='lat' dir='ltr'>de</span> <span class='ocrx_word' id='word_1_238' title='bbox 3906 414 4062 480; x_wconf 85' lang='lat' dir='ltr'>Fuga</span> 
     </span>
    </p>
   </div>
   <div class='ocr_carea' id='block_1_38' title="bbox 2412 500 4058 594">
    <p class='ocr_par' dir='ltr' id='par_1_38' title="bbox 2412 500 4058 594">
     <span class='ocr_line' id='line_1_39' title="bbox 2412 500 4058 594; baseline -0.014 -16"><span class='ocrx_word' id='word_1_239' title='bbox 2412 524 2472 578; x_wconf 91' lang='lat' dir='ltr'>in</span> <span class='ocrx_word' id='word_1_240' title='bbox 2519 519 2926 594; x_wconf 89' lang='lat' dir='ltr'>persecutione</span> <span class='ocrx_word' id='word_1_241' title='bbox 2957 514 3228 587; x_wconf 91' lang='lat' dir='ltr'>placidus</span> <span class='ocrx_word' id='word_1_242' title='bbox 3259 509 3356 565; x_wconf 83' lang='lat' dir='ltr'>ille</span> <span class='ocrx_word' id='word_1_243' title='bbox 3407 525 3522 564; x_wconf 90' lang='lat' dir='ltr'>non</span> <span class='ocrx_word' id='word_1_244' title='bbox 3573 506 3776 561; x_wconf 89' lang='lat' dir='ltr'>minus</span> <span class='ocrx_word' id='word_1_245' title='bbox 3817 507 3876 558; x_wconf 89' lang='lat' dir='ltr'>et</span> <span class='ocrx_word' id='word_1_246' title='bbox 3905 500 4058 557; x_wconf 71' lang='lat'>159</span> 
     </span>
    </p>
   </div>
   <div class='ocr_carea' id='block_1_39' title="bbox 2412 588 4063 682">
    <p class='ocr_par' dir='ltr' id='par_1_39' title="bbox 2412 588 4063 682">
     <span class='ocr_line' id='line_1_40' title="bbox 2412 588 4063 682; baseline -0.015 -15"><span class='ocrx_word' id='word_1_247' title='bbox 2412 612 2720 682; x_wconf 86' lang='lat' dir='ltr'>mitigatus</span> <span class='ocrx_word' id='word_1_248' title='bbox 2759 601 3220 663; x_wconf 87' lang='lat' dir='ltr'>commentarius</span> <span class='ocrx_word' id='word_1_249' title='bbox 3269 597 3510 672; x_wconf 91' lang='lat' dir='ltr'>prodiit,</span> <span class='ocrx_word' id='word_1_250' title='bbox 3561 596 3619 649; x_wconf 95' lang='lat' dir='ltr'>id</span> <span class='ocrx_word' id='word_1_251' title='bbox 3673 608 3844 649; x_wconf 88' lang='lat' dir='ltr'>nemo</span> <span class='ocrx_word' id='word_1_252' title='bbox 3893 588 4063 646; x_wconf 84' lang='lat' dir='ltr'>facile</span> 
     </span>
    </p>
   </div>
   <div class='ocr_carea' id='block_1_40' title="bbox 2411 691 3624 768">
    <p class='ocr_par' dir='ltr' id='par_1_40' title="bbox 2411 691 3624 768">
     <span class='ocr_line' id='line_1_41' title="bbox 2411 691 3624 768; baseline -0.013 -13"><span class='ocrx_word' id='word_1_253' title='bbox 2411 700 2618 756; x_wconf 80' lang='lat' dir='ltr'>dixerit</span> <span class='ocrx_word' id='word_1_254' title='bbox 2650 716 2663 753; x_wconf 89' lang='lat'>:</span> <span class='ocrx_word' id='word_1_255' title='bbox 2697 710 2877 768; x_wconf 88' lang='lat' dir='ltr'>quare</span> <span class='ocrx_word' id='word_1_256' title='bbox 2910 693 2982 748; x_wconf 91' lang='lat' dir='ltr'>ad</span> <span class='ocrx_word' id='word_1_257' title='bbox 3014 691 3195 747; x_wconf 88' lang='lat' dir='ltr'>alium</span> <span class='ocrx_word' id='word_1_258' title='bbox 3227 695 3624 745; x_wconf 87' lang='lat' dir='ltr'>transeamus.</span> 
     </span>
    </p>
   </div>
   <div class='ocr_carea' id='block_1_41' title="bbox 2409 872 4062 962">
    <p class='ocr_par' dir='ltr' id='par_1_41' title="bbox 2409 872 4062 962">
     <span class='ocr_line' id='line_1_42' title="bbox 2409 872 4062 962; baseline -0.012 -15"><span class='ocrx_word' id='word_1_259' title='bbox 2409 896 2438 962; x_wconf 85' lang='lat'>§</span> <span class='ocrx_word' id='word_1_260' title='bbox 2467 895 2522 948; x_wconf 86' lang='lat'>2.</span> <span class='ocrx_word' id='word_1_261' title='bbox 2556 922 2622 933; x_wconf 95' lang='lat'>—</span> <span class='ocrx_word' id='word_1_262' title='bbox 2654 890 2816 945; x_wconf 85' lang='lat' dir='ltr'>Liber</span> <span class='ocrx_word' id='word_1_263' title='bbox 2851 886 2918 942; x_wconf 80' lang='lat' dir='ltr'>tle</span> <span class='ocrx_word' id='word_1_264' title='bbox 2965 883 3210 962; x_wconf 76' lang='lat' dir='ltr'>velandis</span> <span class='ocrx_word' id='word_1_265' title='bbox 3233 957 3242 962; x_wconf 87' lang='lat'><strong>_</strong></span> <span class='ocrx_word' id='word_1_266' title='bbox 3269 881 3582 962; x_wconf 73' lang='lat' dir='ltr'>Virginibus</span> <span class='ocrx_word' id='word_1_267' title='bbox 3618 877 3728 958; x_wconf 37' lang='lat' dir='ltr'>.qui</span> <span class='ocrx_word' id='word_1_268' title='bbox 3775 877 3854 930; x_wconf 80' lang='lat' dir='ltr'>est</span> <span class='ocrx_word' id='word_1_269' title='bbox 3893 872 4062 944; x_wconf 75' lang='lat' dir='ltr'>facile</span> 
     </span>
    </p>
   </div>
   <div class='ocr_carea' id='block_1_42' title="bbox 2697 950 3770 1021">
    <p class='ocr_par' dir='ltr' id='par_1_42' title="bbox 2697 950 3770 1021">
     <span class='ocr_line' id='line_1_43' title="bbox 2697 950 3770 1021; baseline -0.016 -5"><span class='ocrx_word' id='word_1_270' title='bbox 2697 963 2970 1016; x_wconf 81' lang='lat' dir='ltr'>librorum</span> <span class='ocrx_word' id='word_1_271' title='bbox 3000 950 3508 1012; x_wconf 80' lang='lat' dir='ltr'>Montanisticorum</span> <span class='ocrx_word' id='word_1_272' title='bbox 3536 950 3770 1021; x_wconf 75' lang='lat' dir='ltr'>primus.</span> 
     </span>
    </p>
   </div>
   <div class='ocr_carea' id='block_1_43' title="bbox 2482 1087 4057 1171">
    <p class='ocr_par' dir='ltr' id='par_1_43' title="bbox 2482 1087 4057 1171">
     <span class='ocr_line' id='line_1_44' title="bbox 2482 1087 4057 1171; baseline -0.013 -8"><span class='ocrx_word' id='word_1_273' title='bbox 2482 1108 2583 1162; x_wconf 87' lang='lat' dir='ltr'>Est</span> <span class='ocrx_word' id='word_1_274' title='bbox 2611 1107 2664 1161; x_wconf 89' lang='lat' dir='ltr'>is</span> <span class='ocrx_word' id='word_1_275' title='bbox 2693 1105 2760 1160; x_wconf 87' lang='lat' dir='ltr'>de</span> <span class='ocrx_word' id='word_1_276' title='bbox 2786 1103 3031 1158; x_wconf 80' lang='lat' dir='ltr'>velandis</span> <span class='ocrx_word' id='word_1_277' title='bbox 3073 1099 3392 1171; x_wconf 77' lang='lat' dir='ltr'>Virginibus</span> <span class='ocrx_word' id='word_1_278' title='bbox 3423 1095 3588 1162; x_wconf 90' lang='lat' dir='ltr'>liber,</span> <span class='ocrx_word' id='word_1_279' title='bbox 3621 1107 3794 1165; x_wconf 90' lang='lat' dir='ltr'>quem</span> <span class='ocrx_word' id='word_1_280' title='bbox 3830 1089 3898 1145; x_wconf 90' lang='lat' dir='ltr'>ad</span> <span class='ocrx_word' id='word_1_281' title='bbox 3931 1087 4057 1161; x_wconf 89' lang='lat' dir='ltr'>pri-</span> 
     </span>
    </p>
   </div>
   <div class='ocr_carea' id='block_1_44' title="bbox 2413 1178 4057 1260">
    <p class='ocr_par' dir='ltr' id='par_1_44' title="bbox 2413 1178 4057 1260">
     <span class='ocr_line' id='line_1_45' title="bbox 2413 1178 4057 1260; baseline -0.014 -7"><span class='ocrx_word' id='word_1_282' title='bbox 2413 1213 2539 1252; x_wconf 87' lang='lat' dir='ltr'>mos</span> <span class='ocrx_word' id='word_1_283' title='bbox 2561 1210 2824 1251; x_wconf 90' lang='lat' dir='ltr'>errorum</span> <span class='ocrx_word' id='word_1_284' title='bbox 2856 1189 3113 1246; x_wconf 89' lang='lat' dir='ltr'>Montani</span> <span class='ocrx_word' id='word_1_285' title='bbox 3148 1187 3349 1260; x_wconf 90' lang='lat' dir='ltr'>plenos</span> <span class='ocrx_word' id='word_1_286' title='bbox 3377 1183 3666 1257; x_wconf 88' lang='lat' dir='ltr'>pertinere</span> <span class='ocrx_word' id='word_1_287' title='bbox 3697 1196 3812 1235; x_wconf 91' lang='lat' dir='ltr'>non</span> <span class='ocrx_word' id='word_1_288' title='bbox 3846 1178 4057 1234; x_wconf 87' lang='lat' dir='ltr'>admo-</span> 
     </span>
    </p>
   </div>
   <div class='ocr_carea' id='block_1_45' title="bbox 2412 1265 4060 1341">
    <p class='ocr_par' dir='ltr' id='par_1_45' title="bbox 2412 1265 4060 1341">
     <span class='ocr_line' id='line_1_46' title="bbox 2412 1265 4060 1341; baseline -0.014 0"><span class='ocrx_word' id='word_1_289' title='bbox 2412 1287 2554 1341; x_wconf 91' lang='lat' dir='ltr'>dum</span> <span class='ocrx_word' id='word_1_290' title='bbox 2585 1283 2806 1340; x_wconf 91' lang='lat' dir='ltr'>dubito.</span> <span class='ocrx_word' id='word_1_291' title='bbox 2840 1281 2986 1335; x_wconf 88' lang='lat' dir='ltr'>Nam</span> <span class='ocrx_word' id='word_1_292' title='bbox 3033 1279 3104 1333; x_wconf 89' lang='lat' dir='ltr'>de</span> <span class='ocrx_word' id='word_1_293' title='bbox 3133 1276 3231 1330; x_wconf 92' lang='lat' dir='ltr'>illo</span> <span class='ocrx_word' id='word_1_294' title='bbox 3282 1291 3388 1330; x_wconf 90' lang='lat' dir='ltr'>nos</span> <span class='ocrx_word' id='word_1_295' title='bbox 3433 1271 3701 1327; x_wconf 67' lang='lat' dir='ltr'>haesitare</span> <span class='ocrx_word' id='word_1_296' title='bbox 3752 1284 3866 1323; x_wconf 92' lang='lat' dir='ltr'>non</span> <span class='ocrx_word' id='word_1_297' title='bbox 3915 1265 4060 1322; x_wconf 88' lang='lat' dir='ltr'>sinit</span> 
     </span>
    </p>
   </div>
   <div class='ocr_carea' id='block_1_46' title="bbox 2412 1357 4058 1435">
    <p class='ocr_par' dir='ltr' id='par_1_46' title="bbox 2412 1357 4058 1435">
     <span class='ocr_line' id='line_1_47' title="bbox 2412 1357 4058 1435; baseline -0.013 -5"><span class='ocrx_word' id='word_1_298' title='bbox 2412 1372 2767 1430; x_wconf 89' lang='lat' dir='ltr'>creberrima</span> <span class='ocrx_word' id='word_1_299' title='bbox 2798 1368 3072 1426; x_wconf 87' lang='lat' dir='ltr'>Paracleti</span> <span class='ocrx_word' id='word_1_300' title='bbox 3095 1380 3371 1435; x_wconf 63' lang='lat' dir='ltr'>novaeque</span> <span class='ocrx_word' id='word_1_301' title='bbox 3395 1363 3526 1431; x_wconf 88' lang='lat' dir='ltr'>ejus</span> <span class='ocrx_word' id='word_1_302' title='bbox 3549 1357 3872 1430; x_wconf 63' lang='lat' dir='ltr'>disciplinae</span> <span class='ocrx_word' id='word_1_303' title='bbox 3902 1371 4058 1411; x_wconf 84' lang='lat' dir='ltr'>com-</span> 
     </span>
    </p>
   </div>
   <div class='ocr_carea' id='block_1_47' title="bbox 2413 1443 4060 1526">
    <p class='ocr_par' dir='ltr' id='par_1_47' title="bbox 2413 1443 4060 1526">
     <span class='ocr_line' id='line_1_48' title="bbox 2413 1443 4060 1526; baseline -0.011 -8"><span class='ocrx_word' id='word_1_304' title='bbox 2413 1460 2780 1526; x_wconf 88' lang='lat' dir='ltr'>memoratio,</span> <span class='ocrx_word' id='word_1_305' title='bbox 2807 1465 2870 1514; x_wconf 91' lang='lat' dir='ltr'>ut</span> <span class='ocrx_word' id='word_1_306' title='bbox 2899 1473 2969 1512; x_wconf 91' lang='lat' dir='ltr'>ne</span> <span class='ocrx_word' id='word_1_307' title='bbox 3002 1469 3238 1512; x_wconf 89' lang='lat' dir='ltr'>necesse</span> <span class='ocrx_word' id='word_1_308' title='bbox 3259 1451 3494 1525; x_wconf 87' lang='lat' dir='ltr'>quidem</span> <span class='ocrx_word' id='word_1_309' title='bbox 3529 1449 3603 1504; x_wconf 88' lang='lat' dir='ltr'>sit</span> <span class='ocrx_word' id='word_1_310' title='bbox 3624 1447 3710 1503; x_wconf 88' lang='lat' dir='ltr'>vel</span> <span class='ocrx_word' id='word_1_311' title='bbox 3735 1445 3867 1500; x_wconf 89' lang='lat' dir='ltr'>libri</span> <span class='ocrx_word' id='word_1_312' title='bbox 3884 1443 4060 1500; x_wconf 90' lang='lat' dir='ltr'>istius</span> 
     </span>
    </p>
   </div>
   <div class='ocr_carea' id='block_1_48' title="bbox 2412 1533 4061 1609">
    <p class='ocr_par' dir='ltr' id='par_1_48' title="bbox 2412 1533 4061 1609">
     <span class='ocr_line' id='line_1_49' title="bbox 2412 1533 4061 1609; baseline -0.01 -4"><span class='ocrx_word' id='word_1_313' title='bbox 2412 1549 2860 1607; x_wconf 88' lang='lat' dir='ltr'>similitudinem</span> <span class='ocrx_word' id='word_1_314' title='bbox 2902 1562 3034 1602; x_wconf 91' lang='lat' dir='ltr'>cum</span> <span class='ocrx_word' id='word_1_315' title='bbox 3092 1544 3166 1598; x_wconf 88' lang='lat' dir='ltr'>iis</span> <span class='ocrx_word' id='word_1_316' title='bbox 3224 1541 3291 1596; x_wconf 88' lang='lat' dir='ltr'>de</span> <span class='ocrx_word' id='word_1_317' title='bbox 3344 1540 3507 1596; x_wconf 84' lang='lat' dir='ltr'>Cultu</span> <span class='ocrx_word' id='word_1_318' title='bbox 3562 1537 3922 1609; x_wconf 77' lang='lat' dir='ltr'>feminarum,</span> <span class='ocrx_word' id='word_1_319' title='bbox 3957 1533 4061 1605; x_wconf 92' lang='lat' dir='ltr'>qui</span> 
     </span>
    </p>
   </div>
   <div class='ocr_carea' id='block_1_49' title="bbox 2411 1623 4062 1701">
    <p class='ocr_par' dir='ltr' id='par_1_49' title="bbox 2411 1623 4062 1701">
     <span class='ocr_line' id='line_1_50' title="bbox 2411 1623 4062 1701; baseline -0.011 -5"><span class='ocrx_word' id='word_1_320' title='bbox 2411 1644 2550 1696; x_wconf 89' lang='lat' dir='ltr'>sunt</span> <span class='ocrx_word' id='word_1_321' title='bbox 2579 1655 2608 1694; x_wconf 91' lang='lat' dir='ltr'>e</span> <span class='ocrx_word' id='word_1_322' title='bbox 2638 1635 3126 1694; x_wconf 88' lang='lat' dir='ltr'>Montanistarum</span> <span class='ocrx_word' id='word_1_323' title='bbox 3158 1629 3494 1701; x_wconf 87' lang='lat' dir='ltr'>disciplina,</span> <span class='ocrx_word' id='word_1_324' title='bbox 3523 1627 3611 1683; x_wconf 90' lang='lat' dir='ltr'>vel</span> <span class='ocrx_word' id='word_1_325' title='bbox 3660 1623 4062 1682; x_wconf 89' lang='lat' dir='ltr'>obscuriorem</span> 
     </span>
    </p>
   </div>
   <div class='ocr_carea' id='block_1_50' title="bbox 2411 1711 4061 1794">
    <p class='ocr_par' dir='ltr' id='par_1_50' title="bbox 2411 1711 4061 1794">
     <span class='ocr_line' id='line_1_51' title="bbox 2411 1711 4061 1794; baseline -0.01 -13"><span class='ocrx_word' id='word_1_326' title='bbox 2411 1725 2591 1781; x_wconf 89' lang='lat' dir='ltr'>unius</span> <span class='ocrx_word' id='word_1_327' title='bbox 2636 1722 2894 1794; x_wconf 88' lang='lat' dir='ltr'>conjugii</span> <span class='ocrx_word' id='word_1_328' title='bbox 2942 1721 3014 1792; x_wconf 93' lang='lat' dir='ltr'>(c.</span> <span class='ocrx_word' id='word_1_329' title='bbox 3065 1719 3120 1792; x_wconf 88' lang='lat'>3)</span> <span class='ocrx_word' id='word_1_330' title='bbox 3171 1716 3570 1773; x_wconf 80' lang='lat' dir='ltr'>defensionem</span> <span class='ocrx_word' id='word_1_331' title='bbox 3627 1713 3858 1768; x_wconf 89' lang='lat' dir='ltr'>referre.</span> <span class='ocrx_word' id='word_1_332' title='bbox 3906 1711 4061 1777; x_wconf 89' lang='lat' dir='ltr'>Quid</span> 
     </span>
    </p>
   </div>
   <div class='ocr_carea' id='block_1_51' title="bbox 2412 1801 4063 1884">
    <p class='ocr_par' dir='ltr' id='par_1_51' title="bbox 2412 1801 4063 1884">
     <span class='ocr_line' id='line_1_52' title="bbox 2412 1801 4063 1884; baseline -0.008 -15"><span class='ocrx_word' id='word_1_333' title='bbox 2412 1815 2569 1870; x_wconf 90' lang='lat' dir='ltr'>enim</span> <span class='ocrx_word' id='word_1_334' title='bbox 2600 1813 2701 1868; x_wconf 90' lang='lat' dir='ltr'>illa</span> <span class='ocrx_word' id='word_1_335' title='bbox 2731 1809 3083 1884; x_wconf 85' lang='lat' dir='ltr'>significatio</span> <span class='ocrx_word' id='word_1_336' title='bbox 3115 1806 3560 1872; x_wconf 90' lang='lat' dir='ltr'>revelationum,</span> <span class='ocrx_word' id='word_1_337' title='bbox 3608 1802 3848 1875; x_wconf 87' lang='lat' dir='ltr'>quibus,</span> <span class='ocrx_word' id='word_1_338' title='bbox 3885 1806 3950 1856; x_wconf 90' lang='lat' dir='ltr'>ut</span> <span class='ocrx_word' id='word_1_339' title='bbox 3979 1801 4063 1856; x_wconf 88' lang='lat' dir='ltr'>ait</span> 
     </span>
    </p>
   </div>
   <div class='ocr_carea' id='block_1_52' title="bbox 2410 1891 4061 1967">
    <p class='ocr_par' dir='ltr' id='par_1_52' title="bbox 2410 1891 4061 1967">
     <span class='ocr_line' id='line_1_53' title="bbox 2410 1891 4061 1967; baseline -0.01 -7"><span class='ocrx_word' id='word_1_340' title='bbox 2410 1905 2508 1960; x_wconf 90' lang='lat' dir='ltr'>ille</span> <span class='ocrx_word' id='word_1_341' title='bbox 2556 1920 2585 1958; x_wconf 92' lang='lat' dir='ltr'>c</span> <span class='ocrx_word' id='word_1_342' title='bbox 2667 1904 2755 1967; x_wconf 91' lang='lat'>17,</span> <span class='ocrx_word' id='word_1_343' title='bbox 2818 1899 3098 1956; x_wconf 89' lang='lat' dir='ltr'>Dominus</span> <span class='ocrx_word' id='word_1_344' title='bbox 3166 1894 3475 1952; x_wconf 90' lang='lat' dir='ltr'>velaminis</span> <span class='ocrx_word' id='word_1_345' title='bbox 3556 1891 3746 1964; x_wconf 89' lang='lat' dir='ltr'>spatia</span> <span class='ocrx_word' id='word_1_346' title='bbox 3799 1894 4061 1945; x_wconf 89' lang='lat' dir='ltr'>metatus</span> 
     </span>
    </p>
   </div>
   <div class='ocr_carea' id='block_1_53' title="bbox 2410 1979 4057 2058">
    <p class='ocr_par' dir='ltr' id='par_1_53' title="bbox 2410 1979 4057 2058">
     <span class='ocr_line' id='line_1_54' title="bbox 2410 1979 4057 2058; baseline -0.01 -8"><span class='ocrx_word' id='word_1_347' title='bbox 2410 1998 2497 2050; x_wconf 90' lang='lat' dir='ltr'>est</span> <span class='ocrx_word' id='word_1_348' title='bbox 2522 1995 2548 2049; x_wconf 87' lang='lat' dir='ltr'>‘l</span> <span class='ocrx_word' id='word_1_349' title='bbox 2577 1992 2726 2058; x_wconf 89' lang='lat' dir='ltr'>Quid</span> <span class='ocrx_word' id='word_1_350' title='bbox 2757 1990 2983 2046; x_wconf 81' lang='lat' dir='ltr'>novitas</span> <span class='ocrx_word' id='word_1_351' title='bbox 3014 1985 3412 2050; x_wconf 86' lang='lat' dir='ltr'>correctionis,</span> <span class='ocrx_word' id='word_1_352' title='bbox 3447 1998 3624 2055; x_wconf 91' lang='lat' dir='ltr'>quam</span> <span class='ocrx_word' id='word_1_353' title='bbox 3656 1980 3783 2053; x_wconf 88' lang='lat' dir='ltr'>lege</span> <span class='ocrx_word' id='word_1_354' title='bbox 3816 1979 3947 2034; x_wconf 85' lang='lat' dir='ltr'>fidei</span> <span class='ocrx_word' id='word_1_355' title='bbox 3969 1983 4057 2048; x_wconf 84' lang='lat' dir='ltr'>(in</span> 
     </span>
    </p>
   </div>
   <div class='ocr_carea' id='block_1_54' title="bbox 2408 2072 4062 2154">
    <p class='ocr_par' dir='ltr' id='par_1_54' title="bbox 2408 2072 4062 2154">
     <span class='ocr_line' id='line_1_55' title="bbox 2408 2072 4062 2154; baseline -0.008 -16"><span class='ocrx_word' id='word_1_356' title='bbox 2408 2081 2682 2154; x_wconf 77' lang='lat' dir='ltr'>Symbolo</span> <span class='ocrx_word' id='word_1_357' title='bbox 2714 2077 3034 2152; x_wconf 90' lang='lat' dir='ltr'>apostolico</span> <span class='ocrx_word' id='word_1_358' title='bbox 3062 2072 3508 2146; x_wconf 84' lang='lat' dir='ltr'>comprehensa)</span> <span class='ocrx_word' id='word_1_359' title='bbox 3542 2073 4062 2136; x_wconf 82' lang='lat' dir='ltr'>manente,caetera</span> 
     </span>
    </p>
   </div>
   <div class='ocr_carea' id='block_1_55' title="bbox 2410 2157 4061 2243">
    <p class='ocr_par' dir='ltr' id='par_1_55' title="bbox 2410 2157 4061 2243">
     <span class='ocr_line' id='line_1_56' title="bbox 2410 2157 4061 2243; baseline -0.01 -15"><span class='ocrx_word' id='word_1_360' title='bbox 2410 2171 2732 2243; x_wconf 72' lang='lat' dir='ltr'>disciplina:</span> <span class='ocrx_word' id='word_1_361' title='bbox 2760 2173 2817 2225; x_wconf 89' lang='lat' dir='ltr'>et</span> <span class='ocrx_word' id='word_1_362' title='bbox 2839 2164 3322 2235; x_wconf 87' lang='lat' dir='ltr'>conversationis,</span> <span class='ocrx_word' id='word_1_363' title='bbox 3344 2163 3618 2242; x_wconf 82' lang='lat' dir='ltr'>operante</span> <span class='ocrx_word' id='word_1_364' title='bbox 3640 2164 3696 2215; x_wconf 92' lang='lat' dir='ltr'>et</span> <span class='ocrx_word' id='word_1_365' title='bbox 3716 2157 4061 2231; x_wconf 86' lang='lat' dir='ltr'>proficiente</span> 
     </span>
    </p>
   </div>
   <div class='ocr_carea' id='block_1_56' title="bbox 2410 2246 4060 2331">
    <p class='ocr_par' dir='ltr' id='par_1_56' title="bbox 2410 2246 4060 2331">
     <span class='ocr_line' id='line_1_57' title="bbox 2410 2246 4060 2331; baseline -0.009 -15"><span class='ocrx_word' id='word_1_366' title='bbox 2410 2275 2597 2331; x_wconf 90' lang='lat' dir='ltr'>usque</span> <span class='ocrx_word' id='word_1_367' title='bbox 2629 2259 2688 2312; x_wconf 91' lang='lat' dir='ltr'>in</span> <span class='ocrx_word' id='word_1_368' title='bbox 2723 2259 2899 2312; x_wconf 84' lang='lat' dir='ltr'>ﬁnem</span> <span class='ocrx_word' id='word_1_369' title='bbox 2932 2253 3120 2327; x_wconf 89' lang='lat' dir='ltr'>gratia</span> <span class='ocrx_word' id='word_1_370' title='bbox 3151 2253 3273 2318; x_wconf 90' lang='lat' dir='ltr'>Dei,</span> <span class='ocrx_word' id='word_1_371' title='bbox 3308 2250 3628 2306; x_wconf 89' lang='lat' dir='ltr'>admittant</span> <span class='ocrx_word' id='word_1_372' title='bbox 3676 2252 3746 2320; x_wconf 91' lang='lat' dir='ltr'>(c.</span> <span class='ocrx_word' id='word_1_373' title='bbox 3781 2246 3875 2317; x_wconf 82' lang='lat'>1)?</span> <span class='ocrx_word' id='word_1_374' title='bbox 3904 2247 4060 2310; x_wconf 90' lang='lat' dir='ltr'>Quid</span> 
     </span>
    </p>
   </div>
   <div class='ocr_carea' id='block_1_57' title="bbox 2407 2334 4064 2414">
    <p class='ocr_par' dir='ltr' id='par_1_57' title="bbox 2407 2334 4064 2414">
     <span class='ocr_line' id='line_1_58' title="bbox 2407 2334 4064 2414; baseline -0.008 -10"><span class='ocrx_word' id='word_1_375' title='bbox 2407 2347 2506 2404; x_wconf 90' lang='lat' dir='ltr'>ille</span> <span class='ocrx_word' id='word_1_376' title='bbox 2536 2345 2892 2413; x_wconf 89' lang='lat' dir='ltr'>Paracletus,</span> <span class='ocrx_word' id='word_1_377' title='bbox 2916 2359 3092 2414; x_wconf 87' lang='lat' dir='ltr'>quem</span> <span class='ocrx_word' id='word_1_378' title='bbox 3126 2339 3349 2396; x_wconf 81' lang='lat' dir='ltr'>miserit</span> <span class='ocrx_word' id='word_1_379' title='bbox 3370 2337 3742 2406; x_wconf 89' lang='lat' dir='ltr'>Dominus,ut</span> <span class='ocrx_word' id='word_1_380' title='bbox 3773 2334 4064 2408; x_wconf 88' lang='lat' dir='ltr'>paulatim</span> 
     </span>
    </p>
   </div>
   <div class='ocr_carea' id='block_1_58' title="bbox 2409 2423 4065 2509">
    <p class='ocr_par' dir='ltr' id='par_1_58' title="bbox 2409 2423 4065 2509">
     <span class='ocr_line' id='line_1_59' title="bbox 2409 2423 4065 2509; baseline -0.007 -18"><span class='ocrx_word' id='word_1_381' title='bbox 2409 2437 2697 2509; x_wconf 87' lang='lat' dir='ltr'>dirigetur</span> <span class='ocrx_word' id='word_1_382' title='bbox 2725 2438 2778 2490; x_wconf 86' lang='lat' dir='ltr'>et</span> <span class='ocrx_word' id='word_1_383' title='bbox 2811 2435 2882 2489; x_wconf 90' lang='lat' dir='ltr'>ad</span> <span class='ocrx_word' id='word_1_384' title='bbox 2917 2432 3237 2505; x_wconf 88' lang='lat' dir='ltr'>perfectum</span> <span class='ocrx_word' id='word_1_385' title='bbox 3285 2428 3700 2501; x_wconf 88' lang='lat' dir='ltr'>perduceretur</span> <span class='ocrx_word' id='word_1_386' title='bbox 3745 2423 4065 2498; x_wconf 87' lang='lat' dir='ltr'>disciplina</span> 
     </span>
    </p>
   </div>
   <div class='ocr_carea' id='block_1_59' title="bbox 2407 2513 4061 2598">
    <p class='ocr_par' dir='ltr' id='par_1_59' title="bbox 2407 2513 4061 2598">
     <span class='ocr_line' id='line_1_60' title="bbox 2407 2513 4061 2598; baseline -0.008 -17"><span class='ocrx_word' id='word_1_387' title='bbox 2407 2525 2624 2598; x_wconf 60' lang='lat' dir='ltr'>(ibi/1.)?</span> <span class='ocrx_word' id='word_1_388' title='bbox 2637 2524 2779 2588; x_wconf 88' lang='lat' dir='ltr'>Quid</span> <span class='ocrx_word' id='word_1_389' title='bbox 2795 2522 3084 2578; x_wconf 86' lang='lat' dir='ltr'>enarratio</span> <span class='ocrx_word' id='word_1_390' title='bbox 3105 2524 3340 2575; x_wconf 71' lang='lat' dir='ltr'>aetatum</span> <span class='ocrx_word' id='word_1_391' title='bbox 3357 2515 3680 2588; x_wconf 59' lang='lat' dir='ltr'>disciplinae</span> <span class='ocrx_word' id='word_1_392' title='bbox 3697 2513 3977 2570; x_wconf 87' lang='lat' dir='ltr'>christian</span> <span class='ocrx_word' id='word_1_393' title='bbox 3992 2531 4061 2582; x_wconf 61' lang='lat' dir='ltr'>ai,</span> 
     </span>
    </p>
   </div>
   <div class='ocr_carea' id='block_1_60' title="bbox 2406 2606 4063 2686">
    <p class='ocr_par' dir='ltr' id='par_1_60' title="bbox 2406 2606 4063 2686">
     <span class='ocr_line' id='line_1_61' title="bbox 2406 2606 4063 2686; baseline -0.008 -16"><span class='ocrx_word' id='word_1_394' title='bbox 2406 2614 2468 2670; x_wconf 94' lang='lat' dir='ltr'>in</span> <span class='ocrx_word' id='word_1_395' title='bbox 2499 2614 2712 2686; x_wconf 88' lang='lat' dir='ltr'>quibus</span> <span class='ocrx_word' id='word_1_396' title='bbox 2734 2611 2969 2683; x_wconf 88' lang='lat' dir='ltr'>justitia</span> <span class='ocrx_word' id='word_1_397' title='bbox 3003 2611 3240 2664; x_wconf 88' lang='lat' dir='ltr'>demum</span> <span class='ocrx_word' id='word_1_398' title='bbox 3275 2624 3376 2680; x_wconf 89' lang='lat' dir='ltr'>per</span> <span class='ocrx_word' id='word_1_399' title='bbox 3424 2606 3781 2661; x_wconf 84' lang='lat' dir='ltr'>Paracletum</span> <span class='ocrx_word' id='word_1_400' title='bbox 3819 2619 4063 2675; x_wconf 89' lang='lat' dir='ltr'>compo-</span> 
     </span>
    </p>
   </div>
   <div class='ocr_carea' id='block_1_61' title="bbox 2409 2693 4060 2765">
    <p class='ocr_par' dir='ltr' id='par_1_61' title="bbox 2409 2693 4060 2765">
     <span class='ocr_line' id='line_1_62' title="bbox 2409 2693 4060 2765; baseline -0.008 -5"><span class='ocrx_word' id='word_1_401' title='bbox 2409 2703 2603 2759; x_wconf 87' lang='lat' dir='ltr'>nenda</span> <span class='ocrx_word' id='word_1_402' title='bbox 2633 2702 2709 2757; x_wconf 88' lang='lat' dir='ltr'>sit</span> <span class='ocrx_word' id='word_1_403' title='bbox 2736 2700 2794 2756; x_wconf 89' lang='lat' dir='ltr'>in</span> <span class='ocrx_word' id='word_1_404' title='bbox 2829 2699 3228 2755; x_wconf 87' lang='lat' dir='ltr'>maturitatem</span> <span class='ocrx_word' id='word_1_405' title='bbox 3257 2696 3284 2751; x_wconf 85' lang='lat'><strong>?</strong></span> <span class='ocrx_word' id='word_1_406' title='bbox 3314 2696 3758 2765; x_wconf 88' lang='lat' dir='ltr'>Quid,inquam,</span> <span class='ocrx_word' id='word_1_407' title='bbox 3793 2693 3914 2748; x_wconf 83' lang='lat' dir='ltr'>haec</span> <span class='ocrx_word' id='word_1_408' title='bbox 3935 2709 4060 2748; x_wconf 88' lang='lat' dir='ltr'>om-</span> 
     </span>
    </p>
   </div>
   <div class='ocr_carea' id='block_1_62' title="bbox 2409 2779 4056 2861">
    <p class='ocr_par' dir='ltr' id='par_1_62' title="bbox 2409 2779 4056 2861">
     <span class='ocr_line' id='line_1_63' title="bbox 2409 2779 4056 2861; baseline -0.007 -14"><span class='ocrx_word' id='word_1_409' title='bbox 2409 2792 2508 2848; x_wconf 88' lang='lat' dir='ltr'>nia</span> <span class='ocrx_word' id='word_1_410' title='bbox 2539 2791 2719 2859; x_wconf 90' lang='lat' dir='ltr'>aliud,</span> <span class='ocrx_word' id='word_1_411' title='bbox 2753 2806 2930 2861; x_wconf 84' lang='lat' dir='ltr'>quam</span> <span class='ocrx_word' id='word_1_412' title='bbox 2957 2785 3383 2842; x_wconf 88' lang='lat' dir='ltr'>Tertullianum</span> <span class='ocrx_word' id='word_1_413' title='bbox 3409 2783 3668 2839; x_wconf 85' lang='lat' dir='ltr'>Montani</span> <span class='ocrx_word' id='word_1_414' title='bbox 3692 2779 4056 2852; x_wconf 89' lang='lat' dir='ltr'>discipulum</span> 
     </span>
    </p>
   </div>
   <div class='ocr_carea' id='block_1_63' title="bbox 2408 2872 4057 2948">
    <p class='ocr_par' dir='ltr' id='par_1_63' title="bbox 2408 2872 4057 2948">
     <span class='ocr_line' id='line_1_64' title="bbox 2408 2872 4057 2948; baseline -0.007 -11"><span class='ocrx_word' id='word_1_415' title='bbox 2408 2885 2701 2938; x_wconf 84' lang='lat' dir='ltr'>testantur</span> <span class='ocrx_word' id='word_1_416' title='bbox 2728 2879 2755 2934; x_wconf 86' lang='lat'><strong>?</strong></span> <span class='ocrx_word' id='word_1_417' title='bbox 2785 2879 2892 2934; x_wconf 89' lang='lat' dir='ltr'>Sed</span> <span class='ocrx_word' id='word_1_418' title='bbox 2938 2892 3123 2948; x_wconf 91' lang='lat' dir='ltr'>neque</span> <span class='ocrx_word' id='word_1_419' title='bbox 3155 2874 3300 2930; x_wconf 92' lang='lat' dir='ltr'>illud</span> <span class='ocrx_word' id='word_1_420' title='bbox 3336 2873 3523 2945; x_wconf 89' lang='lat' dir='ltr'>magis</span> <span class='ocrx_word' id='word_1_421' title='bbox 3573 2872 3890 2927; x_wconf 87' lang='lat' dir='ltr'>obscurum</span> <span class='ocrx_word' id='word_1_422' title='bbox 3943 2874 4057 2942; x_wconf 88' lang='lat' dir='ltr'>est,</span> 
     </span>
    </p>
   </div>
   <div class='ocr_carea' id='block_1_64' title="bbox 2409 2960 4058 3043">
    <p class='ocr_par' dir='ltr' id='par_1_64' title="bbox 2409 2960 4058 3043">
     <span class='ocr_line' id='line_1_65' title="bbox 2409 2960 4058 3043; baseline -0.007 -17"><span class='ocrx_word' id='word_1_423' title='bbox 2409 2970 2668 3043; x_wconf 90' lang='lat' dir='ltr'>primum</span> <span class='ocrx_word' id='word_1_424' title='bbox 2702 2969 2856 3024; x_wconf 85' lang='lat' dir='ltr'>hunc</span> <span class='ocrx_word' id='word_1_425' title='bbox 2909 2968 3023 3022; x_wconf 85' lang='lat' dir='ltr'>fere</span> <span class='ocrx_word' id='word_1_426' title='bbox 3079 2966 3274 3019; x_wconf 64' lang='lat' dir='ltr'>fastum</span> <span class='ocrx_word' id='word_1_427' title='bbox 3312 2979 3441 3018; x_wconf 89' lang='lat' dir='ltr'>esse</span> <span class='ocrx_word' id='word_1_428' title='bbox 3473 2978 3647 3033; x_wconf 87' lang='lat' dir='ltr'>quem</span> <span class='ocrx_word' id='word_1_429' title='bbox 3696 2960 4058 3031; x_wconf 89' lang='lat' dir='ltr'>conjunctus</span> 
     </span>
    </p>
   </div>
   <div class='ocr_carea' id='block_1_65' title="bbox 2409 3047 4055 3122">
    <p class='ocr_par' dir='ltr' id='par_1_65' title="bbox 2409 3047 4055 3122">
     <span class='ocr_line' id='line_1_66' title="bbox 2409 3047 4055 3122; baseline -0.009 -5"><span class='ocrx_word' id='word_1_430' title='bbox 2409 3077 2542 3117; x_wconf 92' lang='lat' dir='ltr'>cum</span> <span class='ocrx_word' id='word_1_431' title='bbox 2566 3056 2932 3114; x_wconf 88' lang='lat' dir='ltr'>Montanistis</span> <span class='ocrx_word' id='word_1_432' title='bbox 2954 3053 3584 3122; x_wconf 87' lang='lat' dir='ltr'>ediderit.Namque,ut</span> <span class='ocrx_word' id='word_1_433' title='bbox 3608 3050 3679 3104; x_wconf 90' lang='lat' dir='ltr'>ab</span> <span class='ocrx_word' id='word_1_434' title='bbox 3700 3049 3810 3104; x_wconf 88' lang='lat' dir='ltr'>hoc</span> <span class='ocrx_word' id='word_1_435' title='bbox 3831 3047 4055 3117; x_wconf 89' lang='lat' dir='ltr'>ordiar,</span> 
     </span>
    </p>
   </div>
   <div class='ocr_carea' id='block_1_66' title="bbox 2404 3136 4053 3212">
    <p class='ocr_par' dir='ltr' id='par_1_66' title="bbox 2404 3136 4053 3212">
     <span class='ocr_line' id='line_1_67' title="bbox 2404 3136 4053 3212; baseline -0.008 -6"><span class='ocrx_word' id='word_1_436' title='bbox 2404 3149 2608 3206; x_wconf 88' lang='lat' dir='ltr'>nullus</span> <span class='ocrx_word' id='word_1_437' title='bbox 2637 3149 2753 3204; x_wconf 87' lang='lat' dir='ltr'>fere</span> <span class='ocrx_word' id='word_1_438' title='bbox 2781 3146 3039 3202; x_wconf 89' lang='lat' dir='ltr'>estinter</span> <span class='ocrx_word' id='word_1_439' title='bbox 3055 3159 3256 3200; x_wconf 85' lang='lat' dir='ltr'>omnes</span> <span class='ocrx_word' id='word_1_440' title='bbox 3271 3143 3398 3212; x_wconf 84' lang='lat' dir='ltr'>ejus</span> <span class='ocrx_word' id='word_1_441' title='bbox 3421 3139 3859 3195; x_wconf 83' lang='lat' dir='ltr'>Montanisticos</span> <span class='ocrx_word' id='word_1_442' title='bbox 3881 3136 4053 3209; x_wconf 88' lang='lat' dir='ltr'>liber,</span> 
     </span>
    </p>
   </div>
   <div class='ocr_carea' id='block_1_67' title="bbox 654 3203 4052 3310">
    <p class='ocr_par' dir='ltr' id='par_1_67' title="bbox 654 3203 4052 3310">
     <span class='ocr_line' id='line_1_68' title="bbox 654 3203 4052 3310; baseline -0.011 -10"><span class='ocrx_word' id='word_1_443' title='bbox 654 3203 781 3301; x_wconf 54' lang='lat' dir='ltr'>cwlai</span> <span class='ocrx_word' id='word_1_444' title='bbox 809 3242 976 3297; x_wconf 84' lang='lat' dir='ltr'>levat.</span> <span class='ocrx_word' id='word_1_445' title='bbox 1011 3203 1305 3291; x_wconf 64' lang='lat' dir='ltr'>Secundae</span> <span class='ocrx_word' id='word_1_446' title='bbox 1334 3231 1474 3285; x_wconf 86' lang='lat' dir='ltr'>item</span> <span class='ocrx_word' id='word_1_447' title='bbox 1509 3203 1740 3298; x_wconf 85' lang='lat' dir='ltr'>nuptias</span> <span class='ocrx_word' id='word_1_448' title='bbox 1763 3215 2031 3275; x_wconf 88' lang='lat' dir='ltr'>adulterii</span> <span class='ocrx_word' id='word_1_449' title='bbox 2063 3210 2297 3310; x_wconf 76' lang='lat' dir='ltr'>nomine</span> <span class='ocrx_word' id='word_1_450' title='bbox 2325 3203 2369 3270; x_wconf 87' lang='lat' dir='ltr'>C</span> <span class='ocrx_word' id='word_1_451' title='bbox 2406 3203 2485 3295; x_wconf 55' lang='grc' dir='ltr'>ξιξ</span> <span class='ocrx_word' id='word_1_452' title='bbox 2502 3203 2617 3310; x_wconf 64' lang='lat' dir='ltr'>que</span> <span class='ocrx_word' id='word_1_453' title='bbox 2642 3238 2921 3308; x_wconf 61' lang='lat' dir='ltr'>majorem</span> <span class='ocrx_word' id='word_1_454' title='bbox 2942 3235 3056 3289; x_wconf 67' lang='lat' dir='ltr'>vim</span> <span class='ocrx_word' id='word_1_455' title='bbox 3077 3203 3352 3288; x_wconf 48' lang='lat' dir='ltr'>adhibedt</span> <span class='ocrx_word' id='word_1_456' title='bbox 3377 3231 3448 3285; x_wconf 76' lang='lat' dir='ltr'>ad</span> <span class='ocrx_word' id='word_1_457' title='bbox 3474 3227 3898 3285; x_wconf 67' lang='lat' dir='ltr'>defendendam</span> <span class='ocrx_word' id='word_1_458' title='bbox 3928 3203 4052 3283; x_wconf 54' lang='lat' dir='ltr'>die;</span> 
     </span>
    </p>
   </div>
   <div class='ocr_carea' id='block_1_68' title="bbox 656 3302 2302 3391">
    <p class='ocr_par' dir='ltr' id='par_1_68' title="bbox 656 3302 2302 3391">
     <span class='ocr_line' id='line_1_69' title="bbox 656 3302 2302 3391; baseline -0.02 -4"><span class='ocrx_word' id='word_1_459' title='bbox 656 3328 914 3389; x_wconf 87' lang='lat' dir='ltr'>traducit</span> <span class='ocrx_word' id='word_1_460' title='bbox 944 3343 994 3381; x_wconf 88' lang='lat' dir='ltr'>c.</span> <span class='ocrx_word' id='word_1_461' title='bbox 1015 3328 1080 3379; x_wconf 88' lang='lat'><strong>12</strong></span> <span class='ocrx_word' id='word_1_462' title='bbox 1104 3342 1119 3391; x_wconf 84' lang='lat'><strong>;</strong></span> <span class='ocrx_word' id='word_1_463' title='bbox 1151 3320 1356 3377; x_wconf 62' lang='lat' dir='ltr'>inedire</span> <span class='ocrx_word' id='word_1_464' title='bbox 1378 3335 1447 3373; x_wconf 85' lang='lat' dir='ltr'>ex</span> <span class='ocrx_word' id='word_1_465' title='bbox 1477 3314 1718 3372; x_wconf 87' lang='lat' dir='ltr'>arbitrio</span> <span class='ocrx_word' id='word_1_466' title='bbox 1743 3311 2015 3378; x_wconf 87' lang='lat' dir='ltr'>suscepta</span> <span class='ocrx_word' id='word_1_467' title='bbox 2044 3302 2302 3358; x_wconf 86' lang='lat' dir='ltr'>maxima</span> 
     </span>
    </p>
   </div>
   <div class='ocr_carea' id='block_1_69' title="bbox 659 3391 2304 3476">
    <p class='ocr_par' dir='ltr' id='par_1_69' title="bbox 659 3391 2304 3476">
     <span class='ocr_line' id='line_1_70' title="bbox 659 3391 2304 3476; baseline -0.019 -1"><span class='ocrx_word' id='word_1_468' title='bbox 659 3420 790 3476; x_wconf 89' lang='lat' dir='ltr'>laus</span> <span class='ocrx_word' id='word_1_469' title='bbox 812 3432 880 3472; x_wconf 82' lang='lat' dir='ltr'>ex</span> <span class='ocrx_word' id='word_1_470' title='bbox 906 3415 965 3469; x_wconf 90' lang='lat' dir='ltr'>h.</span> <span class='ocrx_word' id='word_1_471' title='bbox 997 3413 1036 3467; x_wconf 92' lang='lat' dir='ltr'>l.</span> <span class='ocrx_word' id='word_1_472' title='bbox 1071 3410 1329 3467; x_wconf 89' lang='lat' dir='ltr'>cernitur</span> <span class='ocrx_word' id='word_1_473' title='bbox 1359 3424 1408 3461; x_wconf 90' lang='lat' dir='ltr'>c.</span> <span class='ocrx_word' id='word_1_474' title='bbox 1447 3405 1544 3460; x_wconf 87' lang='lat'>13:</span> <span class='ocrx_word' id='word_1_475' title='bbox 1582 3399 1878 3471; x_wconf 79' lang='lat' dir='ltr'>Afﬂictatio</span> <span class='ocrx_word' id='word_1_476' title='bbox 1907 3394 2095 3450; x_wconf 82' lang='lat' dir='ltr'>carnis</span> <span class='ocrx_word' id='word_1_477' title='bbox 2125 3391 2304 3445; x_wconf 85' lang='lat' dir='ltr'>hostia</span> 
     </span>
    </p>
   </div>
   <div class='ocr_carea' id='block_1_70' title="bbox 663 3481 2302 3572">
    <p class='ocr_par' dir='ltr' id='par_1_70' title="bbox 663 3481 2302 3572">
     <span class='ocr_line' id='line_1_71' title="bbox 663 3481 2302 3572; baseline -0.019 -10"><span class='ocrx_word' id='word_1_478' title='bbox 663 3507 908 3564; x_wconf 88' lang='lat' dir='ltr'>Domino</span> <span class='ocrx_word' id='word_1_479' title='bbox 959 3501 1266 3572; x_wconf 80' lang='lat' dir='ltr'>placatoria</span> <span class='ocrx_word' id='word_1_480' title='bbox 1320 3511 1417 3566; x_wconf 86' lang='lat' dir='ltr'>per</span> <span class='ocrx_word' id='word_1_481' title='bbox 1472 3488 1885 3546; x_wconf 76' lang='lat' dir='ltr'>humiliationis</span> <span class='ocrx_word' id='word_1_482' title='bbox 1940 3481 2302 3549; x_wconf 77' lang='lat' dir='ltr'>sacriﬁcium,</span> 
     </span>
    </p>
   </div>
   <div class='ocr_carea' id='block_1_71' title="bbox 667 3573 2308 3656">
    <p class='ocr_par' dir='ltr' id='par_1_71' title="bbox 667 3573 2308 3656">
     <span class='ocr_line' id='line_1_72' title="bbox 667 3573 2308 3656; baseline -0.018 -6"><span class='ocrx_word' id='word_1_483' title='bbox 667 3611 791 3650; x_wconf 87' lang='lat' dir='ltr'>cum</span> <span class='ocrx_word' id='word_1_484' title='bbox 822 3591 1005 3648; x_wconf 84' lang='lat' dir='ltr'>sordes</span> <span class='ocrx_word' id='word_1_485' title='bbox 1034 3605 1156 3644; x_wconf 88' lang='lat' dir='ltr'>cum</span> <span class='ocrx_word' id='word_1_486' title='bbox 1199 3586 1456 3656; x_wconf 77' lang='lat' dir='ltr'>angustia</span> <span class='ocrx_word' id='word_1_487' title='bbox 1500 3582 1672 3634; x_wconf 79' lang='lat' dir='ltr'>victus</span> <span class='ocrx_word' id='word_1_488' title='bbox 1721 3577 1951 3632; x_wconf 87' lang='lat' dir='ltr'>Domino</span> <span class='ocrx_word' id='word_1_489' title='bbox 2002 3573 2136 3626; x_wconf 85' lang='lat' dir='ltr'>libat</span> <span class='ocrx_word' id='word_1_490' title='bbox 2184 3585 2308 3623; x_wconf 88' lang='lat' dir='ltr'>con-</span> 
     </span>
    </p>
   </div>
   <div class='ocr_carea' id='block_1_72' title="bbox 671 3658 2308 3751">
    <p class='ocr_par' dir='ltr' id='par_1_72' title="bbox 671 3658 2308 3751">
     <span class='ocr_line' id='line_1_73' title="bbox 671 3658 2308 3751; baseline -0.018 -11"><span class='ocrx_word' id='word_1_491' title='bbox 671 3691 827 3741; x_wconf 84' lang='lat' dir='ltr'>tenta</span> <span class='ocrx_word' id='word_1_492' title='bbox 856 3680 1098 3751; x_wconf 81' lang='lat' dir='ltr'>simptici</span> <span class='ocrx_word' id='word_1_493' title='bbox 1125 3676 1330 3747; x_wconf 77' lang='lat' dir='ltr'>pabulo</span> <span class='ocrx_word' id='word_1_494' title='bbox 1354 3683 1605 3744; x_wconf 85' lang='lat' dir='ltr'>puroque</span> <span class='ocrx_word' id='word_1_495' title='bbox 1632 3677 1794 3738; x_wconf 66' lang='lat' dir='ltr'>aqua?</span> <span class='ocrx_word' id='word_1_496' title='bbox 1814 3666 1967 3735; x_wconf 75' lang='lat' dir='ltr'>potu,</span> <span class='ocrx_word' id='word_1_497' title='bbox 2013 3676 2134 3714; x_wconf 89' lang='lat' dir='ltr'>cum</span> <span class='ocrx_word' id='word_1_498' title='bbox 2169 3658 2308 3726; x_wconf 71' lang='lat' dir='ltr'>ieiu-</span> 
     </span>
    </p>
   </div>
   <div class='ocr_carea' id='block_1_73' title="bbox 670 3749 2312 3840">
    <p class='ocr_par' dir='ltr' id='par_1_73' title="bbox 670 3749 2312 3840">
     <span class='ocr_line' id='line_1_74' title="bbox 670 3749 2312 3840; baseline -0.017 -13"><span class='ocrx_word' id='word_1_499' title='bbox 670 3773 770 3827; x_wconf 88' lang='lat' dir='ltr'>nia</span> <span class='ocrx_word' id='word_1_500' title='bbox 793 3749 1093 3840; x_wconf 84' lang='lat' dir='ltr'>conjungit,</span> <span class='ocrx_word' id='word_1_501' title='bbox 1126 3781 1251 3821; x_wconf 89' lang='lat' dir='ltr'>cum</span> <span class='ocrx_word' id='word_1_502' title='bbox 1281 3762 1460 3817; x_wconf 82' lang='lat' dir='ltr'>cineri</span> <span class='ocrx_word' id='word_1_503' title='bbox 1487 3762 1535 3813; x_wconf 84' lang='lat' dir='ltr'>et</span> <span class='ocrx_word' id='word_1_504' title='bbox 1565 3771 1716 3813; x_wconf 81' lang='lat' dir='ltr'>sacco</span> <span class='ocrx_word' id='word_1_505' title='bbox 1763 3753 2034 3808; x_wconf 81' lang='lat' dir='ltr'>inolescit.</span> <span class='ocrx_word' id='word_1_506' title='bbox 2069 3753 2144 3802; x_wconf 89' lang='lat' dir='ltr'>De</span> <span class='ocrx_word' id='word_1_507' title='bbox 2175 3749 2312 3817; x_wconf 89' lang='lat' dir='ltr'>fuga</span> 
     </span>
    </p>
   </div>
   <div class='ocr_carea' id='block_1_74' title="bbox 667 3841 2312 3932">
    <p class='ocr_par' dir='ltr' id='par_1_74' title="bbox 667 3841 2312 3932">
     <span class='ocr_line' id='line_1_75' title="bbox 667 3841 2312 3932; baseline -0.017 -16"><span class='ocrx_word' id='word_1_508' title='bbox 667 3864 790 3932; x_wconf 87' lang='lat' dir='ltr'>jam</span> <span class='ocrx_word' id='word_1_509' title='bbox 823 3857 1190 3925; x_wconf 83' lang='lat' dir='ltr'>dixi.Negata</span> <span class='ocrx_word' id='word_1_510' title='bbox 1208 3851 1458 3919; x_wconf 91' lang='lat' dir='ltr'>denique</span> <span class='ocrx_word' id='word_1_511' title='bbox 1490 3845 1782 3901; x_wconf 86' lang='lat' dir='ltr'>semotisa</span> <span class='ocrx_word' id='word_1_512' title='bbox 1813 3841 2088 3896; x_wconf 79' lang='lat' dir='ltr'>societate</span> <span class='ocrx_word' id='word_1_513' title='bbox 2119 3852 2312 3892; x_wconf 89' lang='lat' dir='ltr'>sacra-</span> 
     </span>
    </p>
   </div>
   <div class='ocr_carea' id='block_1_75' title="bbox 672 3926 2311 4022">
    <p class='ocr_par' dir='ltr' id='par_1_75' title="bbox 672 3926 2311 4022">
     <span class='ocr_line' id='line_1_76' title="bbox 672 3926 2311 4022; baseline -0.018 -17"><span class='ocrx_word' id='word_1_514' title='bbox 672 3947 1074 4022; x_wconf 88' lang='lat' dir='ltr'>peccatoribus</span> <span class='ocrx_word' id='word_1_515' title='bbox 1117 3941 1284 3997; x_wconf 89' lang='lat' dir='ltr'>venia</span> <span class='ocrx_word' id='word_1_516' title='bbox 1314 3953 1506 3994; x_wconf 89' lang='lat' dir='ltr'>nonne</span> <span class='ocrx_word' id='word_1_517' title='bbox 1561 3940 1650 3989; x_wconf 89' lang='lat' dir='ltr'>est</span> <span class='ocrx_word' id='word_1_518' title='bbox 1682 3933 1740 3986; x_wconf 90' lang='lat' dir='ltr'>in</span> <span class='ocrx_word' id='word_1_519' title='bbox 1772 3931 1866 3985; x_wconf 90' lang='lat' dir='ltr'>his</span> <span class='ocrx_word' id='word_1_520' title='bbox 1915 3926 2108 3983; x_wconf 87' lang='lat' dir='ltr'>verbis</span> <span class='ocrx_word' id='word_1_521' title='bbox 2139 3941 2189 3980; x_wconf 91' lang='lat' dir='ltr'>c.</span> <span class='ocrx_word' id='word_1_522' title='bbox 2225 3926 2311 3990; x_wconf 84' lang='lat'>12,</span> 
     </span>
    </p>
   </div>
   <div class='ocr_carea' id='block_1_76' title="bbox 672 4025 2311 4114">
    <p class='ocr_par' dir='ltr' id='par_1_76' title="bbox 672 4025 2311 4114">
     <span class='ocr_line' id='line_1_77' title="bbox 672 4025 2311 4114; baseline -0.015 -12"><span class='ocrx_word' id='word_1_523' title='bbox 672 4047 773 4102; x_wconf 90' lang='lat' dir='ltr'>ubi</span> <span class='ocrx_word' id='word_1_524' title='bbox 790 4061 1023 4101; x_wconf 89' lang='lat' dir='ltr'>omnem</span> <span class='ocrx_word' id='word_1_525' title='bbox 1046 4045 1425 4114; x_wconf 88' lang='lat' dir='ltr'>peccatorum</span> <span class='ocrx_word' id='word_1_526' title='bbox 1449 4051 1612 4108; x_wconf 90' lang='lat' dir='ltr'>spem</span> <span class='ocrx_word' id='word_1_527' title='bbox 1632 4049 1744 4088; x_wconf 91' lang='lat' dir='ltr'>non</span> <span class='ocrx_word' id='word_1_528' title='bbox 1758 4031 1820 4086; x_wconf 91' lang='lat' dir='ltr'>in</span> <span class='ocrx_word' id='word_1_529' title='bbox 1837 4029 1930 4085; x_wconf 89' lang='lat' dir='ltr'>via</span> <span class='ocrx_word' id='word_1_530' title='bbox 1953 4029 2023 4083; x_wconf 84' lang='lat' dir='ltr'>ab</span> <span class='ocrx_word' id='word_1_531' title='bbox 2043 4025 2311 4082; x_wconf 58' lang='lat' dir='ltr'>Ecclesia</span> 
     </span>
    </p>
   </div>
   <div class='ocr_carea' id='block_1_77' title="bbox 671 4119 2312 4199">
    <p class='ocr_par' dir='ltr' id='par_1_77' title="bbox 671 4119 2312 4199">
     <span class='ocr_line' id='line_1_78' title="bbox 671 4119 2312 4199; baseline -0.014 -7"><span class='ocrx_word' id='word_1_532' title='bbox 671 4135 974 4192; x_wconf 88' lang='lat' dir='ltr'>sodalibus</span> <span class='ocrx_word' id='word_1_533' title='bbox 1005 4129 1324 4188; x_wconf 87' lang='lat' dir='ltr'>obtinenda</span> <span class='ocrx_word' id='word_1_534' title='bbox 1355 4127 1537 4199; x_wconf 84' lang='lat' dir='ltr'>ponit,</span> <span class='ocrx_word' id='word_1_535' title='bbox 1569 4124 1667 4180; x_wconf 90' lang='lat' dir='ltr'>sed</span> <span class='ocrx_word' id='word_1_536' title='bbox 1702 4123 1759 4177; x_wconf 89' lang='lat' dir='ltr'>in</span> <span class='ocrx_word' id='word_1_537' title='bbox 1802 4119 1988 4177; x_wconf 88' lang='lat' dir='ltr'>salute</span> <span class='ocrx_word' id='word_1_538' title='bbox 2019 4133 2104 4185; x_wconf 89' lang='lat' dir='ltr'>ea,</span> <span class='ocrx_word' id='word_1_539' title='bbox 2139 4132 2312 4185; x_wconf 86' lang='lat' dir='ltr'>quam</span> 
     </span>
    </p>
   </div>
   <div class='ocr_carea' id='block_1_78' title="bbox 670 4203 2374 4279">
    <p class='ocr_par' dir='ltr' id='par_1_78' title="bbox 670 4203 2374 4279">
     <span class='ocr_line' id='line_1_79' title="bbox 670 4203 2374 4279; baseline -0.013 0"><span class='ocrx_word' id='word_1_540' title='bbox 670 4219 990 4279; x_wconf 85' lang='lat' dir='ltr'>Christiani</span> <span class='ocrx_word' id='word_1_541' title='bbox 1022 4219 1231 4273; x_wconf 89' lang='lat' dir='ltr'>horum</span> <span class='ocrx_word' id='word_1_542' title='bbox 1274 4213 1740 4272; x_wconf 86' lang='lat' dir='ltr'>emendationem</span> <span class='ocrx_word' id='word_1_543' title='bbox 1792 4209 2195 4278; x_wconf 83' lang='lat' dir='ltr'>exspectantes</span> <span class='ocrx_word' id='word_1_544' title='bbox 2227 4203 2312 4258; x_wconf 93' lang='lat' dir='ltr'>vel</span> <span class='ocrx_word' id='word_1_545' title='bbox 2355 4205 2374 4222; x_wconf 88' lang='grc'><strong><em>⁸</em></strong></span> 
     </span>
    </p>
   </div>
   <div class='ocr_carea' id='block_1_79' title="bbox 671 4293 2312 4382">
    <p class='ocr_par' dir='ltr' id='par_1_79' title="bbox 671 4293 2312 4382">
     <span class='ocr_line' id='line_1_80' title="bbox 671 4293 2312 4382; baseline -0.011 -15"><span class='ocrx_word' id='word_1_546' title='bbox 671 4313 1017 4382; x_wconf 78' lang='lat' dir='ltr'>exoptarent</span> <span class='ocrx_word' id='word_1_547' title='bbox 1046 4306 1135 4362; x_wconf 91' lang='lat' dir='ltr'>vel</span> <span class='ocrx_word' id='word_1_548' title='bbox 1167 4308 1471 4361; x_wconf 79' lang='lat' dir='ltr'>exorarent</span> <span class='ocrx_word' id='word_1_549' title='bbox 1505 4320 1521 4371; x_wconf 91' lang='lat'><strong>;</strong></span> <span class='ocrx_word' id='word_1_550' title='bbox 1553 4305 1787 4373; x_wconf 86' lang='lat' dir='ltr'>propter</span> <span class='ocrx_word' id='word_1_551' title='bbox 1835 4297 1988 4369; x_wconf 92' lang='lat' dir='ltr'>quod</span> <span class='ocrx_word' id='word_1_552' title='bbox 2033 4313 2065 4350; x_wconf 86' lang='lat' dir='ltr'>a</span> <span class='ocrx_word' id='word_1_553' title='bbox 2094 4293 2312 4365; x_wconf 92' lang='lat' dir='ltr'>collego</span> 
     </span>
    </p>
   </div>
   <div class='ocr_carea' id='block_1_80' title="bbox 669 4386 2314 4466">
    <p class='ocr_par' dir='ltr' id='par_1_80' title="bbox 669 4386 2314 4466">
     <span class='ocr_line' id='line_1_81' title="bbox 669 4386 2314 4466; baseline -0.013 -6"><span class='ocrx_word' id='word_1_554' title='bbox 669 4419 833 4460; x_wconf 81' lang='lat' dir='ltr'>sacro</span> <span class='ocrx_word' id='word_1_555' title='bbox 901 4399 1390 4457; x_wconf 84' lang='lat' dir='ltr'>Montanistarum</span> <span class='ocrx_word' id='word_1_556' title='bbox 1458 4395 1900 4466; x_wconf 81' lang='lat' dir='ltr'>exspectantum</span> <span class='ocrx_word' id='word_1_557' title='bbox 1973 4386 2119 4443; x_wconf 86' lang='lat' dir='ltr'>nihil</span> <span class='ocrx_word' id='word_1_558' title='bbox 2189 4388 2314 4440; x_wconf 89' lang='lat' dir='ltr'>erat</span> 
     </span>
    </p>
   </div>
   <div class='ocr_carea' id='block_1_81' title="bbox 671 4477 2310 4565">
    <p class='ocr_par' dir='ltr' id='par_1_81' title="bbox 671 4477 2310 4565">
     <span class='ocr_line' id='line_1_82' title="bbox 671 4477 2310 4565; baseline -0.013 -18"><span class='ocrx_word' id='word_1_559' title='bbox 671 4492 838 4565; x_wconf 90' lang='lat' dir='ltr'>(Vide</span> <span class='ocrx_word' id='word_1_560' title='bbox 869 4490 934 4548; x_wconf 84' lang='lat' dir='ltr'>de</span> <span class='ocrx_word' id='word_1_561' title='bbox 962 4489 1264 4554; x_wconf 81' lang='lat' dir='ltr'>Pudicitia,</span> <span class='ocrx_word' id='word_1_562' title='bbox 1296 4486 1317 4540; x_wconf 95' lang='grc' dir='ltr'><strong>Ι</strong></span> <span class='ocrx_word' id='word_1_563' title='bbox 1344 4485 1534 4554; x_wconf 62' lang='lat' dir='ltr'>exin).</span> <span class='ocrx_word' id='word_1_564' title='bbox 1569 4481 1674 4548; x_wconf 89' lang='lat' dir='ltr'>Qui</span> <span class='ocrx_word' id='word_1_565' title='bbox 1702 4477 2191 4534; x_wconf 87' lang='lat' dir='ltr'>Montanistarum</span> <span class='ocrx_word' id='word_1_566' title='bbox 2222 4490 2310 4527; x_wconf 88' lang='lat' dir='ltr'>er-</span> 
     </span>
    </p>
   </div>
   <div class='ocr_carea' id='block_1_82' title="bbox 2411 3316 4065 3400">
    <p class='ocr_par' dir='ltr' id='par_1_82' title="bbox 2411 3316 4065 3400">
     <span class='ocr_line' id='line_1_83' title="bbox 2411 3316 4065 3400; baseline -0.008 -17"><span class='ocrx_word' id='word_1_567' title='bbox 2411 3327 2690 3400; x_wconf 85' lang='lat' dir='ltr'>ciplinam</span> <span class='ocrx_word' id='word_1_568' title='bbox 2725 3323 3215 3381; x_wconf 87' lang='lat' dir='ltr'>Montanistarum</span> <span class='ocrx_word' id='word_1_569' title='bbox 3263 3339 3296 3376; x_wconf 91' lang='lat' dir='ltr'>a</span> <span class='ocrx_word' id='word_1_570' title='bbox 3325 3319 3498 3391; x_wconf 86' lang='lat' dir='ltr'>culpa</span> <span class='ocrx_word' id='word_1_571' title='bbox 3553 3316 3846 3387; x_wconf 84' lang='lat' dir='ltr'>novitatis,</span> <span class='ocrx_word' id='word_1_572' title='bbox 3881 3333 4065 3388; x_wconf 89' lang='lat' dir='ltr'>quam</span> 
     </span>
    </p>
   </div>
   <div class='ocr_carea' id='block_1_83' title="bbox 2412 3406 4066 3488">
    <p class='ocr_par' dir='ltr' id='par_1_83' title="bbox 2412 3406 4066 3488">
     <span class='ocr_line' id='line_1_84' title="bbox 2412 3406 4066 3488; baseline -0.007 -16"><span class='ocrx_word' id='word_1_573' title='bbox 2412 3418 2464 3474; x_wconf 93' lang='lat' dir='ltr'>is</span> <span class='ocrx_word' id='word_1_574' title='bbox 2503 3417 2572 3472; x_wconf 89' lang='lat' dir='ltr'>de</span> <span class='ocrx_word' id='word_1_575' title='bbox 2622 3432 2737 3488; x_wconf 91' lang='lat' dir='ltr'>quo</span> <span class='ocrx_word' id='word_1_576' title='bbox 2796 3413 3100 3486; x_wconf 84' lang='lat' dir='ltr'>quaeritur,</span> <span class='ocrx_word' id='word_1_577' title='bbox 3153 3409 3444 3481; x_wconf 89' lang='lat' dir='ltr'>imprimis</span> <span class='ocrx_word' id='word_1_578' title='bbox 3499 3413 3642 3464; x_wconf 88' lang='lat' dir='ltr'>sect.</span> <span class='ocrx_word' id='word_1_579' title='bbox 3695 3407 3746 3468; x_wconf 79' lang='grc'>1,</span> <span class='ocrx_word' id='word_1_580' title='bbox 3778 3409 3850 3474; x_wconf 89' lang='grc'>2;</span> <span class='ocrx_word' id='word_1_581' title='bbox 3904 3406 4066 3478; x_wconf 90' lang='lat' dir='ltr'>quod</span> 
     </span>
    </p>
   </div>
   <div class='ocr_carea' id='block_1_84' title="bbox 2415 3495 4067 3574">
    <p class='ocr_par' dir='ltr' id='par_1_84' title="bbox 2415 3495 4067 3574">
     <span class='ocr_line' id='line_1_85' title="bbox 2415 3495 4067 3574; baseline -0.008 -12"><span class='ocrx_word' id='word_1_582' title='bbox 2415 3510 2569 3562; x_wconf 87' lang='lat' dir='ltr'>certe</span> <span class='ocrx_word' id='word_1_583' title='bbox 2584 3506 2684 3561; x_wconf 88' lang='lat' dir='ltr'>dat</span> <span class='ocrx_word' id='word_1_584' title='bbox 2706 3505 2895 3560; x_wconf 89' lang='lat' dir='ltr'>locum</span> <span class='ocrx_word' id='word_1_585' title='bbox 2911 3499 3252 3574; x_wconf 76' lang='lat' dir='ltr'>auspicandi</span> <span class='ocrx_word' id='word_1_586' title='bbox 3278 3517 3389 3554; x_wconf 94' lang='lat' dir='ltr'>non</span> <span class='ocrx_word' id='word_1_587' title='bbox 3415 3499 3611 3569; x_wconf 90' lang='lat' dir='ltr'>inepte</span> <span class='ocrx_word' id='word_1_588' title='bbox 3631 3495 4067 3552; x_wconf 90' lang='lat' dir='ltr'>Tertullianum</span> 
     </span>
    </p>
   </div>
   <div class='ocr_carea' id='block_1_85' title="bbox 2416 3585 4072 3665">
    <p class='ocr_par' dir='ltr' id='par_1_85' title="bbox 2416 3585 4072 3665">
     <span class='ocr_line' id='line_1_86' title="bbox 2416 3585 4072 3665; baseline -0.007 -15"><span class='ocrx_word' id='word_1_589' title='bbox 2416 3595 2595 3661; x_wconf 91' lang='lat' dir='ltr'>hunc,</span> <span class='ocrx_word' id='word_1_590' title='bbox 2628 3610 2805 3665; x_wconf 89' lang='lat' dir='ltr'>quam</span> <span class='ocrx_word' id='word_1_591' title='bbox 2860 3592 3117 3664; x_wconf 89' lang='lat' dir='ltr'>primum</span> <span class='ocrx_word' id='word_1_592' title='bbox 3151 3606 3212 3645; x_wconf 85' lang='lat' dir='ltr'>se</span> <span class='ocrx_word' id='word_1_593' title='bbox 3260 3586 3641 3645; x_wconf 84' lang='lat' dir='ltr'>Moutanistis</span> <span class='ocrx_word' id='word_1_594' title='bbox 3688 3585 4072 3655; x_wconf 86' lang='lat' dir='ltr'>adjunxerat,</span> 
     </span>
    </p>
   </div>
   <div class='ocr_carea' id='block_1_86' title="bbox 2418 3681 4075 3754">
    <p class='ocr_par' dir='ltr' id='par_1_86' title="bbox 2418 3681 4075 3754">
     <span class='ocr_line' id='line_1_87' title="bbox 2418 3681 4075 3754; baseline -0.008 -14"><span class='ocrx_word' id='word_1_595' title='bbox 2418 3682 2913 3754; x_wconf 88' lang='lat' dir='ltr'>composuisse,ut</span> <span class='ocrx_word' id='word_1_596' title='bbox 2947 3681 3166 3736; x_wconf 89' lang='lat' dir='ltr'>crimen</span> <span class='ocrx_word' id='word_1_597' title='bbox 3199 3696 3234 3734; x_wconf 89' lang='lat' dir='ltr'>a</span> <span class='ocrx_word' id='word_1_598' title='bbox 3255 3694 3316 3732; x_wconf 90' lang='lat' dir='ltr'>se</span> <span class='ocrx_word' id='word_1_599' title='bbox 3345 3692 3630 3732; x_wconf 88' lang='lat' dir='ltr'>novarum</span> <span class='ocrx_word' id='word_1_600' title='bbox 3658 3690 3857 3731; x_wconf 88' lang='lat' dir='ltr'>rerum</span> <span class='ocrx_word' id='word_1_601' title='bbox 3880 3689 4075 3728; x_wconf 86' lang='lat' dir='ltr'>remo-</span> 
     </span>
    </p>
   </div>
   <div class='ocr_carea' id='block_1_87' title="bbox 2419 3762 4076 3838">
    <p class='ocr_par' dir='ltr' id='par_1_87' title="bbox 2419 3762 4076 3838">
     <span class='ocr_line' id='line_1_88' title="bbox 2419 3762 4076 3838; baseline -0.007 -10"><span class='ocrx_word' id='word_1_602' title='bbox 2419 3778 2598 3828; x_wconf 89' lang='lat' dir='ltr'>veret.</span> <span class='ocrx_word' id='word_1_603' title='bbox 2632 3771 2746 3827; x_wconf 86' lang='lat' dir='ltr'>Nec</span> <span class='ocrx_word' id='word_1_604' title='bbox 2774 3771 2831 3824; x_wconf 91' lang='lat' dir='ltr'>in</span> <span class='ocrx_word' id='word_1_605' title='bbox 2867 3770 2983 3824; x_wconf 92' lang='lat' dir='ltr'>ullo</span> <span class='ocrx_word' id='word_1_606' title='bbox 3025 3767 3136 3824; x_wconf 90' lang='lat' dir='ltr'>alio</span> <span class='ocrx_word' id='word_1_607' title='bbox 3189 3768 3376 3838; x_wconf 89' lang='lat' dir='ltr'>magis</span> <span class='ocrx_word' id='word_1_608' title='bbox 3420 3765 3650 3820; x_wconf 87' lang='lat' dir='ltr'>videtur</span> <span class='ocrx_word' id='word_1_609' title='bbox 3701 3762 4076 3818; x_wconf 88' lang='lat' dir='ltr'>Paracletum</span> 
     </span>
    </p>
   </div>
   <div class='ocr_carea' id='block_1_88' title="bbox 2421 3851 4078 3934">
    <p class='ocr_par' dir='ltr' id='par_1_88' title="bbox 2421 3851 4078 3934">
     <span class='ocr_line' id='line_1_89' title="bbox 2421 3851 4078 3934; baseline -0.007 -16"><span class='ocrx_word' id='word_1_610' title='bbox 2421 3862 2670 3934; x_wconf 85' lang='lat' dir='ltr'>ejusque</span> <span class='ocrx_word' id='word_1_611' title='bbox 2717 3858 3038 3931; x_wconf 67' lang='lat' dir='ltr'>disciplinae</span> <span class='ocrx_word' id='word_1_612' title='bbox 3089 3856 3345 3912; x_wconf 90' lang='lat' dir='ltr'>divinam</span> <span class='ocrx_word' id='word_1_613' title='bbox 3394 3854 3679 3926; x_wconf 89' lang='lat' dir='ltr'>originem</span> <span class='ocrx_word' id='word_1_614' title='bbox 3739 3851 4078 3920; x_wconf 83' lang='lat' dir='ltr'>defendere,</span> 
     </span>
    </p>
   </div>
   <div class='ocr_carea' id='block_1_89' title="bbox 2424 3940 4078 4020">
    <p class='ocr_par' dir='ltr' id='par_1_89' title="bbox 2424 3940 4078 4020">
     <span class='ocr_line' id='line_1_90' title="bbox 2424 3940 4078 4020; baseline -0.007 -15"><span class='ocrx_word' id='word_1_615' title='bbox 2424 3951 2537 4006; x_wconf 89' lang='lat' dir='ltr'>nisi</span> <span class='ocrx_word' id='word_1_616' title='bbox 2569 3949 2626 4004; x_wconf 90' lang='lat' dir='ltr'>in</span> <span class='ocrx_word' id='word_1_617' title='bbox 2659 3949 2767 4004; x_wconf 92' lang='lat' dir='ltr'>hoc</span> <span class='ocrx_word' id='word_1_618' title='bbox 2792 3949 2940 4020; x_wconf 90' lang='lat' dir='ltr'>ipso;</span> <span class='ocrx_word' id='word_1_619' title='bbox 2969 3963 3145 4019; x_wconf 84' lang='lat' dir='ltr'>quam</span> <span class='ocrx_word' id='word_1_620' title='bbox 3170 3962 3284 4000; x_wconf 90' lang='lat' dir='ltr'>non</span> <span class='ocrx_word' id='word_1_621' title='bbox 3317 3943 3488 3998; x_wconf 92' lang='lat' dir='ltr'>modo</span> <span class='ocrx_word' id='word_1_622' title='bbox 3508 3941 3868 4014; x_wconf 88' lang='lat' dir='ltr'>agnitionem</span> <span class='ocrx_word' id='word_1_623' title='bbox 3901 3940 4078 3994; x_wconf 87' lang='lat' dir='ltr'>Para-</span> 
     </span>
    </p>
   </div>
   <div class='ocr_carea' id='block_1_90' title="bbox 2423 4029 4077 4104">
    <p class='ocr_par' dir='ltr' id='par_1_90' title="bbox 2423 4029 4077 4104">
     <span class='ocr_line' id='line_1_91' title="bbox 2423 4029 4077 4104; baseline -0.008 -9"><span class='ocrx_word' id='word_1_624' title='bbox 2423 4039 2576 4104; x_wconf 91' lang='lat' dir='ltr'>cleti,</span> <span class='ocrx_word' id='word_1_625' title='bbox 2636 4039 2737 4094; x_wconf 89' lang='lat' dir='ltr'>sed</span> <span class='ocrx_word' id='word_1_626' title='bbox 2813 4037 3211 4093; x_wconf 88' lang='lat' dir='ltr'>defensionem</span> <span class='ocrx_word' id='word_1_627' title='bbox 3286 4049 3422 4088; x_wconf 93' lang='lat' dir='ltr'>cum</span> <span class='ocrx_word' id='word_1_628' title='bbox 3495 4029 3633 4086; x_wconf 88' lang='lat' dir='ltr'>alibi</span> <span class='ocrx_word' id='word_1_629' title='bbox 3709 4029 3854 4101; x_wconf 86' lang='lat' dir='ltr'>(adv.</span> <span class='ocrx_word' id='word_1_630' title='bbox 3933 4030 4077 4083; x_wconf 89' lang='lat' dir='ltr'>Pra-</span> 
     </span>
    </p>
   </div>
   <div class='ocr_carea' id='block_1_91' title="bbox 2421 4117 4073 4198">
    <p class='ocr_par' dir='ltr' id='par_1_91' title="bbox 2421 4117 4073 4198">
     <span class='ocr_line' id='line_1_92' title="bbox 2421 4117 4073 4198; baseline -0.007 -15"><span class='ocrx_word' id='word_1_631' title='bbox 2421 4146 2603 4193; x_wconf 74' lang='lat' dir='ltr'>xeam,</span> <span class='ocrx_word' id='word_1_632' title='bbox 2633 4145 2682 4183; x_wconf 91' lang='lat' dir='ltr'>c.</span> <span class='ocrx_word' id='word_1_633' title='bbox 2719 4127 2794 4198; x_wconf 89' lang='lat'>1.)</span> <span class='ocrx_word' id='word_1_634' title='bbox 2827 4126 2982 4180; x_wconf 88' lang='lat' dir='ltr'>dicat</span> <span class='ocrx_word' id='word_1_635' title='bbox 3011 4141 3073 4180; x_wconf 91' lang='lat' dir='ltr'>se</span> <span class='ocrx_word' id='word_1_636' title='bbox 3106 4122 3467 4194; x_wconf 89' lang='lat' dir='ltr'>disjunxisse</span> <span class='ocrx_word' id='word_1_637' title='bbox 3493 4136 3526 4175; x_wconf 89' lang='lat' dir='ltr'>a</span> <span class='ocrx_word' id='word_1_638' title='bbox 3553 4117 3871 4191; x_wconf 80' lang='lat' dir='ltr'>Psychicis,</span> <span class='ocrx_word' id='word_1_639' title='bbox 3898 4117 4073 4172; x_wconf 88' lang='lat' dir='ltr'>facile</span> 
     </span>
    </p>
   </div>
   <div class='ocr_carea' id='block_1_92' title="bbox 2423 4207 4078 4285">
    <p class='ocr_par' dir='ltr' id='par_1_92' title="bbox 2423 4207 4078 4285">
     <span class='ocr_line' id='line_1_93' title="bbox 2423 4207 4078 4285; baseline -0.008 -11"><span class='ocrx_word' id='word_1_640' title='bbox 2423 4222 2512 4274; x_wconf 87' lang='lat' dir='ltr'>est</span> <span class='ocrx_word' id='word_1_641' title='bbox 2537 4216 2857 4285; x_wconf 88' lang='lat' dir='ltr'>intellectu,</span> <span class='ocrx_word' id='word_1_642' title='bbox 2894 4219 3160 4269; x_wconf 85' lang='lat' dir='ltr'>nostrum</span> <span class='ocrx_word' id='word_1_643' title='bbox 3195 4211 3431 4277; x_wconf 91' lang='lat' dir='ltr'>librum,</span> <span class='ocrx_word' id='word_1_644' title='bbox 3463 4207 3523 4263; x_wconf 90' lang='lat' dir='ltr'>in</span> <span class='ocrx_word' id='word_1_645' title='bbox 3557 4225 3671 4279; x_wconf 91' lang='lat' dir='ltr'>quo</span> <span class='ocrx_word' id='word_1_646' title='bbox 3701 4207 4078 4262; x_wconf 87' lang='lat' dir='ltr'>vehementer</span> 
     </span>
    </p>
   </div>
   <div class='ocr_carea' id='block_1_93' title="bbox 2423 4295 4074 4379">
    <p class='ocr_par' dir='ltr' id='par_1_93' title="bbox 2423 4295 4074 4379">
     <span class='ocr_line' id='line_1_94' title="bbox 2423 4295 4074 4379; baseline -0.008 -16"><span class='ocrx_word' id='word_1_647' title='bbox 2423 4325 2556 4364; x_wconf 92' lang='lat' dir='ltr'>eum</span> <span class='ocrx_word' id='word_1_648' title='bbox 2591 4307 2827 4379; x_wconf 88' lang='lat' dir='ltr'>quidem</span> <span class='ocrx_word' id='word_1_649' title='bbox 2859 4303 3141 4373; x_wconf 87' lang='lat' dir='ltr'>defendit,</span> <span class='ocrx_word' id='word_1_650' title='bbox 3173 4303 3324 4356; x_wconf 89' lang='lat' dir='ltr'>inter</span> <span class='ocrx_word' id='word_1_651' title='bbox 3355 4297 3677 4372; x_wconf 90' lang='lat' dir='ltr'>primordia</span> <span class='ocrx_word' id='word_1_652' title='bbox 3701 4296 3985 4368; x_wconf 89' lang='lat' dir='ltr'>temporis</span> <span class='ocrx_word' id='word_1_653' title='bbox 4003 4295 4074 4351; x_wconf 87' lang='lat' dir='ltr'>ab</span> 
     </span>
    </p>
   </div>
   <div class='ocr_carea' id='block_1_94' title="bbox 2421 4386 4078 4469">
    <p class='ocr_par' dir='ltr' id='par_1_94' title="bbox 2421 4386 4078 4469">
     <span class='ocr_line' id='line_1_95' title="bbox 2421 4386 4078 4469; baseline -0.008 -17"><span class='ocrx_word' id='word_1_654' title='bbox 2421 4398 2551 4469; x_wconf 86' lang='lat' dir='ltr'>ipso</span> <span class='ocrx_word' id='word_1_655' title='bbox 2583 4397 2737 4468; x_wconf 85' lang='lat' dir='ltr'>apud</span> <span class='ocrx_word' id='word_1_656' title='bbox 2767 4393 3152 4449; x_wconf 89' lang='lat' dir='ltr'>Montanistas</span> <span class='ocrx_word' id='word_1_657' title='bbox 3173 4390 3287 4446; x_wconf 87' lang='lat' dir='ltr'>acti</span> <span class='ocrx_word' id='word_1_658' title='bbox 3319 4393 3623 4444; x_wconf 87' lang='lat' dir='ltr'>exaratum</span> <span class='ocrx_word' id='word_1_659' title='bbox 3657 4386 3858 4441; x_wconf 87' lang='lat' dir='ltr'>fuisse.</span> <span class='ocrx_word' id='word_1_660' title='bbox 3892 4388 4078 4456; x_wconf 85' lang='lat' dir='ltr'>Atque</span> 
     </span>
    </p>
   </div>
   <div class='ocr_carea' id='block_1_95' title="bbox 2423 4473 4079 4551">
    <p class='ocr_par' dir='ltr' id='par_1_95' title="bbox 2423 4473 4079 4551">
     <span class='ocr_line' id='line_1_96' title="bbox 2423 4473 4079 4551; baseline -0.008 -11"><span class='ocrx_word' id='word_1_661' title='bbox 2423 4486 2568 4540; x_wconf 90' lang='lat' dir='ltr'>illud</span> <span class='ocrx_word' id='word_1_662' title='bbox 2602 4483 2937 4540; x_wconf 81' lang='lat' dir='ltr'>confirmari</span> <span class='ocrx_word' id='word_1_663' title='bbox 2975 4480 3177 4536; x_wconf 87' lang='lat' dir='ltr'>multis</span> <span class='ocrx_word' id='word_1_664' title='bbox 3210 4476 3574 4551; x_wconf 87' lang='lat' dir='ltr'>argumentis</span> <span class='ocrx_word' id='word_1_665' title='bbox 3605 4493 3720 4530; x_wconf 90' lang='lat' dir='ltr'>non</span> <span class='ocrx_word' id='word_1_666' title='bbox 3753 4473 4079 4546; x_wconf 76' lang='lat' dir='ltr'>probabili-</span> 
     </span>
    </p>
   </div>
   <div class='ocr_carea' id='block_1_96' title="bbox 673 4561 2460 4652">
    <p class='ocr_par' dir='ltr' id='par_1_96' title="bbox 673 4561 2460 4652">
     <span class='ocr_line' id='line_1_97' title="bbox 673 4561 2460 4652; baseline -0.012 -16"><span class='ocrx_word' id='word_1_667' title='bbox 673 4579 1133 4652; x_wconf 88' lang='lat' dir='ltr'>rores,quamvis</span> <span class='ocrx_word' id='word_1_668' title='bbox 1169 4593 1281 4632; x_wconf 92' lang='lat' dir='ltr'>non</span> <span class='ocrx_word' id='word_1_669' title='bbox 1309 4574 1535 4647; x_wconf 86' lang='lat' dir='ltr'>possint</span> <span class='ocrx_word' id='word_1_670' title='bbox 1565 4571 1677 4627; x_wconf 90' lang='lat' dir='ltr'>nisi</span> <span class='ocrx_word' id='word_1_671' title='bbox 1709 4586 1809 4642; x_wconf 83' lang='lat' dir='ltr'>per</span> <span class='ocrx_word' id='word_1_672' title='bbox 1838 4566 2104 4639; x_wconf 66' lang='lat' dir='ltr'>quaedam</span> <span class='ocrx_word' id='word_1_673' title='bbox 2135 4561 2313 4618; x_wconf 89' lang='lat' dir='ltr'>veluti</span> <span class='ocrx_word' id='word_1_674' title='bbox 2348 4569 2393 4630; x_wconf 76' lang='grc' dir='ltr'>ί)</span> <span class='ocrx_word' id='word_1_675' title='bbox 2425 4581 2460 4630; x_wconf 61' lang='grc' dir='ltr'>ῃ</span> 
     </span>
    </p>
   </div>
   <div class='ocr_carea' id='block_1_97' title="bbox 2291 4561 4078 4652">
    <p class='ocr_par' dir='ltr' id='par_1_97' title="bbox 2298 4562 4078 4652">
     <span class='ocr_line' id='line_1_98' title="bbox 2298 4562 4078 4652; baseline -0.008 -22"><span class='ocrx_word' id='word_1_676' title='bbox 2298 4562 2393 4652; x_wconf 55' lang='lat' dir='ltr'>il)</span> <span class='ocrx_word' id='word_1_677' title='bbox 2425 4581 2543 4630; x_wconf 90' lang='lat' dir='ltr'>tate</span> <span class='ocrx_word' id='word_1_678' title='bbox 2595 4573 2892 4630; x_wconf 80' lang='lat' dir='ltr'>destitutis</span> <span class='ocrx_word' id='word_1_679' title='bbox 2944 4575 3157 4643; x_wconf 83' lang='lat' dir='ltr'>potest.</span> <span class='ocrx_word' id='word_1_680' title='bbox 3217 4575 3402 4624; x_wconf 87' lang='lat' dir='ltr'>Prtmo</span> <span class='ocrx_word' id='word_1_681' title='bbox 3459 4567 3568 4620; x_wconf 89' lang='lat' dir='ltr'>sub</span> <span class='ocrx_word' id='word_1_682' title='bbox 3627 4565 3739 4619; x_wconf 92' lang='lat' dir='ltr'>isto</span> <span class='ocrx_word' id='word_1_683' title='bbox 3813 4568 4078 4633; x_wconf 90' lang='lat' dir='ltr'>tempore</span> 
     </span>
    </p>
   </div>
   <div class='ocr_carea' id='block_1_98' title="bbox 671 4651 2315 4734">
    <p class='ocr_par' dir='ltr' id='par_1_98' title="bbox 671 4651 2315 4734">
     <span class='ocr_line' id='line_1_99' title="bbox 671 4651 2315 4734; baseline -0.012 -11"><span class='ocrx_word' id='word_1_684' title='bbox 671 4651 978 4725; x_wconf 81' lang='lat' dir='ltr'>involucra</span> <span class='ocrx_word' id='word_1_685' title='bbox 1007 4668 1066 4722; x_wconf 90' lang='lat' dir='ltr'>in</span> <span class='ocrx_word' id='word_1_686' title='bbox 1101 4668 1208 4722; x_wconf 93' lang='lat' dir='ltr'>hoc</span> <span class='ocrx_word' id='word_1_687' title='bbox 1241 4664 1387 4719; x_wconf 91' lang='lat' dir='ltr'>libro</span> <span class='ocrx_word' id='word_1_688' title='bbox 1413 4660 1664 4734; x_wconf 85' lang='lat' dir='ltr'>perspici</span> <span class='ocrx_word' id='word_1_689' title='bbox 1698 4679 1711 4727; x_wconf 64' lang='grc' dir='ltr'><strong>ς</strong></span> <span class='ocrx_word' id='word_1_690' title='bbox 1746 4665 1942 4714; x_wconf 87' lang='lat' dir='ltr'>tamen</span> <span class='ocrx_word' id='word_1_691' title='bbox 1975 4672 2042 4710; x_wconf 85' lang='lat' dir='ltr'>ex</span> <span class='ocrx_word' id='word_1_692' title='bbox 2072 4670 2137 4709; x_wconf 91' lang='lat' dir='ltr'>eo</span> <span class='ocrx_word' id='word_1_693' title='bbox 2169 4651 2315 4707; x_wconf 91' lang='lat' dir='ltr'>nihil</span> 
     </span>
    </p>
   </div>
   <div class='ocr_carea' id='block_1_99' title="bbox 671 4746 2317 4826">
    <p class='ocr_par' dir='ltr' id='par_1_99' title="bbox 671 4746 2317 4826">
     <span class='ocr_line' id='line_1_100' title="bbox 671 4746 2317 4826; baseline -0.01 -15"><span class='ocrx_word' id='word_1_694' title='bbox 671 4757 946 4822; x_wconf 78' lang='lat' dir='ltr'>efficitur,</span> <span class='ocrx_word' id='word_1_695' title='bbox 977 4755 1092 4810; x_wconf 90' lang='lat' dir='ltr'>nisi</span> <span class='ocrx_word' id='word_1_696' title='bbox 1124 4755 1279 4826; x_wconf 90' lang='lat' dir='ltr'>quod</span> <span class='ocrx_word' id='word_1_697' title='bbox 1314 4753 1406 4807; x_wconf 87' lang='lat' dir='ltr'>hic</span> <span class='ocrx_word' id='word_1_698' title='bbox 1451 4748 1684 4805; x_wconf 89' lang='lat' dir='ltr'>libellus</span> <span class='ocrx_word' id='word_1_699' title='bbox 1718 4747 1794 4802; x_wconf 89' lang='lat' dir='ltr'>sit</span> <span class='ocrx_word' id='word_1_700' title='bbox 1839 4762 1908 4800; x_wconf 83' lang='lat' dir='ltr'>ex</span> <span class='ocrx_word' id='word_1_701' title='bbox 1937 4759 2002 4798; x_wconf 90' lang='lat' dir='ltr'>eo</span> <span class='ocrx_word' id='word_1_702' title='bbox 2033 4746 2317 4811; x_wconf 88' lang='lat' dir='ltr'>tempore,</span> 
     </span>
    </p>
   </div>
   <div class='ocr_carea' id='block_1_100' title="bbox 670 4841 2314 4926">
    <p class='ocr_par' dir='ltr' id='par_1_100' title="bbox 670 4841 2314 4926">
     <span class='ocr_line' id='line_1_101' title="bbox 670 4841 2314 4926; baseline -0.01 -17"><span class='ocrx_word' id='word_1_703' title='bbox 670 4871 786 4926; x_wconf 92' lang='lat' dir='ltr'>quo</span> <span class='ocrx_word' id='word_1_704' title='bbox 817 4853 918 4908; x_wconf 90' lang='lat' dir='ltr'>illa</span> <span class='ocrx_word' id='word_1_705' title='bbox 950 4853 1295 4909; x_wconf 82' lang='lat' dir='ltr'>Tertulliani</span> <span class='ocrx_word' id='word_1_706' title='bbox 1337 4847 1632 4907; x_wconf 87' lang='lat' dir='ltr'>contentio</span> <span class='ocrx_word' id='word_1_707' title='bbox 1665 4848 1723 4900; x_wconf 94' lang='lat' dir='ltr'>in</span> <span class='ocrx_word' id='word_1_708' title='bbox 1754 4841 2134 4901; x_wconf 81' lang='lat' dir='ltr'>defendendis</span> <span class='ocrx_word' id='word_1_709' title='bbox 2156 4844 2314 4894; x_wconf 90' lang='lat' dir='ltr'>Mon-</span> 
     </span>
    </p>
   </div>
   <div class='ocr_carea' id='block_1_101' title="bbox 668 4928 2313 4998">
    <p class='ocr_par' dir='ltr' id='par_1_101' title="bbox 668 4928 2313 4998">
     <span class='ocr_line' id='line_1_102' title="bbox 668 4928 2313 4998; baseline -0.01 0"><span class='ocrx_word' id='word_1_710' title='bbox 668 4943 1024 4998; x_wconf 84' lang='lat' dir='ltr'>tanistarum</span> <span class='ocrx_word' id='word_1_711' title='bbox 1073 4941 1236 4996; x_wconf 82' lang='lat' dir='ltr'>scitis</span> <span class='ocrx_word' id='word_1_712' title='bbox 1292 4940 1376 4994; x_wconf 91' lang='lat' dir='ltr'>vel</span> <span class='ocrx_word' id='word_1_713' title='bbox 1430 4938 1690 4992; x_wconf 89' lang='lat' dir='ltr'>nondum</span> <span class='ocrx_word' id='word_1_714' title='bbox 1740 4936 2055 4996; x_wconf 87' lang='lat' dir='ltr'>exarserat,</span> <span class='ocrx_word' id='word_1_715' title='bbox 2103 4928 2189 4984; x_wconf 90' lang='lat' dir='ltr'>vel</span> <span class='ocrx_word' id='word_1_716' title='bbox 2221 4945 2313 4983; x_wconf 83' lang='lat' dir='ltr'>re-</span> 
     </span>
    </p>
   </div>
   <div class='ocr_carea' id='block_1_102' title="bbox 671 5017 2313 5101">
    <p class='ocr_par' dir='ltr' id='par_1_102' title="bbox 671 5017 2313 5101">
     <span class='ocr_line' id='line_1_103' title="bbox 671 5017 2313 5101; baseline -0.01 -14"><span class='ocrx_word' id='word_1_717' title='bbox 671 5031 885 5087; x_wconf 86' lang='lat' dir='ltr'>stincta</span> <span class='ocrx_word' id='word_1_718' title='bbox 917 5030 1109 5101; x_wconf 87' lang='lat' dir='ltr'>aliquo</span> <span class='ocrx_word' id='word_1_719' title='bbox 1145 5029 1314 5084; x_wconf 89' lang='lat' dir='ltr'>modo</span> <span class='ocrx_word' id='word_1_720' title='bbox 1347 5031 1489 5082; x_wconf 86' lang='lat' dir='ltr'>erat.</span> <span class='ocrx_word' id='word_1_721' title='bbox 1527 5026 1681 5080; x_wconf 67' lang='lat' dir='ltr'>ditus</span> <span class='ocrx_word' id='word_1_722' title='bbox 1713 5023 1891 5095; x_wconf 85' lang='lat' dir='ltr'>igitus</span> <span class='ocrx_word' id='word_1_723' title='bbox 1926 5021 2102 5086; x_wconf 83' lang='lat' dir='ltr'>hujus</span> <span class='ocrx_word' id='word_1_724' title='bbox 2134 5017 2313 5073; x_wconf 88' lang='lat' dir='ltr'>libelli</span> 
     </span>
    </p>
   </div>
   <div class='ocr_carea' id='block_1_103' title="bbox 669 5107 2312 5181">
    <p class='ocr_par' dir='ltr' id='par_1_103' title="bbox 669 5107 2312 5181">
     <span class='ocr_line' id='line_1_104' title="bbox 669 5107 2312 5181; baseline -0.009 -5"><span class='ocrx_word' id='word_1_725' title='bbox 669 5137 781 5176; x_wconf 88' lang='lat' dir='ltr'>non</span> <span class='ocrx_word' id='word_1_726' title='bbox 818 5119 962 5175; x_wconf 87' lang='lat' dir='ltr'>satis</span> <span class='ocrx_word' id='word_1_727' title='bbox 980 5126 1135 5174; x_wconf 89' lang='lat' dir='ltr'>certa</span> <span class='ocrx_word' id='word_1_728' title='bbox 1160 5117 1437 5181; x_wconf 85' lang='lat' dir='ltr'>cst.Quod</span> <span class='ocrx_word' id='word_1_729' title='bbox 1475 5113 1950 5179; x_wconf 79' lang='lat' dir='ltr'>imminentejam</span> <span class='ocrx_word' id='word_1_730' title='bbox 1966 5107 2312 5164; x_wconf 78' lang='lat' dir='ltr'>Christianis</span> 
     </span>
    </p>
   </div>
   <div class='ocr_carea' id='block_1_104' title="bbox 669 5197 2310 5282">
    <p class='ocr_par' dir='ltr' id='par_1_104' title="bbox 669 5197 2310 5282">
     <span class='ocr_line' id='line_1_105' title="bbox 669 5197 2310 5282; baseline -0.01 -17"><span class='ocrx_word' id='word_1_731' title='bbox 669 5207 925 5282; x_wconf 89' lang='lat' dir='ltr'>periculo</span> <span class='ocrx_word' id='word_1_732' title='bbox 997 5207 1253 5278; x_wconf 85' lang='lat' dir='ltr'>scriptus</span> <span class='ocrx_word' id='word_1_733' title='bbox 1314 5203 1408 5273; x_wconf 88' lang='lat' dir='ltr'>sit,</span> <span class='ocrx_word' id='word_1_734' title='bbox 1472 5219 1586 5257; x_wconf 90' lang='lat' dir='ltr'>non</span> <span class='ocrx_word' id='word_1_735' title='bbox 1656 5200 1974 5255; x_wconf 87' lang='lat' dir='ltr'>admodum</span> <span class='ocrx_word' id='word_1_736' title='bbox 2025 5197 2310 5262; x_wconf 89' lang='lat' dir='ltr'>dubitem,</span> 
     </span>
    </p>
   </div>
   <div class='ocr_carea' id='block_1_105' title="bbox 669 5285 2308 5368">
    <p class='ocr_par' dir='ltr' id='par_1_105' title="bbox 669 5285 2308 5368">
     <span class='ocr_line' id='line_1_106' title="bbox 669 5285 2308 5368; baseline -0.009 -13"><span class='ocrx_word' id='word_1_737' title='bbox 669 5297 885 5355; x_wconf 87' lang='lat' dir='ltr'>etenim</span> <span class='ocrx_word' id='word_1_738' title='bbox 919 5296 1117 5368; x_wconf 89' lang='lat' dir='ltr'>aliqua</span> <span class='ocrx_word' id='word_1_739' title='bbox 1148 5295 1326 5364; x_wconf 85' lang='lat' dir='ltr'>hujus</span> <span class='ocrx_word' id='word_1_740' title='bbox 1357 5291 1657 5348; x_wconf 72' lang='lat' dir='ltr'>sententia:</span> <span class='ocrx_word' id='word_1_741' title='bbox 1692 5307 1802 5345; x_wconf 88' lang='lat' dir='ltr'>non</span> <span class='ocrx_word' id='word_1_742' title='bbox 1848 5289 2044 5358; x_wconf 90' lang='lat' dir='ltr'>inepta</span> <span class='ocrx_word' id='word_1_743' title='bbox 2076 5286 2219 5341; x_wconf 89' lang='lat' dir='ltr'>ratio</span> <span class='ocrx_word' id='word_1_744' title='bbox 2250 5285 2308 5340; x_wconf 91' lang='lat' dir='ltr'>in</span> 
     </span>
    </p>
   </div>
   <div class='ocr_carea' id='block_1_106' title="bbox 666 5376 2312 5460">
    <p class='ocr_par' dir='ltr' id='par_1_106' title="bbox 666 5376 2312 5460">
     <span class='ocr_line' id='line_1_107' title="bbox 666 5376 2312 5460; baseline -0.006 -19"><span class='ocrx_word' id='word_1_745' title='bbox 666 5387 795 5460; x_wconf 91' lang='lat' dir='ltr'>ipso</span> <span class='ocrx_word' id='word_1_746' title='bbox 813 5387 945 5443; x_wconf 90' lang='lat' dir='ltr'>libri</span> <span class='ocrx_word' id='word_1_747' title='bbox 965 5391 1309 5457; x_wconf 88' lang='lat' dir='ltr'>argumento</span> <span class='ocrx_word' id='word_1_748' title='bbox 1330 5381 1658 5454; x_wconf 61' lang='lat' dir='ltr'>quaerenda.</span> <span class='ocrx_word' id='word_1_749' title='bbox 1692 5381 1762 5433; x_wconf 89' lang='lat' dir='ltr'>At</span> <span class='ocrx_word' id='word_1_750' title='bbox 1793 5397 1921 5433; x_wconf 81' lang='lat' dir='ltr'>vero</span> <span class='ocrx_word' id='word_1_751' title='bbox 1941 5376 2312 5447; x_wconf 83' lang='lat' dir='ltr'>scripseritue</span> 
     </span>
    </p>
   </div>
   <div class='ocr_carea' id='block_1_107' title="bbox 667 5467 2310 5539">
    <p class='ocr_par' dir='ltr' id='par_1_107' title="bbox 667 5467 2310 5539">
     <span class='ocr_line' id='line_1_108' title="bbox 667 5467 2310 5539; baseline -0.005 -9"><span class='ocrx_word' id='word_1_752' title='bbox 667 5476 834 5531; x_wconf 90' lang='lat' dir='ltr'>illum</span> <span class='ocrx_word' id='word_1_753' title='bbox 868 5475 1267 5532; x_wconf 85' lang='lat' dir='ltr'>Tertullianus</span> <span class='ocrx_word' id='word_1_754' title='bbox 1300 5474 1451 5528; x_wconf 86' lang='lat' dir='ltr'>inter</span> <span class='ocrx_word' id='word_1_755' title='bbox 1484 5475 1674 5525; x_wconf 86' lang='lat' dir='ltr'>metus</span> <span class='ocrx_word' id='word_1_756' title='bbox 1724 5467 1986 5539; x_wconf 72' lang='lat' dir='ltr'>Scapulae</span> <span class='ocrx_word' id='word_1_757' title='bbox 2030 5469 2310 5522; x_wconf 85' lang='lat' dir='ltr'>adversus</span> 
     </span>
    </p>
   </div>
   <div class='ocr_carea' id='block_1_108' title="bbox 667 5556 2308 5636">
    <p class='ocr_par' dir='ltr' id='par_1_108' title="bbox 667 5556 2308 5636">
     <span class='ocr_line' id='line_1_109' title="bbox 667 5556 2308 5636; baseline -0.006 -16"><span class='ocrx_word' id='word_1_758' title='bbox 667 5564 1046 5634; x_wconf 83' lang='lat' dir='ltr'>Christianos,</span> <span class='ocrx_word' id='word_1_759' title='bbox 1078 5565 1404 5636; x_wconf 89' lang='lat' dir='ltr'>imperante</span> <span class='ocrx_word' id='word_1_760' title='bbox 1453 5557 1769 5628; x_wconf 86' lang='lat' dir='ltr'>Caracallo,</span> <span class='ocrx_word' id='word_1_761' title='bbox 1819 5558 2121 5626; x_wconf 83' lang='lat' dir='ltr'>excitatos,</span> <span class='ocrx_word' id='word_1_762' title='bbox 2154 5556 2308 5627; x_wconf 92' lang='lat' dir='ltr'>quod</span> 
     </span>
    </p>
   </div>
   <div class='ocr_carea' id='block_1_109' title="bbox 668 5645 2310 5727">
    <p class='ocr_par' dir='ltr' id='par_1_109' title="bbox 668 5645 2310 5727">
     <span class='ocr_line' id='line_1_110' title="bbox 668 5645 2310 5727; baseline -0.005 -20"><span class='ocrx_word' id='word_1_763' title='bbox 668 5653 876 5709; x_wconf 79' lang='lat' dir='ltr'>Allixio</span> <span class='ocrx_word' id='word_1_764' title='bbox 907 5655 1147 5727; x_wconf 88' lang='lat' dir='ltr'>placuit,</span> <span class='ocrx_word' id='word_1_765' title='bbox 1180 5672 1251 5709; x_wconf 89' lang='lat' dir='ltr'>an</span> <span class='ocrx_word' id='word_1_766' title='bbox 1285 5653 1396 5709; x_wconf 83' lang='lat' dir='ltr'>sub</span> <span class='ocrx_word' id='word_1_767' title='bbox 1426 5649 1657 5705; x_wconf 89' lang='lat' dir='ltr'>initium</span> <span class='ocrx_word' id='word_1_768' title='bbox 1693 5647 2091 5703; x_wconf 88' lang='lat' dir='ltr'>calamitatum</span> <span class='ocrx_word' id='word_1_769' title='bbox 2125 5645 2310 5717; x_wconf 88' lang='lat' dir='ltr'>publi-</span> 
     </span>
    </p>
   </div>
   <div class='ocr_carea' id='block_1_110' title="bbox 2426 4651 4080 4735">
    <p class='ocr_par' dir='ltr' id='par_1_110' title="bbox 2426 4651 4080 4735">
     <span class='ocr_line' id='line_1_111' title="bbox 2426 4651 4080 4735; baseline -0.008 -16"><span class='ocrx_word' id='word_1_770' title='bbox 2426 4664 2626 4735; x_wconf 89' lang='lat' dir='ltr'>scripti</span> <span class='ocrx_word' id='word_1_771' title='bbox 2659 4668 2799 4718; x_wconf 89' lang='lat' dir='ltr'>sunt</span> <span class='ocrx_word' id='word_1_772' title='bbox 2831 4661 2963 4716; x_wconf 91' lang='lat' dir='ltr'>libri</span> <span class='ocrx_word' id='word_1_773' title='bbox 2994 4661 3062 4714; x_wconf 89' lang='lat' dir='ltr'>de</span> <span class='ocrx_word' id='word_1_774' title='bbox 3095 4659 3259 4713; x_wconf 85' lang='lat' dir='ltr'>Cultu</span> <span class='ocrx_word' id='word_1_775' title='bbox 3288 4657 3650 4728; x_wconf 76' lang='lat' dir='ltr'>feminarum,</span> <span class='ocrx_word' id='word_1_776' title='bbox 3697 4657 3758 4708; x_wconf 88' lang='lat' dir='ltr'>ut</span> <span class='ocrx_word' id='word_1_777' title='bbox 3810 4651 3921 4708; x_wconf 90' lang='lat' dir='ltr'>alio</span> <span class='ocrx_word' id='word_1_778' title='bbox 3953 4651 4080 4706; x_wconf 93' lang='lat' dir='ltr'>loco</span> 
     </span>
    </p>
   </div>
   <div class='ocr_carea' id='block_1_111' title="bbox 2426 4746 4080 4823">
    <p class='ocr_par' dir='ltr' id='par_1_111' title="bbox 2426 4746 4080 4823">
     <span class='ocr_line' id='line_1_112' title="bbox 2426 4746 4080 4823; baseline -0.007 -16"><span class='ocrx_word' id='word_1_779' title='bbox 2426 4752 2902 4823; x_wconf 88' lang='lat' dir='ltr'>disputabamus,</span> <span class='ocrx_word' id='word_1_780' title='bbox 2935 4748 3031 4804; x_wconf 88' lang='lat' dir='ltr'>isti</span> <span class='ocrx_word' id='word_1_781' title='bbox 3061 4765 3194 4803; x_wconf 86' lang='lat' dir='ltr'>vero</span> <span class='ocrx_word' id='word_1_782' title='bbox 3225 4746 3492 4817; x_wconf 89' lang='lat' dir='ltr'>ejusdem</span> <span class='ocrx_word' id='word_1_783' title='bbox 3526 4759 3706 4816; x_wconf 91' lang='lat' dir='ltr'>prope</span> <span class='ocrx_word' id='word_1_784' title='bbox 3753 4747 3894 4798; x_wconf 88' lang='lat' dir='ltr'>sunt</span> <span class='ocrx_word' id='word_1_785' title='bbox 3940 4757 4080 4796; x_wconf 88' lang='lat' dir='ltr'>cum</span> 
     </span>
    </p>
   </div>
   <div class='ocr_carea' id='block_1_112' title="bbox 2427 4832 4080 4912">
    <p class='ocr_par' dir='ltr' id='par_1_112' title="bbox 2427 4832 4080 4912">
     <span class='ocr_line' id='line_1_113' title="bbox 2427 4832 4080 4912; baseline -0.007 -15"><span class='ocrx_word' id='word_1_786' title='bbox 2427 4848 2629 4896; x_wconf 86' lang='lat' dir='ltr'>nostro</span> <span class='ocrx_word' id='word_1_787' title='bbox 2664 4840 3017 4912; x_wconf 88' lang='lat' dir='ltr'>argumenti.</span> <span class='ocrx_word' id='word_1_788' title='bbox 3064 4838 3295 4906; x_wconf 78' lang='lat' dir='ltr'>Deinde,</span> <span class='ocrx_word' id='word_1_789' title='bbox 3344 4851 3477 4889; x_wconf 90' lang='lat' dir='ltr'>cum</span> <span class='ocrx_word' id='word_1_790' title='bbox 3529 4833 3770 4887; x_wconf 87' lang='lat' dir='ltr'>haberet</span> <span class='ocrx_word' id='word_1_791' title='bbox 3813 4832 4080 4886; x_wconf 88' lang='lat' dir='ltr'>occasio-</span> 
     </span>
    </p>
   </div>
   <div class='ocr_carea' id='block_1_113' title="bbox 2425 4918 4076 4999">
    <p class='ocr_par' dir='ltr' id='par_1_113' title="bbox 2425 4918 4076 4999">
     <span class='ocr_line' id='line_1_114' title="bbox 2425 4918 4076 4999; baseline -0.008 -15"><span class='ocrx_word' id='word_1_792' title='bbox 2425 4946 2560 4984; x_wconf 89' lang='lat' dir='ltr'>nem</span> <span class='ocrx_word' id='word_1_793' title='bbox 2592 4929 2732 4984; x_wconf 87' lang='lat' dir='ltr'>satis</span> <span class='ocrx_word' id='word_1_794' title='bbox 2765 4932 3154 4999; x_wconf 86' lang='lat' dir='ltr'>opportunam</span> <span class='ocrx_word' id='word_1_795' title='bbox 3181 4921 3488 4979; x_wconf 89' lang='lat' dir='ltr'>invehendi</span> <span class='ocrx_word' id='word_1_796' title='bbox 3516 4921 3774 4976; x_wconf 89' lang='lat' dir='ltr'>severius</span> <span class='ocrx_word' id='word_1_797' title='bbox 3797 4919 3856 4972; x_wconf 91' lang='lat' dir='ltr'>in</span> <span class='ocrx_word' id='word_1_798' title='bbox 3879 4918 4076 4973; x_wconf 91' lang='lat' dir='ltr'>ortho-</span> 
     </span>
    </p>
   </div>
   <div class='ocr_carea' id='block_1_114' title="bbox 2423 5008 4074 5080">
    <p class='ocr_par' dir='ltr' id='par_1_114' title="bbox 2423 5008 4074 5080">
     <span class='ocr_line' id='line_1_115' title="bbox 2423 5008 4074 5080; baseline -0.008 -6"><span class='ocrx_word' id='word_1_799' title='bbox 2423 5020 2583 5074; x_wconf 72' lang='lat' dir='ltr'>doxae</span> <span class='ocrx_word' id='word_1_800' title='bbox 2614 5017 2880 5073; x_wconf 65' lang='lat' dir='ltr'>Ecclesiae</span> <span class='ocrx_word' id='word_1_801' title='bbox 2921 5015 3312 5080; x_wconf 90' lang='lat' dir='ltr'>addictorum,</span> <span class='ocrx_word' id='word_1_802' title='bbox 3364 5008 3787 5066; x_wconf 87' lang='lat' dir='ltr'>nonnullorum</span> <span class='ocrx_word' id='word_1_803' title='bbox 3839 5008 4074 5075; x_wconf 89' lang='lat' dir='ltr'>saltem,</span> 
     </span>
    </p>
   </div>
   <div class='ocr_carea' id='block_1_115' title="bbox 2423 5096 4072 5176">
    <p class='ocr_par' dir='ltr' id='par_1_115' title="bbox 2423 5096 4072 5176">
     <span class='ocr_line' id='line_1_116' title="bbox 2423 5096 4072 5176; baseline -0.007 -14"><span class='ocrx_word' id='word_1_804' title='bbox 2423 5109 2482 5163; x_wconf 90' lang='lat' dir='ltr'>in</span> <span class='ocrx_word' id='word_1_805' title='bbox 2516 5107 2779 5162; x_wconf 89' lang='lat' dir='ltr'>velandis</span> <span class='ocrx_word' id='word_1_806' title='bbox 2810 5104 3137 5176; x_wconf 77' lang='lat' dir='ltr'>virginibus</span> <span class='ocrx_word' id='word_1_807' title='bbox 3179 5098 3665 5158; x_wconf 86' lang='lat' dir='ltr'>consuetudinem</span> <span class='ocrx_word' id='word_1_808' title='bbox 3718 5096 4072 5152; x_wconf 85' lang='lat' dir='ltr'>contrariam</span> 
     </span>
    </p>
   </div>
   <div class='ocr_carea' id='block_1_116' title="bbox 2425 5187 4076 5265">
    <p class='ocr_par' dir='ltr' id='par_1_116' title="bbox 2425 5187 4076 5265">
     <span class='ocr_line' id='line_1_117' title="bbox 2425 5187 4076 5265; baseline -0.009 -12"><span class='ocrx_word' id='word_1_809' title='bbox 2425 5215 2565 5265; x_wconf 79' lang='lat'>81183,</span> <span class='ocrx_word' id='word_1_810' title='bbox 2599 5202 2793 5251; x_wconf 89' lang='lat' dir='ltr'>tamen</span> <span class='ocrx_word' id='word_1_811' title='bbox 2825 5194 2920 5250; x_wconf 91' lang='lat' dir='ltr'>hic</span> <span class='ocrx_word' id='word_1_812' title='bbox 2951 5193 3134 5249; x_wconf 89' lang='lat' dir='ltr'>multo</span> <span class='ocrx_word' id='word_1_813' title='bbox 3185 5189 3508 5248; x_wconf 90' lang='lat' dir='ltr'>modestius</span> <span class='ocrx_word' id='word_1_814' title='bbox 3559 5187 3849 5259; x_wconf 88' lang='lat' dir='ltr'>disputat,</span> <span class='ocrx_word' id='word_1_815' title='bbox 3895 5201 4076 5256; x_wconf 87' lang='lat' dir='ltr'>quam</span> 
     </span>
    </p>
   </div>
   <div class='ocr_carea' id='block_1_117' title="bbox 2421 5271 4077 5356">
    <p class='ocr_par' dir='ltr' id='par_1_117' title="bbox 2421 5271 4077 5356">
     <span class='ocr_line' id='line_1_118' title="bbox 2421 5271 4077 5356; baseline -0.009 -15"><span class='ocrx_word' id='word_1_816' title='bbox 2421 5287 2479 5342; x_wconf 90' lang='lat' dir='ltr'>in</span> <span class='ocrx_word' id='word_1_817' title='bbox 2513 5286 2644 5342; x_wconf 86' lang='lat' dir='ltr'>aliis</span> <span class='ocrx_word' id='word_1_818' title='bbox 2675 5285 2775 5356; x_wconf 90' lang='lat' dir='ltr'>qui</span> <span class='ocrx_word' id='word_1_819' title='bbox 2826 5289 2964 5339; x_wconf 90' lang='lat' dir='ltr'>sunt</span> <span class='ocrx_word' id='word_1_820' title='bbox 3012 5280 3349 5338; x_wconf 76' lang='lat' dir='ltr'>orthodoxis</span> <span class='ocrx_word' id='word_1_821' title='bbox 3394 5277 3670 5350; x_wconf 90' lang='lat' dir='ltr'>oppositi,</span> <span class='ocrx_word' id='word_1_822' title='bbox 3721 5275 3900 5346; x_wconf 90' lang='lat' dir='ltr'>quod,</span> <span class='ocrx_word' id='word_1_823' title='bbox 3958 5271 4077 5329; x_wconf 91' lang='lat' dir='ltr'>nisi</span> 
     </span>
    </p>
   </div>
   <div class='ocr_carea' id='block_1_118' title="bbox 2421 5363 4076 5448">
    <p class='ocr_par' dir='ltr' id='par_1_118' title="bbox 2421 5363 4076 5448">
     <span class='ocr_line' id='line_1_119' title="bbox 2421 5363 4076 5448; baseline -0.008 -17"><span class='ocrx_word' id='word_1_824' title='bbox 2421 5377 2575 5448; x_wconf 90' lang='lat' dir='ltr'>quod</span> <span class='ocrx_word' id='word_1_825' title='bbox 2607 5374 2889 5430; x_wconf 89' lang='lat' dir='ltr'>vellemus</span> <span class='ocrx_word' id='word_1_826' title='bbox 2939 5372 3305 5435; x_wconf 80' lang='lat' dir='ltr'>admittatur,</span> <span class='ocrx_word' id='word_1_827' title='bbox 3345 5371 3625 5438; x_wconf 90' lang='lat' dir='ltr'>conceptu</span> <span class='ocrx_word' id='word_1_828' title='bbox 3680 5363 3917 5419; x_wconf 80' lang='lat' dir='ltr'>difficile</span> <span class='ocrx_word' id='word_1_829' title='bbox 3947 5380 4076 5418; x_wconf 87' lang='lat' dir='ltr'>esse</span> 
     </span>
    </p>
   </div>
   <div class='ocr_carea' id='block_1_119' title="bbox 2420 5453 4074 5538">
    <p class='ocr_par' dir='ltr' id='par_1_119' title="bbox 2420 5453 4074 5538">
     <span class='ocr_line' id='line_1_120' title="bbox 2420 5453 4074 5538; baseline -0.01 -15"><span class='ocrx_word' id='word_1_830' title='bbox 2420 5467 2672 5538; x_wconf 91' lang='lat' dir='ltr'>quisque</span> <span class='ocrx_word' id='word_1_831' title='bbox 2705 5464 2878 5529; x_wconf 90' lang='lat' dir='ltr'>dicet,</span> <span class='ocrx_word' id='word_1_832' title='bbox 2913 5462 3011 5532; x_wconf 91' lang='lat' dir='ltr'>qui</span> <span class='ocrx_word' id='word_1_833' title='bbox 3044 5458 3624 5516; x_wconf 87' lang='lat' dir='ltr'>vehementissimam</span> <span class='ocrx_word' id='word_1_834' title='bbox 3657 5454 3985 5510; x_wconf 77' lang='lat' dir='ltr'>Tertulliani</span> <span class='ocrx_word' id='word_1_835' title='bbox 4015 5453 4074 5507; x_wconf 91' lang='lat' dir='ltr'>in</span> 
     </span>
    </p>
   </div>
   <div class='ocr_carea' id='block_1_120' title="bbox 2421 5546 4070 5614">
    <p class='ocr_par' dir='ltr' id='par_1_120' title="bbox 2421 5546 4070 5614">
     <span class='ocr_line' id='line_1_121' title="bbox 2421 5546 4070 5614; baseline -0.01 0"><span class='ocrx_word' id='word_1_836' title='bbox 2421 5556 2786 5614; x_wconf 88' lang='lat' dir='ltr'>defendendo</span> <span class='ocrx_word' id='word_1_837' title='bbox 2863 5552 3254 5609; x_wconf 89' lang='lat' dir='ltr'>Montanismo</span> <span class='ocrx_word' id='word_1_838' title='bbox 3342 5549 3527 5607; x_wconf 90' lang='lat' dir='ltr'>animi</span> <span class='ocrx_word' id='word_1_839' title='bbox 3614 5546 4070 5603; x_wconf 85' lang='lat' dir='ltr'>commotionem</span> 
     </span>
    </p>
   </div>
   <div class='ocr_carea' id='block_1_121' title="bbox 2419 5636 4064 5713">
    <p class='ocr_par' dir='ltr' id='par_1_121' title="bbox 2419 5636 4064 5713">
     <span class='ocr_line' id='line_1_122' title="bbox 2419 5636 4064 5713; baseline -0.007 -10"><span class='ocrx_word' id='word_1_840' title='bbox 2419 5646 2656 5704; x_wconf 87' lang='lat' dir='ltr'>aliunde</span> <span class='ocrx_word' id='word_1_841' title='bbox 2687 5643 2991 5711; x_wconf 84' lang='lat' dir='ltr'>intellexit,</span> <span class='ocrx_word' id='word_1_842' title='bbox 3045 5643 3306 5713; x_wconf 81' lang='lat' dir='ltr'>Denique,</span> <span class='ocrx_word' id='word_1_843' title='bbox 3357 5637 3594 5696; x_wconf 83' lang='lat' dir='ltr'>tametsi</span> <span class='ocrx_word' id='word_1_844' title='bbox 3641 5636 3897 5694; x_wconf 89' lang='lat' dir='ltr'>multum</span> <span class='ocrx_word' id='word_1_845' title='bbox 3929 5651 4064 5707; x_wconf 89' lang='lat' dir='ltr'>pro-</span> 
     </span>
    </p>
   </div>
  </div>
