4526 6396
184 326 302 387 205
1058 324 1155 385 AC
1197 323 1597 385 DOCTRINA
1643 322 2149 385 SCRIPTORUM
2191 324 2742 386 TERTULLIANI.
3466 331 3590 392 206

178 460 384 516 fuisset
412 475 624 525 causa,
658 459 834 530 cujus
866 458 924 514 in
975 457 1123 513 libro
1168 461 1368 513 nostro
1426 456 1826 513 defensionem
1860 458 1907 524 D
1942 457 2112 524 dere;
2150 457 2303 511 unde
2335 457 2605 529 colligere
2637 458 2769 530 quis
2799 464 3020 532 posset,
3079 478 3215 517 cum
3266 462 3585 522 inclinasse

178 553 524 622 susceperat,
548 550 595 605 si
616 547 1021 603 calamitatum
1055 547 1419 620 publicatum
1441 552 1497 603 et
1537 546 1821 619 periculo-

176 658 296 697 rum
335 638 723 709 lBunibus
756 636 1059 692 christiani
1124 654 1157 692 a
1209 638 1447 693 deorum
1496 636 1825 691 cultoribus

176 730 618 799 objiciebantur,
670 728 1031 782 mentionem
1092 725 1411 797 injeoisset,
1466 728 1590 798 ipse
1646 725 1823 781 etiam

178 818 591 888 Tertullianus,
626 817 727 889 qui
760 815 906 872 nihil
933 816 1081 871 solet
1120 816 1392 871 omittere
1451 832 1641 871 caussa
1708 832 1825 870 suae

178 909 525 981 proficuum,
560 922 694 962 cum
746 905 889 959 illud
939 908 1355 977 argumentum
1406 905 1463 959 in
1531 904 1698 960 libris
1764 904 1827 959 de

179 1000 339 1055 Cultu
354 999 698 1067 feminarum
721 995 902 1051 nostri
928 994 1223 1051 similibus
1252 994 1609 1060 adhibuerit,
1629 1000 1823 1048 tamen

182 1089 272 1143 hic
296 1106 365 1144 ne
387 1104 504 1142 uno
537 1086 776 1158 quidem
811 1085 979 1140 verbo
1028 1100 1126 1139 eas
1157 1083 1237 1139 ait
1270 1084 1581 1139 exstitisse.
1608 1085 1731 1147 Qua
1759 1100 1828 1138 ex

181 1195 238 1233 re
268 1176 464 1249 colligi
496 1178 709 1245 potest,
742 1190 875 1230 eum
908 1172 1190 1244 scriptum
1220 1188 1348 1228 esse
1372 1177 1662 1237 tum,cum
1694 1172 1824 1227 tali-

183 1270 289 1322 bus
319 1264 495 1321 malis
537 1282 648 1320 non
698 1268 897 1320 essent
952 1262 1257 1317 christiani
1317 1262 1600 1333 oppressi.
1651 1262 1827 1332 Atqui

181 1372 310 1412 cum
344 1371 481 1409 eum
511 1353 834 1409 dixerimus
879 1351 1267 1424 compositum
1326 1368 1454 1407 esse
1512 1355 1826 1424 postquam

179 1444 575 1501 Tertullianus
608 1458 669 1499 se
716 1441 1083 1497 Montanistis
1163 1442 1530 1512 adiunxerat,
1590 1444 1830 1513 apparet

179 1532 685 1590 nostrumlibrum
723 1548 839 1587 non
889 1546 1059 1602 posse
1118 1530 1511 1601 antiquiorem
1565 1546 1693 1585 esse
1723 1546 1825 1584 an-

178 1641 249 1679 no
279 1624 383 1690 CC,
418 1622 699 1693 quoniam
731 1620 1155 1676 Tertullianum
1189 1619 1327 1675 alibi
1360 1620 1715 1675 docebamus
1762 1636 1828 1676 eo

177 1730 330 1769 anno
364 1712 436 1767 ad
471 1710 854 1767 Montanistas
884 1709 1226 1777 transiisse;
1261 1725 1451 1781 neque
1484 1709 1670 1765 multo
1693 1726 1826 1781 pos-

1936 551 2104 619 forte,
2138 550 2237 604 sed
2263 566 2366 604 nec
2398 552 2520 604 tum
2555 566 2617 605 se
2648 551 2973 623 applicasse
3008 554 3079 607 ad
3115 558 3305 623 partes
3358 555 3587 613 Monta-

1936 639 2503 709 nistarum,quemad
2517 640 2749 693 modum
2765 644 2819 695 et
2834 640 2976 695 illud
3000 641 3057 695 in
3074 641 3243 698 libris
3265 643 3334 697 ad
3359 646 3589 701 Uxorem

1936 726 2704 800 superiusdiximus.Alieta
2730 731 3018 785 modestia
3042 731 3187 785 161
3220 732 3589 805 faeilitasque

1936 819 2064 888 ejus
2097 820 2337 887 apparet
2369 816 2545 871 etiam
2576 817 2633 871 in
2667 817 2797 871 aliis
2839 817 3006 873 libris
3028 818 3185 873 haud
3237 820 3415 877 dubie
3447 828 3589 878 tem-

1936 923 2072 977 pore
2104 922 2169 960 eo
2201 906 2484 976 scrriptis,
2520 924 2633 977 quo
2658 908 2783 976 jam
2817 924 2880 962 se
2938 907 3260 979 disciplinae
3320 910 3585 969 Montani

1937 994 2335 1059 dediderat,et
2362 994 2706 1050 admiranda
2721 1012 2834 1050 non
2868 995 3045 1050 nimis
3075 1001 3163 1051 cst
3192 997 3250 1050 in
3275 997 3423 1052 libro
3456 997 3581 1066 tali,

1939 1085 2039 1155 qui
2072 1088 2158 1139 est
2190 1084 2371 1138 instar
2405 1083 2659 1154 epistolae
2700 1085 2997 1152 suasoriae,
3031 1084 3090 1139 in
3150 1101 3266 1156 qua
3322 1086 3582 1145 solemus

1938 1175 2022 1229 uti
2054 1173 2448 1229 summissiori
2478 1172 2821 1245 placidaque
2870 1173 3143 1242 dictione,
3201 1192 3267 1231 ac
3326 1177 3581 1248 scriptus

1935 1264 2166 1319 videtur
2195 1280 2310 1318 non
2342 1263 2414 1317 ad
2445 1262 2701 1334 aliquem
2727 1263 3233 1332 Montanistarum,
3292 1266 3393 1337 qui
3422 1282 3582 1323 seve-

1940 1354 2090 1409 riore
2123 1352 2429 1424 disciplina
2461 1351 2880 1424 delectabatur,
2916 1354 3017 1408 sed
3050 1354 3122 1409 ad
3154 1355 3469 1425 quemdam
3514 1356 3586 1413 de

1938 1441 2195 1497 Ecclesia
2226 1442 2684 1497 orthodoxorum
2719 1442 3043 1498 hominem.
3078 1444 3274 1513 Cujus
3333 1443 3415 1499 rei
3472 1461 3587 1501 non

1938 1532 2188 1588 obscura
2212 1535 2299 1587 est
2330 1531 2386 1586 in
2421 1531 2727 1604 principiis
2757 1530 2893 1587 libri
2926 1531 3300 1603 signiﬁcatio,
3354 1532 3452 1588 ubi
3475 1533 3587 1589 fra-

1938 1626 2087 1676 trem
2117 1620 2279 1676 illum
2305 1620 2385 1676 ait
2437 1620 2563 1675 sine
2621 1620 2800 1676 dubio
2866 1621 2939 1676 de
2967 1622 3125 1676 exitu
3169 1622 3591 1692 singularitatis

1941 1711 2018 1781 (h.
2046 1726 2075 1766 e
2107 1710 2178 1765 de
2208 1710 2612 1765 restaurandis
2645 1709 2893 1782 nuptiis)
2924 1712 3203 1781 cogitare,-
3235 1712 3391 1781 quod
3428 1710 3586 1767 haud

176 1802 452 1857 teriorem
484 1800 681 1865 etiam,
714 1815 847 1854 eum
880 1816 1031 1853 anno
1051 1799 1202 1869 CCII,
1228 1798 1530 1853 ealamitcs
1562 1816 1595 1854 a
1624 1802 1828 1854 Severo
1863 1831 1911 1897 B
1942 1799 2061 1855 scio
2111 1816 2182 1854 an
2243 1816 2357 1854 non
2416 1799 2587 1855 cadat
2643 1799 2703 1853 in
2761 1814 2894 1853 eum
2929 1799 3187 1870 quicum
3212 1801 3589 1857 Montanistis

177 1891 439 1947 excitata;
465 1890 591 1961 jam
622 1889 883 1961 ceperint
910 1887 1279 1943 initium.Sed
1312 1904 1445 1943 eum
1480 1887 1695 1943 librum
1728 1905 1830 1943 no-

178 1979 405 2034 luimus
433 1978 591 2033 inter
620 1976 753 2033 illos
782 1976 1014 2043 referre,
1060 1993 1311 2049 quorum
1377 1982 1515 2031 tetas
1576 1976 1831 2032 certissi-

179 2086 267 2123 me
296 2071 603 2123 constaret
634 2071 959 2139 propterea,
986 2067 1141 2137 quod
1201 2066 1583 2136 conjectando
1644 2065 1832 2137 magis

180 2174 365 2228 quam
392 2156 675 2211 adhibitis
704 2155 1054 2211 certissimis
1072 2154 1595 2228 argumentis,ejus
1628 2160 1829 2226 potue-

179 2250 315 2301 runt
353 2244 580 2300 natales
613 2244 915 2300 constitui.

244 2423 274 2496 §
305 2424 367 2477 3.
403 2452 474 2462 ——-
504 2422 665 2477 Liber
684 2421 751 2477 de
776 2419 1179 2547 Exhortatione
1197 2421 1488 2490 castitatis,
1536 2436 1685 2477 anno
1728 2420 1830 2474 201

881 2509 1051 2547 exora
1080 2509 1165 2547 us.

881 2509 1165 2548 exoratus.

241 2640 453 2709 Neque
486 2653 616 2693 vero
649 2637 728 2692 ita
759 2635 943 2692 multo
984 2641 1116 2707 post
1140 2634 1341 2707 scripti
1374 2635 1643 2691 videntur
1698 2633 1831 2688 libri

174 2730 234 2795 ii,
268 2728 495 2801 quibus
535 2726 888 2782 domesticas
928 2726 1422 2782 Montanistarum
1469 2725 1765 2780 doctrinas
1800 2741 1834 2778 a

177 2822 525 2888 contemptu
560 2822 617 2871 et
658 2820 875 2887 impetu
940 2816 1238 2871 contrarias
1300 2814 1486 2886 partis
1542 2814 1835 2868 vindicare

178 2908 432 2973 studuit,
468 2904 670 2977 quales
708 2911 848 2960 sunt
875 2906 941 2960 de
988 2904 1385 2960 Exhortatione
1430 2904 1722 2967 castitatis,
1772 2901 1835 2955 de

180 2996 553 3064 Munogamia,
593 2993 937 3060 deJeiuniis,
982 2994 1151 3065 deque
1208 2992 1484 3047 Pudicitia
1537 3006 1833 3045 commen-

183 3087 461 3139 tationes.
492 3085 646 3149 Quas
675 3098 803 3137 esse
824 3099 1026 3137 omnes
1043 3081 1519 3154 plenaserrorum
1554 3078 1832 3143 Montani,

186 3190 363 3229 nemo
396 3178 487 3227 est
516 3171 615 3243 qui
647 3172 895 3237 dubitet;
924 3177 978 3227 et
1009 3188 1107 3227 eas
1139 3172 1247 3227 hoc
1278 3173 1393 3226 fere
1426 3177 1686 3240 tempore
1716 3167 1833 3222 h.e.

185 3265 290 3318 sub
316 3260 514 3316 initiis
552 3260 928 3315 Montanismi
968 3260 1232 3332 Septimii
1300 3260 1610 3332 prodiisse,
1670 3256 1837 3311 dubi-

184 3352 289 3406 tari
318 3351 420 3405 vix
454 3350 642 3420 magis
685 3354 896 3421 potest.
956 3350 1117 3415 Quod
1176 3355 1512 3419 utrumque,
1570 3345 1837 3417 singulos

185 3440 285 3495 hos
346 3440 532 3494 libros
590 3439 1002 3510 percurrendo,
1066 3440 1317 3493 breviter
1360 3437 1723 3501 docebimus,
1768 3450 1837 3489 ne

185 3531 300 3587 hac
340 3535 556 3585 nostra:
577 3528 911 3600 scriptionis
944 3529 1379 3601 pars,quamvis
1406 3528 1478 3583 ab
1500 3526 1631 3582 aliis
1658 3527 1836 3581 etiam

182 3624 460 3687 tractata,
520 3618 841 3672 desiderari
896 3618 1180 3673 videatur.
1235 3623 1382 3672 Sunt
1419 3634 1554 3671 vero
1608 3617 1726 3683 isti,
1786 3615 1835 3669 si

183 3710 321 3780 quid
360 3708 548 3775 video,
581 3708 783 3761 eodem
818 3706 1021 3762 ordine
1049 3706 1210 3776 editi,
1245 3724 1360 3778 quo
1391 3721 1489 3761 eos
1546 3704 1837 3760 enarravi-

182 3815 313 3853 mus
354 3814 371 3865 ;
405 3796 489 3851 ita
516 3803 581 3850 ut
610 3794 820 3850 horum
853 3794 1079 3866 primus
1111 3796 1292 3852 videri
1321 3796 1508 3866 possit
1539 3792 1718 3864 is,qui
1748 3798 1839 3848 est

181 3888 240 3941 de
272 3885 680 3942 Exhortatione
710 3885 1001 3940 castitatis.
1036 3886 1141 3951 Qui
1174 3885 1409 3956 quidem
1444 3900 1558 3938 non
1590 3883 1840 3937 refertur

185 3979 251 4031 ab
281 3976 643 4046 Hieronymo
678 3974 879 4045 (Catal.
916 3975 1183 4045 scriptor.
1220 3973 1368 4028 Eccl.
1402 3990 1451 4028 c.
1493 3973 1584 4043 53)
1625 3974 1684 4025 in
1730 3988 1838 4024 nu-

188 4081 348 4120 mero
383 4063 670 4118 librorum
702 4080 851 4134 quos
876 4064 948 4118 ad
980 4064 1346 4119 defendenda
1376 4061 1635 4116 Montani
1695 4060 1840 4115 scita

187 4153 588 4209 Tertullianus
620 4152 1056 4223 composuerit;
1089 4158 1229 4208 sunt
1258 4153 1433 4208 etiam
1466 4152 1525 4205 in
1559 4152 1663 4205 hoc
1692 4149 1839 4203 libro

190 4261 315 4316 qua:
350 4259 475 4297 rem
509 4258 622 4296 non
655 4243 800 4296 satis
828 4242 1138 4296 excutienti
1174 4240 1521 4313 persuadere
1579 4243 1838 4311 possent,

194 4332 468 4389 nondum
502 4336 626 4385 tum
660 4331 729 4384 de
761 4328 861 4384 illa
894 4330 1206 4402 disciplina
1274 4346 1407 4385 eum
1456 4329 1636 4383 fuisse
1668 4344 1681 4384 :
1741 4327 1842 4382 sed

190 4439 253 4478 ea
284 4420 533 4493 quidem
568 4425 706 4474 sunt
739 4418 973 4475 leviora.
1005 4419 1151 4475 Nam
1184 4420 1337 4491 quod
1367 4420 1752 4487 Hieronymus
1783 4416 1844 4471 in

191 4512 391 4566 indice
423 4509 633 4563 horum
668 4508 952 4564 librorum
986 4516 1253 4565 nostrum
1278 4526 1393 4564 non
1427 4507 1845 4577 habeat,hujus

192 4602 270 4657 rei
296 4602 499 4672 potest
556 4596 677 4652 haec
739 4597 883 4653 ratio
917 4615 1065 4665 esse,
1099 4599 1254 4669 quod
1282 4615 1395 4652 non
1425 4596 1670 4652 voluerit
1701 4612 1847 4650 enu-
1878 4571 1923 4635 D

196 4704 431 4745 merare
462 4686 577 4741 nisi
609 4686 789 4742 libros
820 4704 917 4742 eos
950 4705 1095 4759 quos
1126 4687 1457 4759 opponendi
1517 4685 1851 4740 orthodoxis

197 4775 519 4833 consilium
552 4775 910 4830 Tertulliano
944 4777 1052 4831 fuit
1085 4793 1097 4843 ;
1129 4778 1177 4831 is
1210 4793 1340 4831 vero
1370 4776 1435 4831 de
1464 4775 1855 4830 Exhortatione

199 4867 478 4922 castitatis
503 4864 650 4919 liber
682 4880 793 4919 non
828 4864 898 4920 iis
931 4864 1238 4936 oppositus
1271 4870 1378 4929 est,
1436 4864 1536 4919 sed
1600 4864 1856 4934 scriptus

206 4958 277 5012 ad
306 4954 643 5011 docendum
679 4956 916 5010 fratrem
951 4954 1145 5010 nescio
1178 4971 1557 5026 quem,quem
1591 4971 1705 5008 non
1736 4957 1857 5008 tam

207 5046 519 5102 confutare
547 5043 617 5097 de
649 5042 873 5115 nuptiis
904 5044 1235 5115 repetendis
1268 5042 1621 5115 cogitantem
1654 5041 1857 5107 voluit,

211 5151 389 5207 quam
428 5132 501 5188 ad
534 5132 890 5188 omittendas
922 5132 1063 5188 istas
1095 5133 1411 5188 adhortari.
1446 5132 1725 5188 Pristerea
1748 5146 1861 5186 non

212 5223 487 5296 equidem
520 5221 769 5289 inﬁcior,
802 5223 946 5277 satis
978 5221 1071 5276 hic
1103 5222 1400 5276 modestus
1433 5225 1489 5276 et
1550 5221 1679 5292 plus
1737 5236 1866 5275 esse

215 5329 393 5385 quam
425 5312 483 5365 in
517 5312 767 5377 caeteris,
801 5311 899 5381 qui
930 5311 1260 5367 doctrinam
1295 5311 1552 5381 aliquam
1576 5308 1863 5363 Montani-

215 5410 439 5458 starum
458 5400 989 5472 disputant,ipsum
1013 5401 1191 5455 etiam
1220 5398 1644 5454 Tertullianum
1677 5398 1736 5452 in
1760 5398 1869 5452 hoc

216 5491 364 5547 libro
395 5491 641 5546 suadere
675 5489 866 5561 magis
897 5493 952 5545 et
992 5488 1134 5544 utile
1191 5487 1623 5558 honestumque
1681 5486 1871 5540 dicere

224 5596 405 5636 unum
436 5579 810 5653 conjugium,
844 5595 1021 5649 quam
1054 5577 1366 5649 perfectam
1400 5573 1872 5631 intermittenda-

228 5685 355 5726 rum
384 5669 783 5728 secundarum
830 5666 1160 5740 nuptiarum
1214 5665 1624 5724 necessitatem
1674 5661 1874 5721 defen-

1944 1905 2057 1944 non
2093 1888 2386 1961 legitimas
2428 1888 2669 1959 putabat
2725 1889 3015 1944 secundas
3074 1888 3330 1961 nuptias.
3389 1890 3588 1961 Neque

1942 1995 2046 2050 ego
2079 1978 2281 2050 ignoro
2312 1976 2657 2049 scrupulum
2698 1976 3057 2033 Tillemontii
3110 1978 3177 2049 (Ι.
3238 1995 3288 2047 c,
3322 1995 3376 2050 p.
3437 1980 3588 2051 202),

1942 2068 2043 2138 qui
2078 2072 2133 2123 et
2164 2083 2438 2139 magnam
2472 2066 2760 2138 sibiﬁngit
2788 2066 2939 2122 inter
2974 2067 3126 2123 hunc
3160 2071 3215 2123 et
3235 2067 3299 2123 de
3330 2072 3585 2140 Monoga-

1941 2158 2056 2211 mia
2085 2156 2575 2211 commentarium
2628 2154 3197 2222 dissimilitudinem,
3248 2173 3379 2228 qua)
3430 2155 3591 2213 nulla

1944 2247 2065 2301 fera
2093 2249 2181 2301 est
2211 2250 2362 2299 recte
2392 2244 2742 2315 attendenti,
2775 2248 2832 2319 et
2880 2245 3297 2316 praeteritatam
3352 2245 3588 2302 silentio

1943 2332 2202 2390 Montani
2245 2333 2591 2389 memoriam
2624 2333 2975 2390 miratur.At
3006 2351 3076 2390 ne
3096 2333 3388 2405 appellam
3416 2334 3587 2389 illum

1944 2423 2341 2493 locum,quem
2376 2438 2490 2477 non
2523 2422 2941 2493 expressumin
2962 2422 3129 2478 libris
3144 2422 3362 2478 nostris
3394 2422 3583 2494 Rigal.

1942 2513 2062 2567 tius
2094 2511 2174 2583 (in
2202 2514 2321 2566 not.
2357 2512 2426 2566 ad
2462 2511 2519 2566 b.
2556 2511 2593 2565 l.
2627 2528 2683 2582 p,
2717 2511 2841 2578 414)
2876 2512 3154 2578 restituit,
3188 2512 3245 2567 in
3274 2528 3390 2582 quo
3420 2528 3591 2567 sum-

1944 2617 2048 2657 mae
2084 2599 2354 2655 Priscillae
2387 2599 2536 2655 vatis
2566 2599 3011 2670 Montanisticaa,
3044 2598 3251 2656 laudes
3280 2600 3590 2656 continen-

1941 2694 2061 2756 tur,
2096 2706 2209 2743 non
2243 2689 2425 2743 fuisse
2458 2688 2781 2761 prudentiae
2814 2690 2865 2744 ei
2922 2688 3164 2744 laudare
3224 2690 3590 2758 Montanum,

1944 2779 2044 2850 qui
2074 2778 2380 2850 repudiare
2410 2780 2539 2849 ejus
2586 2778 2958 2850 disciplinam
2989 2777 3319 2834 videbatur.
3372 2779 3482 2835 Sed
3542 2779 3592 2835 si

1945 2885 2062 2941 qua
2090 2872 2180 2923 est
2202 2868 2378 2923 etiam
2393 2867 3005 2934 aliadubitatio,omni
3036 2867 3121 2921 illi
3148 2868 3589 2940 opponipotest,

1945 2974 2060 3013 non
2089 2955 2280 3011 solum
2303 2972 2558 3024 summa,
2590 2956 2768 3011 etiam
2799 2958 2867 3011 ad
2902 2957 3074 3011 verba
3103 2955 3430 3012 similitudo
3458 2974 3590 3013 cum

1944 3044 2091 3099 libro
2120 3043 2184 3098 de
2211 3045 2553 3114 Monogomia
2586 3069 2600 3111 ;
2636 3061 2808 3115 quem
2842 3046 2959 3099 fere
2990 3043 3123 3099 libri
3156 3045 3338 3100 nostri
3390 3062 3594 3116 posses

1945 3132 2139 3187 dicere
2168 3130 2538 3205 παράφρασιν;
2568 3132 2667 3188 sed
2702 3148 2936 3203 quoque
2986 3132 3067 3199 id,
3101 3132 3254 3203 quod
3296 3137 3386 3188 est
3429 3150 3478 3187 ο.
3510 3134 3546 3187 6
3578 3149 3591 3188 :

1952 3223 2092 3276 Deus
2118 3224 2175 3276 in
2202 3222 2510 3292 primordio
2539 3225 2835 3276 sementem
2860 3222 3077 3289 generis
3133 3221 3318 3276 emisit
3367 3221 3596 3277 indultis

1945 3311 2331 3380 conjugiorum
2389 3310 2633 3374 habenis,
2709 3309 2878 3365 donec
2959 3309 3194 3365 mundus
3268 3311 3597 3382 repteretur,

1946 3398 2112 3453 donec
2140 3413 2296 3453 novae
2324 3397 2635 3468 disciplinae
2664 3400 2909 3453 materia
2934 3398 3216 3468 proﬁceret
3235 3415 3256 3458 ,'
3285 3415 3435 3453 nunc
3470 3414 3598 3454 vero

1945 3488 2043 3541 sub
2073 3487 2520 3542 extremitatibus
2549 3490 2853 3556 temporum
2904 3488 3217 3557 compressit
3266 3487 3407 3558 quod
3452 3488 3597 3542 emi-

1945 3579 2114 3640 serat,
2144 3579 2197 3629 et
2222 3576 2490 3630 revocavit
2535 3574 2674 3646 quod
2724 3575 3048 3629 indulserat.
3104 3575 3303 3646 Neque
3351 3593 3483 3631 vero
3541 3579 3597 3631 et

1947 3654 1981 3719 ὁ.
2010 3664 2247 3719 veritate
2278 3663 2466 3735 magis
2497 3664 2846 3734 alienarum,
2874 3664 3090 3719 librum
3148 3669 3416 3720 nostrum
3477 3665 3594 3720 fere

1947 3755 2201 3825 primum
2234 3754 2652 3821 dicere,eorum
2675 3770 2923 3824 quorum
2948 3753 3145 3823 ipsum
3177 3758 3590 3825 argumentum

1945 3850 2212 3901 versatur
2239 3844 2299 3896 in
2332 3843 2715 3898 defendendis
2744 3843 3234 3898 Montanistarum
3267 3845 3586 3912 erroribus,

1946 3935 2089 3990 Nam
2122 3933 2187 3987 de
2216 3934 2557 4002 Monogamia
2581 3932 2795 3986 librum
2830 3949 2945 3986 non
2996 3948 3311 4003 possumus
3359 3933 3586 3997 eodem,

1947 4039 2081 4079 cum
2114 4025 2331 4089 nostro,
2372 4027 2635 4091 tempore
2694 4023 2979 4091 scriptum
3035 4020 3404 4078 exsistimare
3459 4038 3587 4093 pro-

1950 4117 2147 4183 pterea
2172 4112 2350 4180 quod,
2386 4110 2468 4163 uti
2493 4110 2858 4178 dicebamus,
2878 4116 2968 4165 est
3028 4126 3269 4180 prorsus
3324 4111 3591 4180 ejusdem

1951 4198 2304 4270 argumenti.
2346 4195 2566 4251 Deinde
2604 4201 2872 4251 nostrum
2931 4198 3161 4253 videtur
3203 4199 3599 4254 Tertullianus

1954 4290 2115 4360 prius
2140 4284 2652 4357 scripsisse,quam
2680 4284 2847 4339 illum
2880 4287 3004 4356 qui,
3024 4287 3071 4341 si
3098 4287 3225 4357 jam
3257 4288 3601 4355 exstitisset,

1954 4394 2086 4431 cum
2119 4392 2182 4430 se
2214 4376 2283 4429 ad
2318 4381 2584 4428 nostrum
2617 4374 2994 4429 scribendum
3028 4375 3378 4446 accingeret,
3411 4375 3596 4430 nostri

1957 4463 2249 4523 scribendi
2310 4461 2473 4517 nulla
2529 4463 2849 4518 necessitas
2907 4462 3135 4530 fuisset,
3200 4465 3302 4519 sed
3360 4464 3597 4519 fratrem

1955 4555 2121 4610 illum
2156 4551 2438 4623 potuisset
2494 4552 2565 4605 ad
2626 4551 3117 4605 commentarium
3150 4551 3215 4606 de
3246 4554 3606 4621 Monogamia

1956 4648 2239 4712 tanquam
2273 4640 2343 4695 ad
2376 4638 2606 4711 publice
2635 4639 2850 4694 editam
2882 4640 3344 4710 disputationem
3402 4642 3610 4697 remit-

1960 4737 2102 4788 tere.
2136 4730 2242 4784 Sed
2278 4735 2546 4783 nostrum
2577 4728 2626 4784 si
2649 4728 2810 4799 prius
2843 4730 3129 4802 scriptum
3184 4747 3313 4787 esse
3361 4731 3611 4787 arbitre-

1965 4838 2118 4891 mur,
2154 4836 2267 4873 non
2302 4823 2525 4890 poterat
2554 4818 2602 4873 is
2633 4818 3028 4874 commendari
3059 4820 3356 4891 Psychicis
3389 4837 3401 4875 :
3436 4820 3619 4893 siqui-

1967 4913 2099 4966 dem
2134 4925 2247 4963 non
2272 4908 2501 4979 publice
2532 4912 2675 4974 erat,
2710 4909 2808 4963 sed
2861 4909 3082 4980 privato
3106 4910 3281 4966 alicui
3349 4912 3620 4983 proposio

1967 5004 2085 5055 tus.
2122 4996 2379 5068 Denique
2410 4998 2787 5052 ostendemus
2820 5003 3041 5068 postea,
3076 4997 3293 5054 librum
3322 4999 3386 5055 de
3434 4999 3614 5056 Mono-

1971 5089 2153 5162 gamia
2184 5103 2311 5142 esse
2339 5087 2455 5141 fere
2487 5087 2596 5141 sub
2630 5086 2867 5141 initium
2910 5086 3313 5143 calamitatum
3363 5089 3434 5144 ab
3495 5089 3624 5161 ipso

1972 5180 2179 5234 Severo
2211 5192 2348 5231 ann.
2380 5176 2519 5230 CCII
2542 5175 2923 5231 excitatarum
2948 5176 3619 5248 scriptum,czsterosque

1974 5265 2273 5337 Psychicis
2305 5264 2572 5321 consulto
2603 5265 2902 5337 oppositos
2959 5266 3310 5337 posteriores
3368 5282 3498 5320 esse
3556 5280 3623 5319 eo

1977 5357 2040 5412 de
2072 5356 2409 5425 Monogamia
2444 5372 2455 5421 ;
2490 5354 2688 5427 itaque
2712 5371 2945 5410 necesse
2976 5360 3065 5409 est
3094 5356 3625 5420 crcdere,nostrum

1979 5446 2045 5501 de
2078 5446 2482 5502 Exhortatione
2524 5446 2791 5501 castitatis
2848 5446 3067 5500 librum
3108 5443 3240 5498 illos
3298 5446 3463 5498 astate
3508 5442 3628 5498 fere

1982 5551 2279 5607 superare.
