4526 6378
693 383 816 444 207

1774 379 2292 443 DISSERTATIO
2337 379 2436 438 DE
2489 380 2689 441 VERA
2737 383 3018 444 IETATE

3986 385 4104 444 208

691 535 801 605 ς4.
833 566 902 578 -
929 535 1088 591 Libri
1114 535 1185 591 de
1228 533 1584 603 uanogamia,
1651 533 1890 600 Jejuniis
1948 540 2000 588 ei
2053 529 2329 586 Pudicita.
2360 512 2415 580 A
2441 512 2545 605 xit.
2579 529 2706 605 quae
2737 532 2852 605 non
2893 517 3210 573 admodum
3245 517 3625 574 recentiorem
3664 517 3822 573 hunc
3877 516 4096 573 librum

1272 621 1408 661 ann.
1430 605 1536 658 203
1565 606 1783 676 scrpitit

760 747 1090 806 Devolvitur
1117 762 1252 818 ergo
1282 746 1467 802 oratio
1490 750 1690 802 nostra
1720 745 1792 801 ad
1826 744 1987 800 illam
2030 744 2094 799 de
2146 744 2332 798 Mono-

691 839 876 908 gamia
904 835 1144 901 librum;
1177 836 1235 889 in
1269 851 1384 906 quo
1416 851 1548 890 cum
1575 833 1765 889 ubivis
1797 833 2107 904 Psychicos
2138 833 2335 886 redar-

693 929 853 998 guat,
886 922 1244 979 Paracletum
1277 925 1574 978 auctorem
1606 939 1778 977 suum
1813 926 1884 990 (c.
1919 924 1951 975 4
1980 921 2105 975 init.
2135 921 2338 990 cap.14

693 1014 839 1085 ciet.)
870 1029 1003 1068 cum
1034 1028 1180 1066 nova
1210 1011 1518 1083 prophetia
1548 1011 1835 1078 decantet,
1857 1026 2113 1080 suosque
2144 1013 2338 1080 crepet

692 1101 1208 1175 spirituales,162
1239 1101 1320 1155 ita
1350 1105 1583 1172 propter
1613 1100 1974 1170 agnitionem
2015 1099 2336 1153 charisma-

691 1197 817 1248 tum
851 1189 1196 1262 appsllatos,
1229 1189 1482 1260 denique
1513 1189 1571 1243 in
1603 1186 2024 1260 impugnandis
2063 1187 2337 1242 secundis

689 1280 910 1352 nuptiis
926 1283 1233 1334 consumat
1263 1277 1743 1342 universum,non
1769 1291 2006 1331 necesse
2035 1274 2339 1330 estmultis

687 1368 846 1424 hunc
867 1367 1084 1422 librum
1115 1380 1374 1420 asserere
1396 1364 1967 1420 Montanisticis.Sed
1991 1362 2226 1434 paulum
2246 1363 2339 1433 ju-

684 1460 782 1512 vat
810 1457 869 1510 in
900 1459 1133 1526 tempus
1164 1454 1363 1525 scripti
1382 1453 1559 1521 hujus
1588 1453 1994 1508 commentarii
2020 1451 2336 1523 inquirere.

687 1545 835 1599 Cum
869 1543 1037 1598 illum
1068 1541 1261 1597 locum
1293 1539 1456 1596 Pauli
1486 1557 1600 1612 quo
1623 1539 2041 1596 abstinentiam
2075 1539 2339 1608 anuptiis

686 1632 895 1688 suadet
919 1635 1156 1703 propter
1186 1630 1403 1700 injuria
1433 1629 1490 1682 in
1523 1628 1684 1683 illius
1715 1627 2019 1700 temporis,
2053 1644 2166 1698 quo
2199 1628 2340 1682 sub-

675 1721 816 1791 jecti
845 1719 1150 1775 christiani
1179 1723 1346 1774 erant
1377 1716 1772 1789 periculorum
1804 1715 2339 1787 perpetuitati,’l‘er-

688 1808 979 1864 tullianus
1009 1810 1082 1862 ad
1112 1823 1352 1863 causam
1371 1823 1538 1862 suam
1560 1806 2142 1874 contorsisset,magis
2170 1821 2337 1869 nunc,

2443 600 2876 661 calamitatibus
2898 623 2932 661 a
2961 611 3165 663 Severo
3186 606 3648 662 Christianorum
3684 605 3922 662 familias
3945 606 4099 662 inﬂi-

2444 691 2575 757 ctis,
2609 709 2826 747 annum
2859 693 3041 766 igitur
3071 694 3323 751 natalem
3357 695 3535 766 huius
3555 695 3688 750 libri
3764 695 3880 751 fere
3918 695 4099 753 CCIV.

2446 785 2546 836 aut
2576 789 2943 854 sequentem,
2979 786 3318 852 ostendunt,

2445 953 2475 1026 §
2503 955 2557 1009 5.
2589 986 2658 997 -—
2687 957 2844 1011 Libri
2869 956 3127 1011 adversus
3156 963 3455 1025 Praxeam,
3489 957 3891 1027 Hermogenem,
3937 961 3989 1012 et
4033 957 4099 1012 de

2773 1028 2993 1097 Anima,
3028 1045 3172 1083 anno
3204 1031 3330 1097 204,
3355 1030 3442 1084 vel
3466 1030 3573 1083 205
3602 1030 3759 1084 editi.

2519 1177 2632 1232 Hos
2664 1180 2922 1234 nondum
2941 1180 3056 1236 fere
3073 1179 3252 1236 libros
3267 1184 3470 1236 contra
3490 1180 3806 1236 Ecclesiam
3824 1180 4101 1237 orthodo-

2445 1282 2578 1320 xam
2605 1268 2753 1322 163
2784 1268 3130 1336 confecerat,
3153 1285 3286 1323 cum
3318 1268 3414 1322 alii
3436 1286 3497 1324 se
3518 1269 3713 1340 generi
3748 1269 4100 1340 disputatio-

2449 1371 2588 1408 num
2610 1355 2888 1411 adversus
2923 1356 3220 1412 haereticos
3252 1358 3507 1412 dederet.
3560 1357 3826 1429 Namque
3883 1355 4098 1413 horum

2447 1443 2740 1498 doctrinas
2771 1444 2937 1499 libris
2969 1448 3172 1501 statim
3207 1446 3317 1501 sibi
3352 1446 3633 1516 subjectis
3664 1444 4098 1502 Tertullianum

2446 1533 2794 1602 exagitasse,
2813 1550 2927 1588 non
2959 1535 3729 1604 abhorretavero,quoniam
3755 1534 3939 1606 ipsihi
3962 1535 4101 1590 libri

2447 1621 2712 1676 eamdem
2737 1622 2854 1677 fere
2881 1627 3112 1677 aetatem
3143 1640 3358 1695 magna
3385 1625 3492 1678 sub
3524 1628 3732 1678 Severo
3764 1624 4102 1680 calamitate

2446 1709 2912 1764 Christianorum
2974 1709 3144 1781 paulo
3199 1711 3578 1782 posteriorem
3618 1712 3927 1782 produnt;
3956 1717 4016 1767 et
4047 1713 4100 1766 si

2447 1798 2583 1868 quis
2605 1799 2950 1868 conjectura
2981 1798 3213 1854 dandus
3251 1804 3341 1854 est
3362 1799 3549 1868 locus,
3584 1816 3699 1854 non
3733 1799 3930 1871 inepte
3955 1801 4098 1870 quis

691 1898 876 1963 addit,
897 1901 1108 1967 tempus
1137 1898 1198 1951 in
1217 1896 1435 1951 collecto
1464 1894 1894 1966 est(c.3),neque
1924 1893 2018 1948 his
2047 1892 2194 1965 ipsis
2208 1909 2334 1949 ver-
2365 1883 2414 1948 B
2442 1884 2865 1941 Tertullianum
2906 1893 3255 1942 concentum
3284 1903 3418 1942 cum
3471 1904 3606 1943 vera
3633 1886 3890 1943 Ecclesia
3916 1905 4099 1944 suum

689 1984 780 2040 bis
803 1985 1047 2040 obscure
1069 1983 1647 2056 signiﬁcatmagnam
1659 1987 2068 2054 tempestatem
2091 1981 2334 2037 calami-

685 2077 876 2130 tatum
903 2078 1050 2140 tum,
1085 2088 1217 2127 cum
1250 2073 1320 2128 de
1360 2072 1735 2144 monogamia
1765 2071 2064 2138 scriberet,
2089 2071 2147 2126 in
2179 2071 2331 2126 chri-

685 2162 909 2218 stianos
939 2161 1201 2217 irruisse.
1232 2162 1393 2226 Quod
1450 2160 1682 2216 etiamsi
1715 2159 1850 2230 quis
1881 2160 2098 2214 diceret
2154 2160 2333 2214 etiam

691 2251 805 2306 dici
835 2267 868 2306 a
894 2249 1250 2306 Tertulliano
1281 2248 1541 2320 potuisse
1573 2248 1734 2304 nulla
1764 2247 1956 2304 adhuc
2003 2247 2334 2304 calamitate

682 2338 918 2411 publica
939 2338 999 2394 in
1031 2337 1386 2394 christianos
1417 2335 1901 2402 exsistente,illud
1920 2340 2116 2391 tamen
2149 2335 2332 2391 multo

680 2431 790 2496 est,
823 2426 1187 2498 probabilius
1210 2427 1684 2499 pr0ptereaquod
1705 2425 2023 2481 admodum
2055 2425 2332 2480 credibile

683 2519 794 2572 est.
853 2515 1278 2571 Tertullianum
1329 2515 1529 2570 statim
1583 2515 1693 2570 sub
1752 2513 1990 2568 initium
2076 2513 2332 2586 suscepti

689 2603 1068 2659 Montanismi
1097 2604 1362 2659 animum
1387 2604 1460 2658 ad
1478 2602 1655 2673 hujus
1669 2601 1990 2673 disciplinae
2007 2601 2333 2657 doctrinam

686 2692 1114 2748 defendendam
1145 2691 1473 2763 appulisse.
1515 2691 1574 2746 Id
1637 2690 1686 2745 si
1729 2705 1930 2745 verum
1987 2691 2086 2758 sit,
2126 2689 2333 2745 incidit

683 2781 942 2853 profecto
975 2780 1070 2836 hic
1100 2780 1246 2836 liber
1276 2780 1336 2834 in
1367 2795 1434 2834 ea
1473 2783 1736 2850 tempora
1766 2778 1980 2849 quibus
2021 2780 2146 2849 jam
2177 2778 2330 2850 ignis

681 2868 1083 2925 calamitatum
1100 2867 1471 2940 publicarum
1487 2867 1639 2922 inter
1651 2867 1999 2922 christianos
2012 2873 2325 2934 exarserat,

680 2958 800 3013 Hoc
830 2956 1012 3030 igitur
1039 2956 1167 3012 loco
1197 2957 1338 3011 dum
1370 2954 1908 3028 requiraturqualis
1931 2955 2152 3011 vexatio
2171 2955 2330 3011 Chri-

679 3045 1008 3101 stianorum
1042 3043 1427 3117 intelligenda
1455 3045 1553 3112 sit,
1585 3044 1975 3100 demonstrari
2009 3044 2121 3099 ista
2163 3043 2326 3100 nullo

674 3133 908 3206 negotio
941 3137 1150 3205 potest.
1181 3133 1328 3188 Nam
1363 3137 1494 3203 post
1521 3131 1868 3188 Tertulliani
1910 3132 1982 3187 ad
2034 3131 2328 3188 Montani-

2445 1975 2505 2029 in
2538 1974 2713 2029 rebus
2743 1975 2815 2029 ad
2843 1975 3018 2030 ﬁdem
3051 1976 3483 2046 pertinentibus
3517 1975 3666 2047 ipsis
3695 1975 3788 2030 his
3811 1976 4102 2032 doctrinis

2443 2064 2723 2118 adversus
2745 2063 3047 2119 hereticos
3070 2065 3451 2120 defendendis
3465 2066 3811 2120 confirmare
3837 2065 4100 2121 voluisse

2443 2152 2680 2207 diceret.
2713 2153 2877 2207 Acin
2909 2151 3002 2207 his
3061 2152 3229 2208 libris
3288 2153 3451 2208 nulla
3508 2154 3740 2210 videtur
3797 2154 4105 2225 antiquior

2443 2240 2759 2312 disputatio
2783 2240 2884 2296 illa
2909 2258 3038 2312 quis
3072 2246 3162 2297 est
3191 2242 3472 2298 adversus
3503 2247 3806 2309 Praxeam;
3835 2259 4016 2313 quam
4041 2246 4102 2298 et

2437 2328 2667 2385 videtur
2723 2329 2899 2400 paulo
2943 2335 3079 2385 ante
3136 2329 3354 2386 librum
3411 2340 3600 2386 contra
3676 2331 4100 2388 Valentiniano:

2439 2417 2789 2490 conscripta;
2812 2435 3106 2490 nusquam
3133 2419 3289 2474 enim
3326 2419 3384 2474 in
3416 2419 3524 2475 hoc
3545 2421 4100 2492 Antipraxea,qnam

2437 2507 2526 2562 vis
2583 2523 2983 2578 saepenumero
3047 2509 3461 2564 Valentiniano:
3520 2514 3958 2574 commemoret,
4021 2510 4100 2565 ad

2437 2593 2656 2650 librum
2688 2595 3113 2651 Valentinianis
3167 2596 3500 2669 Oppositum
3559 2603 3850 2669 provocat,
3910 2614 4100 2669 quem

2439 2700 2661 2739 morem
2693 2683 2859 2752 alias,
2893 2686 2949 2740 id
2975 2685 3152 2756 (quod
3184 2685 3459 2742 omnibus
3515 2687 3713 2758 ipsum
3754 2686 4100 2759 legentibus

2435 2777 2684 2838 constat,
2715 2776 2912 2828 tenere
2941 2773 3090 2829 solet
3119 2774 3514 2830 Tertullianus
3549 2799 3564 2842 ς
3588 2780 3644 2830 et
3673 2775 3826 2847 quod
3857 2775 4104 2832 videtur

2437 2863 2509 2916 ad
2533 2878 2602 2917 ea
2634 2878 2761 2932 quae
2821 2861 3099 2929 diximus,
3132 2863 3538 2919 conﬁrmanda
3563 2865 4100 2922 accommodatius.

2438 2950 2689 3006 Praxeas
2723 2950 2774 3006 is
2805 2955 2929 3006 erat
2959 2950 3289 3020 haereticus,
3321 2968 3492 3022 quem
3545 2951 3909 3009 Montanista:
3971 2953 4101 3010 sibi

2433 3038 2605 3112 longe
2637 3039 3120 3095 molestissimum
3153 3045 3355 3112 putare
3387 3041 3696 3109 debebant,
3731 3041 4022 3113 quoniam
4047 3043 4100 3098 is

2433 3128 2582 3200 ipse,
2616 3133 3006 3200 praeterquam
3029 3129 3185 3200 quod
3217 3145 3472 3184 errorem
3494 3130 3769 3185 doctrinm
3792 3131 4103 3188 deTriade

674 3227 796 3278 stas
828 3222 1221 3278 secessionem
1253 3237 1321 3277 ea
1350 3227 1587 3293 repente
1620 3221 1838 3277 exstitit
1869 3237 2061 3276 rerum
2097 3226 2322 3292 pertur-
2354 3246 2396 3313 Ο
2437 3217 2815 3272 sanctissima
2844 3219 3156 3272 adversum
3189 3218 3696 3283 disseminaverat,
3716 3222 4110 3290 persuaserat

674 3311 1038 3382 batio,quam
1070 3315 1313 3366 Severus
1336 3313 1640 3382 Augustus
1660 3309 1850 3364 edicto
1863 3325 1969 3364 suo
1998 3309 2323 3364 concitave-

679 3402 987 3468 rat.Atque
1008 3397 1276 3453 haeccum
1297 3402 1484 3469 empta
1502 3397 1928 3463 ann.CCll,fere
1958 3401 2089 3468 post
2101 3414 2322 3452 annum

677 3485 840 3540 CCIV
871 3485 1132 3552 desierit,
1153 3485 1474 3556 scriptique
1495 3485 1614 3540 sint
1647 3489 1780 3556 post
1810 3483 2028 3539 librum
2057 3489 2323 3541 nostrum

677 3573 814 3628 libri
868 3573 934 3628 de
1014 3574 1249 3643 Jejuniis
1301 3573 1472 3643 deque
1545 3573 1858 3639 Pudicitia,
1910 3589 2024 3628 non
2106 3573 2324 3629 librum

680 3666 950 3716 nostrum
974 3661 1245 3716 abhorret
1272 3661 1353 3730 ,in
1386 3676 1606 3716 annum
1656 3661 1772 3716 fere
1822 3660 1989 3716 CCIII
2041 3661 2326 3732 conjicere

683 3749 884 3821 Neque
939 3766 1072 3805 vero
1128 3765 1327 3804 vereor
1396 3748 1534 3804 huic
1603 3750 1956 3819 subjungere
2013 3748 2180 3805 illum
2262 3751 2329 3806 de

683 3839 919 3909 Jejuniis
966 3837 1204 3899 librum,
1264 3852 1439 3908 quem
1474 3836 1851 3906 posteriorem
1884 3853 2013 3894 esse
2060 3837 2207 3893 libro
2262 3839 2328 3895 de

681 3927 1022 3998 Monogomia
1050 3931 1107 3982 et
1135 3925 1377 3981 alteram
1400 3924 1576 3979 veluti
1609 3925 2024 3995 disputationis
2046 3927 2326 3984 adversus

680 4016 995 4088 Psychicos
1013 4018 1260 4086 partem,
1282 4013 1518 4069 initium
1542 4013 1859 4069 istiuslibri
1883 4015 2025 4070 satis
2049 4017 2324 4087 ostendit,

679 4103 994 4174 ipsumque
1017 4102 1164 4157 illud
1191 4103 1360 4157 docet
1391 4119 1501 4156 non
1528 4101 1608 4156 ita
1625 4101 1811 4157 multa
1841 4109 1974 4173 post
2000 4103 2167 4159 illum
2199 4105 2327 4160 edi-

676 4194 805 4247 tum
834 4208 868 4247 a
897 4190 1253 4247 Tertulliano
1285 4191 1485 4246 fuisse.
1519 4195 1616 4245 Est
1643 4190 1825 4262 igitur
1871 4190 1923 4247 is
1977 4207 2208 4264 quoque
2264 4193 2324 4249 in

680 4280 918 4352 publica
949 4282 1196 4352 quadam
1229 4280 1525 4335 vexatione
1569 4280 1889 4351 expositus,
1924 4297 2106 4352 quam
2141 4281 2326 4353 signi-

674 4371 848 4426 ﬁcare
878 4370 1015 4424 hinc
1044 4369 1198 4435 inde,
1223 4368 1401 4424 veluti
1433 4369 1490 4423 in
1525 4377 1779 4425 extrema
1809 4369 1943 4425 libri
1976 4371 2322 4442 parte,vide-

672 4468 802 4524 tur;
833 4475 939 4515 nec
965 4462 1154 4530 potest
1178 4458 1460 4513 vindicari
1495 4475 1527 4513 a
1550 4458 1925 4515 Montanismi
1961 4459 2318 4532 suspicione,

670 4565 788 4604 non
819 4549 989 4602 modo
1019 4552 1253 4619 propter
1285 4546 1442 4602 illam
1479 4547 1610 4602 libri
1642 4551 1892 4614 atatem,
1927 4549 2027 4603 sed
2085 4551 2322 4619 propter

672 4636 952 4692 Paracleti
982 4635 1156 4691 etiam
1191 4636 1612 4702 defensionem,
1647 4652 1697 4702 c,
1734 4637 1821 4702 10,
1857 4653 1909 4690 c.
1946 4638 2032 4704 11,
2056 4653 2104 4692 c.
2140 4639 2228 4704 13,
2259 4641 2318 4692 et

671 4725 888 4781 bellum
912 4726 1150 4794 Psychis
1182 4725 1413 4797 publice
1434 4725 1494 4779 in
1528 4724 1636 4780 hoc
1669 4723 1818 4780 libro
1847 4725 2153 4780 indictum.
2187 4727 2318 4780 Post

668 4813 826 4870 hunc
882 4830 999 4869 una
1055 4820 1236 4869 restat
1288 4815 1704 4870 commentatio
1766 4813 2062 4882 Psychicis
2120 4814 2315 4870 studio

666 4904 954 4975 opposita,
1004 4920 1071 4958 ea
1108 4903 1394 4971 videlicet,
1431 4921 1557 4974 quis
1587 4907 1677 4958 est
1713 4903 1776 4958 de
1833 4903 2088 4958 Pudietia
2147 4901 2313 4957 insti-

661 4995 805 5047 tuta.
839 4991 1021 5055 Quam
1051 5009 1180 5048 esse
1203 4997 1404 5047 contra
1425 4991 1790 5048 adversarios
1821 4990 2316 5046 Montanistarum

661 5080 944 5154 scriptam
999 5098 1168 5137 nemo
1214 5098 1474 5152 unquam
1533 5080 1842 5144 dubitavit,
1897 5095 2001 5134 nec
2047 5079 2316 5134 dubitare

659 5170 792 5242 quis
824 5175 1034 5243 potest,
1063 5176 1368 5243 propterea
1383 5170 1536 5240 quod
1564 5169 1690 5239 ipse
1720 5167 1862 5222 illud
1918 5167 2315 5223 Tertullianus

657 5275 837 5331 seque
867 5259 1127 5315 alienum
1163 5277 1196 5314 a
1227 5258 1504 5314 societate
1563 5256 1978 5329 Pyschicorum
2009 5257 2317 5328 profitetur

655 5365 705 5404 c.
741 5351 847 5416 1,0.
870 5351 925 5418 6,
957 5348 1239 5414 c.10,c.16
1270 5353 1322 5401 et
1353 5348 1521 5417 eam).
1544 5347 1805 5416 Suntque
1838 5346 2025 5399 multa
2054 5345 2141 5401 vel
2167 5345 2313 5400 libro

652 5437 767 5509 ipsi
798 5438 1089 5509 impressa
1110 5438 1184 5507 (c.
1219 5437 1307 5507 22)
1340 5435 1426 5490 vel
1458 5434 1694 5490 aliunde
1726 5440 1878 5489 certa
1907 5434 2094 5505 signa,
2117 5433 2315 5505 qualia

653 5526 855 5582 Orsius
887 5526 971 5598 (in
993 5527 1134 5582 Diu.
1168 5525 1232 5580 de
1260 5540 1394 5594 pace
1423 5533 1474 5580 et
1493 5520 1732 5579 absolut.
1761 5523 2089 5593 capitalium
2125 5525 2314 5578 crimi-

653 5631 810 5682 num,
861 5633 902 5670 α
961 5615 1230 5671 catholica
1289 5614 1539 5668 Ecclesia
1585 5612 1760 5666 tribus
1805 5612 2316 5682 prioribussaeculis

653 5717 763 5756 non
793 5701 1086 5770 denegata,
1147 5719 1197 5756 c.
1231 5703 1283 5766 4,
1311 5702 1580 5773 ιᾶίενθεε.
1615 5702 1669 5767 3,
1696 5716 1748 5771 p.
1778 5700 1879 5754 120
1929 5701 2043 5772 seq)
2101 5702 2313 5772 produ-

2437 3306 2614 3360 etiam
2638 3305 2908 3360 Pontifici
2939 3307 3404 3377 Romano,quem
3437 3307 3542 3361 viri
3568 3307 3725 3362 docti
3757 3308 3902 3362 satis
3922 3309 4111 3365 .bene

2440 3397 2707 3452 Victorem
2738 3394 2919 3450 fuisse
2942 3394 3302 3463 existimaui,
3331 3400 3397 3449 ut
3419 3395 3544 3466 jam
3605 3401 3872 3466 paratam
3920 3396 4107 3454 Mon-

2435 3483 2671 3538 tanistis
2703 3499 2903 3554 pacem
2933 3483 3277 3553 refringeret
3304 3483 3438 3551 (vid.
3463 3500 3513 3539 c.
3560 3485 3632 3552 1).
3693 3488 3891 3555 Neque
3951 3502 4110 3560 ergo

2435 3571 2672 3627 difﬁcile
2700 3576 2790 3626 est
2811 3571 3311 3638 credere,initium
3345 3571 3815 3643 disputationum
3844 3590 4106 3631 suarum

2434 3659 2858 3717 Tertullianum
2917 3677 2952 3714 a
2991 3659 3323 3714 velitatione
3383 3676 3517 3714 cum
3576 3660 3791 3716 Praxea
3857 3662 4105 3720 fecisse.

2435 3751 2617 3814 Quam
2649 3764 2822 3804 nemo
2854 3747 3489 3820 negabitaTertultiano
3512 3749 3866 3805 Montanista
3906 3752 4106 3810 fuisse

2435 3843 2792 3908 susceptam;
2816 3835 3010 3908 ipsum
3043 3835 3200 3891 enim
3231 3853 3462 3905 .nomen
3515 3839 3905 3909 Psychicorum
3939 3842 4113 3914 (0.1),

2433 3926 2559 3999 ipse
2589 3925 3012 3991 Paracletus,in
3035 3942 3150 3997 quo
3169 3941 3230 3981 se
3255 3925 3466 3982 melius
3485 3927 3558 3982 de
3575 3928 3818 3984 veritate
3834 3931 4117 4001 mysterii

2436 4017 2745 4071 desumma
2772 4014 3246 4070 maximaTriade
3269 4015 3538 4070 edoctum
3568 4017 4023 4088 proﬁtetur(c.2.
4044 4036 4102 4086 ο,

2432 4105 2486 4172 8,
2511 4105 2668 4174 etc.),
2709 4104 2838 4174 ipsa
2869 4104 3123 4174 denique
3162 4103 3443 4173 professio
3504 4105 3866 4176 agnitionem
3918 4113 4114 4164 Para-

2433 4195 2561 4248 cleti
2582 4198 2637 4247 et
2659 4192 2688 4245 d
2701 4192 3058 4247 efensionem
3077 4192 3406 4262 sejunxisse
3423 4209 3484 4248 se
3501 4194 3846 4264 aPyschicis,
3863 4205 4114 4266 ponunt

2433 4282 2580 4337 illud
2596 4298 2776 4352 supra
2795 4295 3025 4335 omnem
3048 4280 3501 4336 dubitationem.
3518 4283 3622 4337 Sed
3644 4283 3716 4337 de
3746 4283 3877 4354 ipsa
3907 4285 4110 4357 hujus

2431 4370 2566 4425 libri
2597 4374 2762 4424 atate.
2793 4385 2897 4424 nos
2920 4386 3034 4424 non
3067 4369 3356 4426 audemus
3387 4375 3786 4426 asseveranter
3828 4390 4106 4444 pronun-

2430 4460 2598 4531 tiare,
2630 4458 2917 4530 quamvis,
2951 4459 2999 4513 si
3031 4458 3145 4514 ista
3185 4460 3465 4515 adversus
3499 4464 3775 4516 Praxeam
3821 4461 4107 4533 disputa-

2430 4550 2511 4603 tio
2542 4549 2730 4620 prima
2759 4548 3025 4602 estinter
3074 4548 3533 4604 consertationes
3579 4566 3712 4604 cum
3773 4551 4105 4627 haereticis,

2425 4642 2600 4708 atque
2630 4635 2714 4690 ha:
2746 4642 2960 4691 secutae
2981 4641 3118 4691 sunt
3151 4638 3346 4692 statim
3376 4637 3558 4692 libros
3591 4639 3920 4694 orthodoxae
3983 4646 4107 4698 Ec-

2422 4727 2608 4781 clesia
2656 4725 2981 4796 oppositos,
3048 4742 3200 4780 anno
3234 4727 3349 4782 fere
3381 4727 3563 4798 CCIV,
3586 4732 3689 4783 aut
3720 4730 4108 4800 V,assignari

2426 4833 2539 4871 non
2568 4813 2719 4869 male
2743 4814 2949 4885 possit.
2973 4819 3133 4869 Hanc
3183 4817 3479 4887 excepisse
3539 4816 3752 4873 librum
3812 4819 4106 4879 adversus

2424 4903 2810 4971 Hermogenem
2841 4917 2953 4956 non
2990 4901 3309 4957 dubitarim
3341 4903 3568 4972 dicere;
3604 4909 3693 4958 est
3750 4906 3906 4960 enim
3974 4908 4104 4966 ista

2426 4990 2722 5062 antiquior
2753 4989 2897 5045 libro
2929 4990 2992 5046 de
3019 4991 3213 5046 Anima
3245 4996 3300 5046 et
3349 4991 3447 5046 illo
3506 4992 3771 5049 adversus
3833 4996 4106 5053 Valenti-

2425 5081 2656 5146 niamos,
2690 5085 2752 5132 ut
2781 5084 2980 5148 postea
2995 5080 3423 5152 docebitur,qui
3457 5097 3588 5136 cum
3626 5083 3934 5154 compositi
3967 5087 4111 5144 sint

2427 5169 2543 5222 fere
2593 5168 2908 5221 transactis
2971 5168 3269 5223 furoribus
3331 5169 3673 5237 Severianis,
3707 5173 3895 5227 eidem
3939 5190 4102 5234 cum

2426 5257 2780 5324 Antipraa'ea
2801 5273 2952 5310 anno
2967 5256 3315 5312 tribuendus
3336 5257 3569 5314 videtur
3590 5264 3787 5315 noster
3816 5259 4104 5335 libellus,

2423 5361 2593 5414 quem
2629 5360 2661 5398 a
2691 5342 3042 5398 Montanista
3069 5345 3404 5401 Tertulliano
3438 5348 3757 5417 profectum
3789 5365 3915 5404 csse
3946 5366 4103 5420 per-

2422 5433 2710 5488 acerbain
2772 5433 3047 5504 repetitas
3107 5433 3177 5489 ab
3246 5436 3580 5506 Hermogene
3649 5437 3884 5508 nuptias
3945 5455 4104 5498 ora-

2423 5523 2578 5577 tione
2603 5522 2676 5592 (c.
2706 5523 2876 5591 l)non
2909 5523 3156 5577 obscure
3187 5521 3620 5581 declarat.Huic
3650 5525 3824 5580 veluti
3857 5543 4106 5598 appen-

2421 5611 2610 5665 dicem
2645 5611 2872 5681 abjecit,
2904 5611 3056 5681 quod
3084 5611 3318 5667 initium
3339 5612 3471 5668 libri
3496 5619 3552 5668 et
3584 5613 3769 5671 multa
3801 5616 3914 5671 alia
3951 5616 4108 5679 loca

2422 5701 2651 5770 docent,
2693 5699 2908 5756 librum
2941 5699 3005 5756 de
3033 5701 3232 5758 Anima
3262 5703 3538 5759 refertum
3588 5704 3836 5762 somniis
3890 5704 4100 5767 innu-
