4526 6396
351 383 475 444 209

1226 386 1323 448 AC
1366 386 1757 447 DOCTRINA
1804 386 2306 448 SCRIPTORUM
2352 386 2904 449 TEItTULLIANI.

3652 384 3776 447 2l0

351 518 755 586 merabilibus,
789 520 891 591 qui
938 520 1115 576 habet
1162 520 1317 576 haud
1366 522 1577 577 dubias
1628 519 1997 575 Montanismi
2029 520 2081 588 Α
2113 524 2204 603 [ut
2237 519 2409 574 refert
2438 521 2744 590 Eusebius,
2780 521 2819 575 l.
2856 539 2905 577 c.
2940 521 3040 576 lib.
3072 538 3126 588 v,
3186 520 3274 590 17]
3306 520 3482 576 etiam
3517 536 3579 576 se
3608 522 3768 575 Mon-

350 614 519 663 notas
567 610 720 679 (38);
773 610 875 664 sed
937 610 1187 665 fueritne
1238 610 1442 665 eodem
1502 610 1617 665 fere
1674 627 1806 664 cum
1861 609 2007 663 libro

349 698 632 753 adversus
657 698 1079 769 Hermogenem
1101 716 1273 766 anno,
1292 717 1363 753 an
1378 704 1511 771 post
1528 716 1748 753 annum
1767 699 2005 752 demum

349 786 564 841 CCVIII
597 787 878 858 scriptus,
918 787 1063 841 illud
1106 804 1237 843 vero
1289 789 1494 843 cadere
1529 790 1585 843 in
1633 787 2004 857 disceptatio-

347 893 481 930 nem
516 882 733 946 potest.
774 875 922 929 Nam
957 892 1005 931 c.
1037 878 1107 929 2:
1165 878 1362 944 lnesse,
1398 877 1498 941 ait,
1546 878 1701 932 nobis
1729 875 1789 928 τὸ
1823 874 2004 944 αὐτεξ-

348 964 532 1017 ούσιον
566 968 907 1020 naturaliter
927 966 1047 1037 jam
1081 975 1133 1021 et
1182 967 1449 1021 Marciani
1477 966 1845 1026 ostendimus;
1876 982 2003 1035 qua}

348 1054 673 1125 disputatio
706 1055 766 1109 in
800 1054 973 1119 libro,
1007 1056 1159 1109 164
1192 1055 1292 1127 qui
1326 1059 1534 1123 exstat,
1575 1055 1832 1110 adversus
1860 1055 1996 1108 Mar-

347 1146 561 1199 cionem
594 1143 874 1213 secundo,
909 1160 959 1198 ο.
1002 1145 1056 1209 6,
1105 1145 1396 1212 occurrit;
1453 1145 1554 1200 sed
1606 1149 1797 1215 potest
1827 1146 2002 1198 etiam

348 1251 380 1288 a
394 1231 757 1287 Tertulliano
781 1249 936 1287 unus
962 1232 1241 1288 librorum
1257 1242 1449 1288 contra
1467 1232 2005 1302 Marcionemdeper-

346 1322 607 1376 ditorum
643 1320 914 1393 intelligi.
949 1322 1005 1376 Si
1039 1322 1181 1377 illud
1228 1323 1526 1392 statueris,
1559 1323 1667 1377 erit
1696 1322 1760 1376 de
1806 1322 2004 1375 Anima

348 1410 595 1482 scriptio
620 1410 907 1481 posterior
923 1428 1076 1466 anno
1101 1411 1315 1467 CCVIII
1342 1412 1457 1479 ;sin
1479 1411 1809 1482 hoc,potest
1823 1410 1999 1464 etiam

345 1506 483 1555 ante
514 1499 685 1554 illum
720 1517 938 1555 annum
971 1501 1260 1556 collocari.
1285 1502 1543 1565 Quarum
1575 1499 1999 1555 sententiarum

346 1589 492 1643 mihi
526 1588 720 1661 magis
752 1590 1040 1661 posterior
1062 1590 1341 1661 probatur
1366 1608 1377 1644 :
1402 1607 1535 1644 nam
1558 1595 1622 1643 ut
1649 1587 1999 1659 appendices

342 1678 660 1747 librorum,
697 1679 888 1749 qualis
921 1684 1009 1734 est
1047 1686 1247 1733 noster
1288 1678 1547 1746 libellus,
1599 1677 1786 1749 magis
1818 1677 1998 1730 moris

342 1773 428 1821 est
456 1767 687 1830 statim,
728 1784 839 1823 non
872 1767 1045 1839 longo
1077 1773 1209 1838 post
1240 1774 1523 1838 tempore,
1571 1767 1641 1821 iis
1686 1766 1997 1835 subjicere,

2123 609 2357 663 tanistis
2417 613 2817 682 Opposuerat),
2871 616 3045 682 atque
3092 616 3332 681 Irenaeo,
3385 609 3772 680 scriptoribus

2117 696 2449 753 orthodoxa:
2481 700 2766 756 Ecclesiae.
2817 701 2925 755 Sed
2979 700 3171 771 ipsam
3224 700 3403 770 hujus
3456 698 3587 753 libri
3633 704 3768 754 reta-

2116 792 2234 841 tem
2268 787 2316 841 si
2351 788 2484 858 quis
2533 789 2812 845 subtilius
2862 794 3298 860 percunctatur,
3353 787 3496 843 satis
3540 788 3770 843 videtur

2115 883 2573 934 consentaneum
2603 880 2813 945 dicere,
2840 896 2972 934 eum
3005 896 3135 935 esse
3158 897 3271 935 non
3305 880 3385 934 ita
3417 878 3602 933 multo
3636 882 3769 949 post

2115 967 2367 1036 sopitam
2399 968 2652 1038 quodam
2688 970 2859 1023 modo
2878 968 3284 1023 crudelitatem
3320 968 3377 1022 in
3411 967 3765 1022 christianos

2113 1062 2435 1110 exaratum.
2458 1061 2605 1111 Nam
2619 1062 2676 1111 et
2698 1056 3123 1112 confessionem
3148 1057 3409 1112 veritatis
3431 1055 3763 1111 christiana:

2114 1145 2225 1198 sub
2257 1146 2645 1214 potestatibus
2684 1146 2855 1201 istius
2906 1144 3102 1200 saeculi
3152 1152 3207 1201 et
3237 1147 3390 1217 apud
3447 1144 3766 1200 tribunalia

2112 1234 2426 1304 presidum
2461 1238 2660 1305 (quam
2714 1240 2881 1307 urget
2912 1252 2961 1290 c.
3012 1236 3102 1306 30)
3152 1236 3461 1290 defendere
3514 1251 3628 1289 non
3660 1235 3762 1289 ad-

2112 1324 2352 1377 modum
2386 1340 2624 1378 neccsse
2656 1328 2799 1391 erat,
2835 1323 2949 1377 nisi
2980 1328 3106 1378 tum
3138 1323 3225 1377 vel
3261 1325 3454 1395 ipsum
3490 1322 3632 1377 illud
3666 1339 3759 1377 ca-

2110 1410 2452 1467 lamitosum
2485 1416 2737 1484 tempus,
2792 1412 2879 1467 vel
2934 1413 3082 1469 165
3138 1414 3265 1483 ejus
3315 1412 3445 1467 viva
3477 1411 3761 1467 memoria

2110 1500 2447 1568 exstitisset,
2482 1506 2538 1554 et
2567 1505 2675 1565 est,
2726 1506 2790 1555 ut
2841 1502 3013 1556 modo
3062 1502 3426 1569 dicebamus,
3478 1501 3569 1555 hic
3614 1500 3763 1555 liber

2109 1589 2311 1643 eodem
2346 1590 2463 1643 fere
2495 1606 2630 1644 cum
2661 1592 2954 1660 Scorpiace
2998 1594 3257 1661 tempore
3308 1591 3563 1661 scriptus
3596 1592 3762 1660 post-

2109 1694 2284 1748 quam
2332 1679 2492 1733 furor
2538 1679 2729 1733 Severi
2790 1678 3104 1733 restinctus
3155 1680 3364 1744 fuerat,
3421 1683 3482 1733 ut
3516 1676 3760 1733 historia

2107 1765 2284 1835 hujus
2316 1768 2597 1838 temporis
2628 1768 2814 1823 docet.
2866 1770 3063 1839 Itaque
3095 1768 3282 1840 placet
3329 1769 3399 1823 ad
3443 1767 3661 1821 librum
3694 1766 3759 1822 de

342 1856 426 1912 sic
458 1863 520 1911 et
550 1857 755 1911 eodem
790 1859 959 1911 modo
984 1859 1044 1912 in
1077 1856 1362 1928 Scorpiace
1386 1856 1636 1911 amissos
1660 1856 1785 1926 jam
1820 1854 1997 1908 libros
2028 1891 2075 1955 Β
2106 1858 2129 1910 l

1970 1872 1997 1908 s
2028 1891 2075 1955 Β
2106 1858 2630 1927 Ρνέειςονίριίοηίὺω
2661 1858 3046 1913 haereticorum
3090 1858 3379 1929 progredi,
3412 1873 3586 1927 quem
3619 1855 3755 1910 huic

342 1946 607 2001 adversus
639 1947 967 2001 Marcionem
1020 1947 1250 2010 excitat,
1285 1952 1341 2001 et
1389 1948 1499 2001 erit
1524 1946 1666 2000 ordo
1711 1944 1995 1998 librorum

341 2034 714 2101 Tertulliani,
776 2035 826 2088 si
876 2036 988 2090 ista
1044 2034 1393 2089 admittatur
1439 2033 1748 2103 sententia,
1810 2032 1996 2087 multo

343 2124 711 2180 concinnior.
763 2125 989 2179 Etenim
1042 2124 1099 2178 in
1152 2124 1265 2179 ista
1320 2123 1603 2195 Scorpiace
1650 2139 1826 2194 quam
1863 2138 1992 2193 pro-

344 2214 621 2269 bavimus
669 2230 820 2268 anno
876 2212 1037 2268 CCIV
1078 2212 1355 2284 scriptam
1416 2214 1619 2282 fuisse,
1671 2211 1994 2276 haereticos,

340 2302 653 2357 Gnosticos
710 2307 766 2357 et
826 2301 1262 2358 Valentinianos
1321 2302 1591 2371 queritur
1648 2301 1995 2371 impugnare

340 2390 640 2463 supplicia
670 2394 878 2463 sponte
912 2409 944 2446 a
974 2390 1321 2447 Christianis
1366 2395 1602 2463 propter
1650 2388 1992 2459 religionem

342 2487 623 2552 suscepta
653 2482 730 2551 (ο.
792 2483 844 2547 1,
899 2497 948 2534 c.
1002 2481 1052 2543 4,
1108 2482 1183 2549 3).
1232 2481 1339 2536 Sed
1394 2480 1453 2534 in
1485 2480 1632 2534 libro
1681 2480 1746 2533 de
1772 2480 1993 2543 Anima,

345 2586 394 2624 c.
428 2572 525 2639 55,
560 2574 743 2623 multa
773 2570 1035 2641 disputat
1063 2570 1133 2624 de
1164 2568 1349 2641 gloria
1380 2575 1723 2637 martyrum,
1758 2572 1814 2622 et
1858 2567 1995 2622 huic

343 2658 515 2721 libro,
552 2662 617 2712 ut
647 2663 847 2728 postea
879 2659 1200 2729 apparebit,
1226 2658 1424 2713 statim
1458 2657 1707 2728 subjecit
1736 2657 1996 2711 adversus

352 2748 773 2803 Valentiniano:
818 2746 1055 2811 librum,
1110 2748 1168 2801 in
1224 2764 1355 2817 quo,
1405 2763 1452 2801 c.
1496 2748 1565 2800 30
1613 2745 1766 2813 init.,
1802 2746 1994 2816 impu-

340 2840 583 2907 gnatam
612 2835 693 2889 ait
722 2852 756 2890 a
798 2834 1221 2890 Valentinianis
1268 2835 1530 2907 martyrii
1564 2835 1989 2889 necessitatem.

341 2929 549 2995 Itaque
595 2924 739 2979 satis
795 2924 1027 2979 videtur
1082 2924 1309 2979 veritati
1362 2930 1843 2990 consentaneum,
1892 2939 1995 2977 no-

344 3020 537 3070 strum
564 3013 628 3068 de
659 3014 854 3068 Anima
900 3023 950 3069 et
995 3000 1259 3068 Adviersus
1314 3014 1733 3069 Valentinianos
1775 3012 1991 3065 librum

346 3119 464 3157 non
498 3103 689 3158 multo
738 3107 870 3174 post
918 3102 1242 3173 Scorpiacen
1292 3119 1444 3158 anno
1489 3103 1606 3158 fere
1654 3100 1785 3158 CCV
1815 3099 1996 3155 fuisse

346 3192 769 3262 conscriptum.

2108 1945 2396 2015 subjicere
2427 1962 2541 2000 non
2574 1946 2916 2001 dubitamus
2945 1972 2957 2013 ;
2992 1946 3272 2017 quidquid
3322 1946 3497 2001 etiam
3530 1946 3588 2000 in
3621 1961 3758 2000 con-

2104 2033 2345 2089 trariam
2378 2040 2602 2106 partem
2635 2035 3048 2091 Tillemontius
3070 2035 3130 2105 (l.
3166 2052 3215 2091 ο.
3243 2039 3390 2106 part.
3424 2052 3505 2101 III,
3540 2051 3598 2105 p.
3631 2034 3758 2100 203,

2105 2127 2162 2176 et
2193 2129 2312 2177 not.
2346 2126 2402 2191 6,
2452 2123 2510 2178 in
2560 2124 2879 2179 tertullian.
2932 2142 2989 2196 p.
3035 2125 3163 2195 656)
3194 2129 3249 2179 et
3300 2123 3645 2179 Whistonus
3676 2122 3760 2195 (in

2105 2212 2360 2283 scripto:
2400 2214 2504 2268 The
2530 2217 2654 2267 true
2685 2215 2870 2285 origin
2900 2216 2965 2284 of
2987 2213 3075 2269 the
3119 2212 3403 2269 Sabellian
3454 2212 3566 2267 and
3593 2212 3760 2267 Atha-

2102 2303 2305 2356 nasian
2336 2302 2615 2357 Doctrines
2645 2303 2709 2372 of
2729 2303 2823 2357 the
2869 2303 3106 2373 Trinity,
3152 2318 3207 2372 p.
3256 2302 3289 2355 3
3320 2301 3465 2372 seq.)
3490 2300 3753 2371 disputa-

2103 2390 2464 2445 verint.Nam
2494 2390 2643 2446 libro
2677 2408 2695 2445 ι
2724 2392 3000 2447 Adversus
3046 2390 3400 2456 Marcionem,
3452 2405 3579 2459 cap.
3614 2390 3665 2460 1,
3693 2403 3757 2443 se

2105 2478 2423 2550 aliquando
2456 2484 2831 2535 exaraturum
2865 2479 3176 2551 promittit,
3209 2477 3666 2550 disputationem
3690 2477 3757 2532 de

2104 2570 2534 2639 Praescriplione
2564 2570 2844 2623 adversus
2867 2567 3188 2633 hereticos,
3223 2584 3253 2623 e
3280 2584 3394 2638 quo
3416 2567 3526 2622 hoc
3559 2581 3756 2621 neces-

2106 2660 2260 2715 saria
2317 2658 2690 2715 conclusione
2742 2658 2990 2727 elicitur,
3049 2659 3288 2713 demum
3349 2661 3481 2729 post
3532 2673 3753 2713 annum

2104 2750 2311 2805 CCVIII
2366 2753 2633 2803 nostrum
2688 2747 2907 2803 librum
2981 2746 3098 2802 luci
3156 2748 3338 2802 fuisse
3396 2747 3751 2819 expositum.

2105 2840 2289 2909 Atque
2322 2837 2466 2892 illud
2499 2838 2720 2910 ipsum,
2758 2854 2946 2909 neque
2976 2841 3238 2909 tempore
3270 2854 3356 2904 eo,
3391 2852 3506 2907 quo
3536 2836 3755 2892 librum

2104 2931 2371 2982 nostrum
2421 2927 2827 2998 perscriberet,
2876 2942 3125 2981 vacuum
3177 2942 3211 2980 a
3258 2924 3755 2981 Montanistarum

2104 3016 2401 3071 erroribus
2468 3016 2650 3071 fuisse
2704 3015 2965 3071 animum
3036 3013 3379 3070 Tertulliani
3427 3012 3755 3069 clarissime

2105 3104 2379 3171 ostendit,
2414 3108 2479 3157 ut
2528 3121 2640 3158 non
2692 3104 2883 3159 dicam
2934 3102 3145 3158 horum
3194 3118 3459 3157 errorum
3508 3101 3755 3173 vestigia

2104 3210 2219 3249 non
2250 3193 2502 3249 obscura
2551 3209 2680 3248 esse
2710 3192 2769 3247 in
2818 3193 2927 3248 hoc
2976 3192 3146 3257 libro,
3197 3189 3373 3247 veluti
3405 3207 3453 3245 c.
3506 3191 3593 3259 40,
3627 3190 3749 3259 ubi,

342 3299 369 3365 §
396 3299 430 3352 6
460 3329 529 3338 —
560 3298 715 3353 Libri
743 3298 1006 3353 adversus
1031 3299 1443 3353 Valentiniano:
1462 3296 1590 3353 etde
1610 3294 1991 3366 Praescriptio-
2021 3259 2064 3327 α
2104 3299 2235 3337 cum
2269 3283 2492 3348 doceat,
2529 3281 2703 3337 etiam
2738 3280 3065 3352 malignum
3097 3278 3336 3351 genium
3368 3278 3630 3334 aemulari
3660 3279 3750 3335 in-

412 3370 581 3425 nibus
613 3373 794 3426 Carne
826 3370 1034 3425 Christi
1053 3375 1103 3426 et
1132 3371 1565 3439 Resurrectione,
1589 3377 1710 3439 post
1729 3386 1862 3423 ann.
1884 3368 1990 3421 203

415 3443 631 3513 scripti.

413 3548 567 3603 Ordo
630 3547 810 3619 igitur
838 3547 1124 3603 librorum
1174 3547 1454 3619 postulat,
1484 3551 1549 3603 ut
1595 3564 1750 3602 nunc
1781 3547 1851 3601 de
1881 3545 1991 3600 hac

344 3637 889 3694 Valentinianorum
904 3638 1355 3709 reprehensione
1368 3638 1873 3692 dicamus.Etvero
1890 3634 1992 3689 illa

341 3727 664 3783 defectione
724 3724 1069 3781 Tertulliani
1131 3727 1201 3781 ad
1262 3726 1647 3782 Montanistas
1709 3724 1986 3779 inferior:

344 3817 494 3887 quod
530 3816 768 3887 quidem
803 3816 959 3870 dicta
1007 3814 1144 3869 huic
1192 3814 1572 3886 disputationi
1605 3830 1846 3885 aspersa
1876 3828 1989 3866 non

343 3904 685 3976 planissime
718 3905 965 3969 docent;
1018 3903 1165 3959 nihil
1206 3910 1295 3959 est
1342 3904 1499 3959 enim
1532 3904 1591 3958 in
1653 3903 1760 3958 hoc
1793 3901 1990 3956 libello

342 3994 763 4062 doctrinarum,
797 3994 951 4064 quod
986 4009 1100 4048 non
1134 3993 1421 4065 potuisset
1460 3994 1634 4047 etiam
1687 3992 1760 4047 ab
1791 3992 1990 4046 ortho-

344 4083 486 4137 doxo
522 4082 811 4154 proﬁcisci
843 4107 858 4149 ;
892 4083 993 4137 sed
1041 4086 1235 4137 tamen
1287 4081 1343 4135 id
1377 4086 1616 4153 apparet
1660 4080 1988 4152 dupliciter.

342 4172 601 4226 Primum
662 4172 815 4243 quod
840 4172 966 4243 jam
1009 4187 1067 4226 se
1116 4172 1290 4232 dicat.
1324 4187 1373 4225 c.
1428 4172 1494 4225 16
1541 4174 1807 4237 extrem.,
1856 4186 1991 4224 cum

348 4260 703 4331 Hermogene
731 4261 801 4316 de
831 4262 1034 4316 eodem
1071 4266 1249 4332 atque
1280 4276 1413 4314 eum
1444 4258 1869 4314 Valentinianis
1902 4275 1993 4313 ar-

344 4354 622 4422 gumento
642 4365 1022 4422 congressum
1044 4350 1246 4420 fuisse,
1269 4367 1393 4422 qua:
1412 4348 1994 4417 Antithermogeniana

343 4439 663 4511 disputatio
694 4444 783 4495 est
812 4456 846 4494 a
878 4439 1047 4494 nobis
1078 4439 1249 4494 modo
1282 4437 1689 4493 Montanistico
1723 4434 1995 4508 scriptori

343 4533 570 4584 asserta
599 4545 613 4595 ;
648 4527 857 4582 deinde
880 4528 1035 4599 quod
1062 4528 1436 4583 vehementer
1461 4530 1644 4598 optat,
1679 4542 1727 4581 c.
1759 4527 1795 4580 5
1823 4531 1992 4596 extr.,

2100 3372 2438 3427 stitutiones
2470 3371 2734 3426 divinas:
2772 3371 2917 3438 Quid
2942 3369 3100 3443 quod,
3135 3368 3345 3438 inquit,
3377 3372 3429 3425 et
3475 3384 3752 3425 summum

2096 3458 2413 3530 pontiﬁcem
2444 3458 2499 3512 in
2533 3459 2659 3512 unis
2689 3458 2902 3528 nuptiis
2950 3458 3163 3527 statuit,
3198 3457 3359 3511 habet
3403 3462 3456 3511 et
3486 3456 3744 3528 virgines,

2102 3548 2265 3603 habet
2295 3556 2345 3602 et
2375 3549 2751 3608 continentes;
2782 3551 2838 3602 et
2867 3562 2996 3617 quae
3030 3550 3171 3602 sunt
3198 3546 3428 3618 generis
3455 3546 3741 3617 ejusdem.

2098 3639 2207 3692 Sed
2240 3654 2345 3709 age
2375 3637 2709 3709 aperiamus
2740 3653 2807 3692 ea
2838 3636 3049 3707 capita,
3082 3636 3238 3691 unde
3268 3636 3462 3691 omnis
3493 3636 3564 3691 ad
3596 3636 3745 3691 hanc

2101 3743 2337 3781 causam
2372 3725 2692 3796 disputatio
2726 3725 2797 3779 ab
2828 3724 2901 3780 iis
2932 3723 3032 3796 qui
3062 3730 3264 3780 contra
3313 3724 3577 3780 sentiunt
3607 3724 3748 3780 dici-

2100 3819 2213 3870 tur.
2249 3822 2328 3869 Ac
2363 3814 2618 3885 primum
2652 3814 2837 3881 aiunt,
2872 3814 3063 3869 locum
3106 3830 3140 3868 a
3188 3813 3358 3868 nobis
3389 3830 3420 3868 e
3469 3812 3616 3869 libro
3648 3814 3751 3868 ad-

2098 3921 2300 3960 versus
2321 3904 2669 3959 Marcionem
2690 3903 3005 3958 excitatum
3031 3902 3361 3975 signiﬁcare
3383 3902 3555 3957 etiam
3580 3917 3752 3973 posse

2100 3994 2318 4049 librum
2372 3994 2498 4063 jam
2559 3991 2884 4062 scriptum;
2942 3990 3296 4046 Wisthonus
3354 3989 3531 4044 etiam
3591 3990 3751 4044 aliud

2101 4082 2433 4154 exemplum
2466 4082 2629 4153 ponit
2660 4080 2839 4150 hujus
2871 4080 3148 4151 loquendi
3204 4079 3382 4145 modi,
3418 4095 3521 4134 nec
3553 4095 3752 4134 neces-

2101 4172 2324 4227 sarium
2359 4170 2414 4224 in
2451 4187 2510 4224 re
2541 4169 2816 4224 omnibus
2849 4173 3005 4233 nota,
3041 4185 3145 4223 nec
3173 4166 3291 4223 ullo
3320 4168 3492 4223 modo
3521 4172 3752 4240 aptum,

2103 4278 2133 4316 e
2163 4261 2265 4315 lib.
2296 4276 2354 4324 v,
2387 4277 2436 4314 c.
2476 4260 2559 4312 19.
2596 4258 2707 4313 Sed
2735 4257 2880 4312 illud
2935 4257 3168 4312 defendi
3200 4273 3314 4312 non
3365 4256 3508 4311 satis
3541 4260 3753 4328 potest.

2101 4351 2248 4405 Nam
2282 4349 2748 4420 quotiescunque
2788 4344 3189 4401 Tertullianus
3235 4345 3490 4416 aliquem
3532 4344 3752 4399 librum

2095 4438 2220 4508 jam
2257 4454 2289 4491 a
2318 4454 2379 4491 se
2409 4436 2803 4506 compositum
2856 4434 3095 4506 profert,
3148 4450 3453 4505 nunquam
3487 4434 3751 4488 futurum

2104 4526 2346 4581 adhibet
2396 4525 2674 4595 loquendi
2723 4540 2930 4595 genus,
2978 4523 3080 4577 sed
3132 4522 3321 4578 ubivis
3370 4521 3753 4593 prieteritum,

343 4622 406 4673 ut
436 4616 551 4672 sibi
584 4617 824 4671 daretur
869 4618 1107 4688 assequi
1159 4616 1465 4672 Proculum
1515 4616 1574 4670 in
1607 4616 1765 4670 omni
1799 4631 1990 4687 opere,
2023 4633 2074 4701 Β
2104 4620 2280 4688 atque
2331 4615 2556 4681 eodem,
2619 4612 2846 4685 opinor,
2907 4612 3080 4666 modo
3138 4612 3413 4683 praeteriti
3471 4610 3754 4682 temporis

346 4723 520 4778 quem
555 4710 609 4760 et
642 4707 874 4776 virginis
922 4715 1154 4763 senectae
1200 4714 1251 4761 et
1297 4706 1628 4761 Christiana:
1669 4706 1994 4777 eloquentia:

346 4798 677 4867 dignitatem
708 4794 979 4866 appellat.
1022 4800 1190 4851 Hunc
1242 4794 1554 4851 Proculum
1587 4810 1693 4866 ego
1740 4811 1856 4850 non
1887 4795 1995 4848 du-

348 4886 462 4940 bito
515 4884 831 4939 Proculum
880 4884 1049 4939 illum
1110 4885 1528 4940 Montanistam
1579 4884 1782 4951 fuisse,
1823 4885 1993 4953 cujus

349 4979 535 5030 exstat
567 4974 723 5045 apud
775 4974 1111 5039 Eusebium,
1146 4974 1247 5030 lib.
1298 4991 1374 5043 v1,
1410 4979 1480 5029 Η.
1533 4974 1616 5040 Ε.,
1670 4990 1719 5028 c.
1750 4974 1840 5037 20,
1876 4989 1992 5028 me-

350 5065 553 5130 moria,
585 5080 719 5119 cum
752 5068 988 5135 propter
1008 5062 1242 5120 laudem
1275 5063 1626 5135 virginitatis
1659 5064 1993 5134 ejus,quam

348 5159 630 5224 tanquam
681 5152 1021 5224 praeclaram
1054 5152 1113 5208 in
1162 5170 1228 5209 eo
1275 5153 1551 5208 virtutem
1602 5151 1996 5207 Tertullianus

351 5242 665 5313 collaudat,
716 5247 842 5297 tum
902 5246 1227 5315 propterea,
1276 5244 1428 5315 quod
1489 5242 1684 5312 ipsum
1726 5244 1993 5297 nostrum

354 5336 677 5403 nuncupat,
709 5330 1052 5386 distinctum
1073 5332 1182 5387 hoc
1206 5332 1440 5387 nomine
1463 5332 1532 5385 ab
1555 5330 1628 5386 iis
1651 5348 1797 5401 quos
1825 5331 1995 5386 modo

351 5420 707 5491 laudaverat,
738 5420 976 5476 Justino
1012 5427 1284 5494 martyre,
1322 5420 1581 5476 Miltiade
1612 5422 1998 5491 (Ecclesiarum

350 5511 615 5584 sophesta,
661 5516 725 5567 ut
756 5512 837 5567 ait
867 5510 1015 5567 forte
1044 5510 1322 5568 incensus
1351 5510 1482 5566 odio
1513 5510 1692 5583 hujus
1720 5510 1851 5581 viri,
1896 5512 1998 5582 qui

422 5656 533 5728 (38)
566 5656 707 5728 E.c.
742 5671 879 5710 cum
904 5670 979 5728 _c.
1029 5654 1101 5709 55
1136 5659 1204 5728 et
1242 5656 1331 5710 58.
1387 5652 1665 5728 Paracleti
1696 5653 1913 5728 monita
1942 5656 2001 5709 et

358 5725 760 5785 testimonium
791 5725 1027 5794 excitat,
1067 5727 1400 5800 ibidemque
1443 5732 1500 5782 et
1529 5741 1578 5783 ο.
1610 5725 1645 5779 9
1692 5727 1833 5783 dicit
1860 5741 1999 5782 suos

2104 4705 2409 4760 ﬂexionem
2443 4708 2838 4773 usurpaturus
2870 4700 3079 4756 fuisset
3108 4700 3601 4767 Tertullianus,ut
3621 4700 3759 4756 fecit

2105 4797 2175 4850 de
2204 4795 2312 4849 hoc
2339 4793 2489 4848 libro
2522 4792 2659 4847 alibi
2694 4793 2774 4862 (in
2809 4790 2958 4845 libro
3008 4790 3072 4845 de
3102 4789 3283 4846 Carne
3328 4791 3560 4858 Christi,
3595 4806 3643 4845 c.
3676 4792 3754 4862 2),

2105 4885 2152 4940 si
2184 4885 2348 4939 illum
2376 4884 2501 4954 jam
2537 4899 2569 4938 a
2601 4899 2661 4937 se
2693 4880 3081 4952 compositum
3113 4880 3395 4937 voluisset
3424 4880 3755 4935 dicere.Ne-

2105 4990 2219 5046 que
2246 4989 2380 5028 vero
2412 4971 2557 5026 illud
2609 4969 2807 5025 minus
2852 4974 2941 5025 est
2990 4973 3345 5037 contortum,
3395 4985 3529 5026 cum
3560 4969 3756 5026 locum

2105 5079 2170 5118 ex
2203 5061 2615 5117 Antimarcione
2659 5057 3069 5113 Tillemontius
3102 5062 3269 5129 putat
3316 5074 3619 5114 remanere
3652 5075 3754 5130 po-

2106 5152 2294 5207 tuisse
2338 5166 2370 5204 e
2418 5146 2584 5203 libris
2634 5146 2730 5215 iis,
2781 5163 2928 5217 quos
2978 5151 3113 5202 ante
3169 5146 3296 5218 hoc,
3355 5148 3509 5219 quod
3543 5149 3755 5211 exstat,

2107 5257 2254 5312 opus
2283 5240 2541 5294 adversus
2572 5237 2907 5292 Marcionem
2931 5236 3053 5307 jam
3090 5241 3291 5292 contra
3340 5252 3469 5291 cum
3505 5236 3755 5304 scripse-

2108 5334 2217 5385 rat.
2248 5328 2393 5383 Nam
2424 5330 2481 5381 et
2511 5325 2656 5380 illud
2691 5341 2850 5379 mera
2882 5326 3217 5396 conjectura
3259 5330 3348 5380 est
3390 5323 3550 5379 nullo
3585 5322 3755 5376 modo

2108 5416 2429 5492 probabilis
2457 5419 2781 5487 propterea,
2812 5414 2967 5486 quod
2992 5414 3409 5480 Tertullianus,
3434 5427 3566 5466 cum
3599 5426 3660 5465 se
3681 5408 3755 5464 ad
3780 5408 3794 5421 ⁶

2109 5507 2449 5565 scribendos
2480 5508 2711 5560 nostros
2754 5504 3014 5559 adversus
3060 5503 3401 5560 Marcionem
3446 5500 3627 5555 libros
3660 5514 3756 5555 ac-

2111 5652 2405 5724 Spiritatia
2454 5648 2792 5729 charismata
2846 5659 3164 5729 agnoscere,
3218 5658 3281 5725 ac
3334 5652 3452 5715 post
3489 5642 3757 5699 Joannem

2113 5721 2322 5797 quoque
2346 5721 2691 5794 prophetiam
2720 5721 2988 5774 meruisse
3014 5721 3288 5788 consequi.
