4526 6332
643 412 757 473 211

1723 410 2246 474 DISSERTATIO
2273 389 2390 470 ne
2429 409 2640 470 VEBA
2685 410 2970 471 )ETATE

3931 409 4051 468 212

647 545 927 619 cingeret,
973 561 1150 600 unam
1199 544 1283 599 illi
1327 544 1654 616 oppositam
1701 544 2161 617 disputationem
2203 559 2291 598 re-
2327 543 2378 610 Α
2408 541 2482 597 ad
2510 541 2786 615 Phrygas,
2822 559 2953 614 quos
2998 547 3162 598 antea
3212 541 3582 598 destruxerat.
3640 539 3886 596 Ubinam
3919 544 4053 595 tan-

649 636 918 702 scissam,
979 633 1216 690 alteram
1289 633 1563 690 amissam
1615 635 1968 702 conﬁrmat;
2031 638 2086 689 et
2134 633 2292 688 istud

651 727 1062 796 argumentum
1088 722 1441 778 Tillemontii
1493 723 1551 776 in
1580 739 1640 778 se
1672 724 1846 778 etiam
1892 724 2150 796 ineptam
2184 727 2292 778 est.

651 822 813 886 Quod
847 837 976 876 vero
1009 820 1149 876 dicit
1181 819 1398 876 librum
1432 820 1495 876 de
1527 821 1700 877 Carne
1745 822 1953 879 Christi
1981 838 2107 877 esse
2139 821 2295 892 prio-

652 927 774 965 rem
807 910 971 966 libris
1021 895 1241 966 nostris
1289 911 1548 966 adversus
1607 911 1933 968 Marcionem
1980 911 2136 965 hunc
2168 927 2296 966 vero

653 999 1034 1072 posteriorem
1068 999 1216 1055 libro
1248 999 1313 1056 de
1345 999 1723 1056 haereticorum
1770 1002 2200 1073 prescriptione,
2232 1016 2300 1055 ea

654 1104 766 1143 non
801 1103 978 1144 conor
1007 1089 1291 1160 attingere
1320 1107 1332 1157 ;
1366 1093 1454 1145 est
1485 1090 1638 1145 enim
1674 1107 1740 1146 ea
1757 1091 1826 1146 de
1858 1106 1917 1146 re
1948 1091 2093 1145 satis
2120 1105 2300 1161 supra

653 1177 1042 1250 disputatum,
1092 1179 1247 1233 unde
1303 1177 1668 1250 intelligatur
1723 1180 1982 1251 primum
2034 1183 2299 1235 nostrum

653 1265 875 1322 librum
905 1269 1351 1336 Antimarcionis,
1407 1268 1476 1323 de
1507 1285 1623 1340 quo
1675 1268 1766 1324 hic
1810 1269 2149 1340 quaerimus,
2186 1284 2300 1322 non

657 1373 786 1412 esse
816 1373 948 1412 cum
1015 1357 1236 1413 caeteris
1296 1357 1544 1427 editum,
1603 1375 1705 1413 nrc
1758 1358 1877 1414 ullo
1911 1359 2078 1414 modo
2109 1357 2208 1413 illo
2239 1357 2303 1413 de

664 1446 846 1502 Carne
877 1445 1083 1502 Christi
1113 1446 1516 1519 posteriorem.
1545 1448 1650 1503 Sed
1675 1447 1733 1502 in
1759 1447 1870 1504 fine
1902 1446 2035 1502 libri
2059 1447 2123 1502 de
2149 1448 2303 1504 Prae-

659 1537 958 1606 scriptione
1007 1535 1442 1592 Tertullianus:
1476 1536 1630 1592 Nunc
1676 1538 1892 1609 quidem
1943 1538 2304 1607 generaliter,

661 1624 879 1696 inquit,
915 1629 1206 1682 actumest
1245 1642 1275 1680 a
1317 1626 1475 1682 nobis
1522 1625 1777 1683 adversus
1824 1628 2053 1682 hereses
2099 1643 2306 1694 omnes,

662 1715 825 1770 certis
855 1721 905 1770 et
924 1714 1097 1785 justis
1127 1718 1180 1770 et
1203 1717 1534 1792 necessariis
1579 1717 2088 1788 prwscriptionibus
2103 1718 2305 1788 ιτερθί-

667 1803 856 1860 lendas
886 1821 920 1859 α
948 1804 1240 1861 collatione
1259 1805 1691 1876 Scripturarum.
1720 1810 1800 1860 De
1829 1805 2109 1876 reliquo...
2141 1807 2311 1862 etiam

2406 632 2534 686 dem
2562 632 2588 685 ?
2619 631 2946 703 Nusquam,
2975 632 3056 687 ait
3085 631 3456 701 Wisthonus,
3501 635 3620 686 tam
3653 629 3844 702 ample
3876 646 4054 701 quam

2403 719 2463 774 in
2496 719 2604 774 hac
2638 721 2978 792 appendice.
3038 725 3199 775 Certe
3248 720 3507 784 audiam,
3543 719 3695 774 unde
3751 718 3870 772 haec
3903 718 4052 774 Wis-

2406 809 2619 864 thodus
2651 809 2939 864 didicerit.
2977 810 3361 881 llieronymus
3395 809 3651 863 adversus
3678 807 4059 877 Luci/erianos

2405 913 2474 952 ex
2503 898 2632 968 hoc,
2666 899 2734 954 de
2767 916 2879 971 quo
2903 901 3244 972 qurerimus,
3271 899 3490 964 libello,
3529 897 3733 964 multa,
3767 902 4050 968 tanquam

2407 1004 2473 1042 θ’(
2507 988 2744 1058 antiquo
2778 989 2993 1060 scripto
3025 989 3226 1055 sumit,
3264 988 3522 1058 itemque
3553 986 3936 1058 Epiphanius.
3971 985 4062 1041 Sit

2408 1076 2490 1131 ita
2521 1093 2678 1144 sane,
2715 1077 3132 1149 descripserint
3155 1076 3336 1149 igitur
3357 1076 3562 1132 multa.
3589 1077 3735 1147 Ergo
3766 1074 3861 1130 hic
3890 1072 4058 1129 libel-

2409 1163 2506 1221 lus
2538 1183 2811 1238 magnam
2862 1166 3039 1222 habet
3087 1166 3519 1237 antiquitatem.
3568 1165 3751 1220 Habet
3781 1164 4062 1236 profecto,

2411 1262 2586 1318 etiam
2619 1263 2977 1320 Tertulliano
3026 1265 3172 1320 forte
3222 1264 3549 1336 aequalem;
3586 1280 3658 1318 an
3718 1278 3848 1317 eum
3882 1261 4062 1316 etiam

2414 1356 2714 1423 parentem
2757 1353 2988 1424 habeat,
3037 1353 3093 1408 id
3145 1354 3405 1408 nondum
3457 1351 3620 1407 video
3673 1368 3706 1406 a
3751 1349 4066 1405 Whistono

2416 1439 2657 1511 planum
2689 1441 2781 1498 his
2815 1443 3170 1499 testimoniis
3203 1444 3444 1498 factum.
3490 1441 3711 1497 Deinde
3756 1440 4071 1495 abhorrere

2417 1529 2783 1586 arbitrantur
2831 1531 2985 1603 quod
3034 1531 3436 1587 Tertullianus
3485 1535 3794 1602 separatus
3847 1545 4068 1585 acom-

2420 1619 2578 1674 muni
2612 1619 2869 1677 Ecclesia
2899 1620 3201 1692 scripserit
3250 1620 3468 1675 librum
3500 1625 3617 1674 tam
3671 1619 3912 1686 bellum,
3945 1622 4068 1673 tam

2421 1708 2626 1763 fortem
2660 1710 2731 1764 ad
2762 1710 3141 1780 exagitandos
3173 1726 3397 1775 omnes,
3430 1708 3527 1777 qui
3572 1724 3633 1763 se
3663 1707 3960 1763 erroribus
3994 1707 4068 1762 ab

2421 1796 2676 1852 Ecclesia
2705 1802 3120 1868 separassent.
3173 1815 3260 1866 ac,
3311 1797 3540 1853 etiamsi
3583 1802 3746 1852 tanta
3801 1796 3891 1851 vis
3924 1795 4074 1851 insit

670 1893 982 1964 specialiter
1010 1893 1340 1964 quibusdam
1398 1893 1855 1965 respondebimus.
1921 1896 2070 1950 I66
2101 1895 2307 1950 Audio.
2344 1916 2392 1981 Β
2423 1902 2455 1981 V:

2284 1921 2307 1949 χ,
2344 1916 2392 1981 Β
2423 1885 2670 1956 veritati,
2705 1891 2768 1940 ut
2799 1886 2971 1941 etiam
3025 1885 3222 1942 invitis
3271 1904 3332 1942 se
3362 1885 3834 1958 conspiciendam
3866 1885 4071 1940 defen-

673 1981 822 2046 Quid
871 1999 1006 2054 ergo
1055 1983 1189 2038 est?
1237 1999 1441 2039 omnes
1491 1988 1630 2038 sunt
1683 1984 2006 2040 Tertulliani
2035 1985 2315 2040 adversus
2345 1973 2388 1981 ’⁷
2425 1975 2794 2046 dendamque
2827 1975 3097 2046 praebeat.
3132 1976 3256 2048 ipse
3286 1991 3517 2047 Quoque
3547 1973 3939 2030 Tertullianus
3971 1991 4074 2029 sae-

679 2071 980 2127 bzereticos
1009 2070 1142 2126 libri
1173 2071 1522 2144 posteriores
1567 2089 1634 2128 eo
1667 2072 1766 2145 qui
1815 2076 1904 2128 est
1931 2073 1996 2128 de
2049 2075 2316 2129 Prwscri-

676 2161 997 2231 ptione?At
1025 2159 1206 2216 istum
1237 2160 1428 2216 locum
1457 2160 1885 2229 Tillemontius,
1923 2167 1982 2217 ut
2003 2162 2146 2217 mihi
2169 2163 2320 2218 vide-

677 2254 795 2322 tur,
828 2267 944 2306 non
975 2254 1126 2305 recte
1150 2251 1318 2322 cepit.
1346 2250 1490 2308 Nam
1524 2250 1580 2305 in
1606 2267 1670 2307 eo
1703 2250 1826 2306 loco
1851 2268 1964 2307 non
1995 2253 2316 2324 generatim

676 2341 736 2397 in
769 2339 878 2395 hoc
909 2339 1056 2395 libro
1101 2338 1498 2396 Tertullianus
1530 2339 1610 2395 ait
1654 2357 1716 2395 se
1765 2340 2064 2397 haereticos
2117 2343 2319 2398 confu-

674 2433 853 2498 tasse,
911 2429 1012 2484 sed
1067 2428 1230 2483 addit
1286 2445 1349 2484 se
1402 2429 1458 2483 id
1507 2428 1713 2484 fecisse
1771 2430 2036 2486 universe
2075 2433 2243 2487 certis
2272 2438 2322 2487 et

666 2519 835 2591 justis
864 2525 918 2574 et
947 2519 1272 2574 necessariis
1297 2519 1839 2590 praescriptionibus.
1876 2519 2074 2590 Itaque
2103 2519 2162 2575 in
2192 2519 2322 2575 aliis

675 2607 841 2664 libris
873 2624 988 2663 non
1041 2625 1101 2663 se
1151 2607 1456 2680 pollicetur
1506 2608 1821 2679 separatim
1880 2611 2322 2664 confutaturum

678 2696 1086 2751 hereticorum
1121 2694 1490 2767 singulorum
1537 2695 1886 2764 doctrinam,
1920 2698 2019 2752 sed
2051 2702 2325 2753 ostensu-

681 2801 814 2841 rum
848 2801 932 2852 ιθ,
965 2783 1230 2857 singulos
1261 2784 1435 2840 etiam
1467 2784 1770 2840 haereticos
1805 2802 2125 2858 eorumque
2157 2787 2324 2855 scita,

685 2879 850 2932 aetate
880 2867 1161 2930 doctrinis
1190 2877 1342 2928 recte
1373 2871 1745 2929 sentientium
1766 2875 2018 2930 credere.
2046 2877 2116 2930 At
2137 2877 2327 2932 denuo

687 2973 1051 3040 Whistonus,
1085 2970 1123 3027 l.
1159 2988 1206 3027 c.
1239 2988 1296 3043 p.
1331 2972 1399 3026 4:
1436 2970 1741 3040 Antiquior
1769 2976 1858 3028 est
1889 2973 1938 3028 is
1975 2973 2040 3030 de
2067 2975 2328 3030 Przescri-

682 3063 867 3135 ptione
886 3060 1356 3116 Commentarius
1375 3061 1719 3130 Apologetico
1738 3061 2100 3118 Tertulliani.
2121 3063 2328 3127 Quam-

685 3152 908 3218 obrem,
945 3151 1184 3206 obsecro
1205 3148 1232 3204 ?
1262 3148 1544 3221 Expedite,
1576 3149 1767 3220 inqutt
1795 3150 1854 3205 in
1885 3150 2114 3222 Apolog.
2147 3169 2197 3209 υ.
2239 3153 2328 3223 47,

676 3239 1087 3314 ρνεεεονίὸίτπαςς
1115 3239 1391 3294 adulteris
1438 3241 1666 3306 nostris,
1718 3238 1888 3294 illam
1935 3256 2049 3296 esse
2077 3241 2326 3311 regulam

684 3329 956 3394 veritatis,
986 3342 1110 3399 quae
1140 3328 1322 3382 veniat
1351 3344 1386 3382 a
1418 3325 1655 3396 Christo,
1688 3329 2009 3382 transmissa
2041 3345 2138 3398 per
2168 3330 2328 3384 comi-

685 3427 766 3474 tes
795 3418 987 3489 ipsius,
1039 3416 1239 3487 quibus
1281 3415 1583 3486 aliquando
1628 3417 1951 3483 posteriores
1998 3416 2201 3472 diversi
2238 3418 2332 3472 isti

685 3509 1134 3564 commentatores
1191 3504 1579 3576 probabuntur.
1643 3509 1892 3560 Acutum
1952 3523 2083 3562 vero
2141 3506 2331 3561 homi-

687 3611 844 3662 nem,
869 3593 969 3665 qui
995 3609 1129 3649 cum
1157 3593 1226 3648 de
1255 3592 1689 3664 praescriptione
1720 3593 2084 3661 audit,etiam
2115 3593 2331 3650 librum

689 3699 867 3756 super
895 3699 964 3739 ea
993 3699 1054 3739 re
1105 3682 1387 3753 scriptum
1419 3681 1610 3736 videt!
1645 3682 1714 3736 Et
1764 3699 1832 3738 ea
1879 3683 2116 3754 quidem
2148 3700 2333 3754 oppu-

690 3773 889 3847 gnatio
941 3773 1011 3828 ad
1061 3776 1289 3827 {etatem
1339 3770 1516 3842 hujus
1564 3770 1696 3826 libri
1748 3771 1936 3844 magis
1967 3772 2332 3843 pertinebat;

691 3869 1138 3941 cetera,quibus
1169 3885 1231 3924 se
1253 3869 1490 3925 adactos
1509 3885 1575 3925 eo
1603 3868 1828 3935 dicunt,
1854 3874 1917 3924 ut
1937 3869 2094 3925 hunc
2117 3869 2333 3926 librum

687 3978 720 4018 e
777 3976 1023 4016 numero
1096 3958 1646 4014 Montanisticorum
1704 3957 2154 4030 proscriberent,
2216 3960 2337 4016 hinc

689 4053 866 4106 sunt:
897 4049 1154 4105 Primum
1206 4048 1540 4103 Whistonus
1589 4048 1885 4119 adjectum
1948 4049 2097 4104 libro
2136 4054 2336 4105 nostro

685 4136 974 4205 libellum,
1005 4137 1106 4208 qui
1155 4136 1459 4192 haereticos
1491 4141 1648 4194 ortos
1693 4137 1750 4194 in
1801 4137 2024 4193 familia
2057 4137 2335 4194 Christia-

689 4243 896 4283 norum
931 4230 1213 4291 recenset,
1246 4226 1469 4296 objicit,
1502 4227 1560 4281 in
1596 4243 1710 4298 quo
1744 4225 2087 4298 planissime
2122 4225 2172 4279 ot
2203 4227 2340 4281 κατὰ

687 4314 894 4393 φρύγας
927 4314 1181 4370 ἣξει-εξιὶοἰ
1233 4315 1699 4370 condemnentur
1733 4333 1746 4385 ;
1779 4316 1934 4386 quod
1981 4319 2136 4371 esset
2165 4333 2338 4388 argu-

688 4409 949 4462 mentum
981 4403 1142 4460 nullo
1174 4403 1346 4459 modo
1379 4403 1759 4471 eludendum,
1793 4405 1864 4471 si,
1900 4405 2055 4477 quod
2093 4406 2340 4476 proban-

687 4495 830 4550 dum
887 4494 1132 4566 suscipit
1187 4491 1561 4564 Whistonus,
1613 4493 1708 4550 hic
1759 4493 1995 4549 libellus
2052 4493 2338 4549 vindicari

2427 2063 2559 2134 pius
2590 2064 2648 2118 in
2678 2063 2844 2118 libris
2876 2063 3033 2119 haud
3065 2063 3243 2120 dubie
3277 2065 3333 2119 in
3387 2063 3778 2119 Montanismo
3809 2062 4074 2117 conscri—

2427 2153 2542 2225 ptis
2565 2153 2988 2224 prrescriptioni
3013 2154 3290 2209 adversus
3315 2152 3613 2208 haereticos
3636 2152 3891 2220 insistat,
3917 2151 4070 2206 I67

2429 2248 2621 2297 tamen
2655 2247 2818 2297 tanto
2851 2260 2982 2298 cum
3007 2243 3247 2299 consilio
3271 2249 3326 2298 et
3357 2241 3741 2312 amplitudine
3774 2257 4077 2312 nusquam

2428 2331 2537 2386 hoc
2567 2331 2679 2386 telo
2714 2349 2848 2386 eum
2883 2333 3064 2388 tuisse
3112 2350 3284 2387 usum
3333 2332 3795 2387 animadvertere
3840 2330 4078 2402 jubent.

2431 2430 2565 2494 Quae
2597 2430 2916 2502 disputatio
2941 2437 3028 2486 est
3049 2432 3255 2504 magis,
3283 2448 3459 2504 quam
3489 2431 3671 2495 decet,
3697 2429 4082 2502 arguta.Nam

2431 2521 2816 2590 Montanistae,
2848 2520 2974 2592 ipse
3005 2522 3180 2577 etiam
3216 2520 3634 2586 Tertullianus,
3668 2519 3725 2574 id
3754 2519 3909 2590 quod
3936 2535 4083 2574 con-

2431 2614 2549 2666 stat
2577 2609 2659 2680 (ν.
2694 2611 2761 2664 de
2787 2612 2968 2681 Jejun.
3003 2627 3053 2665 c.
3108 2612 3132 2665 1
3161 2631 3175 2676 ;
3233 2611 3298 2666 de
3364 2612 3507 2679 Virg.
3540 2608 3652 2665 vel.
3698 2625 3749 2664 ο.
3807 2609 3888 2676 2),
3921 2625 4081 2662 nun-

2434 2715 2611 2770 quam
2643 2716 2704 2754 se
2735 2699 2956 2754 alienos
2985 2700 3045 2754 in
3079 2699 3361 2754 doctrinis
3393 2700 3464 2754 ad
3513 2699 3689 2753 fidem
3736 2696 4084 2769 pertinenti-

2434 2790 2546 2844 bus
2577 2789 2648 2843 ab
2672 2789 3006 2843 orthodoxis
3029 2788 3275 2860 professi
3304 2793 3659 2859 sunt,neque
3679 2785 4089 2842 Tertullianus

2438 2894 2688 2948 usquam
2724 2877 3031 2949 Psychicos
3072 2877 3235 2948 ponit
3267 2877 3324 2932 in
3375 2893 3618 2932 numero
3650 2875 4091 2941 haereticorum,

2438 2966 2536 3022 sed
2569 2967 2639 3020 ad
2687 2966 2758 3021 iis
2786 2966 3128 3037 planissime
3175 2965 3486 3037 distinguit
3539 2965 3613 3037 (e.
3661 2981 3717 3038 g.
3777 2965 3836 3018 in
3885 2963 3984 3018 lib.
4027 2964 4091 3019 de

2438 3060 2660 3124 Monog.
2694 3055 2804 3110 sub
2837 3056 3010 3124 init.).
3035 3056 3203 3110 Modo
3225 3056 3594 3110 emendatam
3621 3054 3853 3108 aiebant
3882 3058 3937 3108 et
3958 3069 4098 3124 per-

2439 3147 2675 3200 ductam
2708 3146 2776 3199 ad
2810 3145 3217 3216 perfectionem
3253 3143 3626 3214 disciplinam
3674 3159 3865 3209 suam,
3897 3158 4096 3213 neque

2439 3235 2499 3289 in
2533 3235 2728 3301 rebus,
2759 3251 2886 3305 qua:
2919 3235 3027 3289 sub
3078 3233 3246 3288 fidem
3296 3233 3539 3298 cadunt,
3587 3232 3657 3286 de
3697 3231 3911 3302 quibus
3961 3230 4096 3287 dis-

2439 3325 2636 3378 sensio
2666 3323 2834 3378 unice
2866 3323 3166 3379 hazreticos
3213 3321 3538 3388 constituit,
3575 3337 3637 3376 se
3685 3320 4093 3390 discrepantes

2441 3431 2474 3468 a
2514 3412 2776 3467 doctrina
2818 3413 3034 3468 Christi
3087 3420 3140 3466 et
3186 3410 3586 3482 apostolorum
3635 3409 4089 3464 conﬁrmabant.

2443 3514 2638 3580 Itaque
2669 3509 2816 3564 nihil
2850 3509 3049 3564 mirari
3095 3509 3324 3575 attinet,
3375 3509 3528 3580 quod
3568 3525 3636 3563 ex
3686 3511 3854 3562 astate
3887 3523 4092 3561 recen-

2442 3598 2574 3653 tiori
2606 3597 3006 3653 doctrinarum
3051 3596 3122 3652 ab
3162 3596 3450 3652 haereticis
3499 3596 3872 3650 defensarum
3906 3610 4095 3666 argu-

2445 3691 2707 3741 mentum
2727 3686 2797 3739 ad
2813 3701 2909 3741 eos
2929 3685 3366 3758 impugnandos
3391 3683 3640 3740 duxerit.
3665 3683 3926 3738 Alterum
3952 3699 4088 3738 vero

2445 3774 2590 3829 illud
2624 3774 2982 3830 Tillemontii
3017 3774 3162 3830 nihil
3193 3783 3304 3830 est.
3352 3773 3580 3830 Etenim
3627 3773 3736 3829 etsi
3767 3771 4099 3844 suscipiam

2444 3865 2600 3935 quod
2633 3863 2727 3918 hic
2759 3864 3024 3932 consilio,
3059 3865 3159 3920 sed
3212 3865 3270 3919 in
3307 3864 3531 3919 czeteris
3580 3862 3748 3918 libris
3779 3861 3989 3930 obiter,
4024 3863 4096 3916 do

2446 3953 2554 4008 hac
2577 3953 2778 4025 regula
2805 3953 3202 4008 doctrinarum
3221 3953 3678 4024 judicandarum
3697 3950 4102 4007 Tertullianus

2445 4043 2848 4113 disputaverit,
2882 4047 3076 4098 tamen
3110 4042 3270 4098 illam
3314 4059 3426 4098 non
3480 4041 3746 4107 obscure,
3791 4041 3891 4096 sed
3924 4040 4102 4112 plane

2446 4132 2610 4200 satis,
2649 4133 2922 4204 proponit
2951 4133 3009 4186 in
3043 4132 3208 4188 libris
3239 4133 3521 4187 adversus
3571 4130 3896 4195 haereticos,
3931 4139 3985 4184 et
4022 4130 4096 4185 ad

2444 4220 2602 4277 illam
2621 4237 2740 4276 rem
2760 4207 3137 4277 réxinstituto
3152 4220 3568 4291 disputandam
3589 4218 3805 4274 librum
3827 4222 4098 4274 nostrum

2447 4310 2860 4380 destinaverat,
2922 4309 3152 4381 alioque
3208 4310 3376 4365 modo
3433 4309 3699 4364 confutat
3748 4309 3808 4362 in
3867 4305 4096 4362 caeteris

2448 4400 2851 4455 haereticorum
2867 4399 3334 4470 ineptias.Atque
3353 4398 3475 4454 haec
3498 4397 3628 4470 ipsa
3650 4404 3893 4469 possunt
3915 4395 4098 4451 etiam

2447 4489 2660 4560 opponi
2688 4488 2787 4544 alii
2819 4487 3053 4544 cuidam
3085 4487 3542 4543 adversariorum
3572 4490 3941 4558 argumento,
3976 4500 4096 4539 non

690 4582 1043 4639 Tertulliano
1075 4588 1293 4655 posset.
1327 4583 1434 4639 Sed
1468 4583 1606 4653 quid
1643 4601 1744 4655 pro
1775 4582 2067 4638 sententia
2095 4582 2270 4638 hodie
2304 4600 2334 4638 a
2398 4651 2407 4655 ι
2447 4577 2557 4632 levi
2588 4577 2670 4632 illi
2702 4577 2959 4648 quidem,
2993 4580 3094 4632 sed
3145 4576 3226 4632 ita
3274 4577 3432 4644 forti,
3465 4581 3529 4631 ut
3579 4591 3724 4648 pene
3773 4591 3879 4630 nos
3908 4572 4100 4629 videri

692 4671 832 4726 viris
862 4671 1046 4728 doctis
1076 4651 1328 4743 prorsus
1361 4651 1670 4742 profligata
1711 4671 1990 4742 disputet,
2021 4670 2335 4726 audiamus
2364 4651 2413 4724 Π
2447 4673 2642 4738 posset
2671 4666 3008 4738 pertrahere
3051 4666 3109 4721 in
3142 4666 3505 4722 adversariae
3536 4669 3733 4737 partes
3764 4679 3958 4736 posse,
3993 4663 4097 4717 sed

695 4767 915 4815 tamen.
949 4760 1106 4815 Idem
1138 4763 1245 4827 est,
1279 4761 1379 4827 ait,
1409 4759 1467 4814 in
1500 4759 1631 4828 hoc,
1655 4760 1805 4830 quod
1840 4760 1898 4814 in
1929 4759 2164 4831 scriptis
2197 4761 2342 4816 Ter-

693 4847 944 4916 tulliani,
979 4847 1207 4904 dicendi
1236 4864 1439 4918 genus.
1477 4849 1776 4913 Quomodo
1823 4849 2060 4904 tandem
2087 4847 2114 4902 Ἰ
2146 4847 2343 4904 Graeca

696 4935 912 5008 saepius
941 4936 1116 4992 verba
1146 4935 1381 4992 libellus
1429 4935 1647 4992 Latinis
1692 4937 1936 5004 miscet;
1990 4935 2246 5007 loquitur
2275 4951 2341 4992 eo

695 5026 891 5095 modo,
941 5042 1057 5098 quo
1104 5025 1359 5081 Africani
1411 5024 1620 5093 solent,
1681 5026 1916 5082 horrido
1969 5025 2068 5082 illo
2096 5029 2152 5081 et
2194 5041 2343 5098 pene

692 5123 965 5192 barbaro,
997 5125 1154 5179 acuti
1187 5122 1565 5195 persequitur
1612 5123 1915 5180 haereticos
1965 5123 2340 5180 conclusiun-

692 5213 878 5282 culis;
916 5213 1102 5269 multa
1130 5213 1308 5267 etiam
1341 5229 1408 5266 ex
1439 5213 1641 5268 Irenaeo
1674 5215 1892 5282 sumit;
1941 5213 2194 5284 denique
2226 5213 2342 5269 hae-

692 5302 903 5359 reticos
937 5307 1139 5358 narrat
1168 5318 1202 5358 a
1231 5299 1588 5357 Tertulliano
1620 5308 2131 5371 commemoratos,
2165 5302 2341 5359 etiam

691 5407 810 5460 eos,
844 5409 990 5464 quos
1021 5409 1174 5447 unus
1207 5390 1302 5445 ille
1335 5389 1531 5459 habet,
1573 5391 1747 5446 veluti
1795 5392 2069 5448 Ebionem
2120 5397 2174 5447 et
2205 5397 2343 5447 Pra-

691 5495 878 5536 xeam.
913 5488 987 5536 At
1016 5481 1088 5549 si,
1145 5479 1243 5552 qui
1295 5477 1452 5533 hunc
1503 5477 1768 5534 libellum
1805 5481 2061 5552 scripsit,
2095 5482 2224 5537 Afer
2251 5498 2343 5554 ge-

693 5584 833 5625 nere
865 5570 995 5641 fuit,
1041 5570 1128 5627 vel
1189 5567 1618 5625 Tertullianum
1668 5569 2024 5643 descripsit?
2071 5569 2226 5626 Nihil
2269 5571 2341 5626 ad

694 5655 818 5712 haec
864 5659 1230 5716 Whistonus.
1294 5658 1745 5730 Progrediamur
1792 5677 1948 5733 ergo.
2008 5659 2341 5716 Clarissima

695 5747 1085 5818 Augustinus,
1116 5749 1178 5805 de
1209 5753 1421 5804 Haeres.
1463 5763 1526 5804 ιι.
1570 5748 1677 5804 86:
1718 5751 2084 5806 Tertullianus
2115 5750 2343 5805 transiit

2451 4755 2909 4823 aTillemontio,
2960 4756 3115 4828 quod
3166 4755 3366 4823 miror,
3417 4772 3530 4811 non
3581 4755 3726 4810 satis
3776 4752 4097 4808 illustrato.

2457 4853 2730 4908 Videlicet
2761 4869 3062 4908 summum
3094 4854 3153 4908 in
3187 4852 3468 4909 doctrinis
3505 4851 3956 4924 apostolicarum
3990 4851 4102 4904 Ec-

2451 4942 2763 4998 clesiarum
2793 4959 2927 4996 cum
2960 4943 3085 4997 suis
3133 4959 3506 5009 consensum,
3541 4942 3641 4998 sed
3688 4940 4096 4996 vehementem

2453 5033 2523 5088 ab
2555 5031 2839 5086 hareticis
2870 5032 3205 5087 dissensum
3240 5029 3532 5102 proponit,
3563 5047 3694 5102 cap.
3726 5029 3831 5097 36;
3861 5032 3916 5082 et
3936 5027 4096 5098 quod

2451 5121 2623 5192 longe
2654 5123 2847 5192 majus
2903 5127 3012 5188 est,
3071 5121 3461 5188 vehementer,
3521 5136 3647 5191 cap.
3703 5119 3794 5183 21,
3843 5115 4102 5187 exagitat

2453 5211 2778 5278 haereticos,
2835 5216 3140 5281 propterea
3192 5210 3347 5282 quod
3403 5210 3830 5264 consueverant
3884 5205 4098 5272 dicere,

2454 5318 2569 5356 non
2603 5299 2800 5356 omnia
2830 5297 3125 5371 apostolos
3157 5298 3356 5366 scisse,
3392 5299 3546 5371 quod
3573 5299 3697 5370 ipse
3726 5295 3845 5351 illis
3868 5294 4104 5349 videba-

2453 5398 2550 5446 tur
2577 5391 2750 5446 Jesus
2798 5389 3062 5443 Christus
3111 5387 3328 5443 dixisse
3378 5388 3530 5460 apud
3577 5388 3862 5443 Joannem
3902 5382 4097 5438 verbis

2453 5481 2546 5537 his
2571 5498 2583 5534 :
2619 5481 2795 5536 Multa
2826 5480 2974 5534 vobis
3003 5496 3033 5533 a
3063 5493 3150 5532 me
3181 5478 3413 5533 dicenda
3445 5483 3674 5546 restant,
3705 5475 3799 5532 sed
3826 5475 4102 5542 suscipere

2450 5587 2515 5626 ea
2571 5569 2809 5625 nondum
2863 5568 3107 5640 potestis.
3162 5566 3278 5621 Hos
3332 5571 3535 5638 postea
3594 5564 3855 5622 retundit
3904 5559 4102 5616 verbis

2451 5658 2658 5716 Christi
2691 5657 2785 5723 iis,
2817 5673 2947 5728 quas
2990 5654 3394 5727 superioribus
3435 5655 3795 5727 subjecerat:
3849 5652 3984 5707 Cum
4010 5664 4105 5703 re-

2449 5746 2594 5802 nerit
2626 5745 2722 5800 ille
2750 5745 3016 5816 Spiritus,
3048 5744 3093 5797 is
3123 5757 3213 5799 vos
3235 5743 3314 5800 ad
3343 5758 3502 5802 omne
3531 5743 3588 5801 id
3607 5741 3749 5815 quod
3773 5757 3964 5798 verum
3999 5741 4107 5807 est,
