4526 6342
224 418 314 476 213

1042 419 1139 480 AC
1186 420 1580 482 DOC'l‘RlNA
1627 417 2133 480 SCRIPTORUM
2176 420 2731 483 'l‘lﬂltTULLIANl.

3482 419 3601 476 214

219 544 600 613 cognoscendum
642 544 903 616 perducet
934 565 947 615 ;
1019 548 1173 604 unde
1224 549 1374 604 efﬁci
1436 564 1605 621 posse
1663 552 1829 620 putat
1856 553 1911 619 Α
1942 548 2194 618 fuerant,
2227 550 2402 605 etiam
2435 550 2493 604 in
2526 548 2713 618 libris,
2748 563 2895 619 quos
2928 550 3209 617 tanquam
3240 544 3599 601 Montanista

218 633 380 688 omnia
424 633 629 688 fuisset
678 636 916 691 edoctos
961 637 1289 709 apostolos;
1337 654 1470 693 nam
1504 639 1663 709 ipsos
1693 637 1824 693 illos
1930 638 2211 703 exaravit,
2249 642 2313 693 ut
2376 639 2431 692 in
2494 638 2590 693 lib.
2617 638 2681 693 de
2714 638 2886 691 Carne
2918 636 3130 690 Christi
3159 649 3207 689 c.
3232 635 3267 687 2
3298 632 3596 700 extr.,lau-

213 722 454 793 Spiritum
487 739 517 775 a
546 723 781 778 Christo
814 729 1015 795 postea
1056 728 1292 781 omnino
1325 725 1617 798 accepisse
1651 726 1731 781 ait
1758 742 1825 780 ex
1934 727 2089 781 dare.
2126 727 2321 798 Neque
2370 744 2503 781 vera
2536 726 2736 780 mirari
2787 726 2920 797 quis
2953 726 3126 779 debet
3157 722 3588 778 Tertullianum

212 812 341 866 Actis
369 811 761 883 apostolorum
794 813 943 869 haud
968 816 1141 871 dubie
1174 821 1461 871 constare.
1500 816 1670 886 Atqui
1706 816 1822 869 haec

210 901 445 971 cogitanti
479 901 738 969 cuidam,
773 907 826 958 et
858 904 1010 975 apud
1044 920 1105 959 se
1157 905 1448 977 reputanti
1491 905 1636 960 scita
1662 908 1819 957 Mon-

208 989 539 1057 tanistarum,
566 992 666 1063 qui
690 991 807 1047 fere
831 994 898 1048 ad
925 996 1193 1049 eumdem
1216 995 1381 1049 illum
1416 994 1605 1050 locum
1636 994 1822 1049 Joan-

206 1079 276 1133 nis
305 1080 669 1150 posteriorem
705 1087 1101 1154 provocantes.
1136 1084 1412 1139 Paracleti
1448 1082 1819 1155 disciplinam

203 1169 562 1238 perfectiorem
605 1186 840 1242 quoque
889 1172 1201 1245 disciplina
1249 1174 1457 1228 Christi
1500 1178 1556 1228 et
1584 1177 1817 1243 aposto-

199 1255 353 1311 lorum
401 1258 814 1329 defendebant,
846 1260 1214 1317 videreturne
1244 1261 1426 1334 igitur
1472 1261 1555 1315 illi
1586 1260 1817 1316 Tertul-

196 1344 359 1401 lianus
381 1350 499 1401 tam
530 1346 682 1403 clare
704 1349 985 1404 adversus
1002 1350 1159 1421 ipsos
1174 1349 1556 1405 Montanistas
1579 1354 1815 1404 senten-

197 1436 310 1489 tiam
342 1436 549 1504 dicere,
585 1441 647 1491 ut
698 1437 955 1493 dubitari
1008 1439 1077 1494 de
1136 1434 1419 1511 ὀρθοδοξίᾳ
1466 1438 1643 1509 hujus
1682 1437 1816 1493 libri

193 1541 282 1579 non
313 1527 552 1595 posset?
583 1526 706 1581 Non
740 1526 1009 1598 equidem
1035 1532 1193 1600 puto.
1221 1528 1502 1597 Nam,ctsi
1532 1527 1625 1582 hic
1648 1527 1811 1583 locus

196 1629 433 1686 magnam
481 1614 696 1671 habeat
744 1616 1050 1682 rationem,
1083 1617 1272 1688 potuit
1318 1622 1513 1672 tamen
1565 1616 1811 1687 proferri

188 1702 332 1757 etiam
364 1708 431 1758 ab
465 1720 536 1759 eo
570 1704 669 1774 qui
700 1706 893 1760 stabat
922 1723 954 1761 a
985 1706 1473 1762 Montanistarum
1517 1705 1806 1777 partibus.

187 1791 399 1857 Etenim,
433 1796 501 1847 ut
542 1793 821 1864 diximus,
856 1812 1147 1867 nusquam
1188 1795 1583 1852 Tertullianus
1618 1793 1803 1849 ullum

185 1880 407 1936 admittit
437 1882 595 1937 inter
624 1883 1009 1939 Montanistas
1041 1889 1097 1939 et
1127 1885 1480 1940 orthodoxos
1510 1882 1799 1955 apostolo-
1830 1918 1877 1983 Β

184 1984 290 2024 rum
342 1975 658 2027 sectatores
708 1973 1041 2029 dissensum
1093 1974 1163 2029 de
1209 1973 1279 2030 iis
1316 1990 1464 2041 esse,
1524 1990 1651 2045 qua:
1688 1972 1799 2027 fide

181 2058 488 2129 accipienda
526 2066 711 2129 sunt;
744 2067 801 2117 et
850 2063 1003 2133 quod
1053 2061 1273 2118 nullius
1319 2080 1466 2118 verae
1523 2061 1797 2117 doctrinae

180 2154 410 2218 expertes
461 2150 648 2206 fuisse
700 2151 991 2222 apostolos
1050 2152 1327 2221 defendit,
1390 2152 1536 2206 illud
1592 2150 1717 2206 dari
1766 2166 1800 2205 a

180 2238 351 2307 quovis
379 2238 866 2295 Montanistarum
902 2243 1145 2311 peteret.
1197 2242 1302 2295 Sed
1340 2240 1797 2295 emendatiorem

177 2324 384 2382 domum
458 2345 563 2400 per
617 2328 982 2383 Paracletum
1037 2329 1438 2401 disciplinam,
1498 2329 1796 2384 doctrinas

173 2415 321 2471 etiam
350 2434 459 2472 non
497 2435 700 2488 novas,
724 2419 873 2473 168
898 2419 997 2474 sed
1031 2420 1218 2491 magis
1248 2420 1621 2475 conﬁrmatas
1641 2424 1795 2474 vete-

171 2518 244 2558 res
271 2506 721 2561 christianorum
756 2508 1239 2579 propugnabant;
1277 2508 1389 2562 imo
1424 2510 1579 2579 ipsos
1622 2508 1793 2578 ritus,

169 2608 286 2661 quas
316 2596 607 2651 recentius
655 2596 925 2651 inductos
969 2598 1122 2668 apud
1176 2598 1429 2652 Montani
1483 2603 1795 2653 sectatores

170 2681 352 2737 rectius
398 2684 722 2739 sentientes
772 2683 1126 2750 clamabant,
1189 2689 1253 2738 ut
1311 2685 1515 2755 probet
1553 2700 1583 2739 e
1614 2683 1796 2739 sacris

170 2766 373 2843 litteris,
405 2772 674 2844 ipsorum
707 2772 881 2827 etiam
910 2773 1317 2844 Apostolorum
1362 2774 1450 2827 vel
1481 2779 1796 2829 consuetu-

172 2858 281 2914 dine
328 2862 412 2917 vel
463 2862 791 2934 praeceptis,
842 2862 1043 2918 multis
1088 2862 1147 2917 in
1200 2864 1339 2918 locis
1396 2863 1796 2920 Tertullianus

171 2945 381 3005 laborat.
430 2952 544 3007 Sed
589 2952 628 3005 ii
682 2952 929 3007 haeretici
970 2954 1250 3007 adversus
1295 2970 1410 3023 quo
1451 2952 1796 3009 Tertulliani

172 3037 407 3097 instituta
448 3048 541 3097 est
588 3043 647 3097 in
695 3042 844 3098 libro
890 3045 955 3099 de
992 3046 1407 3114 Praescriptione
1454 3044 1793 3115 disputatio,

172 3129 452 3187 multarum
488 3133 701 3187 Christi
736 3133 1133 3189 doctrinarum
1176 3134 1261 3189 vel
1295 3135 1469 3188 rudes
1499 3133 1794 3206 apostolos

171 3218 489 3277 dictitabant
522 3222 723 3289 fuisse,
755 3223 842 3275 vel
876 3222 1170 3277 Christum
1214 3240 1325 3277 non
1372 3223 1569 3277 omnia
1599 3222 1789 3277 omni-

169 3306 258 3363 bus
284 3311 617 3376 tradidisse,
663 3315 726 3365 ut
769 3311 977 3365 Noster
1023 3312 1103 3366 ait
1149 3312 1207 3366 in
1266 3311 1393 3382 ipso
1442 3311 1571 3375 hoc,
1618 3327 1793 3383 quem

168 3399 483 3465 tractamus,
518 3398 665 3455 loco.
715 3402 898 3464 Quam
947 3400 1017 3455 ob
1079 3417 1202 3455 rem
1244 3417 1375 3455 cum
1426 3400 1590 3455 locus
1624 3400 1693 3465 is,
1726 3400 1796 3454 de

167 3500 259 3555 quo
287 3489 686 3561 disputamus,
720 3506 752 3544 a
783 3490 1137 3545 Montanista
1170 3506 1283 3545 non
1319 3490 1515 3544 minus
1544 3488 1798 3561 potuerit

164 3575 415 3647 adhiberi,
450 3595 633 3650 quam
669 3595 703 3632 a
733 3579 889 3633 socio
936 3578 1203 3634 Ecclesiaa
1256 3584 1420 3634 rectae
1454 3578 1794 3656 sentientis;

165 3661 254 3720 hoc
281 3668 577 3737 quaeritur,
632 3671 765 3722 utra
796 3666 872 3722 sit
923 3670 1213 3723 sententia
1258 3669 1347 3723 vel
1398 3668 1796 3738 interpretatio

164 3754 219 3807 ad
244 3756 537 3813 veritatem
572 3756 956 3829 propensior?
985 3757 1085 3812 ubi
1107 3773 1243 3829 ergo
1270 3774 1382 3812 non
1408 3758 1660 3811 multum
1696 3758 1797 3811 du-

169 3842 262 3898 bito
291 3846 423 3915 quin
457 3847 657 3918 ipsum
690 3846 845 3901 hunc
875 3845 1090 3901 librum
1144 3846 1335 3901 dicam
1378 3864 1410 3901 a
1438 3845 1797 3901 Tertulliano

166 3932 490 3991 Montanista
545 3934 861 4007 proﬁcisci,
922 3934 1066 3989 Nam
1126 3935 1407 4006 primum,
1467 3939 1607 3991 sunt
1665 3934 1798 3989 libri

166 4019 487 4093 Septimiani
527 4040 557 4079 e
605 4022 917 4095 disciplina
958 4025 1449 4079 Montanistarum
1504 4023 1686 4091 ducti,
1738 4023 1797 4076 in

166 4111 350 4179 quibus
381 4113 464 4168 illi
504 4113 682 4168 instat
724 4113 1148 4184 praescriptioni
1180 4112 1240 4167 in
1274 4129 1451 4168 causa
1494 4111 1794 4167 hieretico-

165 4213 297 4267 rum,
328 4218 431 4257 nec
465 4202 587 4257 ullo
621 4202 818 4268 modo,
848 4203 1003 4273 quod
1038 4219 1147 4257 usu
1198 4201 1313 4273 ipsi
1346 4202 1505 4257 venit
1534 4201 1605 4256 de
1632 4199 1799 4255 libris

162 4290 411 4346 omnibus
444 4290 594 4357 suis,
628 4294 699 4345 ad
735 4307 882 4362 quos
916 4292 1209 4347 remittere
1269 4291 1518 4346 lectores
1552 4293 1794 4361 poterat,

162 4391 311 4433 suum
342 4381 413 4435 de
444 4380 881 4451 Praescriptione
925 4381 1311 4437 haereticorum
1351 4397 1498 4452 Opus
1548 4384 1800 4434 antesta-

161 4468 258 4535 tur,
290 4468 465 4525 veluti
499 4469 558 4523 in
590 4468 740 4524 libro
771 4468 1028 4525 adversus
1070 4471 1377 4536 Praxeam,
1409 4484 1457 4523 c.
1490 4472 1559 4535 2;
1612 4468 1799 4522 adver-

157 4568 233 4609 sus
260 4557 673 4631 Hermogenem,
707 4573 756 4611 ο.
801 4557 853 4614 l.
889 4557 1131 4624 Deinde,
1165 4557 1214 4612 si
1269 4558 1319 4612 is
1368 4562 1525 4613 esset
1554 4553 1663 4612 ldci
1696 4573 1794 4611 su-

1932 819 2047 870 tam
2082 834 2142 871 se
2173 816 2511 887 adjunxisse
2540 814 2861 870 defensioni
2892 814 3293 869 doctrinarum
3324 812 3381 866 in
3412 812 3580 868 Chri-

1933 906 2259 961 stianorum
2310 904 2583 960 Ecclesiis
2632 906 3043 975 susceptarum
3091 901 3150 956 in
3209 900 3357 954 libro
3412 915 3591 970 quem

1930 998 2187 1066 tempore
2227 994 2568 1049 defectionis
2614 1010 2733 1049 suae
2770 993 2841 1046 ab
2893 992 2983 1046 his
3038 990 3304 1045 Ecclesiis
3337 989 3590 1059 scripse-

1929 1089 2053 1151 rat;
2086 1089 2209 1139 tum
2247 1084 2401 1138 enim
2424 1086 2546 1154 jam
2582 1084 2706 1153 ipso
2740 1087 3001 1152 tempore
3033 1079 3348 1135 restinctus
3394 1076 3588 1150 aliquo

1929 1174 2101 1227 modo
2149 1177 2272 1228 erat
2318 1172 2414 1227 ille
2456 1170 2800 1227 Tertulliani
2843 1170 2902 1224 in
2955 1186 3123 1225 secus
3154 1168 3471 1224 sentientes
3500 1183 3590 1222 or-

1927 1262 2190 1318 thodoxa:
2224 1262 2490 1317 Ecclesiae
2523 1261 2712 1317 socios
2745 1262 2924 1326 furor,
2957 1274 3156 1330 seque,
3192 1256 3414 1327 placato
3446 1273 3584 1327 pau-

1924 1350 2105 1421 lisper
2134 1351 2352 1421 animo,
2386 1352 2443 1405 in
2476 1351 2779 1405 haereticos
2812 1352 3192 1413 converterat,
3218 1346 3371 1401 unde
3396 1346 3583 1416 major

1924 1456 2057 1496 cum
2092 1447 2241 1497 recte
2274 1441 2664 1497 sentientibus
2694 1457 3018 1496 consensus
3067 1444 3124 1494 et
3174 1437 3373 1492 mitior
3405 1437 3474 1490 de
3506 1434 3578 1490 iis

1922 1530 2214 1586 sententia
2245 1531 2464 1587 exstitit
2496 1532 2626 1599 (29).

2476 1673 2872 1730 ARTICULUS
2911 1674 3005 1728 VI.

1918 1765 2119 1832 Quinta
2147 1765 2338 1819 classis
2370 1765 2637 1820 librorum
2660 1779 2894 1889 quam?
2913 1778 3011 1817 nec
3032 1765 3164 1816 astas
3194 1774 3291 1815 nec
3320 1759 3573 1814 doctrina

2589 1844 2744 1890 certa
2787 1850 2840 1889 es
2872 1875 2884 1888 .

2290 1941 2319 2014 §
2352 1942 2401 1996 1.
2435 1972 2503 1983 —-
2534 1942 2692 1997 Liber
2723 1943 2790 1997 de
2826 1942 3179 1996 Pcenitentia.

1977 2070 2107 2124 Jam
2139 2070 2206 2125 de
2236 2068 2425 2139 libris,
2460 2070 2558 2140 qui
2609 2074 2747 2125 sunt
2790 2069 2859 2124 de
2908 2068 3089 2123 Carne
3121 2068 3347 2136 Christi,
3379 2066 3552 2135 deque

1906 2160 2090 2213 carnis
2118 2159 2552 2225 Resurrectione,
2594 2176 2708 2213 non
2740 2164 2829 2213 est
2858 2160 3011 2229 quod
3044 2159 3231 2213 multa
3258 2157 3551 2223 dicamus,

1906 2264 2041 2303 cum
2087 2247 2243 2303 hunc
2292 2262 2358 2301 eo
2402 2248 2780 2317 posteriorem
2819 2264 2947 2303 esse
2989 2247 3147 2302 illius
3178 2245 3311 2301 libri
3340 2245 3400 2299 in
3443 2244 3553 2298 hoc

1905 2337 2150 2393 excitato
2193 2336 2336 2393 satis
2384 2338 2534 2393 169
2585 2338 2789 2394 doceat
2830 2339 2904 2409 (c.
2944 2339 3020 2408 ‘2),
3070 2354 3135 2393 ac
3186 2336 3283 2393 ille
3316 2336 3553 2391 demum

1911 2432 2041 2498 post
2078 2426 2297 2482 librum
2347 2426 2415 2481 de
2468 2426 2807 2483 haericorum
2852 2428 3276 2497 Praescriptione
3322 2440 3556 2495 compo-

1908 2516 2080 2584 situs,
2152 2517 2306 2586 quod
2357 2517 2562 2572 eodem
2613 2518 2780 2572 modo
2831 2522 3071 2587 apparet
3128 2516 3271 2583 (Vid.
3340 2517 3449 2569 art.
3500 2513 3553 2583 4,

1906 2607 2013 2675 §6)
2043 2624 2055 2672 ;
2090 2611 2149 2661 at
2191 2612 2385 2661 certus
2433 2607 2643 2661 horum
2694 2607 2975 2661 librorum
3027 2622 3218 2661 annus
3261 2621 3377 2659 non
3420 2618 3557 2657 con-

1906 2700 2043 2750 stat.
2075 2696 2317 2750 Restant
2347 2696 2523 2765 igitur
2554 2696 2591 2749 ii
2626 2695 2779 2762 libri,
2810 2711 3061 2766 quorum
3110 2694 3290 2760 nulla,
3316 2697 3382 2746 ut
3412 2689 3561 2745 mihi

1904 2784 2159 2849 videtur,
2194 2785 2338 2839 ratio
2371 2784 2461 2838 vel
2510 2784 2698 2838 aetatis
2737 2785 2825 2839 vel
2880 2784 3154 2839 doctrinae
3186 2780 3337 2837 tradi
3370 2780 3561 2852 potest

1908 2872 1979 2942 (is
2010 2873 2167 2927 enim
2202 2878 2326 2927 erat
2356 2872 2564 2928 tertius
2605 2877 2816 2928 nostras
2860 2872 3201 2945 scriptionis
3250 2871 3457 2937 locus),
3490 2868 3559 2922 de

1906 2961 2123 3031 quibus
2156 2978 2289 3016 cum
2319 2961 2437 3027 alii,
2468 2961 2566 3032 qui
2601 2978 2727 3016 eam
2778 2979 2901 3016 rem
2934 2978 2967 3015 a
3006 2977 3069 3017 se
3099 2960 3417 3031 perfectura
3450 2973 3557 3028 pu-

1904 3052 2127 3117 tarunt,
2160 3049 2487 3105 decrevisse
2518 3049 2627 3105 sibi
2660 3050 2767 3105 visi
2816 3051 2935 3105 sint
2982 3066 3114 3105 cum
3158 3048 3351 3116 aliqua
3380 3044 3559 3100 certi—

1905 3139 2132 3208 tudine,
2183 3155 2541 3208 quascunque
2592 3139 2650 3192 in
2694 3138 2869 3193 istam
2901 3154 3022 3193 rem
3061 3137 3457 3207 disputarunt,
3492 3149 3560 3188 ea

1907 3244 2033 3293 nos,
2068 3227 2287 3298 quibus
2320 3229 2502 3296 magis
2534 3227 2723 3297 placet
2752 3227 2811 3281 in
2845 3227 2952 3281 hac
2972 3242 3152 3282 causa
3169 3222 3559 3279 verecundius

1904 3314 2086 3386 loqui,
2120 3320 2347 3384 oportet
2393 3314 2701 3386 paululum
2746 3321 3037 3386 postremo
3087 3314 3211 3369 loco
3269 3316 3559 3367 excutere.

1908 3407 2008 3461 Est
2039 3405 2217 3473 hujus
2250 3405 2480 3475 generis
2513 3404 2660 3459 liber
2690 3406 2762 3460 de
2802 3405 3157 3471 Paenitentia,
3209 3418 3383 3473 quem
3422 3400 3559 3455 Ter-

1909 3494 2140 3549 tulliani
2182 3510 2309 3548 esse
2354 3494 2496 3549 adeo
2550 3494 2801 3564 negabat
2844 3498 3146 3560 Erasmus,
3195 3491 3476 3562 probatus
3503 3489 3563 3543 in

1907 3581 2016 3637 hac
2050 3599 2109 3637 re
2141 3599 2174 3637 a
2205 3582 2415 3637 Dallazo
2477 3581 2812 3652 aliquando,
2847 3582 3020 3637 etiam
3075 3582 3144 3637 ab
3190 3579 3559 3644 Hoil‘manno,

1911 3673 2164 3727 maxime
2197 3676 2433 3743 propter
2462 3671 2599 3743 styli
2649 3670 3192 3727 dissimilitudinem
3224 3670 3281 3724 in
3313 3669 3422 3723 hoc
3452 3684 3562 3722 ca:-

1906 3762 2163 3831 terisque
2240 3759 2585 3815 Tertulliani
2644 3760 2858 3827 libris;
2913 3777 3090 3831 quam
3167 3775 3296 3830 ego,
3358 3758 3561 3825 fateor,

1906 3850 2344 3921 deprehendere
2377 3866 2492 3905 non
2525 3849 2667 3904 satis
2700 3865 2870 3920 queo,
2904 3848 3133 3903 etiamsi
3165 3848 3259 3901 hic
3294 3864 3407 3902 non
3439 3850 3562 3900 tam

1907 3943 2186 4010 appareat
2230 3938 2578 4008 impeditum
2648 3938 2791 3992 illud
2852 3942 2909 3993 et
2962 3937 3263 3993 concisum
3332 3934 3563 3989 dicendi

1905 4044 2112 4099 genus,
2144 4026 2299 4097 quod
2335 4032 2539 4098 regnat
2571 4027 2629 4082 in
2680 4027 2924 4082 caeteris.
2977 4026 3177 4096 Neque
3207 4023 3363 4080 enim
3400 4026 3565 4078 tanta

1906 4121 2012 4183 est,
2046 4120 2269 4187 quanta
2301 4120 2560 4186 putatur,
2592 4115 2711 4171 haec
2752 4115 3194 4184 dissimilitudo,
3227 4113 3328 4169 sed
3360 4114 3564 4168 eadem

1909 4206 2093 4259 fracta
2124 4209 2179 4259 et
2209 4204 2541 4275 interrupta
2589 4203 2767 4259 dictio
2816 4205 2908 4259 hic
2954 4208 3161 4271 exstat,
3196 4220 3320 4275 quae
3370 4206 3459 4257 est
3505 4202 3567 4255 in

1906 4293 2039 4349 aliis
2084 4292 2359 4363 mitigatis
2411 4293 2712 4364 paulisper
2762 4293 3035 4349 dictionis
3085 4292 3250 4349 libris
3293 4291 3471 4347 veluti
3505 4290 3566 4345 in

1906 4382 2001 4452 iis,
2035 4382 2136 4453 qui
2170 4386 2308 4436 sunt
2335 4381 2399 4435 de
2428 4383 2737 4447 Patientia,
2792 4382 2975 4453 deque
3023 4384 3174 4452 Fuga
3217 4384 3277 4435 in
3313 4394 3564 4450 persecu-

1907 4474 2071 4527 tione.
2117 4469 2203 4524 Sit
2235 4470 2415 4541 igitur
2444 4469 2538 4524 hic
2584 4470 2731 4525 liber
2760 4471 3004 4542 Septimi
3037 4469 3247 4534 nostri,
3298 4468 3399 4523 sed
3432 4482 3567 4522 eum

1906 4575 2041 4614 cum
2073 4557 2373 4628 scriberet,
2408 4558 2719 4628 cujusnam
2770 4562 2940 4613 sectas
2988 4558 3183 4629 fuerit,
3222 4556 3413 4611 dicere
3445 4571 3562 4611 non

158 4645 330 4714 perius
360 4646 592 4703 tractati
622 4651 681 4702 et
710 4646 856 4701 libro
890 4652 1089 4702 nostro
1120 4664 1329 4703 sensus
1353 4646 1581 4718 qualem
1615 4645 1785 4701 Tille-
1812 4654 1861 4721 ι)
1899 4648 2106 4705 audeo.
2158 4649 2229 4701 At
2277 4646 2371 4701 hic
2424 4648 2793 4702 intercedunt
2841 4647 2960 4702 fere
3011 4663 3239 4711 omnes,
3302 4644 3561 4700 certissi-

163 4737 399 4792 montius
430 4737 621 4808 ﬁngit,
656 4751 769 4791 non
813 4737 1129 4791 admodum
1180 4735 1453 4791 credibile
1482 4741 1539 4791 et
1560 4733 1788 4790 Tertul-

164 4820 363 4881 lianum
410 4826 668 4898 potuisse
726 4830 856 4897 post
906 4826 1189 4897 scriptum
1239 4824 1393 4880 hunc
1448 4824 1663 4879 librum
1715 4824 1786 4879 ad

164 4914 524 4971 Montanistas
556 4914 768 4983 delabi,
813 4916 911 4987 qui
964 4920 1086 4970 tam
1136 4914 1389 4969 dilucide
1436 4914 1787 4968 sententiam

163 5002 421 5059 adversus
443 5004 703 5059 Montani
727 5002 988 5059 scholam
1012 5002 1348 5075 dixerat,vel
1370 5003 1526 5058 hunc
1548 5003 1786 5071 librum,

162 5089 211 5144 in
238 5108 346 5163 quo
404 5094 664 5149 Montani
710 5093 1042 5149 molitiones
1072 5098 1235 5149 tanto
1268 5094 1491 5164 impetu
1526 5092 1791 5149 damnati

224 5250 327 5324 (39)
360 5255 549 5310 Ardua
589 5270 749 5319 sane,
784 5255 832 5309 si
867 5271 983 5326 qua
1028 5254 1219 5323 fuerit,
1254 5269 1317 5326 ac
1369 5251 1660 5323 angustiis
1700 5252 1789 5307 in-

164 5322 349 5380 tricata
407 5328 634 5381 videtur
690 5326 808 5381 hinc
857 5322 928 5380 d'e
985 5322 1488 5397 praescriptionum
1530 5331 1790 5395 tempore

166 5398 533 5469 controversia
559 5416 571 5453 :
597 5414 773 5469 quam
800 5415 1005 5453 rursus
1027 5398 1085 5452 in
1110 5399 1287 5469 hujus
1317 5398 1505 5469 operis
1538 5398 1788 5452 decursu

166 5464 211 5549 in
238 5476 500 5549 promptu
535 5464 641 5526 erit
659 5469 1037 5549 aliquatenus
1068 5464 1787 5549 exagitare'mostramque,

165 5541 466 5614 etsinobis
504 5560 617 5598 non
659 5542 792 5597 licet
824 5548 1020 5598 tantas
1072 5558 1420 5614 componere
1469 5541 1624 5609 lites,
1657 5559 1790 5614 sen-

168 5612 386 5686 tentiam
421 5614 910 5686 qualemcumque
941 5612 1244 5686 eXplicaré.
1291 5614 1456 5686 Nunc
1487 5619 1706 5686 autem
1730 5612 1788 5686 id

170 5680 335 5762 obiter
361 5680 586 5743 tantum
621 5680 1044 5762 dicere'juvat',
1093 5686 1362 5762 nechjam
1395 5684 1666 5762 videlicet
1696 5683 1790 5762 his

168 5751 425 5822 plicuisse
467 5773 648 5832 quam
688 5751 1101 5817 suboﬁorstur.
1133 5751 1538 5816 Tillemontius
1566 5756 1790 5829 opinio-

1898 4753 2180 4809 mumque
2237 4752 2363 4791 esse
2420 4736 2608 4803 aiunt,
2670 4753 2803 4791 cum
2859 4736 3199 4792 orthodoxis
3248 4741 3375 4791 tum
3424 4735 3560 4790 Ter‘

1896 4825 2210 4881 tullianum
2262 4825 2541 4891 sensisse,
2602 4842 2850 4895 namque
2900 4830 2959 4881 et
3006 4843 3140 4881 cum
3187 4824 3359 4881 ccetui
3391 4839 3556 4879 sacro

1900 4919 2244 4987 potestatem
2294 4916 2608 4969 concedere
2654 4914 2867 4969 delicta
2924 4914 3295 4970 condonandi
3341 4914 3413 4967 iis
3456 4904 3557 4983 qui

1899 5004 2134 5077 gravius
2175 5009 2535 5074 peccassent,
2573 5021 2749 5074 quam
2800 5021 3043 5076 prorsus
3074 5005 3461 5060 destruxisset
3489 5001 3549 5056 in

1900 5094 2049 5149 libro
2081 5094 2145 5149 de
2175 5094 2479 5158 Pudicitia,
2505 5098 2563 5149 et
2591 5093 2651 5148 in
2684 5093 2783 5149 illo
2816 5094 2962 5150 libro
2994 5096 3191 5166 ipsum
3224 5094 3391 5149 illum
3422 5108 3555 5164 pro-

1898 5269 2051 5323 nem,
2085 5270 2202 5325 qua
2241 5254 2458 5309 librum
2512 5254 2687 5324 hunc,
2722 5256 2996 5326 equidem
3047 5259 3180 5311 ante
3216 5251 3557 5326 Tertulliani

1901 5324 2307 5393 defectionem,
2342 5343 2474 5381 cum
2508 5327 2697 5381 adhuc
2733 5324 2875 5383 sana
2916 5329 3027 5382 fide
3062 5330 3309 5391 ﬂoreret,
3344 5341 3407 5379 ac
3442 5324 3556 5378 for-

1900 5415 2003 5452 san
2039 5400 2180 5453 dum
2215 5400 2403 5453 Romae
2436 5416 2615 5470 agens
2642 5401 2985 5455 traditiones
3018 5398 3365 5469 apostolicae
3397 5396 3554 5465 peni-

1898 5475 1995 5525 tus
2041 5471 2471 5543 introspiceret,
2504 5475 2847 5541 conceptum
2886 5470 3067 5543 fuisse
3116 5486 3182 5523 ac
3231 5470 3549 5543 inceptum,

1902 5560 2003 5597 nec
2033 5540 2250 5597 tamen'
2278 5542 2393 5598 nisi
2428 5548 2555 5613 post
2584 5540 2765 5597 libros
2798 5544 2852 5597 in
2886 5542 3253 5613 Marcionem,
3297 5540 3552 5613 haerente

1892 5615 2015 5685 jam
2051 5622 2285 5669 auctore
2316 5614 2375 5669 in
2407 5612 2777 5668 Montanismi
2814 5614 2967 5680 faece,
3003 5612 3061 5666 in
3101 5612 3291 5667 lucem
3323 5612 3548 5668 editum

1899 5686 2335 5742 arbitraremur.
2368 5690 2506 5740 Enn.
