4526 6348
623 412 741 472 215

1701 405 2224 468 DlSSERTATlO
2267 404 2370 464 DE
2413 403 2622 466 VERA
2662 404 2946 465 ETATE

3913 405 4033 462 216

625 544 797 612 fiteri,
829 559 892 599 se
922 559 1076 598 nunc
1105 541 1404 598 confutare
1434 539 1576 596 velle
1623 539 1841 595 librum
1874 557 2050 612 quem
2102 538 2264 605 olim,
2295 539 2350 605 Α
2379 537 2463 592 vel
2495 537 2820 592 doctrinam
2874 536 2967 591 hic
3015 535 3161 592 liber
3188 536 3544 607 [referendus
3593 535 3690 604 sit,
3724 552 3859 591 cum
3906 539 4028 591 aliis

626 632 834 688 haeresi
865 630 1198 687 communis
1228 628 1498 684 Ecelesias
1537 629 1804 684 addictus
1837 646 1938 700 pro
1970 629 2078 684 hac
2109 634 2274 700 pote-

2383 625 2825 680 reidirimendaa
2867 626 2927 679 in
2971 624 3078 679 hoc
3130 625 3276 679 libro
3325 624 3717 696 signilitiones
3767 641 3882 678 non
3938 641 4030 679 ex-

625 725 776 778 state
829 719 1180 792 scripsisset.
1250 719 1313 772 In
1373 735 1490 788 qua
1547 718 1823 772 universa
1880 719 2274 788 disputatione
2385 719 2561 780 stent,
2597 729 2688 768 me
2719 714 2957 785 quidem
2992 729 3230 783 prorsus
3264 714 3492 768 nescire
3522 713 3822 768 Proﬁteor.

630 810 815 866 multo
847 810 1163 878 sapientior
1193 807 1338 862 mihi
1386 807 1617 861 videtur
1655 806 2059 873 Hoﬂ‘mannus,
2101 823 2276 895 quam

629 901 690 954 in
740 899 983 954 caeteris.
1033 897 1298 968 Namque
1343 895 1382 950 l.
1432 898 1546 963 c.§
1597 895 1662 950 13
1711 895 1948 967 pulchre
1987 896 2276 960 monetis,

629 996 797 1064 longe
828 996 1119 1050 diversam
1150 1010 1275 1050 esse
1316 993 1700 1065 quaestionem
1732 992 1790 1046 in
1824 991 1969 1048 libro
1999 993 2064 1047 de
2095 995 2280 1047 Pwni-

629 1087 804 1140 tentia
852 1083 1210 1154 propositam
1255 1083 1327 1138 ab
1375 1099 1464 1148 ea,
1531 1099 1710 1152 quam
1771 1080 2166 1136 Tertullianus
2218 1082 2278 1136 in

627 1173 1048 1228 commentario
1104 1187 1270 1242 super
1315 1171 1597 1225 Pudicitia
1655 1169 1870 1242 posuit,
1901 1176 2074 1240 atque
2101 1170 2280 1225 etiam

630 1261 1016 1316 Montanistas
1045 1276 1218 1315 omne
1274 1259 1417 1313 illud
1470 1260 1729 1330 potuisse
1780 1259 2088 1314 defendere
2127 1259 2281 1330 quod

631 1355 717 1404 est
766 1351 826 1404 in
879 1350 1025 1404 libro
1077 1349 1140 1404 de
1189 1350 1520 1403 Paenitentia
1567 1347 1953 1419 propositum.
2013 1347 2285 1402 Videlicet

635 1455 751 1494 non
778 1453 956 1509 super
987 1454 1054 1492 ea
1085 1455 1144 1493 re
1172 1443 1298 1492 erat
1345 1437 1698 1492 orthodoxos
1746 1436 1899 1490 inter
1952 1441 2009 1490 et
2060 1439 2283 1490 Monta-

636 1527 824 1582 nistas
851 1526 1091 1597 quaestio
1124 1543 1136 1580 :
1187 1531 1502 1596 possentne
1552 1526 1612 1592 ii,
1645 1525 1745 1595 qui
1786 1526 1857 1579 ad
1890 1526 2286 1597 impuritatem

638 1616 948 1688 pristinam
977 1614 1349 1686 gravioribus
1380 1613 1612 1668 delictis
1663 1614 1995 1683 rediissent,
2030 1615 2285 1686 interpo-

638 1705 755 1760 sita
784 1703 1145 1775 pmnitentia,
1179 1703 1409 1758 veniam
1460 1701 1901 1757 malefactorum
1951 1720 1982 1757 a
2029 1703 2144 1758 Deo
2175 1705 2285 1758 im-

639 1798 889 1865 petrare,
921 1793 1078 1862 quod
1110 1791 1323 1862 neutri,
1373 1807 1443 1846 ne
1475 1791 1840 1846 Montanistse
1873 1793 2134 1863 quidem,
2183 1809 2286 1848 ne-

2734 887 2762 952 §
2791 885 2846 938 2.
2876 914 2948 925 —
2976 884 3138 939 Liber
3169 884 3427 940 adversus
3454 883 3692 940 Judxos.

2461 1021 2651 1089 Atque
2682 1017 2858 1072 etiam
2891 1015 3035 1071 illud
3093 1034 3205 1073 non
3257 1033 3350 1073 me
3391 1017 3557 1073 fateri
3583 1017 3763 1090 pudet
3793 1018 3863 1072 de
3892 1015 4042 1073 libro

2391 1121 2560 1177 quem
2596 1107 2862 1162 adversus
2891 1105 3106 1162 Iudaeos
3136 1107 3506 1178 conscripsit,
3540 1107 3598 1161 in
3626 1122 3740 1177 quo
3772 1105 4043 1172 nihilest,

2391 1195 2545 1264 quod
2581 1194 2839 1249 Montani
2892 1195 3144 1266 ineptias
3193 1199 3424 1267 saperet
3460 1212 3472 1250 :
3509 1195 3607 1250 sed
3663 1211 3849 1263 neque
3899 1193 4044 1248 illud

2391 1283 2838 1338 admirationem
2873 1283 3086 1352 habet;
3121 1283 3283 1338 nulla
3310 1284 3465 1338 enim
3497 1283 3616 1338 fere
3655 1282 3875 1338 exstitit
3907 1284 4048 1337 Ter-

2392 1368 2636 1424 tulliano
2667 1369 2726 1424 in
2783 1370 2891 1425 hoc
2940 1369 3090 1426 libro
3143 1371 3352 1426 talium
3398 1369 4048 1426 commemorandarum

2393 1458 2818 1530 opportunitas.
2854 1462 3040 1523 Quare
3093 1458 3238 1514 illud
3290 1465 3378 1515 est
3403 1460 3742 1525 videndum,
3775 1465 4051 1514 utrumne

2393 1542 2473 1602 ibi
2506 1547 2704 1618 aliqua
2753 1548 3079 1620 reperiatur
3120 1549 3404 1620 temporis
3453 1547 3821 1619 signiﬁcatio.
3873 1547 3944 1602 Et
3983 1563 4052 1602 ea

2394 1640 2484 1692 est
2511 1637 2745 1708 quidem
2788 1637 3156 1692 subobscure
3206 1637 3264 1692 in
3320 1638 3554 1693 duobus
3605 1637 3746 1693 locis
3781 1654 3793 1692 ε
3833 1636 4050 1706 Prima,

2395 1741 2444 1780 c.
2476 1728 2532 1791 7,
2585 1726 2642 1780 in
2695 1743 2809 1797 quo
2857 1728 3256 1782 Britannorum
3304 1727 3577 1782 inaccessa
3627 1727 3884 1782 Romanis
3933 1727 4053 1781 loca

2397 1820 2804 1882 commemorat,
2839 1820 2896 1870 et
2926 1815 3098 1887 paulo
3144 1820 3276 1887 post
3324 1831 3424 1872 eos
3467 1817 3676 1873 Oceani
3719 1815 3810 1870 sui
3837 1817 4054 1870 ambitu

639 1882 877 1976 8811mm:
905 1897 1058 1976 9903
1092 1881 1286 1976 Doti“?
1333 1884 1560 1976 θοοδίαξ
1583 1879 1787 1976 ipsum
1831 1877 2224 1976 ἐερμολόγῖισιν
2256 1900 2290 1938 θ’
2323 1912 2370 1976 Β
2399 1905 2699 1959 conclusos.
2733 1877 2867 1969 Quae
2899 1877 2990 1959 res
3022 1877 3258 1976 quidem
3290 1905 3603 1960 Baronium
3633 1905 3852 1976 (Annal.
3881 1905 4058 1959 eccle-

639 1970 756 2026 reis
790 1969 1138 2040 postulasse,
1174 1969 1274 2024 sed
1307 1984 1434 2024 eam
1460 1969 1697 2039 quidem
1731 1985 1846 2023 non
1879 1969 1979 2038 ita,
2013 1975 2077 2025 ut
2107 1971 2292 2042 impe-

638 2063 841 2125 traret,
873 2058 973 2129 qui
1020 2063 1377 2129 peccaverat,
1408 2057 1638 2112 veniam
1670 2058 1742 2112 ab
1774 2057 2028 2113 Ecclesia
2057 2065 2114 2114 et
2161 2076 2295 2115 con-

631 2147 960 2219 junctionis
1015 2163 1150 2201 cum
1182 2145 1284 2201 illa
1325 2147 1778 2214 restitutionem,
1830 2147 1928 2202 sed
1979 2153 2044 2202 ut
2088 2147 2293 2204 incita-

641 2241 847 2292 rentur
865 2236 1030 2307 probi
1055 2236 1125 2291 ad
1151 2234 1602 2307 supplicandum
1627 2235 1836 2302 Deo,ut
1853 2235 1989 2292 huic
2012 2237 2295 2307 peccatori

642 2325 880 2380 tandem
926 2323 1242 2396 aliquando
1273 2325 1499 2380 veniam
1551 2326 1935 2391 concederet;
1991 2328 2089 2380 sed
2152 2326 2294 2383 illud

645 2414 1017 2486 quaerebatur
1048 2413 1264 2483 potius,
1315 2412 1591 2468 liceretne
1641 2413 1956 2469 Ecclesiam
2010 2431 2294 2487 usurpare

645 2507 1016 2575 potestatem,
1047 2519 1162 2573 qua
1195 2517 1256 2557 se
1288 2518 1403 2556 non
1434 2501 1776 2556 destitutam
1802 2503 1977 2558 etiam
2009 2504 2137 2575 ipsa
2166 2522 2296 2560 sen-

646 2593 847 2658 tirent,
879 2589 1197 2660 recipiendi
1249 2591 1548 2660 sejunctos
1580 2607 1612 2644 a
1643 2590 1918 2646 societate
1957 2609 2066 2646 sua
2095 2610 2293 2663 pecca-

648 2685 807 2736 tores
838 2681 897 2734 in
947 2679 1269 2734 amicitiam
1309 2684 1559 2734 veterem
1605 2683 1660 2734 et
1706 2681 2179 2736 communionem
2210 2699 2297 2737 sa-

648 2783 882 2824 crorum
903 2784 916 2834 ;
939 2767 1094 2837 quod
1116 2766 1477 2821 Montanistaa
1500 2765 1581 2821 ita
1604 2767 1897 2838 negabant
1918 2769 2041 2824 fieri
2063 2771 2292 2840 debere,

647 2865 752 2922 sed
782 2863 1084 2919 orthodoxi
1127 2864 1207 2918 ita
1248 2879 1420 2934 posse
1467 2863 1592 2918 ﬁeri
1642 2864 1894 2919 aiebant.
1929 2869 2088 2921 Hanc
2115 2867 2297 2939 igitur

644 2952 943 3009 licentiam
994 2955 1336 3023 usurpatam
1385 2952 1458 3007 ab
1507 2951 1844 3008 orthodoxis
1877 2954 2292 3023 Tertullianus,

642 3041 705 3097 in
737 3042 885 3097 libro
915 3057 982 3096 eo
1008 3040 1108 3111 qui
1141 3045 1230 3095 est
1257 3040 1324 3094 de
1356 3039 1654 3109 Pudicitia,
1695 3045 2068 3098 vehementer
2111 3043 2295 3100 salse-

643 3146 757 3203 que
811 3130 1082 3202 exagitat,
1135 3129 1234 3185 sed
1282 3129 1343 3184 in
1397 3129 1545 3184 libro
1599 3130 1668 3185 de
1726 3133 2052 3188 Pwnitentia
2107 3150 2296 3205 neque

646 3219 979 3285 confirmat,
999 3234 1191 3290 nequo
1222 3218 1534 3290 impugnat
1558 3219 1758 3286 etiam,
1778 3220 1877 3275 sed
1903 3221 1973 3276 de
1999 3221 2101 3276 illa
2130 3223 2296 3278 venia

645 3306 925 3378 loquitur,
958 3307 1029 3361 ad
1061 3322 1237 3377 quam
1267 3307 1443 3362 etiam
1477 3307 1548 3360 iis
1577 3307 1694 3378 ,qui
1727 3307 1988 3364 immersi
2020 3312 2173 3366 I70
2203 3327 2294 3366 es-

649 3398 784 3450 sent
811 3394 1177 3465 gravissimis
1200 3395 1456 3464 ﬂagitiis,
1493 3395 1648 3466 apud
1681 3395 1887 3462 Deum,
1911 3398 1959 3452 si
1983 3400 2055 3453 ab
2091 3400 2300 3454 bonam

654 3488 910 3538 mentem
943 3483 1274 3549 rediissent,
1309 3483 1504 3538 aditus
1536 3499 1650 3538 non
1676 3490 1833 3539 esset
1864 3485 2202 3557 impeditus.
2226 3489 2303 3542 Ex

655 3587 772 3643 quo
803 3572 979 3626 etiam
1013 3569 1157 3626 illud
1198 3571 1471 3638 efficitur,
1520 3587 1635 3627 non
1680 3589 1948 3628 revocare
1993 3576 2305 3632 Tertullia-

655 3677 800 3716 num
859 3660 920 3714 in
970 3658 1118 3714 libro
1165 3659 1232 3714 de
1271 3659 1550 3715 Pudicitia
1594 3661 1673 3727 id,
1724 3663 1877 3733 quod
1911 3663 1970 3717 in
2017 3664 2304 3736 singulari

649 3747 848 3804 libello
878 3748 1331 3804 orthodoxorum
1361 3748 1500 3804 olim
1531 3749 1826 3805 sententias
1861 3752 2129 3809 addictus
2161 3755 2304 3810 scri-

651 3836 995 3908 psisset,sed
1029 3835 1175 3891 nihil
1206 3853 1360 3892 nunc
1390 3838 1627 3907 fatetur,
1664 3839 1776 3894 nisi
1809 3856 1870 3895 se
1901 3840 2069 3896 aliter
2087 3845 2304 3899 sentire

652 3927 724 3982 de
752 3927 864 3981 ista
893 3925 1062 3981 venia
1093 3942 1126 3980 a
1155 3934 1303 3981 caalu
1334 3942 1499 3982 sacro
1531 3929 1917 3997 concedenda,
1951 3947 2128 4003 quam
2161 3933 2302 3989 olim

653 4017 807 4070 inter
835 4015 1186 4070 orthodoxos
1223 4031 1333 4070 non
1367 4015 1602 4086 quidem
1651 4017 2002 4090 scripsisset,
2034 4022 2134 4077 sed
2167 4039 2302 4078 sen-

659 4103 838 4158 sisset
867 4108 1084 4158 tamen.
1121 4102 1269 4166 Quid
1302 4119 1438 4174 ergo
1483 4103 1617 4159 est?
1662 4105 2165 4165 Tertullianumne
2198 4128 2300 4180 pu-

653 4195 916 4246 taremus
948 4190 1104 4246 hunc
1153 4190 1372 4246 librum
1403 4192 1462 4246 in
1497 4195 1894 4251 montanismo
1943 4199 2250 4270 scripsisse
2280 4200 2302 4256 Ρ

653 4292 853 4359 Neque
885 4288 990 4344 hoc
1021 4290 1208 4344 audeo
1237 4289 1449 4344 dicere.
1483 4289 1627 4344 Nam
1661 4291 1769 4346 etsi
1803 4295 2203 4363 peccatoribus
2233 4295 2305 4350 ad

653 4377 962 4450 pristinam
1015 4392 1266 4448 eamque
1313 4393 1642 4448 perversam
1690 4381 1870 4436 vitam
1922 4385 2306 4440 redeuntibus

655 4483 771 4522 non
805 4465 915 4521 nisi
949 4482 1124 4521 unam
1157 4482 1405 4536 eamque
1435 4467 1701 4522 ultimam
1744 4486 1906 4541 spem
1955 4473 2124 4528 venia
2153 4473 2307 4544 apud

2401 1992 2582 2058 siast.,
2615 1992 2687 2047 ad
2721 2008 2816 2046 an.
2865 1992 3012 2064 212),
3066 1992 3362 2060 Allixium,
3414 1993 3678 2065 aliosque
3721 1993 3966 2048 deduxit
3999 1992 4059 2048 in

2402 2096 2529 2136 eam
2562 2079 2918 2151 opinionem,
2953 2085 3018 2137 ut
3056 2081 3357 2137 crederent
3397 2086 3528 2152 post
3561 2081 3832 2137 victorias
3861 2081 4064 2138 Severi

2403 2186 2436 2225 a
2465 2169 2759 2225 Britannis
2792 2174 3118 2242 reportatus
3147 2171 3436 2242 scriptum
3470 2171 3627 2226 hunc
3659 2169 3874 2226 librum
3905 2187 4062 2239 esse,

2402 2261 2459 2311 et
2479 2257 2558 2312 ita
2587 2274 2739 2313 anno
2773 2258 2888 2314 fere
2919 2258 3077 2314 CCIX
3102 2285 3114 2326 ;
3135 2259 3291 2328 quod
3323 2274 3429 2330 ego
3457 2276 3569 2314 non
3604 2259 3844 2315 dixerim
3872 2276 3886 2326 ;
3920 2275 4060 2314 nam

2403 2347 2694 2417 quomodo
2726 2351 2850 2402 tum
2882 2347 3120 2403 tandem
3153 2347 3280 2403 loca
3307 2347 3717 2404 Britannorum
3743 2347 3858 2402 dici
3899 2347 4061 2402 inac-

2401 2452 2565 2491 cessa
2604 2436 2948 2508 potuissent,
2995 2453 3246 2508 quorum
3277 2437 3387 2492 sibi
3423 2437 3650 2492 aditum
3699 2437 3941 2492 Romani
3980 2439 4063 2492 fe-

2404 2529 2637 2591 cerant;
2670 2530 2726 2580 et
2749 2525 2847 2596 qui
2873 2525 3197 2595 potuissent
3215 2524 3610 2580 Tertullianus
3634 2526 3824 2581 dicere
3851 2542 3863 2579 :
3891 2527 4062 2580 Trans

2403 2614 2539 2669 istas
2566 2623 2750 2684 gentes
2783 2620 3052 2670 Romanos
3097 2617 3387 2687 porrigere
3432 2617 3594 2685 regni
3639 2616 3728 2669 sui
3773 2617 3916 2670 vires
3946 2631 4060 2669 non

2401 2717 2573 2772 posse,
2619 2718 2754 2756 cum
2805 2701 2949 2757 illud
3002 2702 3196 2774 ipsum
3228 2703 3381 2758 inter
3420 2703 3727 2758 Britannos
3759 2702 4058 2758 fecissent.

2403 2789 2593 2846 Nimis
2624 2791 2882 2862 profecto
2925 2791 3077 2846 clare
3123 2792 3432 2846 conﬁrmat
3479 2791 3842 2847 Herodianus
3873 2793 4062 2860 (Hist,

2404 2877 2506 2933 lib.
2540 2895 2624 2948 III,
2657 2895 2708 2934 c.
2743 2880 2829 2945 14,
2863 2896 2920 2951 p.
2958 2895 3033 2934 ut.
3077 2881 3222 2950 170),
3279 2881 3554 2935 Severum
3589 2896 3704 2935 non
3736 2880 3904 2935 modo
3954 2885 4068 2936 Ge-

2404 2971 2524 3022 tam
2563 2967 2619 3022 in
2651 2968 2723 3024 iis
2754 2969 3165 3024 Britannorum
3213 2969 3550 3040 regionibus
3576 2968 3899 3040 reliquisse,
3935 2986 4066 3041 quas

2407 3055 2652 3128 imperio
2686 3058 3076 3112 Romanorum
3111 3058 3386 3130 subjectae
3435 3062 3622 3126 erant,
3654 3059 3754 3113 sed
3785 3061 4067 3114 Severum

2407 3161 2660 3216 quoque,
2694 3147 2902 3219 pergit,
2945 3145 3120 3202 latius
3168 3163 3229 3202 se
3279 3146 3636 3218 profudisse.
3686 3152 3880 3219 Neque
3928 3164 4066 3204 vero

2408 3250 2608 3289 muros
2641 3235 2904 3291 aSevero
2953 3236 3012 3290 in
3063 3235 3365 3291 Britannia
3416 3240 3770 3306 exstructus,
3804 3235 3904 3306 qui
3960 3236 4068 3290 Ba-

2412 3324 2644 3378 ronium
2677 3329 3032 3396 caeterosque
3070 3326 3320 3396 decepit,
3356 3326 3406 3381 is
3437 3330 3547 3393 est,
3591 3341 3707 3396 quo
3753 3324 4070 3380 Tertullia-

2411 3427 2525 3467 nus
2587 3412 2884 3484 signiﬁcat
2933 3413 3242 3469 conclusos
3289 3414 3506 3469 ﬁnibus
3566 3415 3692 3470 suis
3750 3415 4069 3470 Britannos

2413 3500 2616 3567 fuisse,
2649 3517 2838 3572 neque
2878 3502 3035 3558 enim
3080 3519 3269 3570 muro,
3304 3504 3405 3559 sed
3457 3506 3608 3559 intra
3657 3504 3860 3560 Oceani
3885 3505 4072 3559 ambi-

2413 3593 2531 3644 tum
2559 3590 2840 3646 conclusoe
2866 3592 3161 3647 Britannos
3194 3594 3342 3647 171
3381 3591 3725 3664 planissime
3757 3591 3919 3647 dicit.
3957 3593 4070 3649 Sed

2411 3677 2524 3732 ista
2579 3679 2842 3748 demum,
2876 3695 3003 3750 quas
3048 3681 3118 3734 de
3165 3680 3463 3736 Britannis
3514 3681 3703 3736 caeteri
3751 3680 4074 3752 scriptores

2411 3766 2802 3834 tradiderunt,
2855 3772 2994 3823 sunt
3034 3767 3091 3822 in
3141 3769 3507 3841 expeditione
3545 3769 3738 3825 Severi
3789 3769 4074 3825 adversus

2411 3875 2511 3915 eos
2543 3860 2716 3928 tacta,
2766 3876 2944 3931 quam
2993 3865 3222 3917 constat
3270 3861 3454 3918 fuisse
3502 3879 3654 3918 anno
3703 3861 3888 3918 CCVII
3931 3878 4075 3918 sus-

2411 3951 2662 4019 ceptam.
2696 3948 2860 4004 Prior
2908 3949 3084 4020 igitur
3129 3950 3223 4004 hic
3253 3949 3602 4006 Tertulliani
3641 3950 3791 4007 liber
3827 3951 4073 4022 exstitit,

2413 4042 2470 4092 et
2527 4036 2710 4093 multo
2766 4038 2924 4109 prior
2979 4037 3241 4110 quidem,
3272 4039 3321 4094 si
3381 4040 3522 4112 quid
3569 4040 3761 4111 video,
3803 4045 4078 4112 recteque

2412 4124 2809 4181 Tertullianus
2841 4125 3022 4182 altero
3054 4127 3113 4182 in
3144 4126 3269 4184 loco
3299 4128 3751 4202 disputavit,qui
3782 4134 3870 4185 est
3898 4145 3951 4184 c.
3987 4131 4075 4184 13.

2411 4214 2614 4287 Neque
2642 4215 2798 4270 enim
2829 4219 3088 4288 tempore
3119 4216 3322 4289 scripti
3370 4217 3550 4290 hujus
3600 4218 3735 4273 libri
3787 4218 4074 4290 cuiquam

2411 4305 2746 4360 Judaaorum
2782 4305 3109 4376 permissus
3138 4311 3262 4360 erat
3294 4305 3489 4362 aditus
3518 4307 3588 4362 ad
3622 4306 4074 4363 Bethlehemum

2416 4401 2517 4450 aut
2583 4413 2790 4468 agrum
2847 4395 3385 4468 circumjacentem,
3427 4404 3529 4454 aut
3585 4399 4075 4472 Hierosolymam.

2415 4483 2722 4541 Enimvero
2753 4489 2984 4541 constat
3015 4487 3288 4542 Severum
3321 4487 3538 4544 multas
3578 4505 3817 4560 rogasse
3857 4488 4082 4546 Judaeis

657 4558 840 4649 Beum
873 4555 1253 4649 impetrandis
1284 4555 1542 4649 polliceri
1576 4558 1840 4614 videatur
1870 4576 1918 4614 c.
1943 4562 1998 4631 8,
2033 4569 2227 4619 tamen
2251 4569 2311 4620 et
2340 4645 2372 4649 _
2420 4574 2642 4628 amicas
2680 4573 2858 4645 leges,
2882 4592 3030 4646 quas
3061 4575 3119 4631 in
3153 4577 3499 4649 compendio
3530 4555 3793 4633 recitavit
3819 4578 4081 4634 Jacohus

657 4641 718 4696 in
745 4659 904 4740 ears
936 4643 1081 4740 nihil
1120 4643 1320 4740 docet,
1367 4645 1520 4740 quod
1573 4649 1872 4740 proprium
1920 4651 2100 4706 fuisse
2151 4654 2307 4724 lega-
2337 4645 2388 4714 D
2421 4641 2765 4734 Basnagiusﬁ
2793 4641 2949 4734 (Hist.
2999 4664 3090 4721 des
3134 4641 3306 4736 Juifs,
3349 4670 3392 4722 t.
3443 4667 3592 4736 VIII,
3627 4684 3684 4739 p.
3717 4667 3786 4721 49
3813 4668 3976 4740 seq.),
4014 4684 4082 4724 ac

662 4747 794 4784 mus
824 4731 1330 4800 Montanistarum,
1365 4735 1467 4788 sed
1504 4736 1661 4804 quod
1711 4737 1888 4792 etiam
1936 4740 2008 4794 ab
2057 4741 2188 4797 aliis
2218 4758 2310 4797 or-

665 4818 1047 4874 thodoxorum
1078 4819 1449 4876 vehementer
1499 4832 1927 4894 prepugnatum
1977 4844 2105 4884 esse
2154 4831 2312 4886 inve-

665 4907 900 4962 niamus
959 4907 1108 4976 (Vide
1157 4911 1375 4962 Hermas
1441 4911 1740 4979 Pastorem,
1804 4917 2079 4973 mandato
2141 4919 2171 4972 4
2252 4919 2312 4974 in

667 4994 914 5050 Fabricii
946 4995 1281 5066 Apocryphis
1315 4997 1376 5051 Ν.
1411 4999 1468 5056 Τ.
1509 5004 1652 5056 tom.
1690 5002 1786 5071 Ill,
1838 5021 1896 5075 p.
1947 5006 2053 5059 845
2089 5022 2223 5078 seq.,
2256 5011 2316 5064 et

665 5083 793 5138 loca
818 5082 898 5136 ibi
922 5099 957 5138 ο.
981 5084 1237 5138 Fabricio
1269 5084 1488 5156 citata),
1510 5087 1729 5144 nullam
1757 5107 1918 5162 spem
1951 5110 2078 5150 esse
2106 5095 2315 5152 salutis

665 5173 739 5228 iis
770 5172 870 5244 qui
911 5177 1042 5243 post
1073 5179 1412 5242 susceptum
1447 5176 1805 5246 baptismum
1835 5180 2046 5237 iterum
2078 5186 2315 5256 gravius

665 5266 722 5317 et
743 5262 814 5316 ad
841 5261 1135 5331 jacturam
1173 5275 1318 5315 verte
1352 5262 1583 5332 pietatis
1615 5274 1968 5335 peccassent,
2004 5274 2157 5343 quod
2188 5291 2317 5344 pes-

663 5351 862 5406 simam
897 5350 1184 5422 haptismi
1234 5351 1536 5407 dill'erendi
1580 5358 2065 5416 consuetudinem
2107 5363 2164 5416 in
2215 5367 2318 5418 Ec-

669 5439 906 5494 clesiam
941 5443 1140 5510 postea
1168 5439 1404 5507 intulit;
1450 5445 1506 5496 et
1536 5458 1662 5513 qua;
1693 5445 1900 5503 durius
1929 5447 2160 5507 locutus
2189 5468 2322 5507 esse

670 5527 850 5582 videri
887 5533 1131 5599 poterat,
1163 5528 1290 5598 ipse
1348 5528 1439 5584 his
1488 5531 1676 5586 verbis
1725 5535 2005 5606 subjectis
2039 5540 2272 5612 mitigat
2303 5558 2318 5597 :

681 5626 876 5680 Verum
920 5641 1029 5681 non
1074 5628 1262 5682 statim
1311 5629 1668 5687 succidcndus
1723 5648 1794 5687 ac
1846 5634 2188 5693 subruendus
2243 5643 2323 5695 est

677 5713 898 5770 animus
940 5713 1338 5786 desperatione.
1383 5717 1573 5782 Quare
1615 5720 1687 5778 ad
1737 5736 1914 5794 quam
1964 5725 2051 5783 vel
2091 5731 2321 5787 aetatem

2421 4751 2535 4806 ista
2557 4752 2695 4822 jura
2723 4753 3069 4823 Spartianus
3115 4753 3196 4825 (in
3236 4756 3353 4810 Vita
3385 4754 3591 4822 Severi,
3632 4772 3682 4811 c.
3718 4757 3806 4828 16)
3836 4758 3917 4812 ait
3943 4755 4084 4811 fun-

2421 4840 2558 4896 data
2617 4841 2760 4912 ipsis
2808 4857 2937 4898 esse
2984 4846 3132 4909 tum,
3184 4859 3317 4899 cum
3371 4844 3636 4913 Severus,
3672 4851 3842 4917 capta
3884 4846 4084 4901 Cresi-

2422 4929 2659 5000 phonte,
2691 4930 2750 4985 in
2781 4935 3091 5003 Egyptum
3138 4932 3625 5004 proﬁcisceretur,
3677 4934 3736 4988 h.
3771 4951 3820 4990 e.
3853 4951 3926 4990 an
3960 4935 4084 4990 fere

2423 5018 2577 5074 CCII.
2625 5020 2826 5090 Itaque
2875 5037 2990 5076 non
3039 5026 3129 5076 est
3173 5022 3470 5094 credibile,
3504 5039 3637 5079 cum
3689 5023 3874 5080 multa
3932 5023 4085 5096 ipsis

2417 5108 2555 5178 jura
2583 5112 2959 5176 concesserit,
2991 5109 3244 5181 amplius
3293 5127 3650 5184 quemquam
3699 5112 4078 5186 prohibuisse

2426 5197 2499 5251 ab
2529 5198 2694 5253 aditu
2722 5198 2812 5254 vel
2846 5199 3375 5272 Hierosolymorum
3407 5201 3494 5256 vel
3534 5203 3885 5274 cujusquam
3925 5201 4086 5259 alius

2425 5284 2485 5339 in
2520 5285 2824 5342 Palmstina
2870 5286 3004 5354 laci,
3029 5303 3134 5341 nec
3176 5287 3291 5343 dici
3324 5294 3517 5360 potest
3549 5290 3820 5346 exsilium
3851 5290 4085 5346 Judsao-

2428 5392 2558 5429 rum
2591 5374 2679 5430 vel
2699 5375 3042 5431 Tertulliani
3067 5376 3324 5432 adversus
3343 5379 3568 5436 Iudaeos
3600 5379 3818 5435 librum
3841 5381 4086 5436 demum

2428 5469 2560 5535 post
2606 5463 2750 5519 ilum
2801 5482 3019 5521 annum
3070 5465 3385 5538 exstitisse,
3421 5469 3523 5524 sed
3573 5473 3747 5525 antea
3777 5469 3984 5541 magis.
4023 5469 4088 5524 In

2429 5568 2545 5623 qua
2602 5552 2890 5608 sententia
2936 5553 3270 5610 confirmari
3318 5556 3523 5612 videor
3563 5555 3690 5613 loco
3721 5557 3917 5630 aliquo
3945 5556 4089 5612 Ter-

2429 5640 2662 5696 tulliani
2715 5659 2782 5698 ex
2828 5643 3201 5714 Apologetico,
3255 5659 3305 5698 c.
3351 5645 3442 5709 21,
3476 5645 3576 5700 ubi
3607 5653 3816 5718 prater
3845 5647 3956 5702 alia
3984 5645 4090 5701 Ju-

2431 5729 2571 5787 daeis
2602 5735 2802 5788 narrat
2848 5747 2921 5789 ne
2965 5731 3325 5792 advenarum
3371 5732 3615 5800 Quidam
3651 5735 3785 5808 jure
3823 5734 4088 5809 concedi,
