4526 6354
214 385 331 442 21⁸7

1097 384 1194 442 AC
1236 383 1623 444 DOCTRINA
1680 384 2177 445 SCRIPTOltUM
2226 388 2779 449 TERTULLIANI.

3520 392 3638 452 218

222 522 289 572 ut
322 522 535 571 terram
570 515 823 587 patriam
856 515 1061 572 saltem
1094 515 1337 589 vestigio
1370 516 1879 581 salutarent.Quod
1914 519 1962 583 Α
1995 518 2308 587 existimet,
2342 524 2536 577 tamen
2592 527 2832 577 strenuo
2886 522 2942 576 in
3002 522 3366 577 defendenda
3426 522 3633 579 harum

218 604 451 661 etiamsi
483 604 694 659 falsum
734 605 809 659 sit
839 606 909 660 de
957 605 1223 661 universo
1281 606 1600 661 Palaestina}
1660 611 1873 676 tractu,

221 713 249 751 e
308 712 428 766 quo
484 710 598 748 non
645 695 918 750 videntur
946 695 1129 750 Judaei
1165 713 1233 750 ne
1269 714 1369 768 per
1399 696 1711 750 Adrianum
1744 696 1873 766 qui-

226 786 361 839 dem
396 783 586 855 ejecti,
620 785 775 855 quod
810 783 1014 839 multis
1048 785 1187 839 locis
1222 787 1567 858 scriptorum
1614 791 1871 839 veterum

227 872 519 945 imprimis
578 873 776 928 docuit
829 873 915 929 J0.
950 874 1276 945 iMassonus
1311 875 1389 945 (in
1425 874 1638 929 Collect.
1673 878 1869 930 histor.

221 963 293 1018 ad
349 979 439 1034 op.
496 963 753 1017 Aristidis
800 963 891 1017 ed.
949 980 983 1018 a
1034 964 1191 1019 Sam.
1251 964 1566 1036 Jebbio,'§
1596 966 1651 1031 6,
1690 982 1743 1019 n.
1775 967 1868 1035 8);

230 1058 424 1108 tamen
458 1050 881 1107 Tertullianum
936 1051 1015 1107 ita
1074 1052 1331 1124 oportuit
1389 1052 1755 1109 existimasse
1813 1053 1871 1108 in

228 1140 623 1213 Apologetico.
683 1141 846 1197 Unde
898 1143 1143 1209 caeteris,
1177 1159 1303 1213 quae
1332 1142 1607 1210 diximus,
1639 1160 1867 1198 assum-

224 1231 362 1303 ptis,
393 1231 687 1301 ﬂejusdem
749 1230 866 1286 fere
912 1230 1097 1286 aetatis
1153 1248 1280 1287 esse
1334 1231 1547 1287 librum
1606 1232 1872 1287 adversus

219 1320 429 1376 Judwos
488 1319 678 1391 colligi
740 1321 988 1391 quodam
1051 1321 1221 1375 modo
1282 1327 1503 1392 potest.
1566 1323 1675 1377 Sed
1736 1339 1869 1377 cum

222 1426 416 1480 neque
478 1426 670 1464 annus
730 1408 908 1479 hujus
947 1408 1078 1464 libri
1108 1416 1372 1465 accurate
1404 1413 1589 1482 possit
1620 1412 1869 1480 deliniri,

230 1515 420 1570 neque
453 1497 827 1570 perspicuum
861 1499 959 1565 sit,
992 1499 1313 1553 senseritne
1360 1500 1484 1570 jam
1548 1505 1668 1554 tum
1728 1502 1870 1555 Ter-

225 1587 693 1658 tullianus|cum
742 1588 1127 1656 Montanistis,
1188 1588 1429 1659 placuit,
1482 1589 1655 1644 etiam
1717 1590 1872 1644 hunc

221 1676 437 1731 librum
465 1676 535 1732 iis
561 1677 897 1748 adjungere,
924 1694 1171 1748 quorum
1198 1694 1301 1732 nec
1323 1684 1460 1733 aatas
1485 1696 1588 1733 nec
1613 1680 1874 1734 doctrina

227 1772 543 1838 appareat;
578 1772 635 1821 et
660 1765 915 1821 collectis
941 1767 1215 1822 omnibus
1272 1767 1345 1822 iis
1405 1785 1530 1839 quae
1590 1768 1872 1823 hactenus

223 1855 525 1926 proposita
552 1860 733 1925 ,sunt,
767 1855 851 1910 ita
885 1854 997 1911 fere
1028 1856 1293 1911 ordinem
1327 1855 1611 1912 librorum
1643 1856 1871 1913 Tertul-
1904 1890 1951 1953 Β

222 1942 364 1998 liani
394 1944 773 2000 constituere.

222 2097 351 2143 Ante
380 2096 597 2153 suscepi.

281 2157 614 2205 Montanism.

224 2221 292 2268 De
325 2220 595 2268 Oratione.

224 2282 298 2330 Ad
330 2281 605 2345 Martyres.

226 2346 294 2393 De
325 2344 667 2406 Spectaculis.

228 2410 295 2456 De
324 2408 595 2455 ldolatria.

866 2094 921 2141 In
955 2094 1333 2157 Montanismo.|
1350 2096 1683 2157 Scorpiacen.

788 2156 855 2203 De
885 2160 1113 2206 Corona.
1326 2156 1492 2209 IAdv.’
1513 2160 1779 2209 Valentin.

786 2220 855 2266 De
887 2219 1024 2282 Virg.
1053 2219 1477 2282 velandis.|Adv.
1508 2221 1759 2272 Marcion.
1792 2223 1869 2273 1.1.

785 2282 855 2349 ρο
886 2282 1037 2349 ςυιιυ
1072 2282 1417 2349 ieminar.|De
1450 2284 1742 2349 Prtescript.
1771 2287 1874 2336 hi8-

793 2346 861 2391 De
896 2346 1039 2407 Fuga
1068 2348 1120 2395 in
1144 2346 1335 2409 perse-l
1410 2348 1558 2395 retic.

848 2412 975 2471 cut,
1327 2412 1397 2471 |u,
1439 2423 1507 2467 Ill,
1556 2424 1622 2471 iv,
1670 2412 1872 2462 advers.

222 2471 648 2532 Apologeticum.
766 2469 859 2532 |De
888 2469 1103 2519 Exhort.
1157 2469 1359 2532 casti-|.
1411 2472 1569 2520 Marc.

225 2534 297 2580 De
314 2533 509 2580 Testim
543 2533 778 2586 animal
850 2534 987 2579 tatis.
1327 2533 1418 2586 |De
1460 2535 1623 2582 Carne
1666 2536 1876 2586 Christi.

224 2595 337 2644 Lib.
386 2606 423 2643 ιι
472 2594 537 2644 ad
584 2593 863 2658 Natio-|De
894 2597 1244 2658 Monogamia.
1327 2593 1418 2658 |De
1451 2598 1873 2649 Resurrectione.

291 2672 403 2720 nes.
768 2656 862 2720 |De
891 2656 1140 2720 Jejuuiis.
1327 2656 1456 2720 ILib.
1490 2674 1534 2717 v,
1567 2660 1683 2710 adv.
1716 2661 1878 2711 Marc.

226 2719 299 2783 De
333 2718 622 2783 Baptismo.
768 2718 860 2783 |De
892 2718 1161 2770 Pudicitia.
1328 2718 1419 2783 |De
1454 2723 1630 2771 Pallio.

226 2782 339 2830 Lib.
363 2797 394 2831 ιι
416 2782 482 2831 ad
516 2796 735 2848 uxorem
768 2782 999 2848 |Advers.
1045 2782 1441 2848 Praxeam.|(De
1472 2786 1769 2848 Patientia.)

228 2847 505 2905 (adversus
523 2845 924 2911 Judaeos)|Adv.
964 2847 1205 2911 Hermog.
1329 2845 1425 2911 |Ad
1455 2845 1755 2911 Scapulam.

792 2910 859 2957 De
894 2908 1099 2959 Anima.
1160 2908 1181 2911 ⁷
1326 2908 1441 2971 1(De
1472 2908 1832 2974 Pm'nitentia)

269 3034 297 3100 §
322 3032 378 3086 3.
411 3064 480 3074 —
509 3032 584 3088 De
612 3034 749 3088 actis
780 3034 1061 3103 Perpetuse
1092 3037 1143 3087 et
1174 3034 1498 3106 Felicitatis,
1532 3035 1843 3108 harumque

860 3108 1247 3162 montanismo.

302 3197 496 3264 Atque
528 3192 620 3247 hic
652 3209 960 3265 possemus
998 3195 1175 3249 ﬁnem
1223 3195 1411 3251 facere
1460 3194 1874 3267 disputationis

1985 613 2307 679 martyrum
2372 610 2481 663 fide
2538 611 2764 665 laborat
2820 612 2900 681 (in
2932 611 3061 665 diss.
3096 613 3373 682 Apotogct.
3404 629 3505 683 pro
3534 612 3631 668 .SS.

1982 696 2287 766 PerpetuzL’,
2322 698 2623 753 Felicitatis
2652 705 2701 754 et
2748 702 3019 755 sociorum
3080 704 3390 771 martyrum
3447 701 3633 756 ortho-

1981 785 2171 852 docia,
2230 787 2487 841 adversus
2548 788 2690 841 Sam.
2756 790 3116 859 Busnagium,
3162 789 3436 857 Floreat,
3475 791 3633 860 1728,

1983 872 2155 943 ιιι-Μ
2179 875 2366 944 ,cujus
2403 881 2747 947 argumenta
2781 876 3019 931 memini
3054 877 3194 931 mihi
3230 877 3367 932 olim
3403 876 3631 949 legendi

1983 979 2102 1017 rem
2139 964 2309 1019 istam
2345 982 2456 1019 non
2494 967 2865 1037 persuadere,
2896 967 2997 1021 sed
3033 966 3291 1037 plurima
3337 966 3634 1023 continere

1982 1052 2052 1105 ab
2086 1051 2193 1106 hac
2226 1053 2622 1124 disputatione
2655 1072 2897 1126 prorsus
2931 1055 3140 1109 aliena.
3175 1056 3277 1109 Sed
3315 1072 3469 1110 nunc
3503 1057 3630 1127 qui-

1981 1140 2112 1195 dem
2150 1158 2259 1196 non
2294 1148 2381 1197 est
2412 1143 2482 1197 ad
2519 1160 2767 1210 manus;
2804 1145 3001 1215 itaque
3046 1162 3226 1199 unum
3254 1144 3629 1200 Wbistonum

1982 1247 2424 1302 persequamur.
2486 1232 2584 1287 ille
2644 1250 2715 1287 ne
2746 1233 3001 1288 litteram
3038 1233 3272 1304 quidem
3305 1251 3427 1303 qua:
3461 1251 3631 1289 mon-

1982 1320 2300 1374 tanismum
2336 1320 2525 1391 sapiat
2556 1322 2636 1376 ait
2666 1339 2793 1376 esse
2826 1322 2881 1375 in
2918 1322 3007 1376 bis
3036 1322 3331 1393 Perpetuis
3359 1328 3415 1377 et
3441 1321 3632 1377 Saturi

1980 1410 2419 1464 commentariis
2447 1428 2476 1464 e
2508 1411 2722 1482 quibus
2758 1428 2902 1481 pene
2954 1411 3067 1465 ista
3116 1414 3253 1465 Acta
3311 1412 3633 1483 composita

1981 1503 2151 1565 sunt;
2189 1500 2341 1569 quod
2371 1516 2546 1570 quam
2582 1518 2613 1553 a
2645 1502 2881 1555 veritate
2908 1501 3218 1555 abhorreat
3273 1506 3474 1571 postea
3532 1501 3631 1554 do-

1982 1586 2278 1654 cebimus;
2339 1589 2547 1642 deinde
2603 1588 2706 1644 hoc
2760 1606 2943 1644 unum
2992 1591 3259 1644 sufficere
3290 1591 3359 1643 ad
3394 1606 3628 1645 omnem

1980 1672 2138 1728 litem
2174 1678 2638 1746 componendam
2673 1683 2859 1749 putat,
2891 1679 3043 1749 quod
3076 1678 3471 1734 Tertullianus
3509 1679 3631 1749 pri-

1984 1780 2115 1819 mus
2150 1765 2321 1820 fuerit
2354 1766 2451 1836 qui
2487 1784 2711 1821 errores
2744 1768 3232 1822 Montanistarum
3267 1768 3325 1823 in
3376 1769 3630 1823 Africam

1980 1857 2240 1923 tempore
2298 1855 2414 1909 fere
2463 1872 2549 1925 eo,
2583 1872 2698 1927 quo
2732 1856 3017 1928 supplicia
3050 1857 3120 1911 ab
3154 1856 3246 1911 his
3276 1856 3632 1928 martyribus

1984 1946 2221 2014 sumpta
2254 1944 2723 2009 sunt,induceret
2753 1962 2766 1999 :
2803 1963 2980 2017 quare
3011 1962 3144 2001 cum
3170 1945 3254 1999 vis
3288 1946 3345 1999 in
3380 1945 3630 2001 Africam

1984 2030 2105 2085 haec
2138 2032 2277 2086 scita
2309 2032 2559 2088 fuissent
2592 2035 2783 2089 delata
2830 2051 2895 2089 co
2945 2040 3229 2106 tempore,
3288 2052 3401 2090 non
3462 2052 3633 2107 posse

1983 2119 2095 2175 dici
2150 2120 2420 2177 homines
2472 2122 2800 2178 litterarum
2862 2124 3037 2178 rudes
3097 2124 3267 2195 longe
3312 2130 3566 2179 remotos
3600 2142 3634 2179 a

1982 2210 2351 2281 Carthagine,
2384 2212 2586 2282 quales
2616 2213 2710 2268 isti
2745 2215 3131 2285 fuerunt,jam
3164 2213 3338 2268 istam
3372 2214 3632 2285 discipli-

1984 2314 2118 2352 nam
2144 2299 2492 2371 suscepisse.
2532 2302 2591 2355 In
2625 2319 2738 2372 quo
2786 2319 3056 2357 sermone
3103 2318 3217 2356 non
3269 2320 3423 2357 unus
3471 2317 3636 2357 error

1984 2388 2287 2457 reperitur.
2355 2389 2618 2443 Primum
2677 2390 2784 2444 hoc
2841 2390 3022 2444 sumit
3079 2390 3191 2444 sibi
3250 2389 3405 2445 haud
3432 2390 3630 2458 dubie,

1985 2478 2138 2547 quod
2174 2478 2268 2531 isti
2330 2484 2612 2549 martyres
2673 2484 2917 2533 mortem
2978 2480 3270 2535 subierint
3325 2479 3633 2546 Tuburbii,

1985 2567 2153 2635 cujus
2188 2567 2348 2621 urbis
2380 2568 2499 2621 seio
2525 2568 2875 2623 mentionem
2902 2568 3171 2638 injectum
3192 2568 3394 2623 essein
3415 2568 3633 2640 spuriis

1985 2656 2195 2711 horum
2228 2658 2498 2711 Actorum
2534 2658 2835 2728 exemplis,
2870 2663 2923 2712 et
2953 2662 3040 2713 est
3072 2674 3305 2729 quoque
3356 2659 3484 2728 ejus
3536 2675 3638 2713 no-

1988 2762 2121 2800 men
2182 2763 2216 2800 a
2274 2746 2581 2801 Whistono
2640 2764 3005 2818 expressum,
3037 2747 3139 2801 sed
3175 2752 3233 2801 et
3265 2764 3365 2817 per
3396 2747 3639 2801 meliora

1988 2833 2272 2909 ἀπὸγραιφα
2303 2840 2358 2889 et
2393 2836 2749 2905 argumentis
2806 2835 3023 2890 Valesii
3082 2853 3147 2891 ac
3208 2836 3499 2890 Ruinartii
3555 2835 3637 2907 (in

1988 2927 2107 2977 not.
2169 2924 2238 2977 ad
2297 2924 2428 2977 Acta
2477 2930 2734 2995 martyr.,
2797 2942 2929 2996 pag.
2987 2926 3079 2991 90,
3113 2925 3205 2991 91,
3239 2926 3329 2979 ed.
3365 2925 3637 2993 Amstel.)

1987 3012 2131 3066 satis
2163 3012 2688 3083 explosum.Quare
2718 3014 2765 3068 si
2799 3031 2919 3081 eos,
2952 3018 3018 3068 ut
3046 3014 3128 3068 illi
3161 3014 3266 3067 viri
3292 3014 3643 3083 docuerunt,

1987 3100 2337 3172 Carthagine
2372 3101 2752 3173 interemptos
2786 3103 3118 3169 credamus,
3153 3102 3319 3157 facile
3378 3102 3642 3173 accipere

1988 3188 2048 3243 hi
2107 3189 2373 3244 notitiam
2427 3207 2689 3245 errorum
2742 3191 3231 3245 Montanistarum
3286 3191 3639 3263 potuissent,

235 3287 441 3337 nostrae
474 3298 487 3335 :
521 3298 707 3353 neque
737 3282 893 3337 enim
943 3290 1149 3338 caetera
1204 3283 1575 3339 Tertullianis
1633 3286 1872 3357 scripta,
1905 3260 1948 3327 (δ
1987 3294 2016 3332 c

1858 3327 1872 3352 ν
1905 3260 1948 3327 C
1987 3294 2121 3333 cum
2154 3278 2581 3333 Tertullianum
2614 3280 2980 3351 Carthagine
3013 3280 3225 3335 vixisse
3282 3297 3484 3335 omnes
3538 3297 3640 3335 no-

233 3388 360 3442 quae
418 3371 503 3424 vel
564 3387 866 3442 perperam
923 3380 1063 3426 sunt
1118 3371 1230 3443 ipsi
1290 3373 1565 3444 ascripta,
1598 3374 1711 3444 {vel
1764 3392 1877 3429 non

233 3465 488 3529 exstant,
556 3465 825 3521 excutere
883 3460 1051 3515 nobis
1106 3465 1195 3515 est
1244 3462 1630 3533 prepositum.
1681 3466 1787 3519 Sed
1820 3465 1877 3519 in

236 3552 495 3605 animum
533 3548 692 3604 venit
718 3550 983 3619 quaedam
1018 3550 1087 3604 de
1119 3550 1276 3605 Actis
1307 3550 1424 3606 illis
1455 3551 1554 3606 SS.
1589 3556 1881 3624 Perpetuaa

240 3643 296 3692 et
326 3636 637 3693 Felicitatis
670 3636 881 3702 dicere,
915 3654 1037 3707 quae
1072 3644 1231 3705 sunt,
1281 3639 1381 3711 qui
1431 3640 1606 3695 etiam
1657 3642 1880 3697 Tertul-

238 3727 395 3782 liano
414 3725 815 3781 tribuerint.ln
847 3726 1062 3797 quibus
1094 3744 1275 3783 unum
1308 3727 1475 3783 illum
1498 3729 1878 3786 Whlstonum

236 3816 587 3888 impugnare
645 3814 857 3887 placet,
916 3814 1017 3887 qui
1074 3833 1308 3872 omnem
1358 3833 1595 3889 operam
1626 3819 1786 3875 dedit
1818 3824 1883 3875 ut

239 3907 361 3961 haec
384 3908 517 3960 Acta
537 3904 887 3961 Tertulliano
920 3909 1205 3960 assereret
1234 3907 1386 3961 I72
1419 3906 1501 3976 (in
1534 3907 1639 3963 The
1683 3909 1882 3964 sacred

242 3998 287 4048 ιι
296 3996 462 4064 istory
494 3999 546 4063 0/
578 3993 666 4048 the
692 3992 892 4048 Jewish
922 3993 1031 4048 and
1059 3994 1345 4049 Christian
1375 3995 1595 4064 church,
1630 4003 1778 4067 part.
1818 4015 1877 4068 ιι,

237 4082 352 4137 vel.
388 4085 479 4150 VI,
516 4097 653 4153 pag.
696 4082 942 4151 477-78).
977 4084 1162 4153 Atque
1194 4084 1243 4137 is
1272 4087 1364 4138 SS.
1420 4084 1550 4140 illas
1597 4092 1881 4159 martyres

237 4187 355 4226 non
388 4170 624 4242 quidem
656 4170 1020 4227 arbitrature
1051 4171 1359 4244 disciplina
1390 4174 1879 4231 Montanistarum

238 4260 441 4327 fuisse,
476 4259 628 4331 quod
687 4258 1036 4329 quibusdam
1096 4260 1337 4333 placuit,
1393 4261 1571 4318 veluti
1625 4264 1881 4321 Samueli

238 4348 526 4419 Basnagio
586 4348 861 4419 (Annalib.
923 4349 1085 4404 Potit.
1144 4351 1377 4416 Eccles.,
1437 4356 1581 4407 tom.
1640 4355 1710 4419 ll,
1744 4371 1876 4426 pag.

235 4439 343 4491 224
400 4438 636 4509 seqq);
695 4436 795 4492 sed
852 4436 972 4492 haec
1030 4437 1128 4509 qui
1182 4438 1454 4511 collegit,
1514 4457 1648 4496 eum
1708 4442 1881 4513 plane

239 4530 409 4598 putat
439 4543 552 4581 non
580 4525 995 4581 montanistam
1030 4526 1331 4597 modo,sed
1364 4532 1421 4583 et
1449 4528 1877 4587 Tertullianum

1990 3366 2125 3421 rint.
2195 3366 2357 3423 Unde
2415 3384 2547 3423 vero
2572 3368 2922 3423 Whistonus
2952 3368 3183 3424 docebit
3212 3367 3639 3423 Tertullianum

1989 3456 2249 3527 primum
2283 3457 2484 3525 fuisse,
2520 3456 2619 3528 qui
2652 3457 2710 3512 in
2743 3458 2934 3513 Africa
2964 3458 3069 3513 hos
3104 3474 3328 3513 errores
3380 3462 3436 3512 et
3493 3463 3642 3513 tem-

1991 3560 2128 3617 pore
2188 3544 2306 3600 fere
2365 3546 2787 3617 suppliciorum
2846 3548 2918 3602 ab
2968 3547 3061 3602 his
3094 3546 3451 3616 martyribus
3482 3564 3642 3602 sum-

1990 3639 2222 3706 ptorum
2256 3635 2580 3706 sparserit?
2611 3637 2679 3691 Et
2710 3636 2759 3691 si
2791 3636 2913 3691 haec
2944 3636 3120 3692 etiam
3153 3635 3438 3704 dederim,
3471 3636 3634 3707 quid,

1991 3724 2253 3793 obsecro,
2312 3723 2654 3779 incredibile
2712 3731 2801 3780 est
2850 3742 3077 3781 errores
3129 3724 3544 3780 aTertulliano
3578 3724 3637 3778 in

1988 3812 2184 3867 Africa
2214 3812 2652 3881 disseminatos,
2687 3831 2833 3885 quos
2863 3820 2995 3869 ante
3053 3831 3275 3869 annum
3336 3814 3468 3869 CCV
3510 3814 3637 3884 jam

1991 3901 2224 3971 scriptis
2285 3902 2623 3957 defenderat
2680 3902 2839 3974 (huic
2883 3904 3037 3959 enim
3071 3919 3221 3958 anno
3256 3906 3501 3956 mortem
3536 3902 3634 3957 SS.

1988 3994 2305 4062 Martyrum
2336 3990 2684 4047 Whistonus
2710 3992 3019 4063 adjunxit),
3055 3995 3357 4062 perceptos
3416 3989 3488 4045 ab
3544 3989 3639 4045 his

1991 4079 2349 4149 martyribus
2383 4080 2885 4152 fuisse,imprimis
2918 4098 3051 4135 cum
3085 4079 3320 4153 plurimi
3353 4080 3424 4134 ad
3458 4079 3641 4134 socie-

1988 4177 2170 4226 tatem
2225 4170 2486 4226 Montani
2546 4173 2885 4227 accedentes
2922 4216 2935 4238 ,
2994 4180 3251 4237 expertes
3307 4170 3638 4225 litterarum

1990 4261 2229 4332 fuerint,
2263 4264 2318 4316 et
2351 4260 2433 4315 ita
2464 4260 2672 4315 horum
2708 4266 3026 4333 martyrum
3062 4259 3304 4315 similes.
3340 4265 3421 4314 Ac
3453 4257 3637 4313 multo

1991 4349 2175 4421 magis
2209 4350 2485 4405 abhorret
2511 4351 2589 4417 id,
2612 4351 2765 4421 quod
2797 4349 2943 4405 nihil
2975 4350 3053 4404 sit
3082 4347 3449 4404 somniorum
3474 4349 3635 4401 Mon-

1989 4440 2110 4493 tani
2142 4440 2575 4493 commentariis
2606 4439 2793 4509 ipsius
2825 4443 3111 4509 Perpetua
3142 4442 3192 4491 et
3224 4435 3416 4490 Saturi
3444 4452 3642 4505 asper-

1989 4528 2603 4599 sum.Nampr1mum
2665 4544 2879 4599 magna
2938 4533 3027 4581 est
3085 4526 3341 4596 suspicio
3400 4523 3642 4579 humani

237 4616 443 4671 fuisse.
470 4618 591 4680 Qua
620 4617 689 4671 de
722 4631 781 4670 re
811 4616 981 4671 nobis
1011 4616 1174 4671 sedet
1230 4618 1521 4673 contraria
1573 4620 1883 4676 sententia,
1915 4629 1960 4694 υ
1995 4634 2205 4672 sensus
2254 4617 2311 4671 in
2345 4617 2510 4687 ,ipsis
2540 4615 2845 4687 speciebus
2879 4615 2972 4671 his
3002 4614 3343 4670 hominibus
3375 4613 3640 4684 objectis.

238 4705 389 4760 Nam
438 4705 696 4776 primum
748 4702 934 4759 multa
962 4710 1101 4760 sunt
1132 4706 1191 4759 in
1224 4705 1389 4777 ipsis,
1420 4724 1567 4777 quos
1600 4708 1884 4780 Perpetua

237 4794 500 4865 reliquit,
534 4794 1101 4866 commentariis,qui
1138 4795 1289 4850 haud
1323 4796 1498 4851 dubie
1528 4814 1654 4853 eam
1689 4803 1882 4854 osten-

238 4884 441 4939 dante
470 4883 957 4939 Montanistarum
990 4883 1208 4940 familia
1264 4885 1465 4941 fuisse.
1525 4886 1705 4959 quue
1754 4888 1882 4958 jam

240 4974 546 5045 occupavit
575 4974 923 5046 Basnagius,
958 4975 1059 5030 sed
1092 4978 1302 5031 nactus
1334 4980 1441 5042 est,
1499 4979 1594 5048 qui
1654 4984 1883 5034 contra-

241 5064 505 5133 diceret,
570 5062 891 5135 Josephum
959 5064 1352 5136 Augustinum
1420 5064 1696 5136 Orsium,
1763 5066 1882 5138 qui,

241 5168 360 5223 qua
384 5152 511 5207 :ivis
536 5168 693 5223 eum,
726 5153 825 5223 qui
858 5157 987 5208 acta
1018 5152 1128 5208 ista
1168 5152 1420 5225 collegit,
1470 5155 1885 5212 Montanistam

311 5297 427 5363 (40)
482 5295 623 5349 Acta
677 5295 886 5359 Perpet.
948 5300 1003 5350 et
1061 5296 1299 5363 Feticit.,
1362 5298 1417 5351 in
1452 5299 1696 5354 Rumori
1725 5298 1885 5354 Actis

244 5374 568 5438 martyrum
601 5367 1006 5441 sinceris.Ed.
1042 5370 1250 5436 Amst.,
1284 5385 1317 5439 p
1373 5370 1462 5434 93,
1496 5370 1525 5441 §
1556 5372 1604 5423 3.
1664 5370 1723 5423 In
1771 5372 1886 5441 ipso

240 5442 418 5511 spatio
474 5455 775 5510 paucorum
828 5440 1040 5494 dierum
1082 5441 1353 5511 baptizati
1378 5440 1588 5496 sumus.
1621 5441 1754 5497 Mihi
1785 5440 1885 5497 au-

244 5518 351 5567 tem
380 5513 603 5586 spiritus
627 5513 856 5566 dictavit
890 5530 907 5565 :
936 5510 1090 5565 nihil
1119 5512 1280 5567 aliud
1306 5514 1595 5584 petendum
1629 5516 1685 5568 in
1718 5531 1883 5586 aqua,

247 5585 356 5639 nisi
384 5585 762 5639 sulferentium
793 5586 994 5637 carnis.

313 5585 356 5639 si
384 5584 762 5709 su/{erentium
793 5586 994 5637 carnis.
1764 5584 1776 5586 ‘

313 5656 425 5725 (41)
486 5656 627 5721 bid.,
662 5671 719 5727 p.
746 5655 837 5728 94,
868 5656 894 5721 §
924 5655 955 5709 4
990 5670 1002 5707 :
1038 5654 1199 5710 Dixit
1232 5655 1399 5728 Amihi
1448 5659 1629 5728 frater
1686 5672 1837 5711 meus
1866 5673 1887 5713 :

249 5727 479 5784 Domina
507 5726 703 5801 εισι-ον,
735 5726 854 5795 iam
884 5728 945 5782 in
975 5742 1180 5798 magna
1209 5726 1484 5799 dignitate
1511 5745 1587 5798 es,
1618 5733 1670 5785 et
1696 5734 1883 5800 tanta,

1994 4705 2221 4761 Etenim
2256 4709 2537 4777 Perpetua
2570 4722 2683 4760 non
2718 4705 2889 4760 modo
2914 4705 3115 4760 statim
3152 4704 3304 4758 I73
3356 4719 3491 4758 eum
3545 4702 3645 4758 ben

1994 4795 2210 4866 ptismo
2242 4811 2303 4849 se
2334 4793 2638 4865 profitetur
2667 4793 2861 4848 dotem
2895 4793 3216 4847 futurorem
3250 4790 3644 4863 praenuntian-

1995 4884 2201 4938 dorum
2234 4882 2527 4953 accepisse
2560 4882 2706 4954 (40);
2740 4883 2839 4936 sed
2879 4882 2961 4936 ita
2990 4880 3165 4936 etiam
3202 4880 3444 4935 ﬁdenter
3474 4879 3543 4933 de
3574 4894 3643 4933 ea

1994 4972 2127 5027 dote
2158 4970 2432 5042 loquitur,
2462 4976 2526 5025 ut
2556 4988 2659 5041 pro
2692 4970 2930 5026 arbitrio
2979 4970 3177 5024 futura
3221 4968 3529 5041 praesagire
3586 4969 3644 5021 et

1998 5061 2083 5117 vel
2141 5061 2213 5116 ab
2270 5060 2427 5131 ipsis.
2468 5060 2679 5115 inferni
2740 5059 3049 5131 suppliciis
3102 5068 3364 5115 mortuos
3394 5058 3641 5112 liberare

1995 5155 2192 5224 posset
2222 5151 2355 5222 (41).
2409 5150 2593 5214 Quam
2654 5155 3012 5221 postremam
3071 5148 3466 5221 arrogantiam
3524 5161 3640 5199 non

1995 5304 2054 5350 ut
2111 5296 2344 5366 postules
2400 5295 2688 5365 visionem,
2750 5302 2799 5349 et
2857 5293 3176 5349 ostendatur
3205 5292 3326 5366 tibi,
3357 5306 3431 5341 an
3456 5287 3640 5366 passio

1994 5372 2087 5435 sit,
2111 5362 2592 5439 'anrt'ommeatus?
2624 5362 2750 5439 iﬁe.
2778 5384 2862 5439 an
2885 5372 3146 5439 tuturum
3180 5364 3297 5439 sit,_
3323 5366 3413 5439 ut.
3434 5362 3641 5439 mortis

1995 5429 2641 5512 periculumgefl'ugias?
2674 5438 2731 5493 V.
2767 5437 3042 5512 Holstenii
3079 5440 3195 5512 not.
3231 5436 3300 5512 ad
3471 5429 3642 5511 ibid.”

1996 5502 2051 5583 ξ).
2088 5512 2208 5579 106,
2242 5510 2342 5582 qui
2383 5502 2531 5585 bene
2587 5511 2859 5585 observat
2915 5508 3101 5563 locum
3152 5502 3522 5585 Tertulliani,
3579 5502 3639 5585 in

1996 5577 2111 5655 quo
2167 5577 2380 5638 sorores
2423 5599 2457 5655 α
2487 5584 2716 5655 Domino
2748 5582 3168 5655 commemorat
3192 5577 3571 5655 dignationem

1996 5646 2046 5711 ἑ.
2097 5655 2345 5735 gratiam
2405 5654 2785 5735 singularem,
2835 5652 3259 5722 quotiescunque
3312 5646 3638 5735 desiderent,

1995 5719 2267 5801 coniequi.
2303 5719 2627 5798 Pergit—illa
2659 5740 2672 5779 :
2704 5719 2915 5797 Eteﬁo,
2946 5737 3071 5797 quae
3121 5719 3211 5780 nte
3264 5719 3497 5778 sciebam
3554 5722 3640 5790 [a-
