4526 6354
639 406 758 469 219

1734 405 2244 468 DiSSERTATlO
2289 405 2390 468 DE
2437 407 2648 468 VERA
2691 405 2972 466 IETATE

3927 406 4048 466 220

643 539 933 594 excutiam
982 555 1136 593 nunc
1188 538 1449 610 quidem,
1509 539 1610 593 sed
1667 539 2046 593 vehementer
2093 541 2363 606 tamenA
2401 542 2540 593 tata.
2571 540 2760 608 Atque
2819 537 2946 593 illas
3007 536 3170 593 addit
3235 537 3472 600 Paulus,
3543 536 3615 590 ad
3681 535 3894 607 Ephes.
3962 554 4042 606 ιν,

643 629 866 695 dubito,
923 645 994 683 an
1061 627 1421 697 temporibus
1453 628 1547 691 iis,
1579 627 1636 681 in
1670 645 1796 698 quae
1827 634 1965 682 aetas
1990 632 2280 699 Perpetuis

641 717 862 781 incidit,
899 717 955 771 h.
990 733 1039 771 e.
1073 719 1284 772 saeculo
1316 721 1378 769 P.
1413 717 1480 771 N.
1513 719 1573 773 C.
1608 719 1865 771 secundo
1896 715 2138 780 labenti,
2181 716 2282 771 illa

642 808 1054 861 mlraculorum
1107 806 1356 861 facultas
1405 811 1462 860 et
1516 806 1682 876 quasi
1715 807 2043 859 immanens
2073 806 2276 871 virtus,

639 912 763 965 quae
796 894 1076 964 apostolis
1118 894 1498 966 Ecclesique
1557 894 1884 964 apostolica:
1944 895 2079 948 data
2135 899 2278 963 erat,

638 989 790 1036 recte
850 982 1029 1036 tribui
1080 984 1310 1038 debeat.
1358 983 1536 1053 Cujus
1568 983 1886 1049 sententiae,
1917 988 1980 1036 ut
2010 983 2276 1036 brevitati

635 1071 798 1124 locus
841 1072 1028 1138 detur,
1079 1074 1225 1126 duas
1285 1089 1602 1142 proponam
1649 1073 1920 1126 rationes.
1977 1071 2100 1125 Una
2158 1071 2278 1126 haec

635 1164 742 1224 est,
802 1162 955 1230 quod
1010 1162 1203 1216 doceri
1264 1161 1422 1216 nullo
1455 1163 1625 1216 modo
1657 1163 1861 1232 possit,
1895 1177 2273 1232 quemquam,

637 1248 685 1303 si
721 1249 792 1302 ab
823 1249 1101 1318 apostolis
1127 1249 1487 1317 discesseris,
1519 1250 1604 1304 vel
1636 1251 1930 1320 accepisse
1960 1249 2137 1304 talem
2189 1251 2275 1303 fa-

634 1337 931 1403 cultatem,
982 1339 1090 1392 nisi
1143 1340 1417 1394 manibus
1464 1355 1663 1393 eorum
1695 1338 1804 1393 sibi
1839 1337 2153 1409 impositis,
2186 1336 2274 1391 vel

631 1425 791 1480 illam
844 1427 1273 1483 communicare
1321 1429 1533 1484 iterum
1591 1445 1726 1482 cum
1785 1427 1914 1481 aliis
1973 1427 2271 1497 potuisse:

631 1516 960 1586 contra,qui
990 1515 1048 1570 in
1080 1516 1428 1571 contrariam
1461 1520 1681 1588 partem
1713 1516 1999 1584 disputari
2022 1518 2272 1585 possint,

633 1602 830 1672 plures
858 1609 995 1658 sunt
1028 1609 1084 1659 et
1113 1606 1256 1660 satis
1286 1605 1546 1660 illustres
1576 1605 1706 1660 loci.
1743 1609 1977 1659 Petrum
2011 1610 2068 1658 et
2095 1603 2272 1658 Joan-

636 1707 767 1746 nem
803 1692 1119 1762 apostolos,
1153 1701 1214 1747 ut
1242 1695 1354 1748 hoc
1386 1699 1534 1760 utar,
1570 1710 1749 1764 quare
1780 1693 2011 1747 tandem
2071 1710 2104 1746 a
2161 1709 2274 1746 cas-

632 1780 775 1836 teris
837 1782 1050 1837 missos
1105 1799 1232 1837 esse
1287 1783 1613 1837 Samariam
1674 1783 1807 1852 (Act.
1850 1798 1968 1846 vm,
2004 1781 2067 1834 14
2100 1785 2269 1850 seq.).

634 1885 813 1938 quare
846 1871 1118 1924 manibus
1164 1871 1452 1941 impositis
1506 1870 1774 1924 virtutem
1832 1869 2268 1924 efticiendorum

635 1956 1053 2013 miraculorum
1112 1959 1484 2014 distribuisse
1532 1960 1695 2014 novis
1726 1958 2063 2014 cbristianis
2092 1957 2273 2025 dicas,

635 2062 766 2101 cum
797 2047 1064 2118 ipsejam
1096 2049 1400 2119 Philippus
1422 2048 1777 2119 evengelista
1807 2047 2009 2102 multis
2031 2047 2278 2102 miracu-

636 2134 708 2189 lis
740 2136 1016 2191 Samarize
1039 2138 1432 2192 celebritatem
1463 2143 1618 2192 esset
1646 2135 2038 2192 consecutus?
2097 2153 2278 2207 quare

638 2223 952 2279 Christiani
1003 2225 1278 2297 Ephesini
1327 2228 1460 2296 (Act.
1492 2243 1608 2292 xxx,
1638 2230 1672 2280 2
1704 2229 1851 2296 seq.)
1884 2227 1954 2280 ad
1988 2241 2136 2294 quos
2167 2224 2278 2296 pri-

639 2329 774 2368 mus
803 2331 958 2369 nunc
988 2316 1205 2370 Paulus
1237 2315 1535 2387 apostolus
1568 2320 1909 2382 accesserat,
1944 2331 2131 2385 neque
2180 2331 2275 2369 ac-

639 2403 858 2472 cepisse
918 2421 981 2460 se
1028 2404 1279 2476 Spiritus
1330 2413 1617 2473 sanctum,
1677 2421 1866 2475 neque
1894 2404 2097 2474 ietiam
2129 2403 2278 2458 scire

642 2493 780 2562 quid
815 2494 920 2548 hoc
971 2495 1047 2548 rei
1101 2501 1256 2549 esset
1325 2495 1650 2566 potuissent
1714 2493 1924 2558 dicere,
1996 2493 2107 2547 nisi
2174 2493 2274 2560 ita,

641 2584 1136 2652 quemadmodum
1167 2582 1944 2650 dicebamus,fuisset?0uod
1975 2582 2025 2636 si
2059 2581 2140 2635 ita
2168 2585 2276 2649 est,

641 2670 935 2725 neminem
969 2672 1260 2726 affirmare
1294 2674 1477 2726 audeo
1508 2673 1618 2726 sub
1651 2672 1823 2726 finem
1855 2687 1985 2725 saec.
2020 2687 2058 2723 η
2098 2670 2277 2724 fuisse

640 2758 1106 2814 Christianorum
1125 2760 1578 2831 quihujusmodi
1613 2759 1888 2814 facultate
1919 2757 2280 2829 splendesce-

637 2852 758 2916 ret;
826 2865 1012 2918 neque
1079 2849 1233 2904 enim
1284 2853 1433 2914 tum,
1475 2849 1575 2920 qui
1607 2849 1679 2904 ab
1710 2847 1986 2920 apostolis
2016 2864 2141 2903 eam
2174 2863 2274 2918 po-

635 2937 888 2992 tuissent
920 2937 1179 3010 accipere
1211 2939 1268 2992 in
1303 2938 1445 2993 vivis
1474 2938 1876 2993 versabantur.
1908 2936 2100 2991 Altera
2131 2937 2276 2990 ratio

636 3025 694 3079 in
724 3024 848 3081 loso
883 3027 1023 3099 Eph.
1063 3044 1138 3095 1v,
1189 3031 1224 3081 7
1271 3045 1416 3098 seq.,
1462 3027 1810 3082 continetur.
1865 3027 2091 3080 Etenim
2140 3042 2276 3081 cum

636 3114 848 3172 Paulus
881 3117 1066 3172 multa
1088 3118 1361 3189 superius
1383 3115 1984 3189 disputasset,quibus
2008 3115 2078 3170 iis
2101 3115 2275 3170 etiam

633 3206 731 3274 qui
763 3206 954 3260 adhuc
987 3207 1215 3261 fuerant
1246 3207 1470 3261 cultum
1505 3208 1745 3261 deorum
1773 3205 1979 3270 secuti,
2012 3205 2274 3260 eamdem

2394 629 2478 692 13,
2541 627 2627 696 14,
2687 627 2853 682 datas
2909 643 3038 682 esse
3099 624 3265 699 μέχρι
3313 625 3729 695 καταντήσωμεν
3765 624 3818 677 oi
3847 623 4042 687 πάντες

2393 711 2466 773 εἷς
2497 714 2594 780 τὴν
2643 711 2869 781 ἐοὸτητα
2926 715 3022 781 τῇς
3080 713 3337 782 πίστεως,
3391 713 3480 767 καὶ
3537 716 3636 776 τῆς
3699 711 4041 789 ἰπιγνώσεως

2384 806 2485 854 τοῦ
2543 802 2670 854 Υὶοῦ
2721 805 2817 855 τοῦ
2875 806 3028 868 Θεοῦ,
3089 801 3164 862 εἷς
3219 799 3385 876 ἄνδρα
3431 800 3661 869 τέλειον,
3717 802 3790 864 εἰς
3845 804 4040 877 μέτρον

2389 888 2611 958 ἡλικίας
2674 894 2769 944 τοῦ
2835 889 3214 964 πληρώματος
3277 895 3374 945 τοῦ
3426 895 3680 964 Χριστοῦ,
3731 912 3784 946 κ.
3835 913 3886 949 τ.
3943 891 4034 963 λ.;

2389 982 2542 1034 unde
2568 981 2818 1035 efficitur
2845 998 2910 1035 eo
2942 986 3203 1052 tempore
3233 982 3546 1037 exstinctas
3578 983 3682 1037 has
3731 982 4038 1039 facultates

2389 1070 2590 1136 fuisse,
2623 1086 2737 1140 quo
2770 1086 2902 1124 cum
2936 1071 2996 1137 ii,
3033 1070 3133 1142 qui
3167 1087 3196 1125 e
3222 1071 3463 1137 Judaais,
3496 1075 3623 1125 tum
3655 1072 3756 1142 qui
3788 1087 3818 1127 e
3848 1073 4037 1144 genti-

2384 1157 2540 1214 libus
2593 1158 2897 1214 christiani
2956 1159 3094 1214 facti
3153 1165 3318 1215 erant
3354 1159 3430 1230 (oi
3461 1160 3699 1230 πάντες),
3735 1161 3790 1215 in
3826 1161 4035 1217 iisdem

2385 1248 2560 1302 rebus
2593 1248 2898 1304 credendis
2933 1250 3420 1320 agnoscendoque
3452 1266 3567 1304 uno
3599 1249 3696 1304 illo
3743 1250 3882 1306 Filio
3934 1251 4036 1306 Dei

2385 1337 2844 1402 consensissent,
2888 1345 2941 1392 et
2974 1337 3247 1393 universa
3277 1354 3345 1393 ex
3375 1337 3641 1408 utrisque
3674 1338 3916 1395 collecta
3947 1358 4039 1396 so-

2383 1424 2562 1481 cietas
2593 1425 3045 1482 Christianorum
3079 1429 3229 1498 (quas
3261 1425 3376 1492 hic,
3400 1428 3574 1482 ducta
3603 1445 3636 1482 a
3657 1428 4034 1485 tabernaculo

2381 1515 2872 1585 Mosaico,repleto
2905 1514 3002 1571 illo
3034 1516 3230 1570 divino
3263 1517 3592 1587 splendore,
3613 1516 4031 1590 similitudine,

2381 1600 2663 1675 πλήρωμα
2691 1606 2787 1656 τοῦ
2818 1604 3051 1677 Χριστοῦ
3084 1603 3215 1659 coll.
3250 1621 3300 1659 ο.
3363 1606 3414 1673 1,
3469 1607 3559 1673 22,
3613 1606 3705 1674 23,
3769 1607 4030 1678 dicitur),

2383 1693 2453 1747 ad
2503 1692 2728 1747 virilem
2782 1694 2946 1764 quasi
2981 1697 3206 1748 aetatem
3237 1694 3535 1765 perducta,
3570 1711 3683 1750 non
3717 1711 3778 1750 se
3801 1697 4033 1766 jactan-

2382 1781 2518 1835 dam
2550 1781 2804 1853 amplius
2837 1782 3143 1837 fraudibus
3173 1783 3475 1837 doctorum
3499 1778 3890 1850 ΐουδαϊζόντων
3911 1802 4038 1856 per-

2385 1869 2662 1924 mitteret.
2698 1871 2807 1925 Sed
2845 1871 3000 1926 istud
3052 1875 3286 1942 tempus
3342 1888 3459 1926 non
3515 1872 3596 1926 ita
3655 1872 3840 1928 multo
3901 1877 4037 1944 post

2385 1958 2780 2029 apostolorum
2813 1960 3075 2014 omnium
3106 1960 3464 2026 obitum,aut
3485 1961 3595 2016 sub
3627 1961 3879 2016 mediam
3913 1963 4037 2018 fere

2387 2065 2566 2102 8:20.11
2599 2053 2823 2120 partem
2858 2048 3153 2104 exstitisse
3182 2049 3704 2119 suspicor.Etenim
3741 2054 3803 2105 ut
3832 2051 4040 2107 Adria-

2386 2152 2497 2190 nus
2543 2136 2762 2191 Judasis
2815 2136 3216 2205 Hierosolyma
3271 2136 3616 2210 cultumque
3670 2138 3752 2193 ibi
3801 2139 4041 2211 publice

2386 2223 2800 2279 celebrandum
2868 2224 3269 2289 interdixerat,
3330 2225 3714 2296 Christianos,
3785 2244 4040 2298 quorum

2387 2313 2566 2368 animi
2618 2314 2808 2368 adhuc
2849 2315 2916 2368 ad
2947 2314 3280 2369 Judteorum
3315 2313 3653 2387 religionem
3687 2315 3918 2372 fuerant
3943 2316 4039 2372 in-

2387 2402 2609 2467 clinati,
2663 2403 2864 2473 paucis
2905 2403 3180 2474 exceptis,
3213 2401 3501 2474 Sulpitius
3532 2405 3776 2461 Severus
3809 2407 4037 2474 )Histor.

2386 2507 2564 2561 sacra,
2623 2490 2727 2547 lib.
2764 2508 2827 2559 il,
2861 2508 2909 2546 c.
2943 2492 3053 2560 31),
3087 2496 3144 2546 et
3174 2491 3330 2546 hunc
3360 2509 3614 2548 errorem
3646 2494 3952 2565 abjecisse,
3981 2499 4041 2551 et

2388 2580 2646 2635 Marcum
2672 2597 2700 2635 e
2723 2580 3041 2652 gentilibus
3065 2581 3405 2652 episcopum
3432 2582 4036 2655 Hierosolymitanum

2387 2685 2636 2731 creasse,
2693 2686 2939 2740 quorum
2999 2670 3153 2724 haud
3213 2669 3388 2726 dubie
3441 2671 3776 2743 exemplum
3834 2673 4034 2728 caeteri

2388 2758 2650 2827 ejusdem
2711 2757 2940 2830 generis
2991 2758 3203 2813 imitati
3254 2759 3446 2826 fuere;
3488 2775 3680 2831 neque
3711 2759 3866 2816 enim
3899 2765 4044 2833 post

2388 2845 2506 2899 haec
2539 2846 2867 2918 disruptam
2900 2847 3364 2903 Christianorum
3395 2848 3734 2905 societatem
3769 2849 4043 2920 pristinis

2388 2935 2458 2988 de
2489 2935 2848 2990 observanda
2878 2934 3002 3007 lege
3032 2936 3282 2991 Mosaica
3314 2936 3579 2992 dissidiis
3627 2954 3883 3009 unquam
3933 2940 4042 2994 de-

2388 3023 2823 3094 prehendimus.
2875 3024 3018 3079 Nam
3065 3025 3174 3080 etsi
3207 3025 3340 3096 quis
3371 3025 3682 3081 obverterit
3711 3026 4048 3083 Cerinthia-

2388 3133 2617 3185 norum,
2640 3117 3062 3186 Ebionitarum,
3096 3118 3499 3173 Nazaraeorum
3530 3123 3587 3172 et
3617 3118 4052 3175 Elcesaitarum

2389 3204 2660 3274 familias,
2694 3212 2888 3261 tamen
2918 3205 3019 3276 qui
3049 3205 3162 3273 bis,
3215 3211 3512 3261 transacta
3568 3207 3743 3278 priori
3803 3224 3934 3263 saec.
4007 3225 4048 3264 ιι

631 3311 764 3348 cum
794 3293 1579 3368 Judmispartemvind’icaret
1605 3296 1971 3367 gratiamque
1992 3295 2270 3364 divinam,
2305 3281 2347 3347 C
2385 3298 2566 3364 parte,
2623 3310 2684 3349 se
2737 3295 3141 3365 adjungerent,
3176 3294 3539 3365 ,‘paucissimi
3598 3295 3792 3361 fuere,
3845 3312 4048 3366 neque

631 3388 698 3437 ut
728 3384 1136 3439 dissentientes
1167 3384 1318 3440 inter
1350 3384 1706 3440 Christianos
1731 3384 1959 3453 judeeos
2017 3399 2082 3436 ac
2139 3398 2272 3453 gen-

629 3471 761 3526 tiles
792 3472 852 3526 in
883 3473 1252 3527 concordiam
1284 3474 1604 3544 redigeret;
1656 3477 1858 3542 postea
1906 3470 2271 3526 animadver-

632 3565 782 3627 tens,
839 3561 1143 3617 facultates
1200 3563 1270 3617 ad
1303 3561 1586 3617 miracula
1610 3560 1860 3616 multum
1894 3561 1964 3614 ad
1998 3560 2268 3614 alendam

635 3654 1015 3721 utrorumque
1046 3651 1397 3706 discordiam
1426 3652 1631 3716 facere,
1666 3654 1724 3705 et
1783 3650 1937 3721 quod
1987 3649 2125 3721 ipsa:
2183 3648 2270 3702 has

632 3755 736 3811 pro
794 3739 1032 3795 arbitrio
1063 3741 1277 3796 Christi
1309 3739 1746 3812 sapientissime
1775 3739 1893 3794 sint
1923 3738 2268 3803 distributis,

630 3833 688 3884 et
717 3845 891 3899 quem
920 3829 1094 3885 finem
1127 3830 1396 3898 habeant,
1420 3839 1478 3884 et
1505 3830 1656 3899 quod
1691 3845 1802 3882 non
1830 3829 2122 3883 exstiturss
2154 3827 2274 3880 sint

632 3919 744 3974 nisi
777 3919 847 3973 ad
878 3924 1097 3974 certum
1131 3925 1385 3990 tempus,
1418 3917 1722 3989 perspicue
1767 3917 2092 3972 confirmat.
2147 3917 2270 3979 Quo

629 4007 688 4060 in
721 4006 845 4062 loco
877 4007 1016 4078 quin
1051 4008 1440 4078 intelligendas
1472 4008 1590 4062 sint
1622 4024 1734 4062 non
1766 4022 2106 4061 communes
2146 4021 2270 4061 om-

632 4095 806 4150 nibus
837 4095 1176 4151 christianis
1205 4113 1400 4168 eaeque
1431 4095 1765 4167 spirituales
1794 4094 2119 4162 facultates,
2171 4095 2270 4149 sed

633 4185 1021 4254 quorumdam
1055 4187 1207 4240 174
1241 4185 1692 4240 Christianorum
1722 4185 1789 4239 ad
1822 4183 2054 4256 propria
2095 4184 2269 4238 mira-

633 4271 762 4327 cula
790 4274 1162 4344 producenda
1193 4276 1432 4339 idoneae,
1464 4291 1655 4345 nemo,
1688 4273 1913 4344 opinor,
1961 4272 2268 4340 dubitabit,

632 4361 733 4433 qui
792 4362 879 4418 vel
907 4362 1027 4418 haac
1057 4379 1190 4419 cum
1224 4363 1295 4419 iis
1327 4363 1655 4431 contulerit,
1690 4379 1816 4434 quae
1848 4365 1986 4416 sunt
2016 4362 2087 4416 ab
2122 4363 2270 4432 Apo-

630 4451 776 4508 stolo
808 4453 971 4509 Rom.
1005 4470 1106 4525 xu,
1134 4454 1188 4521 3,
1221 4455 1276 4522 8,
1309 4459 1365 4509 et
1394 4454 1465 4508 ad
1498 4453 1521 4507 Ι
1551 4456 1675 4508 Cor.
1708 4451 1899 4522 111,13
1925 4450 2271 4522 seq.,dispu-

631 4596 819 4651 bularz’
844 4613 971 4652 cum
1017 4597 1274 4663 Domino,
1323 4597 1476 4667 cujus
1533 4595 1792 4666 beneﬁcia
1841 4599 1994 4650 tanta
2049 4596 2272 4667 experta

2379 3383 2653 3438 exstitere
2700 3382 2818 3437 ullo
2869 3388 3129 3455 tempore
3175 3389 3338 3439 tanta
3367 3384 3855 3450 Christianorum,
3889 3402 4047 3441 con-

2381 3471 2578 3526 cordia
2609 3475 2909 3543 postea,ut
2938 3471 3084 3526 nulli
3119 3477 3260 3527 sunt
3281 3473 3651 3544 prorsus,qui
3684 3473 4038 3530 discensum

2381 3578 2414 3615 a
2445 3560 2665 3616 casteria
2699 3560 3084 3632 profiteantur
3110 3562 3247 3631 (42).

2673 3707 2700 3772 §
2731 3705 2782 3758 4.
2816 3734 2884 3745 -
2913 3705 2988 3759 De
3016 3704 3356 3760 Montanistis
3387 3705 3724 3778 Artotyritis.

2451 3830 2552 3883 Est
2583 3845 2775 3899 porro,
2808 3844 2935 3898 quae
2989 3844 3262 3899 magnam
3318 3833 3580 3885 moverat
3631 3829 4037 3901 suspicionem

2382 3917 2757 3974 montanismi
2789 3917 3080 3988 Perpetuis
3114 3917 3260 3972 visio
3291 3934 3378 3986 ea,
3399 3935 3429 3972 e
3451 3935 3566 3989 qua
3595 3933 3656 3974 se
3683 3918 3785 3973 illa
3817 3919 4042 3977 fatetur

2379 4008 2698 4062 instantem
2768 4006 2880 4060 sibi
2949 4004 3262 4060 violentam
3345 4011 3591 4060 mortem
3671 4007 4039 4066 intellexisse

2381 4097 2542 4167 (sect.
2594 4095 2668 4166 4).
2719 4099 2934 4165 Nempe
2977 4093 3060 4148 illi
3094 4095 3151 4148 in
3191 4094 3414 4149 visione
3443 4096 3680 4150 offertur
3709 4114 3744 4151 a
3773 4099 4036 4166 quodam

2381 4190 2613 4257 pastore
2644 4183 2868 4238 bucella
2911 4183 3097 4249 casei;
3168 4183 3287 4238 edit
3349 4183 3474 4249 illa,
3545 4190 3602 4240 et
3668 4184 3767 4255 qui
3834 4191 4042 4243 astant

2381 4272 2634 4329 universi
2663 4275 2845 4327 Amen
2879 4272 3100 4327 dicunt.
3131 4271 3279 4334 Quid
3309 4271 3418 4327 hoc
3443 4277 3567 4328 est?
3597 4273 3816 4344 Nempe
3847 4273 4041 4346 signi-

2380 4363 2573 4418 ficatio
2631 4361 2789 4417 necis
2845 4360 3130 4416 violentae.
3185 4361 3485 4423 Quomodo
3543 4361 3653 4417 hoc
3713 4363 4036 4433 sequitur:

2379 4453 2532 4508 casei
2565 4449 2867 4523 particula,
2900 4453 2957 4505 et
2989 4451 3136 4506 175
3175 4454 3378 4517 Amen,
3411 4453 3467 4504 et
3496 4449 3818 4506 violentum
3868 4468 4038 4509 mor-

2381 4593 2530 4674 F‘lor.
2565 4591 2938 4674 1728,in.qu.a
2967 4590 3089 4674 haec
3119 4590 3410 4674 imprimis
3443 4592 3868 4674 statuuntnurzio
3895 4609 4044 4674 cpn-

629 4683 802 4727 eram.
829 4669 1054 4737 ﬁdenter
1078 4655 1449 4740 repr'omisi'ei
1472 4655 1700 4724 dicens':
1735 4668 1996 4723 Crastina
2037 4655 2128 4721 die
2172 4665 2274 4740 tibi
2301 4655 2348 4718 D
2381 4671 2534 4721 stare
2563 4682 2639 4740 ex,
2663 4655 3023 4740 gravissimis
3054 4655 3410 4740 testimoniis
3439 4665 3664 4740 cultum
3699 4664 3879 4740 fuisse
3922 4666 4033 4740 SS.

627 4741 1026 4796 renuntiabo...
1089 4739 1305 4795 Deinde
1365 4758 1420 4810 p.
1480 4742 1570 4802 96,
1621 4742 1647 4805 §
1689 4742 1746 4802 7,
1779 4741 2021 4808 profecta
2053 4745 2130 4792 est
2163 4739 2271 4807 ipsi

630 4826 736 4865 v0.2:
765 4818 814 4864 et
842 4815 1150 4866 nominavit
1178 4813 1926 4880 Dinocratem,fratremjam
1949 4815 2268 4873 mortuum,

629 4891 680 4936 et
713 4886 960 4950 coynovz’t
990 4901 1045 4938 se
1072 4885 1263 4938 statim
1295 4885 1523 4953 dignam
1567 4899 1679 4937 esse
1726 4890 1775 4937 et
1828 4897 1926 4952 pro
1981 4897 2042 4935 eo
2093 4885 2272 4951 petere

628 4953 1195 5011 debere.....continuo
1227 4957 1347 5026 ipsa
1377 4961 1529 5009 nocte
1556 4959 1836 5026 osteztsum
1867 4955 1943 5008 est
1970 4954 2108 5026 etin
2141 4969 2269 5026 orn-

627 5029 792 5091 mate,
853 5027 1166 5099 periclitari
1225 5025 1521 5082 mortuum
1587 5025 1969 5099 Dinacralem.
2017 5025 2268 5099 Sed§8,

629 5096 867 5153 crebras
903 5104 1020 5170 post
1074 5115 1266 5168 preces
1323 5099 1602 5153 inteltexit
1661 5098 1989 5152 translatum
2040 5111 2153 5170 esse
2207 5096 2272 5149 de

625 5188 804 5235 mena.
835 5169 1085 5228 Tantam
1127 5171 1238 5225 vim
1273 5188 1342 5225 ne
1378 5187 1571 5240 preces
1599 5171 1838 5241 quidem
1871 5169 2269 5241 apostolorum

623 5249 728 5369 1aut
757 5244 1016 5315 cujusvis
1047 5243 1244 5316 magni
1277 5239 1452 5314 legati
1485 5242 1579 5297 Dei
1615 5239 1868 5312 unquam
1902 5239 2150 5312 legimus
2175 5239 2271 5294 ba-

668 5333 846 5369 uisse.

668 5333 846 5372 UISSO.

695 5390 805 5459 (42)
837 5391 1011 5444 istam
1044 5388 1361 5443 infaustam
1394 5384 1885 5459 sane,‘tantisque
1913 5383 2269 5459 martyribus

622 5456 934 5530 ingratam,
967 5460 1186 5515 Valesti
1218 5465 1273 5514 et
1303 5456 1576 5528 Basnagii
1610 5457 2266 5530 sentententiam,quam

626 5529 777 5588 male
808 5534 1038 5589 refricat
1061 5534 1153 5588 hic
1186 5535 1352 5588 autor
1385 5535 1600 5593 noster,
1648 5533 1883 5585 strenne
1935 5530 2124 5584 fusam
2185 5529 2270 5583 lu-

623 5610 938 5677 gatamque
991 5606 1170 5661 habes
1230 5605 1286 5677 in
1348 5600 1909 5677 peremptoria‘Jos.
1955 5604 2101 5677 Aug.
2137 5600 2266 5677 orsi

624 5617 938 5677 gatamque
991 5617 1170 5661 naues
1230 5621 1286 5658 ιη
1348 5617 1736 5674 peremptoris
1787 5617 1909 5657 J08.
1955 5617 2101 5728 Αυῖς.
2137 5617 2266 5656 υιηει

624 5684 825 5744 postea
853 5682 908 5732 S.
944 5681 1008 5731 R.
1043 5677 1102 5731 E.
1152 5673 1486 5760 cardanalis
1544 5673 1870 5731 Dlssertione
1928 5690 2028 5744 apo
2061 5675 2267 5802 (Ἄφειίεα

624 5762 713 5802 vro
745 5748 839 5802 SS.
869 5748 1170 5802 Pernetuae.
1199 5747 1505 5802 Felwttate:
1534 5753 1586 5802 et
1609 5744 1711 5802 SS.
1749 5746 1878 5802 MM.
1914 5746 2071 5802 ortho
2110 5752 2259 5802 oxta.

614 5762 713 5817 pro
745 5748 839 5805 SS.
869 5748 1170 5821 Perpetua,
1199 5747 1505 5808 Felicitate:
1534 5753 1586 5806 et
1609 5744 1711 5803 SS.
1749 5746 1878 5808 MM.
1914 5744 2259 5808 orthodoxta.

2382 4737 2737 4810 martyribus
2770 4739 2983 4810 nostris
3016 4735 3276 4810 abomni
3300 4753 3414 4791 aevo
3446 4736 3502 4810 in
3535 4737 3778 4810 ecclesia
3809 4739 4039 4807 praesti-

2380 4807 2592 4874 tum;‘2°
2621 4809 2851 4863 etiamsi
2883 4825 2913 4862 e
2946 4807 3206 4862 fontibus
3222 4807 3704 4863 Montanistarum
3736 4809 4038 4865 dismana-

2382 4883 2499 4936 rint
2527 4885 2655 4936 acta
2685 4881 2779 4935 SS.
2815 4886 3160 4950 martyrum,
3197 4879 3341 4934 nihil
3373 4879 3509 4934 inde
3539 4880 3595 4934 in
3627 4881 3772 4951 ipsis
3812 4881 4033 4950 pt‘aeju-

2380 4954 2516 5007 dicii
2548 4952 2834 5017 suboriri;
2867 4953 2925 5005 3°
2956 4951 3098 5005 nihil
3130 4967 3330 5022 reapse
3362 4951 3417 5005 in
3453 4952 3721 5022 ipsismet
3751 4954 3895 5007 actis
3925 4969 4032 5008 oc-

2381 5041 2548 5081 curre
2578 5027 2732 5096 quod
2766 5024 3023 5096 Montani
3056 5023 3347 5077 officinam
3394 5023 3817 5096 redoleat,iaut
3865 5026 4031 5095 quod

2381 5114 2513 5152 cum
2559 5095 2828 5168 genuinis
2860 5101 3200 5150 cznterorum
3235 5100 3556 5167 martyrum
3589 5095 3734 5151 actis
3767 5113 3879 5151 non
3912 5114 4032 5168 ap-

2382 5171 2567 5241 prime
2598 5168 2996 5241 conson_et;-’io
3046 5184 3144 5222 eas
3201 5168 3438 5241 demum
3498 5184 3624 5241 esse
3695 5173 4026 5241 martyrum

2381 5239 2712 5296 nostrorum
2770 5239 3034 5302 virtutes,
3093 5255 3192 5294 eos
3224 5239 3514 5293 visionum
3551 5240 3795 5310 fructus,
3829 5239 4034 5295 vatici-

2379 5330 2610 5369 morum
2643 5317 2903 5378 eventus,
2939 5310 3376 5378 miraculorum,
3403 5311 3698 5376 doctrinae,
3726 5312 4034 5382 totiusque

2379 5383 2865 5441 considerationis
2897 5388 3242 5443 caractares,
3276 5387 3341 5436 ut
3399 5388 3590 5453 pateat
3644 5384 3774 5438 illos
3832 5386 4028 5440 fuisse

2377 5457 2601 5530 Spiritu
2629 5457 2824 5530 divino
2853 5455 3080 5510 afﬂotos
3097 5455 3710 5530 etaM_o_ntanistarum_
3731 5456 4034 5530 institutis

2377 5527 2554 5586 a'toto
2581 5530 2721 5585 coelo
2755 5528 3009 5591 alienos;
3043 5543 3170 5591 quae
3228 5527 3419 5581 videre
3478 5531 3566 5582 est
3622 5528 3774 5583 infra
3832 5529 3889 5582 in
3947 5527 4033 5584 ΙΙΙ

2377 5608 2515 5657 tom.
2566 5601 2814 5672 hujusce
2844 5598 3118 5672 Bibliotb.
3153 5598 3252 5652 ubi
3285 5599 3354 5653 de
3380 5599 3476 5654 SS.
3513 5600 3802 5672 Perpetua:
3834 5605 3890 5656 et
3917 5601 4025 5672 SS.

2375 5677 2546 5729 Aetas
2574 5671 2707 5729 cum
2737 5671 3029 5728 variorum
3061 5674 3318 5726 veterum
3349 5676 3404 5727 et
3426 5673 3816 5728 recentiorum
3861 5671 4028 5729 notis

2373 5745 2500 5804 loco
2529 5761 2637 5804 suo
2665 5743 2920 5806 edensis.
3727 5746 3863 5802 Enn.
