4526 6396
182 435 280 492 221

1027 432 1123 493 AC
1168 434 1561 496 DOCTltINA
1608 433 2111 495 SCltIPTOltUM
2158 434 2710 496 TERTULLIANI.

3456 441 3575 501 222

182 567 249 622 tis
295 565 520 639 genus?
570 564 737 636 Mihi,
771 566 817 622 si
867 566 1005 639 quid
1052 566 1240 635 video,
1273 585 1385 622 non
1436 568 1707 623 videntur
1745 583 1810 622 ea
1842 569 1894 635 Α
1928 575 2117 638 tyrum
2165 572 2218 623 et
2262 570 2654 625 revetationum
2699 570 2982 637 adiecisse,
3034 586 3213 642 seque
3268 572 3429 639 (sect.
3459 574 3576 641 26),

185 657 477 727 conjuncta
507 654 705 726 aliquo
742 656 933 721 modo,
960 655 1072 712 nisi
1105 656 1253 711 hanc
1276 674 1302 712 e
1327 657 1816 712 Montanistarum

184 744 391 800 familia
429 744 716 817 virginem
774 746 954 801 fuisse
1001 746 1225 812 dicam;
1263 746 1477 817 quippe
1510 764 1677 817 quos,
1713 745 1817 800 ali-

184 852 316 907 quos
347 838 521 901 certe,
559 834 918 905 Epiphanius
951 834 1177 906 (haeres.
1212 837 1296 903 49,
1334 837 1444 907 §2)
1480 836 1693 907 aliique
1727 835 1817 889 di-

183 928 308 977 cunt
338 924 395 977 in
427 940 593 978 sacra
624 940 787 979 omne.
810 923 890 991 (in
923 925 1124 995 agapis
1156 924 1299 979 forte
1328 925 1599 979 volebant
1632 925 1820 979 dicere

184 1013 436 1068 homines
470 1030 585 1068 non
636 1013 815 1068 nimis
859 1014 1135 1084 accurati)
1168 1031 1401 1069 caseum
1453 1014 1816 1068 adhibuisse.

182 1100 297 1155 Jam
344 1116 481 1156 vero
542 1118 652 1156 usu
714 1106 944 1157 venerat
1002 1102 1153 1157 inter
1182 1102 1564 1168 Christianos,
1598 1107 1661 1157 ut
1719 1102 1819 1173 qui

183 1191 445 1246 adessent
476 1206 544 1245 ex
582 1190 969 1246 multitudine
1019 1198 1203 1247 Amen
1253 1194 1533 1247 adderent
1562 1192 1619 1246 in
1654 1208 1820 1247 sacro

181 1279 355 1351 epulo,
396 1280 450 1334 id
486 1280 640 1351 quod
688 1297 717 1336 e
755 1280 987 1336 Justino
1020 1282 1268 1353 Martyre
1301 1284 1381 1352 (in
1414 1282 1633 1352 Apolog.
1667 1299 1817 1349 mag.

182 1386 224 1423 c.
254 1368 321 1421 85
350 1377 408 1424 et
446 1369 536 1437 87,
584 1369 675 1425 ed.
710 1369 926 1436 Grabii,
959 1388 1015 1442 p.
1051 1372 1170 1439 125,
1226 1371 1344 1440 131,
1400 1372 1541 1442 132),
1593 1376 1650 1426 et
1697 1371 1822 1425 dis-

180 1457 339 1512 tribui
374 1456 605 1513 solebat
633 1459 808 1514 etiam
846 1457 990 1515 illud
1024 1459 1084 1515 in
1130 1477 1359 1515 carcere
1406 1460 1478 1514 iis
1510 1461 1609 1531 qui
1647 1460 1820 1514 morti

179 1553 331 1601 erant
380 1548 683 1603 destinati.
730 1548 939 1603 Omnia
996 1548 1173 1620 igitur
1224 1549 1534 1620 perspicua
1580 1554 1739 1616 sunt,
1774 1548 1823 1604 si

180 1634 282 1690 ista
316 1636 481 1708 virgo
517 1652 547 1690 e
577 1637 834 1692 Montani
888 1636 1202 1708 disciplina
1234 1637 1414 1692 fuisse
1466 1643 1739 1709 putatur;
1774 1638 1824 1693 si

182 1729 439 1796 negatur,
490 1724 762 1797 explicari
826 1725 985 1782 nullo
1038 1727 1233 1795 modo,
1270 1732 1332 1781 ut
1379 1726 1523 1782 mihi
1572 1728 1821 1796 videtur,

184 1817 427 1885 possunt
455 1814 591 1885 (43).

1927 659 2192 727 quoniam
2217 660 2527 728 permiserit
2567 669 2616 713 et
2648 662 3013 729 permittendo
3046 660 3279 715 voluerit
3327 660 3575 729 Spiritus

1925 748 2156 801 Sanctus
2182 750 2428 801 ordinem
2456 750 2617 802 istius
2638 751 2886 803 muneris
2904 749 2983 816 (l1.
3007 765 3057 803 e.
3080 766 3335 819 pugnam
3365 757 3576 823 marty-

1929 852 2057 889 rum
2089 853 2221 890 cum
2256 837 2458 891 bestiis
2491 837 2547 891 in
2580 838 2804 892 theatro
2837 838 3143 906 (conscribi,
3177 839 3297 893 haec
3336 856 3575 910 compo-

1927 924 2116 979 suisse
2140 927 2401 994 jactitat;
2427 928 2577 997 quod
2614 927 2768 980 haud
2804 928 2923 981 scio
2947 945 3018 980 an
3054 944 3162 980 non
3190 926 3370 981 alium
3396 946 3573 998 quam

1928 1015 2412 1069 montanisticum
2429 1014 2772 1085 scriptorem
2795 1016 3020 1085 prodat,
3040 1016 3187 1069 banc
3204 1016 3487 1087 praecipue
3505 1020 3575 1073 ob

1929 1120 2188 1167 causam,
2223 1104 2377 1173 quod
2409 1104 2713 1157 orthodoxi
2747 1120 2860 1157 non
2894 1103 3158 1158 solebant
3190 1106 3386 1176 magni
3419 1106 3576 1160 aesti-

1929 1209 2087 1246 mare
2118 1192 2605 1247 Montanistarum
2637 1199 2943 1263 martyres,
2968 1200 3023 1247 et
3043 1193 3123 1247 ita
3149 1194 3331 1248 multo
3355 1194 3575 1260 minus,

1932 1288 1994 1337 ut
2014 1280 2302 1352 supplicia
2324 1282 2585 1352 ipsorum
2610 1288 2785 1352 atque
2807 1282 3223 1349 constantiam,
3242 1284 3417 1338 etiam
3439 1300 3575 1339 cum

1930 1370 2277 1435 Visionibus,
2301 1387 2448 1439 quas
2479 1372 2925 1425 contemnebant
2958 1374 3228 1439 profecto,
3261 1372 3319 1425 in
3351 1373 3575 1428 litteras

1930 1462 2230 1513 referrent.
2263 1461 2335 1512 At
2366 1459 2519 1527 quod
2556 1467 2644 1513 est
2683 1465 2857 1528 caput
2906 1458 3085 1528 hujus
3135 1460 3572 1530 disputationis,

1930 1545 2355 1602 Tertullianum
2405 1563 2538 1601 eum
2586 1547 2780 1618 ipsum
2831 1548 3177 1618 scriptorem
3228 1549 3428 1613 fuisse,
3462 1566 3576 1604 non

1932 1638 2081 1692 dabo
2112 1636 2404 1691 Wbistoni
2440 1637 2825 1707 argumentis,
2860 1653 2985 1707 quae
3028 1642 3168 1691 sunt
3200 1639 3271 1692 ab
3303 1654 3368 1693 eo
3400 1637 3578 1693 latius

1932 1724 2231 1797 prOposita
2262 1723 2371 1778 hoc
2412 1724 2584 1778 modo
2622 1741 2634 1777 :
2670 1724 2930 1778 Primum
2964 1724 3086 1780 haec
3134 1728 3276 1780 Acta
3322 1731 3483 1795 sunt,
3519 1730 3582 1780 ut

1932 1813 2190 1884 praefatio
2223 1814 2409 1877 docet,
2443 1830 2555 1867 non
2590 1813 2672 1867 ita
2722 1814 2906 1867 multo
2958 1821 3089 1883 post
3135 1814 3330 1885 ipsum
3357 1814 3463 1868 hoc
3500 1816 3582 1868 fa-

1939 1907 2097 1956 ctum
2139 1902 2493 1972 composita;
2526 1902 2757 1971 deinde,
2791 1908 3025 1957 exarata
3072 1903 3293 1971 Latine,
3326 1908 3478 1969 tum,
3511 1904 3582 1957 ab

1940 1948 2097 1956 "“"'
2142 1948 2493 1972 ν*”Τν’“’”“”Ὶ
2528 1948 2757 1971 “⁴““’““⁶“““ν,
2793 1948 3025 1957 ν¹““’“⁵“¹”“ν”
3072 1948 3293 1971 ⁶“””“““⁵⁶ν,
3332 1948 3478 1969 “’“’““⁶”’
3512 1948 3581 1957 *υ

233 1975 385 2029 I76
418 1976 445 2042 ἓ
474 1975 623 2061 5η-
660 1974 1281 2061 ΨῘῑίδεοπίλαΓΩηηῖεητα
1306 1992 1407 2061 ρνρ
1440 1978 1767 2061 Τςνιαιιῖαηο
1860 1948 1906 2013 Β
1942 1990 2177 2046 homine
2208 1991 2498 2060 Africano,
2532 1993 2700 2061 cujus
2732 1990 2812 2045 rei
2844 1999 2932 2045 est
2962 2008 3076 2045 non
3107 1993 3227 2047 leve
3259 1992 3316 2046 in
3350 1991 3585 2047 horrido

427 2054 645 2102 auctore
676 2048 871 2102 horum
901 2049 1161 2103 Actorum
1186 2049 1590 2119 expenduntur.

252 2158 360 2217 Seﬂ
398 2161 467 2217 ad
505 2161 751 2216 alterum
784 2162 1115 2233 veniamus,
1149 2164 1301 2235 quod
1335 2170 1423 2219 est
1452 2164 1511 2219 in
1558 2182 1622 2220 eo
1673 2165 1834 2237 posi-

189 2253 302 2305 tum
340 2268 352 2306 :
396 2250 645 2306 fueritne
676 2251 748 2321 is,
775 2252 870 2323 qui
895 2250 1014 2307 haec
1038 2256 1181 2307 Acta
1201 2252 1453 2325 collegit,
1477 2252 1563 2309 vel
1588 2254 1837 2327 scriptor

190 2354 214 2393 e
245 2340 730 2395 Montanistarum
770 2346 947 2411 secta,
976 2341 1063 2396 vel
1096 2341 1251 2396 idem
1286 2342 1410 2414 ipse
1441 2342 1835 2398 Tertullianus

189 2428 331 2499 quod
367 2433 688 2500 utrumque
713 2428 1019 2484 Whistono
1048 2429 1273 2501 placet;
1309 2435 1461 2485 recte
1495 2432 1754 2500 quidem,
1787 2440 1837 2494 si

186 2518 248 2572 de
275 2516 377 2573 illo
412 2519 720 2590 quaeritur;
764 2518 813 2574 si
858 2519 929 2573 de
975 2519 1102 2590 ipso
1133 2519 1514 2587 Tertulliano,
1548 2520 1716 2593 longe
1750 2537 1839 2577 se-

186 2622 297 2661 cus.
326 2607 477 2661 [llud
510 2607 692 2678 igitur
722 2609 995 2679 superius
1019 2607 1189 2680 plane
1214 2608 1525 2665 Wbistono
1548 2612 1839 2665 assentior

185 2702 512 2768 propterea,
544 2697 697 2769 quod
758 2700 815 2752 et
870 2696 970 2753 ille
1029 2698 1282 2769 scriptor
1334 2698 1416 2770 (in
1476 2692 1837 2763 Prmfatione)

183 2786 499 2856 prophetiae
528 2788 609 2841 ait
636 2802 693 2841 se
734 2794 786 2842 et
830 2788 1068 2843 visiones
1096 2804 1263 2844 novas
1314 2804 1600 2859 agnoscere
1639 2792 1691 2843 et
1742 2789 1835 2843 ho.

187 2890 401 2946 norare,
436 2875 590 2930 unde
620 2891 681 2930 se
704 2880 759 2931 et
792 2875 1002 2931 fatetur
1031 2894 1172 2932 nova
1203 2877 1325 2934 hac
1344 2878 1665 2934 documenta
1694 2896 1840 2933 mar.

251 3000 361 3069 (43)
398 3000 564 3065 Sunt,
598 3015 725 3070 quas
767 3016 834 3054 ex
883 3000 993 3055 hac
1042 3006 1338 3073 Perpetuis
1388 3002 1585 3057 fabula
1634 3019 1839 3057 occur-

190 3078 317 3145 runt
348 3089 469 3126 non
503 3073 627 3127 sine
660 3087 873 3145 magna
904 3073 1125 3128 ratione
1150 3075 1429 3129 adversus
1461 3091 1529 3128 ea
1558 3092 1684 3145 quae
1718 3073 1839 3129 dixi

194 3143 567 3213 disputanda,
602 3147 657 3198 et
702 3144 965 3199 adhibita
998 3146 1171 3199 etiam
1208 3146 1391 3201 multo
1422 3162 1552 3200 cum
1575 3143 1837 3215 lingenio

193 3214 661 3288 alaudatissimo
701 3215 960 3271 historiae
1007 3217 1496 3272 Montanistarum
1531 3214 1835 3288 scriptore,

193 3287 445 3358 Theoph.
480 3287 973 3359 Wernsdorfifo,§
1006 3289 1089 3353 18,
1121 3291 1335 3359 quibus
1373 3290 1615 3344 breviter
1647 3287 1834 3360 placet

192 3364 242 3411 et
276 3360 544 3414 modeste
593 3361 961 3430 respondere.
998 3366 1187 3430 Atque
1217 3362 1357 3416 mihi
1407 3377 1523 3416 non
1574 3368 1831 3417 eontem-

193 3431 376 3485 nenda
424 3430 661 3485 omnino
694 3430 980 3495 videntur,
1015 3448 1141 3502 qua:
1171 3439 1427 3488 veterum
1463 3434 1727 3487 nonnulli
1762 3434 1833 3488 de

192 3502 449 3576 adhibito
482 3518 524 3576 _a
569 3502 937 3558 Montanistis
967 3503 1027 3557 in
1060 3506 1242 3559 sacris
1275 3504 1464 3576 epulis
1512 3522 1679 3560 caseo
1712 3511 1831 3561 tra-

191 3572 345 3639 dunt,
376 3574 536 3628 unde
580 3590 792 3629 nomen
839 3572 1650 3645 Artotyritarum'traxerunt.
1686 3578 1831 3634 Nam

192 3646 416 3721 etiamsi
447 3645 590 3721 illud
620 3645 906 3721 ineptede
938 3648 1111 3721 modo
1142 3665 1318 3721 sacrm
1342 3651 1523 3704 Coena:
1546 3651 1698 3721 apud
1734 3665 1831 3703 eos

193 3716 753 3789 dicatumrlongeque
810 3717 953 3772 illud
1015 3720 1347 3789 praclarius
1407 3716 1663 3775 etiam'a
1709 3721 1831 3775 viro

193 3787 347 3843 docto
380 3788 456 3843 ad
488 3787 705 3860 agapas
735 3787 1213 3846 Montanis—tarum
1247 3799 1303 3847 et
1332 3792 1655 3847 oblationes
1688 3793 1831 3847 refe-

196 3865 365 3935 ratur,
406 3868 603 3915 nostra
633 3865 850 3935 tamen
877 3879 1054 3935 causa
1109 3863 1255 3917 nihil
1315 3864 1573 3935 postulat
1622 3863 1827 3934 magis.

197 3931 301 4007 nisi
328 3938 412 4007 ut“
438 3948 579 4007 usus
629 3933 781 4007 casei
837 3932 930 3988 his
986 3950 1186 3989 eorum
1236 3931 1439 4007 agapis
1487 3931 1830 4000 vindicetur,

197 4004 346 4078 Quod
381 4004 507 4078 ﬁeri
552 4004 720 4060 facile
750 4010 937 4074 potest
968 4022 1087 4061 non
1117 4004 1291 4061 modo
1328 4004 1652 4078 propterea,
1676 4008 1831 4077 quod

198 4075 348 4150 nulla
381 4076 498 4131 alia
526 4078 687 4131 reddi
731 4078 875 4132 ratio
926 4084 1115 4148 potest
1144 4075 1387 4150 originis
1420 4075 1538 4134 tam
1572 4075 1831 4133 ridiculae

195 4146 370 4218 σαίρω
411 4154 585 4220 atque
631 4146 985 4218 cognomini,
1019 4150 1119 4205 sed
1165 4146 1319 4220 quod
1369 4151 1546 4206 etiam
1580 4155 1828 4219 constat,

193 4219 570 4292 Montanistas
599 4220 1088 4292 xerophagiarum
1123 4219 1595 4278 studiosissimos
1626 4223 1829 4288 fuisse,

195 4292 339 4345 unde
371 4308 480 4346 nec
507 4290 670 4346 lauta
719 4290 900 4347 fuisse
930 4309 1131 4348 eorum
1179 4311 1345 4350 sacra
1376 4295 1637 4350 convivia
1669 4293 1833 4349 facile

193 4361 565 4440 intelligitur;
602 4379 786 4434 eoque
828 4365 955 4419 cibo
987 4365 1164 4426 tenui,
1205 4366 1394 4440 qualis
1448 4383 1653 4440 caseus
1683 4370 1832 4431 erat,

193 4437 534 4509 Perpetuam
562 4451 795 4509 quoque
823 4443 1176 4509 caaterosque
1198 4437 1481 4509 martyres
1514 4439 1571 4493 in
1603 4455 1832 4493 carcere

193 4505 381 4572 etiam,
415 4523 549 4580 cum
583 4505 1037 4580 ’velutiiagapas
1087 4505 1393 4578 haberent,
1442 4527 1579 4565 usos
1632 4510 1830 4576 fuisse,

195 4594 300 4633 non
340 4578 532 4651 magis
569 4578 879 4652 dubitabit
923 4578 1042 4650 qui,
1076 4597 1252 4652 quam
1304 4580 1654 4637 miserabilis
1704 4599 1831 4637 sors

193 4663 388 4706 eorum
440 4649 497 4705 in
531 4649 779 4705 vinculis
830 4649 1022 4719 fuerit,
1056 4649 1124 4707 ei
1178 4654 1333 4709 Actis
1379 4653 1494 4709 illis
1541 4653 1827 4709 didicerit.

192 4723 289 4793 Sed
324 4724 480 4793 quod
514 4722 673 4777 illam
708 4739 828 4778 rem
879 4710 1323 4781 adhi'bnerimus
1353 4726 1422 4780 ad
1458 4726 1831 4781 efficiendum
1862 4710 1909 4774 Β

194 4791 394 4849 horum
446 4800 811 4870 martyrumt
845 4794 1137 4870 imprimis
1186 4800 1504 4870 Perpetua,
1540 4798 1833 4870 Montani-

195 4879 405 4940 smum,
440 4866 681 4940 convelli
723 4866 951 4922 videtur
997 4868 1090 4933 iis,
1125 4886 1254 4940 quae
1299 4866 1387 4925 vir
1435 4871 1675 4925 doctiss.
1710 4869 1748 4923 1.
1783 4887 1831 4925 c.

197 4937 418 5005 attulit;
468 4938 722 5010 primum
769 4941 1078 5010 Augustmi
1110 4937 1175 4996 ac
1203 4940 1544 4997 Tertulliani
1577 4942 1835 4996 auctori-

196 5011 325 5085 tate,
350 5008 601 5085 quorum
635 5010 782 5066 alter
808 5008 968 5066 illam
1002 5016 1301 5085 Perpetua:
1321 5014 1605 5069 visionem
1640 5014 1837 5069 lauda-

196 5081 287 5150 vit,
337 5081 485 5136 alter
538 5099 653 5137 non
708 5081 1185 5141 commemaravit
1241 5086 1297 5141 in
1350 5086 1451 5141 lib.
1502 5086 1567 5140 de
1618 5086 1829 5140 Anima.

197 5152 445 5226 Quorum
506 5160 801 5218 neutrum,
861 5156 1087 5226 opinor,
1139 5158 1585 5214 admirationem
1642 5158 1833 5213 habet.

194 5223 582 5302 Tertullianus
650 5227 827 5294 enim,
869 5223 1140 5302 dubitari
1200 5235 1423 5301 potest,
1485 5247 1625 5284 num
1685 5230 1835 5284 hanc

195 5298 503 5373 ipsam,_de
551 5314 669 5368 qua
700 5298 1007 5373 quaeritur,
1040 5298 1323 5357 visionem
1371 5302 1783 5373 significaverit
1818 5317 1831 5356 :

196 5383 395 5447 cumAa‘
419 5370 703 5447 Perpetua
734 5385 846 5447 non
896 5371 1011 5447 nisi
1042 5378 1323 5447 martyres
1352 5370 1716 5447 in'paradiso
1749 5373 1835 5447 vi-

198 5454 284 5493 sos
316 5442 497 5517 fuisse
529 5441 900 5517 dicat,_cuj_u_s
932 5444 1011 5498 rei
1048 5441 1359 5517 quis'forte
1384 5441 1741 5501 mentionem
1775 5446 1834 5499 in

200 5517 389 5568 nostra
436 5514 654 5569 visione
706 5513 1090 5583 desiderabit}
1142 5535 1330 5583 neque
1378 5519 1426 5574 is
1475 5519 1545 5572 ad
1595 5534 1831 5571 causam

199 5598 377 5663 suam.
398 5602 522 5663 quae
548 5586 715 5663 unice
746 5586 801 5663 in
826 5590 1143 5663 asserenda
1162 5586 1682 5663 solismartyribus
1702 5594 1836 5643 ante

200 5654 459 5712 ultimum
496 5657 707 5730 judicii
740 5657 891 5712 diem
924 5660 1178 5730 perfecta
1228 5654 1502 5717 felicitate
1548 5665 1833 5728 versatur,

202 5732 323 5795 apte
353 5734 851 5805 congruenterque
878 5746 916 5805 _a
944 5736 1228 5805 Perpetua
1263 5738 1567 5805 sumptum
1597 5748 1833 5805 caseum

206 5801 752 5862 commemoraturus
807 5801 1035 5862 fuisset.
1058 5801 1480 5879 'Augustinu'm
1520 5819 1678 5872 vero,
1732 5804 1835 5877 qui

1940 2082 2209 2135 Afrorum
2242 2080 2471 2133 dicendi
2495 2096 2703 2151 genere
2725 2079 2819 2135 hic
2846 2080 3109 2135 adhibito
3130 2082 3587 2135 documentum:

1943 2170 2201 2241 itemque
2233 2168 2417 2223 multa
2438 2171 2653 2223 adsunt
2682 2170 2854 2224 verba
2887 2169 3198 2224 familiaria
3229 2171 3327 2224 illa
3349 2170 3588 2240 quidem

1944 2258 2300 2314 Tertulliano
2324 2259 2501 2329 (quod
2542 2258 2812 2328 pluribus
2856 2258 3138 2329 exemplis
3170 2259 3420 2329 probant
3448 2256 3585 2312 Hol-

1946 2348 2223 2403 stenianae
2257 2348 2327 2402 ad
2382 2346 2503 2400 hate
2548 2350 2691 2401 Acta
2740 2352 2938 2415 nota3);
2990 2353 3305 2418 postremo,
3340 2347 3589 2418 scriptor

1945 2437 2055 2493 fuit
2104 2436 2259 2491 haud
2308 2436 2483 2490 dubie
2522 2452 2551 2490 e
2582 2435 2781 2490 schola
2830 2435 3311 2507 Montani,quam
3361 2435 3589 2506 primus

1948 2528 2055 2582 hoc
2088 2527 2222 2593 fere,
2257 2543 2371 2595 quo
2406 2526 2499 2579 isti
2546 2530 2829 2595 martyres
2861 2525 3194 2595 interempti
3245 2531 3403 2592 sunt,
3439 2533 3588 2579 lem-

1948 2633 2086 2689 pore
2125 2614 2522 2671 Tertullianus
2572 2615 2630 2667 in
2684 2614 2876 2668 Africa
2934 2614 3301 2685 propagavit;
3354 2628 3589 2668 necesse

1949 2712 2039 2761 est
2088 2706 2265 2777 igitur
2305 2702 2647 2758 Tertulliani
2699 2702 2874 2757 etiam
2924 2703 3043 2757 haec
3084 2706 3228 2757 Acta
3275 2719 3422 2757 esse.
3456 2703 3589 2765 Qum

1948 2796 2145 2851 omnia
2190 2794 2358 2860 nihil,
2390 2794 2439 2847 si
2489 2793 2626 2865 quid
2658 2793 2841 2859 video,
2875 2793 3103 2863 docent,
3136 2792 3249 2847 nisi
3280 2790 3590 2847 Tertullia-

1949 2901 2089 2939 num
2119 2901 2245 2939 esse
2282 2899 2453 2954 posse
2484 2898 2642 2950 eum,
2674 2881 2763 2936 cui
2801 2880 3025 2936 collecti
3073 2881 3132 2936 hi
3182 2879 3591 2937 commentarii

1946 3008 2005 3063 in
2037 3008 2313 3063 laudibus
2344 3007 2637 3077 Perpetuis
2668 3011 2824 3061 totus
2863 3009 2970 3073 est,
3005 3005 3235 3076 alioque
3266 3006 3438 3061 modo
3469 3010 3591 3060 tra-

1946 3080 2124 3135 ditam
2160 3080 2240 3133 illi
2283 3080 2436 3133 casei
2488 3078 2774 3132 bucellam
2823 3078 3260 3147 interpretatur,
3295 3094 3427 3132 eum
3459 3094 3591 3132 vero

1949 3152 2080 3222 quis
2110 3152 2257 3205 hanc
2292 3167 2412 3205 rem
2458 3154 2651 3204 tamen
2692 3149 2964 3222 laudasse
2986 3149 3477 3222 iniiirabitur‘tSed
3512 3149 3595 3222 al-

1947 3220 2134 3278 terum
2168 3222 2401 3294 gravius
2435 3228 2550 3290 est;
2582 3220 3141 3294 Arugustinusiillam
3175 3223 3324 3294 casei
3359 3221 3592 3294 buccel-

1948 3295 2063 3350 lam
2098 3292 2329 3366 signum
2366 3298 2529 3365 putat
2551 3293 2738 3366 fuisse
2771 3293 3099 3366 dulcedinis
3130 3292 3423 3347 felicitatis
3459 3297 3594 3366 Per-

1947 3365 2172 3439 petuae,’
2205 3365 3082 3439 istamqueginterpretationem
3134 3366 3425 3439 persuasit
3471 3365 3593 3439 viro

1942 3436 2039 3505 eL,
2076 3445 2175 3509 qui
2210 3454 2442 3492 omnem
2472 3436 2645 3509 illam
2692 3436 3201 3509 significationem
3234 3438 3438 3509 mortis
3469 3438 3590 3491 vio-

1942 3507 2109 3566 lentaé
2141 3526 2398 3581 quaerere
2428 3508 2657 3563 videtur
2686 3508 2746 3561 in
2799 3508 2957 3563 scala
2986 3508 3087 3563 illa
3117 3507 3324 3579 spinis,
3358 3508 3589 3581 gladiis,

1943 3583 2188 3653 aliisque
2221 3582 2467 3648 munita,
2500 3598 2597 3651 per
2628 3596 2802 3650 quam
2826 3581 3270 3653 ascendendum
3295 3584 3589 3653 Perpetua:

1943 3651 2110 3721 erat;_
2129 3671 2335 3709 caseus
2366 3670 2501 3708 vero
2553 3670 2655 3706 cur
2702 3652 3001 3707 adhibitus
3033 3652 3110 3707 sit
3160 3653 3230 3706 ad
3279 3651 3590 3723 sempiter-

1943 3744 2079 3781 nam
2122 3726 2455 3780 felicitatem
2503 3725 2992 3790 adumbrandam,
3028 3723 3309 3779 rationem
3360 3724 3500 3779 dicit
3530 3724 3589 3777 in

1942 3798 2067 3868 lege
2108 3798 2519 3868 persequendae
2572 3795 2943 3866 metaphora,
2977 3797 3163 3868 ducta:
3212 3796 3284 3850 ab
3331 3795 3590 3868 imagine

1940 3867 2221 3936 Pastoris,
2272 3867 2473 3924 fuisse.
2509 3870 2575 3921 At
2620 3883 2745 3938 ego,
2779 3869 2828 3922 si
2883 3868 3044 3921 nulla
3093 3867 3226 3936 alia,
3284 3867 3395 3921 nisi
3446 3867 3590 3934 haec,

1942 3942 2149 3996 fuisset
2205 3939 2559 4011 sumptionis
2621 3939 2772 3994 casei
2831 3938 3209 4009 signiﬁcatio,
3269 3954 3589 4011 quaererem

1944 4014 2081 4086 quid
2111 4018 2283 4081 esset,
2316 4008 2468 4086 quod
2496 4012 2818 4086 Perpetua
2847 4008 3053 4086 caseus
3075 4028 3118 4086 Aa
3149 4014 3403 4086 Pas_tore_
3436 4008 3587 4086 mul-

1942 4080 2111 4157 gente
2162 4080 2367 4139 fuisset
2415 4080 2669 4157 oblatus,
2702 4100 2816 4137 non
2872 4082 3091 4157 aliquid
3142 4082 3343 4157 potius
3388 4080 3581 4157 lactis,

1942 4153 2104 4230 quod,
2142 4162 2296 4230 esset
2344 4157 2415 4210 ad
2449 4155 2781 4230 felicitatem
2801 4153 3067 4230 cmisstis
3094 4155 3392 4230 Chanaan,
3415 4153 3590 4207 melle

1941 4224 2110 4302 quasi
2165 4235 2221 4302 et
2266 4228 2414 4302 lacte
2442 4226 3215 4302 _ﬂuentis,_adumbranda_m
3262 4224 3589 4302 multo_ac~

1942 4297 2410 4357 commodatius?
2442 4298 2659 4353 Deinde
2691 4298 2848 4352 dicat
2887 4299 3033 4352 mihi
3066 4299 3425 4369 quis,gquare
3458 4297 3588 4369 Per:

1983 4378 2119 4428 etua
2150 4373 2254 4428 hoc
2285 4374 2702 4427 commemoret
2731 4370 3025 4439 objectum
3061 4367 3238 4424 menti
3267 4367 3410 4434 sua},
3435 4367 3589 4438 quod

1983 4392 2119 4428 ctua
2151 4392 2254 4428 DOC
2285 4392 2702 4427 commemoret
2731 4392 3025 4439 UUJCCLUIII
3061 4392 3238 4424 manu
3271 4392 3410 4434 suae,
3435 4392 3589 4438 quuu

1939 4392 2115 4501 istam
2148 4445 2296 4499 casei
2343 4443 2608 4497 bucellam
2660 4442 2923 4512 acceperit
2958 4442 3169 4513 junctis
3213 4440 3468 4495 manibus
3501 4440 3590 4509 (ex

1942 4534 2103 4573 more
2138 4517 2195 4570 in
2247 4531 2409 4569 coena
2438 4530 2603 4568 sacra
2636 4515 2787 4583 apud
2824 4519 3045 4568 veteres
3095 4513 3446 4567 christianos
3496 4527 3589 4565 re-

1941 4587 2129 4661 cepto)
2153 4597 2206 4642 et
2234 4587 2475 4661 universi
2494 4586 3101 4661 circumstantesAmea
3123 4586 3395 4661 dixerint,
3419 4582 3590 4661 cujus

1940 4655 2225 4717 an'ullam
2275 4659 2559 4713 rationem
2592 4657 2729 4710 dare
2782 4657 2965 4727 possit
2997 4657 3310 4727 quisquam
3361 4655 3588 4719 dubito,

1944 4734 2056 4789 nisi
2090 4732 2223 4804 quis
2249 4747 2447 4804 causai
2468 4732 2673 4804 nostras
2699 4728 2904 4783 faveat.
2922 4728 3198 4804 Denique
3221 4728 3267 4782 si
3292 4728 3407 4782 ista
3436 4728 3592 4782 casei

1945 4799 2201 4875 sumptio
2234 4802 2453 4875 aliquid
2507 4801 2563 4854 in
2607 4818 2783 4871 regno
2833 4799 3047 4875 caelesti
3096 4805 3389 4875 Perpetua;
3421 4814 3592 4875 even-

1943 4872 2133 4933 turum
2170 4872 2479 4944 significat,
2515 4878 2571 4928 et
2610 4889 2833 4927 omnem
2888 4874 3033 4927 forte
3083 4874 3396 4929 adumbrat
3422 4872 3593 4943 Agni,

1944 4949 2298 5019 descriptam
2332 4948 2390 5001 in
2422 4944 2759 5019 Apocalypsi
2785 4945 3048 5019 Joannis,
3078 4963 3146 4999 ex
3176 4962 3292 5016 qua
3325 4946 3440 4999 fere
3473 4960 3595 4998 om-

1946 5040 2048 5077 nes
2080 5016 2215 5077 su'nt
2248 5020 2368 5073 istm
2401 5017 2653 5071 visiones
2683 5016 2741 5071 in
2775 5019 2931 5071 Actis
2963 5017 3217 5072 laudatis
3242 5019 3589 5086 desumpta,

1944 5093 2359 5149 Montanistam
2394 5089 2442 5145 si
2477 5088 2690 5144 dixeris
2732 5093 3100 5159 Perpetuam,
3133 5089 3318 5144 multo
3368 5088 3581 5143 lacilio.

1944 5184 2064 5222 rem
2099 5165 2273 5220 habet
2303 5161 2736 5230 cogitationem.
2772 5177 2947 5232 quam
3000 5163 3070 5218 ob
3118 5180 3238 5218 rem
3273 5162 3342 5215 ad
3374 5161 3480 5216 hoc
3509 5159 3588 5213 si-

1943 5238 2337 5307 gniﬁcandum
2371 5235 2521 5288 casei
2559 5234 2819 5307 buccella
2844 5236 3064 5307 tradita
3111 5234 3196 5288 illi
3241 5233 3429 5307 fuerit,
3457 5246 3589 5283 cum

1944 5305 2131 5379 easeo,
2164 5309 2249 5382 uti
2282 5307 2560 5382 diximus,
2597 5306 2986 5382 Montanistae
3008 5305 3324 5382 in_t\gap_is
3355 5309 3589 5382 uteren-

1945 5389 2073 5447 tur;
2109 5374 2168 5436 at
2198 5381 2243 5435 si
2279 5378 2443 5432 illum
2476 5395 2708 5433 caseum
2750 5395 2863 5432 non
2916 5377 3134 5446 aliquid
3164 5374 3411 5447 "caeleste
3443 5374 3589 5426 dicis

1946 5446 2272 5525 respicere,
2337 5451 2436 5504 sed
2506 5451 2881 5519 conjunctum
2924 5448 3196 5525 _quid_vi_sg
3234 5446 3391 5525 aliud
3453 5460 3586 5498 cum

1946 5516 2130 5581 morte
2161 5523 2412 5579 violenta
2458 5516 2774 5592 Perpetua},
2808 5519 3088 5592 explicari»
3130 5518 3286 5572 istud
3338 5516 3531 5592 visum
3560 5531 3589 5570 e

1945 5616 2107 5654 caena
2137 5596 2321 5653 libera
2371 5588 2585 5664 potest,
2615 5609 2791 5664 quam
2840 5588 2979 5647 Acta
3020 5590 3135 5664 illa
3162 5588 3408 5664 (sect._8)
3443 5588 3589 5643 refe-

1944 5676 2082 5725 runt
2112 5661 2416 5740 martyres,
2450 5661 2841 5740 pridie'quam
2889 5661 3179 5736 supplicia
3208 5662 3586 5731 sustinerent,

1942 5746 2227 5814 tanquam
2260 5735 2481 5811 agapen
2517 5735 2864 5807 sumpsisse.
