4526 6344
643 345 758 404 2‘23

1523 337 2036 411 DISSERTATIO
2081 349 2179 410 DE
2223 349 2570 410 SCRIPTIS
2611 351 3161 416 TERTULLIANI.

3920 360 4037 418 2‘24

643 474 990 545 debeantur,
1037 481 1096 535 at
1143 494 1276 536 eum
1325 480 1468 537 istos
1517 481 1690 538 etiam
1741 482 2093 551 condidisse,
2136 480 2281 537 illud
2313 487 2366 554 Α
2396 498 2572 554 quam
2603 483 2659 539 in
2695 486 3020 559 pervagatis
3061 486 3212 558 aliis,
3237 488 3503 561 quamvis
3532 506 3610 546 em
3648 489 3884 562 quidem
3915 507 4040 548 ma-

640 565 985 623 Whistonus
1017 586 1126 625 non
1167 575 1256 626 est
1302 572 1432 626 istis
1461 573 1826 644 argumentis
1857 577 2181 628 assecutus.
2218 573 2282 626 Et

644 660 784 709 sunt
814 657 1068 727 profecto
1101 659 1158 713 in
1190 659 1281 715 bis
1325 679 1470 732 quae,
1503 679 1634 717 cum
1670 662 1803 718 ﬁcta
1833 662 1952 717 sint
1983 663 2052 716 ad
2085 661 2279 717 libidi-

643 757 800 812 nem,
835 743 918 799 vel
963 746 1094 815 plus
1139 748 1396 803 efﬁciant
1427 767 1599 821 quam
1633 750 1786 819 velit,
1825 750 1968 805 nihil
2000 751 2277 806 efﬁciant.

641 829 784 885 Nam
819 838 874 886 et
903 833 1046 888 illud
1076 839 1541 894 commentitium
1575 845 1682 911 est,
1718 841 1799 895 uti
1833 840 2106 906 diximus,
2141 841 2278 894 Ter-

642 919 951 976 tullianum
989 925 1245 995 primum
1287 927 1662 985 Montanismi
1698 930 1754 984 in
1790 929 1982 984 Africa
2009 929 2278 984 dissemi-

641 1008 760 1062 nati
797 1009 975 1067 fuisse
1006 1024 1334 1084 auctorem;
1363 1022 1419 1072 et
1447 1019 1620 1073 verba
1649 1018 1991 1074 Tertulliani
2023 1035 2154 1073 eum
2189 1017 2279 1072 his

640 1097 801 1153 Actis
832 1102 1188 1172 communia,
1213 1121 1326 1160 non
1361 1111 1497 1161 sunt
1528 1123 1592 1160 ex
1624 1107 1751 1176 ejus
1782 1107 2012 1176 quidem
2045 1105 2281 1178 propria

642 1185 868 1242 dicendi
899 1205 1130 1261 genere,
1155 1194 1252 1248 sed
1300 1210 1366 1248 ex
1413 1195 1701 1251 Africano.
1735 1197 1960 1251 Etenim
2011 1195 2060 1251 si
2113 1195 2282 1267 plura

637 1275 812 1329 verba
834 1294 958 1348 quae
983 1284 1121 1334 sunt
1146 1279 1204 1336 in
1228 1283 1569 1339 Tertulliani
1592 1285 2014 1340 consuetudine
2046 1284 2281 1355 loquen-

641 1365 697 1418 di
728 1369 1122 1439 ostenderent,
1158 1371 1349 1442 ipsum
1381 1373 1804 1430 Tertullianum
1846 1375 1962 1430 tale
1995 1376 2278 1446 scriptum

639 1458 1063 1527 composuisse,
1123 1468 1277 1516 certe
1337 1479 1570 1519 necesse
1628 1470 1800 1531 esset,
1860 1465 2033 1520 etiam
2091 1464 2280 1536 ipsius

640 1547 937 1616 Perpetuis
978 1551 1288 1622 Saturique
1341 1554 1794 1610 commentarios
1829 1573 1941 1611 non
1992 1557 2062 1610 ab
2112 1556 2279 1626 ipsis,

639 1634 739 1689 sed
775 1652 806 1689 a
837 1637 1198 1694 Tertulliano
1242 1642 1422 1697 fuisse
1453 1645 1836 1716 compositos;
1888 1645 2072 1700 multa
2121 1645 2277 1699 enim

638 1727 796 1790 sunt,
831 1729 895 1779 ut
942 1725 1331 1784 Holstenianaa
1370 1732 1802 1789 observationes
1852 1735 2080 1800 docent,
2111 1751 2279 1788 voca-

638 1809 776 1865 bula
807 1812 863 1866 in
897 1813 1012 1870 illis
1043 1816 1186 1887 ipsis
1217 1822 1656 1876 commentariis
1687 1840 1811 1894 quae
1844 1823 1901 1877 in
1934 1821 2278 1878 Tertulliani

637 1899 812 1955 etiam
844 1903 1077 1974 scriptis
1102 1907 1378 1978 reperias,
1414 1915 1602 1981 Atque
1632 1912 1854 1967 occurri
1885 1912 2059 1967 etiam
2093 1912 2304 1983 suspis

637 1987 904 2046 cionibus
933 1991 1365 2051 Whistonianis
1413 2004 1603 2070 potest
1647 2001 2012 2073 argumentis
2051 2004 2276 2055 contra-

637 2076 761 2131 riis.
795 2078 938 2134 Nam
988 2081 1045 2136 in
1107 2082 1254 2139 libro
1308 2087 1377 2141 de
1432 2088 1649 2154 Anima,
1681 2105 1731 2143 c.
1763 2091 1852 2160 55,
1884 2089 2278 2145 Tertullianus

637 2169 954 2237 quamdam
995 2171 1290 2244 Perpetua:
1323 2176 1606 2233 visionem
1641 2178 1698 2232 in
1733 2178 1821 2234 his
1869 2180 2029 2234 Actis
2075 2196 2277 2234 narra-

635 2258 754 2310 tam
788 2267 1225 2328 commemorat,
1248 2264 1528 2337 aﬂ'ertque
1555 2269 1624 2322 ad
1651 2269 2145 2340 comprobandam
2179 2267 2279 2322 ali-

638 2361 814 2416 quam
848 2347 1200 2418 doctrinam;
1235 2355 1382 2408 177
1419 2357 1518 2410 sed
1554 2373 1624 2411 ne
1651 2358 1889 2412 verbum
1921 2363 2010 2413 est
2039 2359 2275 2428 quidem

635 2433 868 2506 ibi,quo
891 2453 952 2492 se
985 2440 1322 2511 scriptorem
1354 2441 1560 2500 horum
1589 2450 1868 2502 Actorum
1902 2447 2276 2520 signiﬁcaret,

637 2524 792 2592 quod
843 2531 943 2581 aut
999 2528 1200 2585 dubito
1259 2533 1420 2603 quin,
1449 2535 1532 2588 uti
1591 2536 1758 2602 solet,
1785 2539 2045 2592 facturus
2101 2541 2276 2607 esset,

637 2611 686 2666 si
721 2612 844 2683 ipse
880 2616 1129 2686 scriptor
1178 2619 1356 2690 hujus
1403 2621 1656 2679 historiae
1689 2626 2025 2680 exstitisset.
2058 2626 2278 2680 Deinde

636 2700 804 2764 nihil,
836 2707 901 2757 ut
945 2706 1089 2760 mihi
1119 2709 1368 2776 videtur,
1403 2727 1757 2783 quemquam
1791 2719 2014 2785 oportet
2061 2715 2278 2785 scripta

639 2789 985 2848 Tertulliani
1029 2797 1384 2868 modumque
1414 2802 1642 2856 dicendi
1675 2804 2032 2874 cognovisse,
2057 2803 2156 2875 qui
2187 2803 2274 2858 di-

640 2892 768 2932 cere
800 2884 972 2947 ausit,
1007 2899 1192 2954 genus
1239 2887 1471 2942 dicendi
1521 2889 1685 2958 illud,
1718 2893 1872 2963 quod
1921 2898 2008 2948 est
2055 2894 2112 2947 in
2163 2895 2277 2948 ﬁne

638 2965 849 3022 horum
909 2975 1482 3042 commentariorum,
1530 2979 1706 3034 simul
1755 2997 1884 3037 esse
1929 2983 2079 3054 ejus,
2120 2983 2276 3054 quod

639 3053 770 3111 aliis
819 3057 879 3112 in
931 3060 1166 3133 scriptis
1198 3064 1540 3122 Tertulliani
1571 3069 2042 3140 deprehenditur.
2074 3072 2276 3143 Itaque

635 3144 945 3204 eximenda
974 3156 1113 3206 sunt
1155 3153 1267 3208 ista
1293 3156 1436 3210 Acta
1482 3173 1512 3212 e
1559 3157 1724 3214 libris
1772 3159 2137 3228 Tertulliani,
2172 3176 2278 3215 nec

639 3249 877 3292 necesse
932 3243 1021 3294 est
1077 3239 1258 3313 igitur
1306 3244 1377 3300 de
1422 3245 1553 3318 ipsa
1599 3265 1800 3304 eorum
1855 3255 2021 3306 aetate
2068 3249 2276 3324 dispu-
2307 3238 2349 3304 C

637 3325 780 3378 tare.

673 3447 704 3518 §
731 3448 785 3502 6.
806 3480 876 3538 f—
900 3452 1044 3538 μεμε
1070 3456 1535 3538 unipersmhujus
1571 3461 1955 3538 disputationis
1983 3467 2247 3538 exemplis

792 3537 863 3575 ex
892 3523 1124 3581 historia
1155 3523 1466 3587 Christiana
1496 3523 1670 3589 ductis
1699 3537 2126 3593 demonstratur.

709 3627 912 3698 Atque,
945 3631 1082 3688 dum
1133 3651 1238 3691 nos
1286 3637 1461 3693 ﬁnem
1511 3640 1806 3697 scribendi
1852 3643 2123 3708 facimus,
2165 3663 2281 3701 non

639 3715 981 3806 dubitamus
1021 3720 1160 3790 fore,
1194 3725 1412 3794 quibus
1443 3729 1632 3784 omnis
1680 3730 1800 3788 haec
1847 3750 2039 3804 opera,
2073 3733 2282 3806 dispu-

638 3803 834 3859 tandis
864 3804 957 3862 his
988 3809 1162 3865 rebus
1200 3811 1489 3884 impensa,
1525 3815 1668 3872 levis
1703 3803 1970 3891 maloque
2003 3803 2285 3877 collocata

638 3891 924 3949 videatur.
945 3895 1093 3951 Sunt
1121 3900 1274 3955 enim
1309 3903 1408 3972 qui
1438 3903 1525 3958 vel
1558 3910 2045 3965 contemnendam
2079 3916 2285 3982 putent

639 3995 872 4036 omnem
892 3983 1348 4056 disputationem
1371 4008 1494 4062 quae
1513 4000 1778 4050 versatur
1796 3996 1855 4051 in
1881 3998 2052 4054 rebus
2074 4015 2282 4070 parum

638 4069 811 4124 certis
841 4076 896 4126 et
935 4077 1333 4148 exsanguibus
1377 4082 1630 4151 quodam
1682 4087 1877 4154 modo,
1909 4087 1993 4142 vel
2043 4069 2140 4144 eas
2192 4105 2284 4144 res

639 4172 890 4227 quarum
924 4177 1067 4217 usus
1099 4181 1160 4220 se
1195 4183 1307 4222 non
1340 4169 1528 4238 prima
1555 4173 1723 4242 quasi
1755 4174 1942 4230 fronte
1973 4177 2158 4245 offert,
2183 4179 2280 4233 sed

639 4250 1082 4316 perreconditus
1139 4259 1246 4321 est,
1286 4258 1445 4312 omni
1497 4260 1747 4317 utilitate
1793 4263 2103 4320 destitutas
2153 4282 2284 4336 pro-

641 4336 933 4394 nuntient.
968 4341 1192 4405 Quibus
1231 4361 1533 4404 occurrere
1580 4367 1885 4422 possemus
1936 4369 2284 4426 magnorum

637 4423 894 4514 virorum
946 4431 1249 4504 exemplis,
1284 4436 1499 4506 quibus
1529 4439 1588 4494 in
1620 4439 1729 4496 hoc
1776 4458 1987 4514 genere
2018 4423 2286 4514 disputa-

635 4511 866 4570 tionum
897 4519 1084 4574 vesari
1133 4526 1300 4595 turpe
1349 4542 1463 4581 non
1505 4527 1615 4583 fuit
1644 4511 1858 4602 visum,
1893 4536 1950 4587 et
1997 4511 2286 4604 praeclaris

2391 573 2480 643 gis
2509 572 2817 629 videantur
2855 577 2926 631 ad
2975 595 3144 632 usuin
3199 595 3566 635 communem
3618 581 4034 648 accomodatae;

2389 689 2523 727 cum
2556 672 2613 728 in
2646 674 2740 730 his
2773 693 2976 748 parum
3013 677 3097 731 vel
3130 679 3274 734 nihil
3303 680 3381 735 sit
3413 681 3566 752 quod
3598 681 3866 754 effugerit
3894 681 4040 736 mul-

2391 764 2584 817 torum
2619 763 3006 836 diligentiam,
3040 767 3095 821 in
3137 767 3256 823 illis
3287 785 3518 842 semper
3547 770 3622 825 sit
3650 773 3799 842 quod
3835 771 4036 842 dispu-

2388 851 2499 904 tari
2541 853 2796 924 amplius
2845 855 3050 928 possit.
3107 857 3165 912 ln
3221 859 3394 914 rebus
3441 875 3574 915 vero
3632 860 3704 915 iis
3763 877 3888 931 quas
3921 877 4035 916 non

2389 943 2557 994 certas
2609 947 2769 1011 sunt,
2817 946 2916 999 sed
2968 945 3346 1016 probabiliter
3394 949 3836 1015 constituendae,
3870 949 4036 1020 longe

2390 1030 2580 1100 major
2609 1036 2697 1086 est
2725 1033 2795 1087 ad
2846 1033 3276 1106 impetrandam
3309 1036 3668 1107 intelligendi
3722 1038 4040 1093 scribendi-

2389 1133 2502 1189 que
2533 1119 2873 1177 facultatem
2921 1141 3088 1192 usus,
3121 1141 3298 1196 quam
3333 1127 3391 1182 in
3424 1127 3595 1182 certis
3626 1131 3682 1182 et
3712 1128 3881 1198 quasi
3916 1137 4035 1182 ‘ne-

2389 1209 2680 1275 cessariis,
2712 1216 3036 1283 prepterea,
3061 1215 3214 1285 quod
3246 1214 3356 1269 illae
3380 1215 3596 1272 multas
3621 1215 3837 1271 habent
3858 1215 4037 1271 veluti

2389 1298 2625 1365 formas,
2661 1309 2713 1354 et
2762 1301 3002 1372 cogitari
3033 1319 3098 1358 ac
3128 1303 3417 1375 disputari
3457 1305 3514 1359 in
3549 1309 3856 1377 utramque
3904 1321 4036 1376 par-

2388 1391 2505 1440 tem
2539 1395 2811 1457 possunt,
2843 1392 2994 1460 quod
3041 1409 3315 1463 magnam
3351 1394 3563 1449 habere
3593 1395 3709 1449 vim
3741 1397 3812 1449 ad
3845 1394 4036 1466 impe-

2387 1477 2656 1532 trandam
2689 1478 2878 1550 ipsam
2913 1480 3273 1553 intelligendi
3294 1483 3676 1538 subtilitatem
3702 1484 3923 1537 dudum
3947 1488 4038 1538 est

2390 1564 2829 1638 rectissimeque
2861 1585 2893 1623 a
2921 1570 3213 1626 veteribus
3262 1572 3567 1626 traditum.
3603 1573 3713 1627 Sed
3749 1573 3886 1643 quid
3927 1588 4034 1643 ego

2390 1655 2659 1709 universa
2701 1659 3063 1726 conquiram,
3096 1676 3226 1714 cum
3269 1664 3326 1714 et
3371 1646 3607 1732 operam
3656 1661 3939 1726 dederim,
3971 1665 4039 1714 ut

2388 1741 2500 1812 ipsi
2534 1760 2746 1814 causae,
2777 1751 3063 1814 quantum
3112 1748 3238 1802 ﬁeri
3287 1754 3528 1819 poterat,
3561 1748 3769 1818 aliena,
3801 1765 3905 1804 nec
3943 1755 4037 1804 ta-

2310 1869 2357 1933 B
2391 1847 2522 1885 men
2566 1849 2598 1887 a
2643 1836 2939 1904 preposito
2997 1836 3179 1892 nimis
3237 1838 3518 1907 sejuncta,
3575 1837 4033 1909 interponerem,

2390 1929 2606 1999 quibus
2639 1930 3007 2002 aliquantum
3033 1933 3286 1988 satietati
3309 1934 3591 1990 similium
3614 1951 3808 1990 rerum
3841 1935 4038 1990 mede-

2390 2034 2501 2085 rer,
2534 2025 2591 2074 et
2639 2019 2723 2073 uti
2770 2021 2940 2076 liceat
2985 2022 3284 2094 exemplis,
3325 2025 3540 2093 quibus
3591 2023 3936 2090 declaretur,
3969 2040 4039 2079 ca

2389 2124 2516 2178 quae
2548 2109 2831 2176 didimus,
2859 2127 3195 2182 quanquam
3235 2111 3450 2167 leviora
3485 2113 3650 2182 forte,
3674 2118 3870 2167 tamen
3886 2128 4038 2168 «esse

2389 2197 2739 2265 necessaria,
2773 2198 2822 2253 si
2855 2198 2988 2270 quis
3019 2200 3259 2271 majoris
3301 2201 3581 2255 momenti
3613 2200 3768 2256 locos
3798 2201 3936 2256 velit
3965 2218 4039 2256 ex

2388 2285 2635 2341 historia
2664 2304 2831 2342 sacra
2859 2293 3146 2344 excutere.
3183 2293 3244 2343 In
3275 2290 3487 2361 quibus
3520 2289 3804 2361 ponendis
3833 2306 3948 2345 non
3985 2290 4039 2344 is

2387 2391 2492 2447 ego
2525 2393 2677 2445 sum,
2703 2377 2802 2448 qui
2834 2377 3006 2431 velim
3037 2379 3189 2433 viros
3221 2379 3422 2433 doctos
3453 2377 3895 2448 reprehendere,
3929 2379 4036 2432 sed

2388 2481 2592 2534 pauca,
2628 2482 2755 2536 quae
2786 2483 2898 2521 non
2934 2466 3180 2522 multum
3214 2468 3495 2538 quaerenti
3528 2471 3860 2534 occurrunt,
3893 2468 4036 2521 atre-

2388 2569 2535 2622 ram,
2568 2559 2634 2608 ut
2665 2572 2808 2608 usus
2860 2559 3051 2610 tamen
3104 2557 3282 2627 hujus
3331 2556 3746 2628 disputationis
3773 2556 4036 2626 quodam

2389 2643 2560 2698 modo
2612 2644 2988 2715 intelligatur.
3023 2645 3356 2716 Disputant,
3391 2645 3543 2701 178
3576 2651 3639 2700 ut
3686 2646 3758 2700 ab
3797 2645 3905 2702 hoc
3935 2662 4037 2699 or-

2387 2732 2534 2802 diar,
2559 2731 2663 2787 viri
2696 2733 2849 2789 docti
2884 2735 3024 2806 quid
3055 2751 3247 2790 causas
3277 2736 3448 2791 fuerit
3472 2741 3532 2790 ut
3563 2752 3624 2790 se
3656 2735 4041 2791 Montanistis

2387 2819 2761 2875 Tertullianis
2813 2822 3176 2898 adjupngeret,
3208 2821 3266 2876 in
3301 2821 3516 2894 quibus
3563 2821 3731 2877 multi
3789 2820 4036 2876 audien-

2386 2908 2527 2962 dum
2564 2909 2976 2979 Hieronymum
3019 2915 3243 2982 putant,
3277 2911 3376 2983 qui
3409 2912 3541 2966 odio
3589 2911 3891 2966 doctorum
3923 2910 4036 2966 Ec-

2386 2996 2573 3053 clesiae
2639 2999 2911 3055 Romanae
2974 2999 3053 3055 ait
3116 3001 3418 3056 incensum
3488 3017 3621 3055 eum
3682 2998 4041 3055 valedixisse

2387 3089 2683 3144 communi
2722 3088 3015 3156 Ecclesiae;
3057 3091 3234 3161 quod,
3271 3095 3334 3145 ut
3380 3089 3495 3145 alia
3547 3095 3904 3160 praeteream,
3938 3088 4040 3142 vix

2388 3183 2476 3234 est
2532 3177 2828 3244 credibile,
2879 3185 3204 3251 propterea,
3253 3181 3409 3250 quod
3467 3179 3698 3252 magnis
3754 3178 4041 3234 laudibus

2390 3271 2688 3325 Romanam
2720 3268 3014 3323 Ecclesium
3059 3268 3117 3322 in
3169 3268 3316 3323 libro
3347 3269 3412 3325 de
3441 3270 3782 3341 Praescript.,
3815 3268 4042 3324 Monta-

2391 3357 2602 3414 nistico
2650 3357 2769 3425 illo,
2821 3357 2904 3412 uti
2952 3356 3230 3428 diximus,
3263 3359 3633 3430 persequitur
3670 3360 3743 3430 (ο.
3777 3359 3897 3429 36);
3931 3375 4046 3415 nec

2392 3447 2450 3502 in
2478 3464 2543 3503 eo
2573 3447 2833 3503 adversus
2875 3451 3168 3516 Prameam,
3195 3465 3244 3502 o.
3273 3451 3322 3517 1,
3348 3449 3447 3506 ubi
3477 3449 3853 3505 vehementer
3882 3465 4020 3505 eum
4039 3495 4052 3519 ,

2391 3535 2814 3593 adulterantem
2840 3535 2999 3592 illam
3021 3537 3337 3594 Ecelesiam
3356 3539 3674 3608 erroribus,
3699 3539 4049 3608 insectatur,

2392 3635 2712 3708 quidquam
2739 3637 3225 3693 contumeliarum
3256 3637 3312 3692 in
3339 3638 3528 3709 ipsam
3551 3638 3702 3695 hanc
3723 3638 4049 3697 Eeclesiam

2391 3727 2588 3796 ejusve
2618 3725 2959 3798 episcopum
2991 3727 3241 3798 proiicit.
3275 3727 3337 3782 In
3369 3727 3614 3783 historia
3642 3729 3850 3785 deinde
3880 3733 4051 3786 Mon-

2393 3815 2744 3870 tanistarum
2778 3822 2922 3887 quot
2963 3815 3162 3872 evitari
3211 3822 3466 3888 peccata,
3499 3821 3642 3888 quot
3689 3824 4048 3890 aagumenta

2392 3902 2682 3958 emendari
2720 3903 3063 3974 potuissent,
3097 3904 3146 3958 si
3180 3905 3277 3974 qui
3310 3909 3444 3960 ante
3483 3905 3866 3962 defectionem
3898 3907 4048 3962 Ter-

2393 3991 2644 4060 tulliani,
2673 3993 2891 4063 quique
2932 3997 3133 4064 postea
3177 3993 3310 4048 libri
3345 3994 3543 4066 scripti
3597 3994 3832 4065 fuerint,
3867 4011 4046 4052 accu-

2393 4080 2577 4134 ratius
2623 4080 2830 4135 fuisset
2859 4081 3241 4137 constitutum
3262 4083 3288 4136 ?
3337 4087 3496 4150 sunt,
3531 4087 3595 4138 ut
3627 4084 3734 4139 hoc
3764 4089 3914 4150 utar,
3942 4086 4046 4156 qui

2395 4168 2452 4223 in
2487 4171 2725 4242 ﬁagitiis
2767 4170 3026 4225 Montani
3075 4169 3386 4226 ridiculum
3421 4177 3477 4228 et
3508 4173 3790 4229 muliebre
3819 4173 4047 4240 oculos,

2393 4259 2639 4332 capillos
2693 4258 2921 4331 aliaque
2969 4261 3216 4315 ornandi
3267 4261 3529 4316 studium
3582 4279 3847 4334 posuere,
3880 4264 4051 4321 ducti

2395 4350 2572 4404 rebus
2611 4349 2685 4403 ii
2730 4365 2878 4421 quas
2926 4348 3272 4420 Apollonius
3321 4351 3476 4423 apud
3527 4352 3758 4421 Euseb.,
3790 4356 3858 4408 H.
3892 4355 3957 4408 E.
3991 4371 4050 4410 v.

2398 4440 2483 4505 18,
2518 4439 2814 4494 memoriae
2848 4439 3138 4511 prodidit;
3174 4440 3342 4510 cujus
3373 4441 3567 4496 verba.
3603 4442 3650 4497 si
3683 4443 3823 4514 quid
3855 4441 4050 4515 video,

2394 4527 2546 4583 hanc
2578 4543 2699 4584 rem
2733 4527 2892 4584 nullo
2923 4528 3095 4584 modo
3126 4530 3495 4600 conﬁrmant,
3522 4537 3726 4603 estque
3759 4532 3830 4588 ab
3859 4534 4053 4588 omni-

639 4616 832 4660 vener.
866 4606 1113 4663 Ernestii
1156 4613 1368 4682 verbis,
1401 4617 1497 4686 qui
1548 4619 1826 4688 profecto,
1850 4621 1898 4675 si
1931 4621 2064 4691 quis
2112 4621 2284 4688 alius,
2319 4605 2365 4670 D
2394 4618 2506 4672 bus
2537 4617 2592 4671 in
2627 4635 2693 4673 eo
2729 4623 3056 4689 peccatum,
3090 4620 3242 4690 quod
3289 4624 3612 4692 prophetam
3660 4621 3740 4676 ibi
3785 4638 4047 4689 comme-

639 4689 753 4743 scit
802 4701 1086 4761 quantum
1141 4699 1218 4755 sit
1266 4703 1517 4773 pretium
1563 4707 1749 4764 cuivis
1799 4689 2119 4778 disciplinas
2169 4715 2288 4765 sta-

639 4779 950 4870 tuendum,
983 4789 1157 4856 atque
1205 4791 1288 4858 (in
1328 4793 1526 4848 Protus
1575 4796 1640 4850 de
1670 4813 1773 4851 usu
1823 4798 2284 4870 chatcographiae,

639 4882 696 4937 p.
731 4866 786 4938 5)
819 4869 888 4924 de
927 4872 1176 4945 singulis
1224 4881 1453 4937 artibus
1501 4883 1581 4938 ita
1619 4885 2009 4955 judicandum
2067 4866 2286 4958 censet,

639 4959 702 5010 ut
731 4972 924 5014 earum
952 4961 1274 5031 dignitatem
1303 4973 1353 5024 et
1388 4977 1801 5042 praestantiam,
1833 4993 1939 5032 non
1986 4982 2098 5032 tam
2128 4979 2286 5033 utili-

641 5044 816 5101 litatis
865 5055 1256 5121 magnitudine
1282 5068 1337 5113 et
1377 5064 1714 5130 necessitate,
1747 5081 1912 5136 quam
1965 5067 2288 5123 inveniendi

637 5139 1037 5210 exercendique
1084 5143 1410 5216 difﬁcultate
1458 5153 1771 5222 metiamur,
1805 5172 1976 5226 neque
2021 5162 2286 5228 quantum

642 5239 863 5296 quaeque
921 5233 1126 5300 prosit,
1185 5235 1278 5290 sed
1327 5241 1523 5308 quanti
1576 5258 1802 5313 quasque
1852 5247 1958 5312 sit,
2012 5247 2283 5317 pondere-

640 5329 794 5376 mus;
833 5319 950 5373 nisi
994 5337 1115 5378 vero
1168 5327 1298 5394 quia
1347 5328 1522 5398 magis
1575 5339 1628 5385 et
1683 5338 2058 5390 necessarium
2103 5346 2183 5391 est
2231 5333 2283 5392 εί

639 5403 778 5497 utite
830 5423 1000 5476 panes
1052 5413 1221 5482 pinsi,
1261 5431 1428 5487 quam
1488 5419 1705 5474 tabulas
1757 5424 1937 5494 pingi,
1988 5435 2285 5497 propterea

634 5492 906 5589 pistorum
932 5501 1210 5570 opiﬁcium
1240 5507 1352 5560 arti
1391 5507 1642 5578 pistoria?
1666 5492 2101 5585 praeferendum-
2119 5519 2281 5589 pute-

639 5594 779 5634 mus.
812 5585 993 5657 Atqus
1038 5607 1144 5663 ego
1175 5593 1236 5648 in
1263 5589 1641 5653 enucleandis
1680 5601 1858 5659 rebus
1902 5585 2283 5662 subobs—curis

640 5667 826 5726 multo
855 5677 1073 5736 rectius
1102 5680 1452 5742 industriam
1487 5687 1817 5758 ponendam
1848 5708 1976 5749 esse
2005 5694 2278 5767 arbitror,

2395 4711 2685 4762 moratum
2722 4707 3058 4764 Montanum
3092 4724 3221 4763 esse
3245 4709 3616 4777 crediderint,
3643 4727 3775 4766 cum
3809 4710 4045 4783 Apollo-

2393 4795 2474 4850 nii
2503 4797 2678 4852 verba
2708 4797 2778 4852 de
2807 4796 2964 4851 vitiis
3011 4797 3276 4854 universe
3316 4798 3693 4870 intelligenda
3737 4801 3877 4868 sint,
3909 4817 4043 4872 quas

2393 4902 2426 4940 a
2453 4885 2704 4952 vatibus,
2765 4902 3015 4958 quorum
3073 4887 3291 4944 multos
3319 4889 3677 4944 Montanistas
3710 4890 4042 4960 jactabant,

2393 4975 2597 5030 abesse
2641 4975 2939 5032 deberent.
2971 4978 3077 5031 Sed
3130 4982 3320 5048 potest
3368 4977 3468 5032 illa
3515 4976 3811 5034 calumnia
3857 4979 4040 5036 etiam

2393 5064 2625 5120 retundi
2674 5065 3065 5120 severioribus
3113 5065 3229 5120 illis
3273 5066 3637 5133 Tertulliani,
3671 5068 3729 5123 in
3777 5068 3942 5125 libris
3976 5070 4047 5127 de

2398 5155 2541 5225 Virg.
2575 5153 2676 5210 vel.
2715 5153 2979 5226 Cultuque
3019 5157 3237 5227 femin.,
3271 5156 3444 5212 dictis
3483 5157 3759 5214 adversus
3789 5159 4046 5217 nimium

2397 5243 2699 5298 muliebris
2740 5243 3040 5316 elegantias
3090 5244 3374 5300 studium.
3425 5248 3602 5301 Porro
3650 5247 4043 5319 Epiphanius,
4091 5303 4096 5308 .

2393 5340 2532 5396 haec.
2569 5343 2656 5406 49,
2689 5348 2828 5398 sect.
2860 5343 2944 5408 14,
2980 5343 3368 5399 Montanistas
3399 5343 3541 5398 dicit
3569 5343 3720 5400 inter
3749 5347 4038 5404 orandum

2392 5446 2633 5486 manum
2685 5431 2770 5486 ori
2819 5431 3169 5500 admovisse,
3204 5433 3360 5486 unde
3412 5432 3877 5505 Tuscodrugorum
3925 5452 4039 5491 no-

2390 5535 2524 5576 men
2584 5521 2965 5590 meruissent;
3029 5536 3204 5594 quam
3268 5520 3500 5594 culpam
3543 5521 4034 5594 Wernsdorfﬁus,

2388 5608 2476 5662 vir
2531 5607 2916 5679 clarissimus,
2968 5609 3006 5664 1.
3041 5626 3116 5679 c.,
3161 5612 3188 5678 §
3230 5611 3321 5674 21,
3369 5612 3670 5668 confutare
3724 5613 3848 5670 vult
3904 5614 4036 5670 loco

2390 5696 2644 5768 quodam
2701 5697 3041 5755 Tertulliani
3097 5715 3129 5755 e
3183 5697 3334 5756 libro
3389 5699 3458 5755 de
3510 5703 3768 5774 Grat.,c.
3801 5703 3887 5775 13,
3929 5703 4036 5760 ubi
