4526 6360
169 356 269 415 225

1348 349 1772 411 PARADOXA
1814 350 2345 415 TERTULLIANI

3437 359 3556 418 226

173 502 269 542 non
290 500 410 541 esse
444 483 731 539 molestiis
774 482 853 538 ait
901 498 1110 538 manus
1160 482 1312 538 inter
1359 497 1555 554 preces
1604 479 1787 536 subli-
1818 480 1873 546 Α
1902 480 1960 535 in
1994 499 2107 553 quo
2140 484 2606 541 Sabellianorum
2633 491 2781 552 et,ut
2811 504 2909 544 eos
2938 488 3552 555 vocat,Athanasiano-

172 576 307 631 mius
339 574 537 629 etl‘erre
572 590 585 627 :
623 572 724 643 qui
756 572 918 628 locus
950 589 980 627 e
1009 572 1183 637 libro,
1218 589 1251 627 a
1299 571 1655 626 Tertulliano
1705 587 1798 624 re-

173 670 247 720 cte
287 663 469 718 adhuc
519 660 807 717 sentiente
870 661 1223 732 conscripto,
1295 660 1515 715 nullam
1560 661 1677 714 vim
1728 660 1795 714 ad

172 751 554 825 depellendam
604 749 837 822 culpam
897 749 1094 815 habet,
1143 755 1208 803 ut
1258 767 1371 804 non
1422 749 1612 803 dicam
1664 747 1795 819 Epi-

173 840 432 914 phanium
464 840 574 895 hoc
616 839 849 895 nonnisi
900 840 970 893 de
1021 838 1373 911 quibusdam
1421 837 1795 891 Montanistis

172 932 380 987 referre.
437 931 691 985 Paeterca
741 928 1170 1001 disputationes
1226 926 1605 991 'I‘illemontii,
1654 926 1798 980 alio-

172 1035 399 1091 rumque
434 1020 504 1074 de
545 1018 979 1074 calamitatibus
1033 1017 1498 1072 Christianorum
1551 1016 1661 1070 sub
1692 1016 1794 1069 Se-

171 1127 305 1176 vero,
336 1125 516 1179 quam
550 1108 805 1164 confusaa
864 1112 1004 1163 sunt
1058 1124 1160 1175 eae,
1222 1121 1544 1177 omnesque
1597 1121 1795 1159 earum

172 1201 261 1255 loci
291 1215 469 1272 quam
503 1197 839 1270 perturbate
872 1214 937 1252 ac
970 1202 1323 1268 przepostero
1364 1196 1567 1251 ordine
1600 1194 1795 1265 positi,

173 1291 301 1345 hanc
332 1303 509 1344 unam
543 1288 614 1342 ob
646 1303 904 1354 causam,
936 1287 1089 1357 quod
1124 1286 1223 1357 qui
1272 1286 1553 1356 ﬂagrante
1585 1284 1797 1354 priore,

174 1381 479 1451 imperante
511 1376 741 1445 Severo,
770 1376 1094 1445 vexatione,
1128 1390 1263 1430 cum
1306 1374 1507 1428 eadem
1541 1388 1670 1426 cum
1704 1388 1789 1426 or-

172 1468 423 1524 thodoxis
456 1465 700 1521 sentiret
739 1463 1156 1531 Tertullianus,
1208 1463 1425 1534 quique
1460 1462 1567 1516 sub
1604 1464 1797 1532 poste-

172 1559 321 1626 riore,
354 1572 492 1612 cum
526 1555 597 1610 ab
650 1554 723 1609 iis
768 1570 829 1609 se
878 1553 1259 1625 sejunxisset,
1311 1551 1514 1623 scripti
1564 1549 1702 1616 sint,
1734 1548 1799 1603 li-

171 1649 288 1701 bros
343 1662 462 1699 non
532 1648 686 1698 recte
745 1642 1097 1699 distinxerit.
1179 1641 1443 1713 Denique
1503 1638 1650 1695 nihil
1709 1642 1799 1693 est

170 1734 553 1807 disputatione
585 1736 783 1787 nostra
806 1730 1103 1787 efficacius
1127 1731 1195 1785 ad
1230 1728 1606 1785 convellenda
1632 1726 1797 1781 Whi-

172 1824 305 1879 stoni
334 1821 572 1879 somnia
615 1837 742 1891 qua:
795 1821 853 1875 in
915 1820 1063 1875 libro
1112 1818 1386 1890 superius
1445 1818 1624 1872 citato
1672 1817 1799 1887 (The

170 1916 278 1967 true
306 1914 495 1981 origin
524 1910 595 1983 of
612 1912 703 1965 the
734 1909 1014 1965 Sabellian
1044 1910 1154 1964 and
1202 1909 1541 1963 Athanasian
1588 1906 1800 1960 doctri-

170 2018 251 2057 nas
281 2005 340 2073 of
372 2001 466 2057 the
520 2000 756 2072 Trinity,
809 2000 992 2054 Lond.
1048 2000 1207 2065 1720,
1252 1996 1423 2065 in-8°)
1474 1994 1800 2068 pr0posuit,

1910 588 2037 625 rum
2070 572 2139 626 de
2171 574 2545 629 sanctissima
2575 576 2781 631 Triade
2803 577 2948 631 scita
2970 577 3205 632 inventa
3236 595 3338 649 per
3366 578 3554 633 Simo-

1909 676 2039 713 nem
2065 661 2300 733 Magum
2330 680 2394 718 ac
2428 682 2527 735 per
2561 665 2945 720 Montanistas
2978 667 3329 722 resuscitata
3361 668 3550 739 fingit,

1908 754 2080 819 atque
2114 757 2421 823 propterea
2478 753 2822 809 Tertulliani
2864 772 2930 809 ea
2988 756 3047 809 in
3083 773 3141 809 re
3200 758 3552 811 sententiam

1906 838 2193 908 triplicem
2230 841 2410 895 fuisse
2441 848 2685 896 conatur
2714 843 2919 899 docere
2951 860 2980 899 e
3012 844 3225 915 triplici
3269 844 3553 900 librorum

1906 943 2116 997 genere
2148 930 2247 999 qui
2305 936 2501 985 essent
2559 932 2631 985 ab
2672 948 2736 986 eo
2796 932 3035 1001 exarati,
3092 950 3224 987 cum
3257 932 3342 986 vel
3401 939 3555 989 recte

1907 1017 2210 1079 sensisset,
2246 1018 2331 1073 vel
2363 1018 2707 1075 inclinasset
2734 1020 2803 1074 ad
2858 1021 3120 1075 Montani
3179 1038 3426 1085 errores,
3459 1022 3550 1077 vel

1905 1104 2170 1159 imbutus
2202 1106 2439 1161 omnino
2474 1108 2699 1163 fuisset.
2738 1108 2841 1163 Ubi
2878 1110 2932 1163 in
3006 1111 3210 1179 quovis
3265 1110 3547 1165 librorum

1906 1210 2114 1263 genere
2148 1194 2289 1249 tales
2322 1194 2502 1250 libros
2534 1199 2708 1251 refert
2758 1198 2855 1267 qui
2914 1197 3086 1268 plane
3121 1197 3220 1253 alii
3268 1198 3551 1254 librorum
3614 1254 3623 1265 _

1907 1282 2101 1355 generi
2138 1300 2169 1337 a
2203 1284 2372 1339 nobis
2404 1286 2611 1339 asserti
2646 1287 2829 1354 fuere,
2862 1302 2977 1357 quo
3005 1287 3133 1357 ipso
3164 1288 3357 1342 omnis
3389 1287 3550 1341 Whi-

1907 1371 2177 1426 stoniana
2209 1373 2527 1443 disputatio
2560 1374 2628 1427 ad
2662 1374 2911 1429 nihilum
2946 1376 3413 1447 redigitur.179
3447 1376 3553 1431 Sed

1908 1464 1996 1514 est
2024 1461 2256 1514 tandem
2293 1460 2606 1532 aliquando
2637 1463 3049 1530 desinendum,
3079 1482 3149 1519 ne
3181 1465 3347 1518 nimii
3381 1466 3436 1519 in
3462 1465 3555 1520 his

1908 1550 2082 1603 rebus
2126 1550 2464 1617 videamur;
2494 1556 2550 1605 et
2597 1553 3050 1608 committendus
3085 1559 3285 1609 noster
3321 1554 3554 1609 libellus

1908 1639 2208 1692 doctorum
2264 1638 2571 1694 hominum
2627 1640 2873 1711 judicio,
2934 1643 3088 1712 quod
3148 1646 3311 1697 tanto
3367 1642 3555 1714 magis

1908 1743 2140 1797 aequum
2174 1743 2451 1797 rogamus
2484 1728 2673 1797 nobis,
2701 1745 2813 1799 quo
2848 1730 3034 1801 magis
3065 1729 3150 1785 vel
3200 1730 3328 1802 ipsa
3360 1746 3555 1785 rerum

1909 1816 2062 1869 180
2094 1815 2523 1885 disputatarum
2559 1822 2789 1885 natura,
2822 1818 2911 1873 vel
2957 1819 3171 1888 quibus
3203 1820 3463 1890 oppressi
3497 1820 3555 1874 in

1912 1906 1984 1960 iis
2017 1906 2411 1976 proponendis
2446 1905 2685 1972 fuimus,
2723 1906 2949 1962 labores
2978 1907 3097 1975 alii,
3149 1908 3464 1964 effecerunt
3494 1914 3559 1965 ut

1914 2011 2028 2049 non
2062 1995 2423 2066 potuerimus
2456 1996 2823 2051 accuratoria
2853 1998 3102 2053 tradere.

1007 2175 3561 2206 Ἢ

552 2358 1624 2519 PARADOXA
1784 2360 3148 2550 TERTULLIANI,

1403 2624 1655 2711 CUM
1712 2568 2308 2711 AN’IIDOTO

1152 2814 1721 2950 JACOBI
1845 2815 2559 2945 PAMELII.

176 3231 197 3295 ἓ
224 3229 259 3283 Ι.
292 3234 365 3284 De
393 3230 609 3298 angelis
658 3227 1032 3282 desertoribus

1080 3227 1177 3297 qui
1218 3224 1495 3280 duxerunt
1530 3223 1680 3297 ﬁlias
1713 3221 1807 3297 ho-
1837 3231 1879 3297 ρ
1918 3223 1990 3275 De
2016 3222 2178 3276 Civit.
2214 3222 2330 3288 Dei,
2365 3237 2491 3293 cap.
2556 3224 2659 3291 15;
2700 3227 2755 3277 Β.
2817 3222 3103 3295 Epiphan.
3165 3226 3320 3296 Epit.
3381 3224 3557 3279 divin.

239 3294 671 3385 ζηίηᾳγηξὶυῐῃι,
700 3299 766 3366 ΙΙ,
800 3300 900 3353 lib-
944 3299 1019 3385 ,118
1060 3294 1313 3385 “OM-lu
1506 3294 1809 3385 D347“?
1850 3294 1879 3297 ᾖ
1919 3311 2180 3381 dogmat.,
2216 3318 2270 3365 et
2302 3312 2619 3383 Procopius
2657 3314 2710 3367 in
2745 3294 3065 3368 Comment.
3100 3294 3347 3385 quorum
3383 3314 3562 3385 Chry-

240 3365 728 3436 Habilu'mulieb”
756 3365 886 3441 rcap.
938 3372 987 3435 1,
1050 3386 1213 3441 num.
1252 3370 1350 3433 17;
1386 3368 1487 3441 lib.
1546 3365 1810 3441 deCulrtu

240 3446 449 3514 femin.,
485 3461 536 3499 ο.
578 3445 667 3508 40,
713 3440 871 3496 num.
905 3443 1015 3509 56;
1067 3446 1124 3497 et
1177 3440 1217 3494 l.
1274 3440 1649 3514 de___Veia_ndi:
1694 3440 1811 3514 vir-

240 3510 371 3584 yin.,
403 3510 455 3571 cr.
488 3517 544 3579 7,
578 3531 744 3569 num.
804 3515 912 3579 32;
943 3514 1083 3568 item
1136 3518 1276 3566 tom.
1338 3511 1572 3584 Ill,_lib_.
1622 3527 1653 3562 v
1686 3510 1808 3584 adu.

240 3581 416 3651 illam,
450 3604 582 3658 eap.
620 3588 705 3649 18,
743 3602 906 3658 num.
940 3586 1067 3639 291.
1100 3584 1319 3658 Δ(μῖωίὶει
1369 3581 1512 3637 edit.
1550 3581 1809 3646 Pamelii,

244 3656 543 3731 Antverp.,
570 3659 743 3725 1579;
778 3657 985 3724 Paris.,
1022 3656 1216 3725 1583.)

243 3816 418 3889 Hujus
452 3816 733 3872 Paradoxi
767 3815 1164 3870 Tertullianus
1215 3814 1437 3885 primus
1468 3817 1671 3867 auctor
1700 3828 1815 3865 non

189 3914 276 3968 cst,
308 3924 500 3979 neque
532 3911 862 3977 postremus
890 3922 903 3972 ;
937 3905 1062 3973 sed,
1123 3903 1293 3958 sicuti
1327 3902 1539 3973 partim
1574 3902 1818 3955 adnota-

190 3994 358 4051 vimus
392 3997 466 4051 ad
506 3995 606 4050 lib.
639 3994 704 4049 de
729 3994 924 4048 Habitu
956 3996 1118 4063 virg.,
1154 3992 1251 4046 ubi
1285 3992 1535 4045 maxime
1585 4008 1653 4045 ex
1684 4006 1819 4060 pro-

192 4085 358 4150 posito
390 4084 541 4139 illud
572 4088 809 4153 tractat,
842 4089 973 4137 ante
1004 4098 1136 4136 cum
1168 4080 1403 4150 Joseph.
1434 4077 1817 4149 AntiquiMib.

190 4173 315 4233 1:8.
345 4173 623 4228 Justinus
652 4173 819 4226 Mart.
870 4170 1097 4241 Apolog.
1148 4177 1434 4239 utraque;
1468 4170 1707 4237 Atenag.
1764 4167 1819 4220 in

190 4260 386 4331 Apotog.
423 4263 695 4317 Clemens
730 4260 1029 4324 Alexand.,
1073 4258 1173 4313 lib.
1209 4275 1271 4312 ιιι
1329 4263 1385 4313 et
1440 4275 1473 4311 v
1532 4258 1819 4321 Slromat.,

190 4356 303 4419 post
332 4368 465 4406 eum
503 4351 769 4405 Lactant.
823 4349 925 4403 lib.
959 4366 998 4403 ιι
1050 4350 1291 4403 Insiilut.
1346 4348 1519 4401 divin.
1554 4361 1679 4415 cap.
1717 4345 1822 4411 15;

190 4437 240 4492 S.
268 4443 531 4512 Cyprian.
576 4440 676 4493 lib.
733 4440 801 4494 De
831 4440 969 4493 Dise.
1031 4442 1083 4492 et
1116 4437 1256 4491 Hab.
1316 4438 1454 4506 virg.
1519 4452 1679 4489 num.
1714 4434 1822 4500 51;

190 4530 386 4587 Euseb.
427 4529 538 4584 lib.
572 4546 607 4582 v
638 4530 853 4595 Evang.
904 4530 1177 4598 Praepar,
1213 4531 1270 4580 et
1328 4524 1582 4579 Method.
1644 4540 1818 4577 serm.

1921 3405 2062 3455 sost.
2097 3402 2416 3472 etAugust.
2476 3402 2651 3455 etiam
2714 3404 3118 3457 auctoritatem
3178 3401 3311 3457 libri
3344 3403 3563 3468 Enoch,

1923 3505 2036 3559 quo
2078 3489 2180 3543 niti
2212 3490 2443 3545 videtur
2469 3489 2887 3560 ’l‘ertullianus,
2921 3490 3406 3563 impugnant.Qui
3438 3508 3567 3545 om-

1923 3596 2028 3634 nes
2066 3584 2123 3633 et
2154 3578 2393 3650 angelos
2425 3584 2481 3633 et
2512 3579 2661 3635 tilios
2693 3582 2811 3646 Dei,
2849 3585 3111 3650 posteros
3159 3581 3317 3646 Seth,
3365 3585 3568 3651 utpote

1929 3669 2021 3722 Dei
2057 3667 2329 3731 cultores,
2365 3668 2840 3739 interpretantur,
2890 3670 3062 3724 sicuti
3105 3670 3279 3724 etiam
3342 3671 3399 3724 Β.
3440 3670 3569 3725 Hie-

1927 3773 2050 3811 ron.
2105 3756 2205 3810 lib.
2240 3756 2304 3811 de
2373 3758 2573 3811 Tradit.
2646 3758 2801 3813 Hebr.
2872 3760 2931 3811 in
2983 3757 3272 3823 Genesim;
3315 3759 3569 3829 denique

1926 3844 2069 3899 Ven.
2104 3845 2627 3913 Beda,Rhabanus
2679 3852 2877 3901 noster
2929 3851 2985 3899 et
3044 3847 3262 3918 Haymo
3320 3850 3475 3902 Com.
3511 3848 3567 3900 in

1928 3935 2092 4001 Gen.,
2128 3934 2448 3989 scribentes
2479 3940 2535 3989 et
2564 3935 2622 3990 in
2653 3935 2971 4006 Scripturis
3003 3936 3184 3989 sacris
3236 3934 3572 4006 frequenter

1930 4024 2271 4094 angelorum
2304 4024 2538 4078 nomine
2570 4026 2721 4078 viros
2748 4024 2945 4079 fideles
2976 4026 3234 4094 etjustos
3266 4023 3569 4095 appellari.

1930 4112 2098 4178 Quid,
2134 4114 2287 4184 quod
2321 4112 2669 4167 Philastrius
2718 4113 2817 4167 lib.
2877 4113 2942 4168 de
2996 4114 3221 4179 H.rres.,
3278 4129 3407 4182 cap.
3446 4112 3571 4180 408,

1930 4200 2082 4256 inter
2114 4201 2360 4257 haereses
2394 4207 2650 4256 recenset
2697 4219 2795 4257 eos
2854 4203 2954 4273 qui
3009 4207 3281 4257 asserunt
3338 4201 3574 4270 angelos

1935 4290 2245 4346 miscuisse
2276 4308 2337 4346 se
2367 4308 2498 4345 cum
2532 4292 2765 4346 feminis
2815 4297 2948 4346 ante
2996 4291 3304 4361 diluvium,
3338 4296 3395 4346 et
3441 4291 3575 4345 inde

1938 4386 2104 4434 natos
2132 4397 2259 4434 esse
2293 4381 2557 4451 gigantes
2580 4380 2606 4434 ?

1935 4523 2047 4595 §2.
2081 4523 2153 4575 De
2193 4522 2513 4595 angeloer
2540 4523 3000 4595 apparitionious
3048 4523 3111 4576 in
3152 4537 3278 4577 vera
3328 4522 3577 4576 humana

191 4615 245 4669 de
275 4620 575 4674 [ἔρωνται.
634 4592 881 4673 Causam
949 4592 1171 4671 erroris
1223 4616 1403 4681 dedit,
1467 4614 1618 4685 quod
1684 4612 1822 4667 LXX
1858 4598 1902 4661 D
1940 4592 1958 4595 ν

1786 4613 1822 4666 χ
1858 4598 1902 4661 Ι)
1940 4592 1958 4595 “
2002 4610 2194 4685 carne,
2228 4593 2504 4685 tom.‘I‘lI,
2540 4592 2639 4645 lib.
2674 4592 2857 4685 ignad,
2891 4593 3079 4661 Marc.,
3129 4611 3257 4665 cap.
3315 4596 3369 4661 9,
3407 4611 3573 4648 num.

194 4706 354 4762 editio
385 4708 585 4763 Graeca
640 4712 827 4773 vetus,
890 4722 1067 4777 quam
1101 4703 1184 4757 illi
1235 4703 1417 4758 secuti
1478 4707 1634 4770 sunt,
1696 4706 1829 4772 post

196 4794 483 4851 Philonem
519 4794 733 4868 legeret
766 4812 777 4848 :
814 4794 880 4850 Οἱ
912 4790 1131 4868 ἄγγελοι
1167 4796 1261 4844 τοῦ
1310 4795 1464 4857 Θεοῦ,
1517 4798 1573 4846 et
1624 4792 1829 4846 Latina

198 4882 397 4951 Italica,
435 4887 522 4940 vel
552 4887 645 4939 SS.
674 4886 937 4939 Ambros.
970 4888 1217 4954 August.
1248 4881 1523 4953 Proc0pio
1554 4882 1827 4949 testibus,

200 4972 383 5040 Angeli
416 4976 536 5037 Dei,
572 4990 672 5045 pro
703 4990 767 5027 eo
801 4973 953 5044 quod
998 4977 1199 5043 postea
1257 4970 1473 5025 lectum
1534 4970 1833 5024 invenitur

200 5060 242 5111 oi
274 5062 374 5115 υἱοὶ
406 5066 503 5116 τοῦ
534 5066 686 5131 Θεοῦ,
718 5066 773 5117 et
799 5062 1018 5131 Latine,
1050 5062 1159 5132 ﬁlii
1206 5061 1322 5128 Dei,
1381 5075 1557 5130 quam
1611 5063 1831 5113 utram-

202 5166 299 5220 que
328 5156 690 5224 agnoverunt
720 5168 825 5206 suo
858 5157 1116 5222 tempore
1140 5149 1573 5221 S.Augustinus
1605 5154 1662 5203 et
1696 5153 1831 5203 Pro-

202 5242 406 5311 c0pius.
435 5241 583 5296 Vere
636 5241 870 5312 pulchre
913 5256 1041 5294 eam
1093 5238 1442 5294 sententiam
1494 5254 1594 5308 per
1625 5239 1829 5292 absur-

203 5328 422 5385 ditatem
460 5332 677 5385 refutat
706 5331 763 5385 S.
818 5329 1119 5401 Chrysost.
1171 5328 1327 5381 hom.
1379 5328 1449 5379 2‘3
1491 5329 1547 5381 in
1582 5326 1829 5389 Θρηικίη,

203 5433 454 5475 asserens
489 5436 780 5490 nusquam
812 5418 949 5473 alibi
974 5417 1029 5471 in
1067 5416 1384 5487 Scripturis
1418 5417 1649 5487 (nempe
1673 5416 1834 5485 juxta

206 5507 498 5566 editionem
540 5509 671 5563 LXX
701 5525 875 5579 quam
905 5506 1089 5562 solam
1128 5507 1382 5576 noverat)
1418 5506 1606 5560 vocari
1654 5521 1832 5575 ange-

210 5593 284 5651 los
314 5598 457 5654 l'ilios
488 5598 611 5663 Dei,
649 5599 787 5653 item
818 5602 874 5653 8.
902 5597 1172 5651 Ambros.
1208 5594 1310 5649 lib.
1360 5595 1424 5649 de
1467 5595 1572 5649 Noe
1592 5596 1641 5649 el
1674 5594 1831 5663 Area,

214 5699 321 5757 cap.
354 5687 403 5759 l,
434 5688 489 5744 S.
523 5692 771 5760 August.
813 5702 911 5756 qu.
963 5686 997 5739 3
1026 5687 1083 5740 in
1116 5685 1245 5742 Gen.
1306 5687 1363 5739 et
1392 5682 1573 5739 latius
1631 5682 1731 5739 lib.
1760 5700 1834 5737 xv

2004 4668 2095 4734 61,
2130 4682 2195 4719 ac
2225 4681 2351 4736 cap.
2387 4666 2473 4729 11,
2502 4682 2665 4718 num.
2705 4666 2794 4719 73.

2008 4790 2295 4843 Videntur
2325 4790 2562 4860 quidem
2613 4789 2726 4844 tale
2784 4788 2921 4859 quid
2984 4806 3194 4845 sonare
3250 4792 3428 4847 verba
3480 4791 3583 4847 illa

1937 4878 2279 4932 Tertulliani
2312 4896 2329 4932 .·
2362 4902 2389 4928 ‹‹
2424 4879 2643 4933 Dehinc
2674 4879 2839 4947 scito,
2875 4895 2977 4933 nec
3008 4878 3152 4933 illud
3183 4881 3419 4935 concedi
3454 4881 3582 4946 tibi,

1940 4969 2093 5038 quod
2128 4968 2381 5039 putativa
2421 4966 2593 5021 fuerit
2624 4967 2849 5039 angelis
2879 4970 3141 5037 caro,sed
3179 4986 3323 5025 verae
3356 4975 3413 5025 et
3444 4969 3587 5025 soli-

1942 5057 2025 5110 dae
2062 5056 2401 5111 substantiae
2432 5056 2724 5111 humanae.
2762 5080 2789 5106 »
2822 5058 3007 5112 Sedin
3032 5057 3163 5114 aliis
3198 5058 3362 5115 libris
3384 5062 3586 5115 eodem

1942 5145 2289 5217 conscriptis
2326 5155 2585 5217 tempore
2612 5147 2689 5200 ita
2713 5148 2973 5218 seipsum
2999 5148 3248 5218 explicat
3280 5147 3453 5203 sicuti
3487 5148 3589 5201 ad-

1946 5236 2277 5291 notavimus
2311 5236 2378 5289 ad
2420 5235 2520 5289 lib.
2571 5238 2641 5289 de
2690 5236 2866 5291 Carne
2916 5236 3147 5301 Christi,
3196 5253 3321 5305 cap.
3353 5236 3408 5303 6,
3441 5251 3585 5288 num

1942 5328 2032 5391 60,
2064 5332 2128 5379 ut
2160 5324 2304 5378 nihil
2339 5324 2475 5378 certi
2513 5342 2579 5378 ea
2612 5326 2680 5379 de
2713 5343 2771 5378 re
2818 5324 3067 5380 voluerit
3117 5339 3375 5379 asserere
3398 5365 3410 5389 ,
3444 5323 3589 5377 alio-

1945 5416 2041 5488 qui
2078 5415 2231 5469 enim
2261 5414 2369 5468 sibi
2406 5414 2697 5468 videbitur
2727 5414 3077 5469 contrarius.
3129 5435 3155 5461 ‹‹
3206 5412 3463 5477 Constat,
3499 5412 3586 5467 in-

1945 5504 2043 5576 qui
2079 5504 2180 5567 ibi,
2232 5503 2468 5574 angelos
2515 5519 2750 5558 carnem
2805 5503 3097 5573 propriam
3149 5518 3262 5555 non
3302 5504 3589 5570 gestasse,

1943 5598 2142 5665 utpote
2177 5598 2386 5647 natura
2426 5591 2765 5645 substantiae
2799 5588 3098 5660 spiritalis,
3134 5593 3189 5643 et
3238 5588 3284 5643 si
3328 5590 3590 5661 corporis

1942 5682 2211 5753 alicujus,
2247 5680 2336 5737 sui
2364 5686 2558 5736 tamen
2590 5677 2843 5751 generis,
2888 5678 2947 5735 in
2978 5693 3213 5736 carnem
3254 5684 3454 5737 autem
3476 5680 3587 5739 hu-
