4526 6344
657 288 780 350 227

1855 295 2287 359 PARADOXA
2331 296 2866 361 TERTULLIANI

3938 304 4059 368 228

656 443 889 486 manem
920 427 1406 503 transﬁgurabilis
1444 429 1516 485 ad
1574 432 1834 502 tempus,
1885 432 1953 487 ut
2004 427 2187 485 videri
2242 430 2300 484 et
2329 440 2381 508 Α
2410 427 2489 484 tis
2518 427 2617 485 lib.
2650 429 2928 486 deCensu
2979 432 3191 489 animae
3245 433 3378 489 adv.
3440 436 3740 508 Hermog.,
3799 441 4054 511 constet,

657 518 932 590 congredi
962 535 1093 573 cum
1122 517 1460 573 hominibus
1483 517 1731 591 possint.
1756 540 1784 568 »
1815 519 1883 573 Et
1911 517 2174 589 apertius
2195 514 2296 571 lib.

654 607 719 661 de
750 609 1051 662 Resurrect.
1081 623 1262 673 carn.,
1312 622 1364 660 c.
1415 608 1486 660 62
1518 623 1531 661 :
1562 629 1591 656 «
1642 606 1787 672 Quia
1843 610 1900 662 et
1956 606 2172 677 angeli,
2217 605 2303 660 in-

656 693 805 767 quit,
838 690 1151 766 aliquando
1180 696 1464 765 tanquam
1498 695 1769 751 homines
1793 695 2297 762 fueruntedendo,

653 785 907 839 bibendo
953 788 1009 839 et
1039 784 1215 855 pedes
1263 782 1491 839 lavacro
1540 785 1892 857 porrigendo
1927 802 1940 850 ;
1974 784 2297 839 humanam

654 873 811 928 enim
841 871 1212 943 superficiem
1242 872 1577 939 induerant,
1619 872 1781 929 salva
1811 873 1971 928 intus
2020 873 2299 928 substan-

655 960 738 1015 tia
768 961 1022 1031 propria.
1059 981 1087 1010 »
1119 961 1237 1016 Hoc
1258 962 1527 1017 sufficere
1567 962 1785 1033 ubique
1841 961 2029 1016 visum
2065 965 2154 1016 est
2184 965 2299 1015 Au-

654 1049 816 1119 ctori,
842 1048 997 1120 quod
1029 1049 1291 1121 dogmati
1322 1050 1544 1122 Apellis
1587 1067 1702 1106 non
1756 1050 2134 1115 consentiret,
2196 1050 2298 1121 qui

654 1155 722 1193 ex
752 1154 887 1193 aera
913 1138 1243 1194 substantia
1271 1138 1511 1211 angelos
1544 1145 1766 1195 creatos
1814 1140 2068 1205 dicebat,
2114 1144 2180 1194 ut
2227 1155 2299 1193 ne

573 1242 581 1251 '
648 1227 945 1282 videretur
999 1226 1084 1281 illi
1142 1232 1200 1281 et
1257 1227 1315 1281 in
1348 1227 1457 1283 hoc
1488 1229 1843 1294 consentire,
1878 1230 2031 1300 quod
2086 1227 2298 1285 Christi

647 1331 861 1387 corpus
934 1332 1003 1371 ex
1057 1315 1301 1372 aatherea
1378 1318 1625 1373 materia
1716 1318 1999 1388 originem
2060 1317 2301 1372 haberet

645 1420 839 1459 suam.
874 1404 1049 1475 Atqui
1082 1405 1279 1476 qualia
1309 1422 1571 1478 corpora,
1603 1413 1662 1463 et
1696 1408 1849 1462 unde
1893 1411 2202 1479 assumpta
2224 1407 2297 1460 ab

648 1491 873 1564 angelis
919 1494 1156 1561 fuerint,
1228 1495 1403 1550 etiam
1490 1494 1662 1551 hodie
1711 1502 2149 1552 controversum
2209 1499 2299 1551 est

647 1582 803 1652 apud
833 1581 1177 1653 Magistrum
1210 1583 1672 1651 Sententiarum,
1704 1584 1879 1640 lib.u.
1911 1585 2049 1640 dist.
2076 1585 2131 1655 8,
2163 1586 2191 1652 §
2220 1585 2252 1638 4
2278 1601 2293 1652 ;

649 1685 757 1727 nos
789 1669 913 1728 loco
930 1673 1057 1743 jam
1089 1672 1265 1728 citato
1295 1688 1428 1728 cum
1461 1674 1521 1729 S.
1577 1675 1869 1729 Bernardo
1912 1674 1981 1729 de
2029 1673 2138 1729 hoc
2166 1689 2295 1728 sen-

645 1761 891 1818 tentiam
923 1766 1182 1817 nostram
1215 1763 1572 1834 suspendere
1589 1763 1911 1818 maluimus
1943 1779 2118 1834 quam
2151 1760 2292 1817 certi

649 1850 790 1920 quid
818 1850 1080 1906 definire.
1116 1856 1202 1905 An
1234 1856 1431 1909 autem
1466 1853 1718 1907 senserit
1745 1856 1989 1916 Auctor,
2021 1851 2175 1923 quod
2209 1849 2293 1904 illi

650 1938 892 2009 quidam
923 1938 1272 2011 impingunt,
1304 1956 1588 2011 eorporeos
1616 1956 1728 1997 esse
1765 1940 1986 2010 angelos
2014 1948 2065 1995 et
2092 1939 2293 1995 azmo-

652 2040 773 2094 nas,
810 2043 923 2084 non
956 2025 1253 2084 immerito
1283 2028 1553 2085 dubitare
1580 2028 1990 2085 licet.Maxime
2020 2044 2152 2084 cum
2178 2030 2292 2082 Au-

650 2119 794 2172 ctor.
827 2116 935 2171 etsi
964 2116 1232 2172 videatur
1264 2117 1357 2172 hic
1385 2118 1501 2172 suis
1556 2120 1775 2186 generis
1827 2134 2022 2187 corpus
2068 2115 2293 2189 angelis

647 2203 924 2272 tribuere,
957 2208 1153 2261 tamen
1188 2206 1363 2261 faciat
1418 2222 1517 2261 eos
1573 2208 1908 2264 substantiae
1961 2206 2289 2277 spirituatis,

650 2291 825 2348 sicuti
855 2292 1032 2347 etiam
1065 2310 1181 2348 non
1214 2293 1394 2349 semel
1426 2294 1484 2349 in
1518 2296 1877 2366 Apotogetico,
1937 2300 1995 2350 et
2024 2294 2290 2349 nomina-

646 2381 754 2435 tim
786 2397 836 2435 c.
864 2384 957 2448 22,
990 2382 1285 2453 spiritales
1316 2383 1468 2438 vires
1499 2389 1555 2439 et
1587 2383 1810 2454 angelis
1841 2388 1899 2438 et
1928 2382 2291 2438 daemonibus

649 2469 936 2540 attribuit,
969 2475 1026 2525 et
1047 2471 1292 2542 spiritus
1320 2477 1507 2527 vocat.
1570 2473 1751 2544 Magis
1804 2476 2003 2527 tamen
2060 2474 2292 2542 recepta

643 2563 753 2624 est,
788 2559 1053 2632 mihique
1085 2559 1275 2631 placet
1306 2575 1505 2616 eorum
1537 2562 1849 2625 sententia,
1889 2560 1988 2632 qui
2022 2560 2288 2631 incorpo-

645 2661 774 2701 reos
804 2647 1042 2715 faciunt,
1094 2648 1247 2703 inter
1298 2665 1445 2719 quos
1496 2650 1739 2705 veniunt
1790 2648 2286 2704 commemorandi

649 2733 748 2788 SS.
783 2734 1021 2806 Dionys.
1054 2739 1262 2808 Areop.
1294 2753 1345 2791 c.
1393 2738 1428 2790 2
1472 2737 1680 2793 ϐοειθδι.
1729 2737 2023 2793 Hierarch.
2061 2754 2074 2805 ;
2109 2736 2287 2791 Atha-

645 2838 773 2878 nas.
803 2823 872 2878 de
894 2824 1176 2880 Commun.
1227 2827 1472 2882 Essentia
1519 2828 1706 2882 Patris
1751 2831 1804 2882 et
1851 2827 1988 2883 Filii
2025 2832 2080 2881 et
2105 2826 2284 2893 Spiri-

638 2913 730 2965 tus
753 2915 969 2978 sancti;
1001 2914 1297 2987 Chrysost.
1332 2915 1534 2972 homil.
1567 2916 1638 2971 22
1673 2918 1734 2971 in
1762 2914 1922 2980 Gen.;
1950 2914 2143 2988 Cyrill.
2180 2914 2280 2969 lib.

638 3015 716 3056 ιν.
750 3000 808 3059 in
838 3001 1005 3061 Joan.
1036 3003 1243 3078 capite.

636 3122 663 3191 §
693 3120 746 3179 3.
775 3123 847 3179 De
875 3125 1070 3180 anima
1108 3124 1282 3195 primi
1322 3123 1559 3179 hominis
1605 3140 1675 3179 ex
1704 3124 1936 3179 materia
1983 3122 2104 3195 Dei,
2132 3124 2275 3191 tom,

776 3196 875 3267 Ill,
909 3195 1010 3252 lib.
1044 3194 1346 3252 Iv’advers.
1381 3196 1569 3264 Mam,
1602 3212 1652 3250 ο.
1684 3196 1773 3262 38,
1809 3211 1951 3251 num
2006 3194 2131 3247 611.

708 3310 833 3368 Huc
881 3311 1117 3383 quidem
1183 3311 1474 3384 pertinere
1518 3310 1787 3367 videntur
1846 3309 1947 3365 illa
2011 3306 2280 3364 Auctoris

635 3402 812 3458 verba
867 3400 1219 3473 explicantis
1278 3400 1422 3457 illud
1481 3386 1619 3455 Luc.
1679 3399 1775 3455 XX
1824 3416 1837 3455 :
1891 3398 2113 3455 Reddite
2155 3411 2280 3467 quae

634 3494 767 3547 sunt
797 3491 893 3545 Dei
913 3494 1075 3545 Deo.«
1099 3489 1403 3545 Hominem
1431 3488 1611 3561 igitur
1643 3485 2276 3557 reddijubetCreatori,

635 3580 696 3635 in
728 3578 899 3650 cujus
929 3577 1183 3650 imagine
1213 3582 1271 3633 et
1300 3576 1686 3633 similitudine
1718 3580 1773 3631 et
1803 3575 2037 3630 nomine
2075 3578 2132 3629 et
2158 3590 2277 3628 ma-

635 3666 786 3725 teria
817 3667 1402 3740 expressusest.»0ui
1434 3665 1596 3722 locus
1621 3665 1957 3721 fortassisin
1973 3680 2149 3719 causa
2171 3662 2281 3717 fuit

638 3758 722 3812 uti
755 3756 841 3813 sic
871 3756 1088 3813 scribat
1115 3756 1187 3811 de
1212 3756 1310 3812 illo
1342 3757 1487 3812 ‘Iﬂl
1527 3756 1788 3812 Genn.ll.
1825 3754 1996 3809 lih.de
2027 3754 2276 3823 Dogmat.

635 3846 871 3902 Eccles.:
897 3845 1153 3901 Nihil-ex
1181 3844 1485 3901 Trinitatis
1506 3844 1760 3900 essentia
1789 3844 1855 3898 ad
1877 3848 2279 3899 creaturarum

636 3940 908 3991 naturam
940 3935 1249 3990 credamus
1283 3934 1621 3998 deductum,
1674 3937 1739 3987 ut
1771 3932 1931 3987 Plato
1975 3936 2032 3985 et
2060 3928 2282 3985 Tertul-

633 4023 850 4079 lianus.
884 4023 1099 4079 Verum
1132 4039 1266 4078 cum
1300 4023 1358 4078 S.
1392 4024 1640 4094 August.
1689 4021 1789 4094 qui
1820 4020 1992 4075 toties
2045 4017 2280 4072 deducit

638 4110 897 4167 animam
947 4128 1063 4167 non
1111 4127 1281 4184 posse
1335 4114 1558 4183 partem
1613 4111 1706 4165 Dei
1773 4108 1907 4179 dici,
1962 4106 2105 4163 nihil
2168 4104 2280 4161 tale

638 4199 724 4256 illi
777 4200 1079 4267 attribuat,
1130 4215 1234 4272 ego
1275 4200 1452 4254 etiam
1500 4216 1534 4255 a
1587 4203 1701 4255 tam
1770 4197 2028 4253 absurda
2073 4195 2279 4251 haeresi

639 4288 835 4361 ipsum
870 4289 1242 4361 purgandum
1268 4288 1563 4355 existimo,
1599 4292 1789 4359 Atque
1840 4288 1983 4342 adeo
2018 4285 2163 4340 nihil
2208 4283 2280 4338 il-

635 4377 759 4435 lum
791 4377 950 4434 aliud
976 4378 1197 4434 voluise
1229 4378 1419 4433 dicere
1450 4394 1626 4449 quam
1662 4377 1814 4450 quod
1849 4393 1919 4432 ex
1956 4378 2155 4447 afﬂatu
2185 4375 2285 4429 Dei

635 4467 712 4525 sit
737 4467 950 4524 anima:
979 4467 1157 4537 origo,
1185 4467 1355 4538 juxta
1386 4466 1527 4522 illud
1564 4467 1704 4537 Gen,
1736 4483 1778 4521 ιι
1813 4483 1826 4533 ;
1860 4467 1921 4520 Et
1954 4466 2109 4536 ﬂavit
2143 4465 2282 4518 Deus

2411 518 2670 575 sensisse
2702 518 2868 575 illum
2904 521 3162 577 animam
3196 521 3368 595 longe
3407 522 3523 580 Deo
3568 524 3929 595 inferiorem,
3963 532 4058 583 ut-

2409 610 2545 678 pote
2575 607 2916 679 passibilem
2958 610 3068 663 etsi
3119 610 3533 668 immortalem.
3586 617 3654 668 Et
3699 630 3834 671 vero
3880 615 4061 673 etiam

2409 697 2810 768 repetendum,
2866 698 3015 767 quod
3070 700 3381 772 utrobique
3440 703 3851 759 adnotavimus
3907 710 4061 763 recte

2408 785 2709 841 censuisse
2740 790 2795 839 S.
2821 791 2969 859 Aug.
2996 785 3142 843 libro
3172 788 3238 844 de
3271 794 3506 861 Haeres,
3532 792 3684 863 quod
3706 792 4059 851 Philastrius

2408 874 2625 929 multas
2651 875 2830 930 haeres
2860 878 3221 934 recensuerit
3255 894 3384 950 qum
3437 879 3689 937 hereses
3739 899 3853 938 non
3889 888 4054 955 sunt,

2408 962 2602 1035 qualis
2658 968 2746 1019 est
2796 981 2912 1019 non
2970 964 3235 1036 hasresis,
3295 968 3396 1023 sed
3460 968 3758 1025 Catholica
3813 974 4056 1028 Patrum

2406 1051 2718 1120 sententia,
2747 1053 2988 1120 Flatum,
3022 1070 3125 1109 seu
3170 1055 3533 1128 spiraculum
3586 1058 3718 1114 vitae
3750 1060 3823 1116 de
3853 1060 4055 1118 anima

2407 1140 2677 1197 rationali
2710 1140 3149 1215 interpretatur.

2405 1283 2435 1357 Ξ
2466 1284 2950 1362 li_.__De_._4_nirnabus
2977 1297 3319 1362 posterorum
3339 1289 3473 1362 ,Adz
3500 1307 3573 1346 ea:
3621 1292 3862 1362 traduce,
3906 1297 4053 1350 tom.

2479 1355 2578 1422 Ill,
2629 1355 2832 1437 libL‘de
2882 1355 3102 1437 Anima.
3156 1376 3282 1432 cap.
3325 1355 4055 1437 79Anum._123,gcap.19,

2480 1430 2958 1510 num;_25§,ncap.
2990 1433 3080 1500 22,
3116 1430 3283 1488 num.
3314 1433 3439 1504 294,
3473 1438 3533 1489 et
3569 1432 3814 1508 integris
3844 1430 4055 1510 capiti;

2478 1498 2588 1553 bus
2616 1502 2687 1553 27
2717 1504 2773 1555 et
2799 1500 2889 1558 36.

2475 1621 2807 1679 Paradoxon
2839 1624 2994 1680 istud
3046 1624 3407 1684 Tertulliano
3455 1628 3761 1685 ascribunt
3806 1631 4056 1689 Ruﬁnus

2400 1711 2620 1783 Apolog.
2645 1729 2745 1783 pro
2794 1712 3052 1782 Origene,
3088 1718 3145 1770 et
3191 1716 3247 1770 S.
3303 1716 3540 1773 Hieron.
3600 1717 3754 1776 libro
3808 1736 3851 1775 ιι
3881 1724 3938 1776 et
3966 1737 4057 1792 ιιι,

2322 1813 2371 1878 Β
2402 1801 2619 1871 Apolog.
2653 1802 2781 1857 adv.
2816 1803 3114 1870 eumdem,
3139 1820 3391 1876 quorum
3425 1805 3523 1862 ille
3570 1806 3720 1863 nihil
3764 1808 4057 1865 definien-

2402 1890 2544 1946 dum
2579 1894 2765 1962 putat,
2798 1890 2894 1945 hic
2943 1891 3089 1948 satis
3136 1893 3312 1950 dubie
3357 1892 3639 1966 loquitur,
3689 1913 4055 1969 quamquam

2402 1978 2589 2050 magis
2619 1979 2835 2035 sentire
2866 1978 3135 2035 videatur
3161 1998 3294 2038 esse
3323 1982 3662 2039 damnatam
3691 1986 4052 2042 sententiam

2401 2066 2545 2123 Nam
2576 2071 2701 2122 tum
2732 2067 2983 2123 maxime
3030 2069 3253 2141 Apolog.
3302 2071 3372 2125 ad
3422 2072 3715 2140 Pamach.,
3765 2074 4053 2132 adversus

2399 2160 2633 2212 Errores
2662 2156 2873 2212 Joann.
2908 2157 3130 2214 Hieros.
3163 2158 3401 2215 disertis
3429 2161 3625 2218 verbis
3670 2162 3833 2231 dicit,
3866 2164 4054 2221 eccle-

2400 2244 2698 2301 siasticam
2746 2261 2877 2302 esse
2921 2248 3271 2303 sententiam
3326 2248 3512 2305 Deum
3562 2267 3740 2307 novas
3785 2252 4056 2323 quotidie

2399 2334 2650 2390 amimas
2680 2334 3020 2406 corporibus
3063 2336 3187 2406 jam
3236 2338 3536 2409 conceptis
3578 2337 3910 2409 infundere,
3959 2340 4049 2397 al-

2397 2421 2601 2494 legans
2629 2422 2699 2477 ad
2724 2423 2779 2477 id
2810 2421 3143 2494 Scripturas
3167 2422 3337 2479 Joan.
3369 2441 3427 2479 v.
3462 2441 3476 2492 ;
3507 2425 3704 2495 Zacb.,
3727 2443 3807 2482 xu
3840 2446 3856 2497 ;
3887 2428 4052 2485 Psal.

2396 2528 2574 2579 xxxn,
2607 2527 2949 2584 quanquam
2973 2512 3204 2568 interim
3237 2514 3642 2586 epist.99,qum
3672 2522 3761 2572 est
3790 2517 3861 2573 ad
3894 2518 4054 2575 Mar-

2395 2600 2675 2656 cellinum
2709 2604 2766 2656 et
2795 2600 3251 2673 Anapsycbiam,
3287 2602 3490 2658 mitius
3521 2604 3751 2676 loquar,
3803 2610 3862 2661 et
3888 2605 4046 2664 illud

2398 2691 2635 2762 quidem
2667 2688 2779 2744 sibi
2810 2688 2991 2744 videri
3023 2688 3260 2758 scribat,
3295 2691 3397 2747 sed
3430 2692 3502 2747 ad
3530 2692 3589 2748 S.
3636 2694 4049 2765 Augustinum

2394 2778 2660 2834 remittat
2686 2781 2885 2849 utpote
2916 2776 3064 2833 nihil
3107 2778 3307 2834 volens
3363 2779 3505 2835 certi
3556 2781 3821 2848 definire,
3883 2785 4048 2854 quod

2394 2866 2559 2922 illum
2593 2864 2831 2939 legisset
2844 2865 3083 2922 dubiam
3097 2866 3288 2923 adhuc
3301 2868 3661 2940 suspendere
3678 2872 4046 2929 sententiam

2390 2956 2660 3012 alludens
2690 2957 2763 3011 ad
2795 2956 2963 3027 epist.
3000 2954 3159 3011 illius
3189 2957 3261 3011 ad
3294 2973 3355 3013 se
3397 2958 3672 3030 scriptas,
3723 2965 3780 3015 et
3812 2961 3912 3015 157
3960 2963 4045 3019 ad

2389 3046 2663 3118 Optatum
2712 3044 2778 3101 de
2826 3046 3045 3115 origine
3105 3047 3445 3117 animarum,
3521 3046 3580 3102 in
3626 3064 3744 3119 qua
3802 3049 4046 3123 Tertul-

2306 3174 2350 3241 α
2387 3134 2613 3241 lianum
2656 3151 2770 3191 non
2822 3142 2941 3190 tam
2974 3134 3221 3241 damnat
3244 3135 3400 3206 quod
3446 3151 3515 3241 ex
3555 3136 3812 3204 traduce,
3855 3152 4045 3208 quam

2390 3224 2546 3297 quod
2578 3238 2886 3295 corporeae
2934 3222 3163 3278 animas
3195 3223 3432 3290 faceret,
3463 3224 3536 3279 de
3587 3240 3704 3295 quo
3737 3226 4043 3284 Paradoxo

2388 3312 2562 3386 paulo
2613 3315 2744 3384 post
2791 3310 2985 3368 latius.
3051 3311 3198 3367 Nam
3251 3315 3309 3367 et
3358 3311 3464 3380 illi,
3532 3311 3745 3384 inquit,
3803 3313 4047 3373 animus

2388 3418 2456 3457 ex
2486 3400 2585 3455 illa
2612 3417 2727 3455 una
2759 3400 3068 3472 propagari
3101 3404 3395 3471 asserunt,
3428 3418 3604 3474 quam
3657 3400 3811 3458 Deus
3838 3402 4044 3475 primo

2388 3487 2612 3546 homini
2658 3489 2839 3556 dedit,
2889 3492 3063 3559 atque
3110 3488 3192 3543 ita
3239 3505 3340 3545 eas
3384 3505 3450 3545 ex
3485 3488 3827 3561 parentibus
3878 3489 4046 3547 trahi

2388 3578 2611 3648 dicunt,
2646 3578 2693 3634 si
2729 3576 3070 3633 Tertulliani
3120 3577 3456 3649 opinionem
3506 3585 3850 3650 sequantur,
3900 3596 4041 3652 pro-

2388 3670 2537 3724 fecto
2567 3684 2664 3723 eas
2698 3683 2811 3722 non
2845 3666 3218 3739 spiritus,sed
3250 3682 3496 3740 corpora
3525 3684 3653 3724 esse
3675 3668 4044 3725 contendunt

2390 3762 2448 3813 et
2495 3755 2851 3828 corpulentis
2901 3754 3230 3811 seminibus
3278 3755 3509 3811 exoriri.
3560 3757 3684 3823 Quo
3734 3771 4045 3828 pervorsus

2389 3845 2529 3917 qdid
2558 3844 2670 3899 dici
2716 3842 2949 3916 potest?
2983 3844 3174 3913 Neque
3227 3842 3337 3899 hoc
3392 3842 3819 3899 Tertullianum
3879 3861 4042 3902 som-

2390 3933 2586 3989 niasse
2618 3932 2952 3987 mirandum
2982 3936 3090 3996 est,
3124 3931 3277 3987 182
3311 3930 3412 4003 qui
3445 3930 3624 3986 etiam
3656 3930 3851 4003 ipsum
3884 3947 4048 3988 crea-

2388 4027 2575 4078 torem
2603 4026 2803 4090 Deum,
2840 4037 2952 4075 non
2996 4036 3125 4076 esse
3158 4020 3271 4075 nisi
3321 4036 3536 4093 corpus
3585 4020 3877 4091 opinatur.
3929 4022 4043 4079 Sed

2390 4112 2462 4166 de
2508 4110 2610 4165 illo
2659 4126 2891 4182 quoque
2937 4109 3232 4165 Paradoxo
3267 4108 3420 4163 infra
3484 4124 3553 4165 ex
3595 4108 3799 4165 eodem
3846 4109 4047 4182 Augu-

2390 4201 2547 4257 stino
2599 4199 2796 4253 latius.
2842 4198 3181 4253 Gennadius
3232 4201 3333 4253 aut
3380 4196 3483 4253 lib.
3533 4198 3734 4253 Eccles.
3786 4198 4044 4269 Dogmat.

2391 4292 2588 4363 [quem
2622 4287 2707 4343 vel
2741 4287 2877 4342 hinc
2909 4292 3068 4359 patet
3104 4288 3161 4343 S.
3198 4291 3447 4359 August.
3498 4304 3615 4342 non
3660 4286 3835 4357 esse],
3868 4302 4046 4344 enar-

2394 4382 2519 4434 rata
2558 4376 2827 4449 Origenis
2885 4375 3199 4446 sententia,
3260 4381 3319 4430 et
3350 4376 3475 4446 jam
3529 4375 3702 4446 dicta,
3763 4383 3825 4431 ut
3880 4375 4047 4444 dicit,

2396 4466 2894 4522 Luciferianorum
2941 4464 3161 4536 Cyrilli,
3206 4469 3265 4520 et
3313 4463 3645 4536 aliquorum
3699 4463 4043 4522 Latinorum

635 4560 836 4629 ﬂatum
868 4559 995 4613 vitm
1027 4557 1085 4613 in
1113 4558 1314 4628 faciem
1344 4558 1607 4623 hominis,
1639 4565 1690 4612 et
1715 4558 1895 4627 factus
1925 4563 2001 4609 est
2030 4555 2188 4609 homo
2222 4555 2279 4608 in
2314 4543 2357 4607 Ι)
2390 4557 2562 4628 (inter
2591 4572 2739 4627 quos
2769 4553 2924 4609 haud
2961 4554 3104 4609 dubi
3151 4552 3596 4625 Tertullianus),
3644 4553 3870 4619 deﬁnit,
3922 4555 4044 4610 for-

635 4649 882 4701 auimam
905 4649 1109 4713 vivam,
1161 4646 1330 4701 sicuti
1393 4644 1864 4717 frequentissime
1905 4643 2030 4714 ipse
2088 4641 2280 4696 incul-

636 4740 749 4802 cat,
782 4735 1031 4790 maxime
1050 4752 1181 4790 vero
1214 4735 1283 4790 de
1316 4735 1511 4789 Anima
1543 4751 1592 4791 c.
1644 4734 1729 4789 tl.
1764 4734 1882 4798 Quo
1927 4732 2075 4799 loco,
2110 4728 2281 4786 sicuti

637 4826 815 4882 etiam
848 4825 950 4881 lib.
984 4824 1050 4880 de
1077 4827 1262 4896 Bapt.,
1286 4841 1335 4881 c.
1368 4826 1422 4893 5,
1457 4841 1618 4880 num.
1645 4825 1733 4893 43,
1766 4840 1892 4879 eam
1928 4822 2282 4893 interpreta-

636 4914 855 4971 tionem
906 4916 1237 4970 consentire
1325 4914 1693 4969 ostendimus
1755 4928 1890 4968 cum
1948 4912 2045 4965 SS.
2108 4915 2283 4975 lren.,

637 5003 974 5071 Prudentio,
1054 5002 1380 5076 Chrysost.,
1451 5010 1689 5073 August.
1770 5006 1826 5055 et
1900 4999 2281 5055 Theodoreto.

637 5096 897 5160 Quorum
930 5093 1040 5148 iste
1070 5110 1082 5148 :
1116 5093 1362 5148 Nomine
1394 5091 1588 5163 ﬂatus,
1640 5090 1853 5163 inquit,
1899 5105 2016 5143 non
2061 5086 2285 5141 intelli-

636 5183 834 5255 gimus
866 5187 1092 5255 partem
1123 5181 1379 5253 aliquam
1414 5181 1683 5237 essentia:
1721 5178 1928 5233 divina:
1962 5177 2284 5232 secundum

634 5272 913 5329 Cerdonis
943 5278 1001 5328 et
1030 5271 1339 5327 Marcionis
1372 5271 1616 5335 rabiem,
1644 5270 1743 5325 sed
1777 5268 1984 5322 animai
2016 5271 2286 5320 naturam

636 5378 741 5433 per
770 5360 827 5415 id
859 5360 1143 5426 denotari,
1178 5360 1331 5432 quod
1366 5360 1564 5413 anima
1591 5357 1838 5428 spiritus
1871 5356 1947 5410 sit
1986 5354 2287 5409 rationalis

640 5454 697 5505 et
718 5448 1150 5504 intellectualis.
1185 5449 1317 5512 Quae
1350 5447 1523 5502 verba
1554 5446 1698 5501 mihi
1741 5443 1916 5500 etiam
1948 5444 2119 5499 aliam
2151 5459 2287 5499 con-

634 5539 927 5609 jecturam
960 5538 1198 5605 faciunt,
1232 5537 1389 5608 loqui
1416 5539 1663 5592 Auctore
1723 5551 1839 5590 non
1872 5550 1940 5589 ex
1998 5550 2127 5601 sua,
2187 5534 2287 5589 sed

645 5642 716 5684 ex
744 5626 1058 5685 Marcionis
1074 5624 1720 5701 sententia,praesertim
1744 5639 1877 5682 cum
1900 5638 1969 5681 ex
1998 5621 2291 5698 fragmen-

2394 4648 2551 4701 mato
2574 4644 2701 4714 jam
2733 4659 2973 4715 corpore
3005 4643 3261 4697 animam
3288 4659 3320 4697 a
3346 4642 3463 4698 Deo
3489 4642 3671 4698 creari
3700 4648 3759 4698 et
3790 4642 4052 4699 infundi.

2392 4733 2505 4789 Nec
2537 4732 2704 4787 aliter
2734 4736 2935 4787 auctor
2964 4732 3187 4801 dialogi
3216 4730 3279 4787 de
3306 4733 3625 4788 animarum
3653 4733 3866 4804 origine
3896 4731 4055 4789 inter

2395 4822 2497 4879 SS.
2532 4821 2766 4876 Hieron.
2799 4825 2857 4876 et
2885 4822 3132 4891 August.
3168 4820 3285 4877 Nos
3316 4825 3511 4877 tamen
3561 4820 3706 4876 nihil
3758 4826 4047 4893 tanquam

2395 4910 2530 4965 ﬁdei
2561 4910 2766 4965 docere
2799 4910 3143 4977 maluimus,
3178 4910 3661 4983 quandoquidem
3694 4915 3752 4967 et
3791 4909 4055 4966 Ecclesia

2394 5003 2481 5055 tot
2530 5001 2653 5070 jam
2688 4999 2823 5055 inde
2881 4998 3194 5055 celebratis
3225 4999 3492 5056 conciliis
3547 4998 3697 5054 nihil
3755 5014 4055 5072 expresse,

2396 5088 2550 5160 quod
2577 5086 2813 5159 quidem
2846 5088 3053 5157 sciam,
3087 5088 3394 5143 definitum
3426 5088 3751 5161 reliquerit.
3784 5088 4059 5143 Sufﬁciet

2398 5183 2548 5232 atem
2584 5177 2845 5248 quaedam
2871 5176 2929 5232 in
2958 5177 3451 5233 Adnotationibus
3484 5177 4059 5250 adjeccisse,quibus

2398 5271 2524 5322 tum
2575 5268 2633 5322 S.
2686 5268 2921 5331 Hieron,
2975 5268 3323 5322 sententiam
3372 5266 3518 5322 nihil
3585 5268 3772 5340 magis
3820 5266 4056 5339 probari

2400 5356 2879 5427 signiﬁcavimus,
2914 5361 3035 5410 tum
3069 5357 3139 5412 ad
3175 5361 3523 5428 argumenta
3572 5356 3917 5411 Tertulliani
3952 5355 4057 5410 ab-

2400 5444 2597 5511 surda,
2631 5444 2728 5516 qui
2784 5445 2964 5500 sentit
3011 5461 3080 5500 ex
3129 5444 3492 5518 corpulentis
3541 5444 3871 5502 seminibus
3919 5445 4052 5500 ani-

2402 5551 2559 5590 mam
2593 5533 2822 5603 exoriri,
2871 5550 2941 5591 ex
2987 5536 3042 5591 S.
3087 5540 3334 5607 August.
3386 5539 3444 5592 et
3491 5535 3795 5592 Lactantio
3844 5533 4050 5609 paucis

2400 5622 2838 5694 respondimus.
