4526 6392
186 328 297 388 229

442 464 543 529 §5.
577 464 651 518 De
685 465 903 519 animae
929 478 1081 519 sexu.
1117 463 1287 529 Ibi(l.,
1320 479 1446 535 cap.
1480 463 1567 516 36.

246 569 365 624 Hoc
395 570 631 641 quidem
664 569 884 642 colligit
926 569 1169 625 Tertull.
1224 588 1290 625 ex
1331 570 1605 643 praedicto
1656 583 1819 639 para-

180 659 339 713 doxo.
380 660 431 714 Si
462 659 619 715 enim
662 660 858 714 anima
910 658 1085 715 simul
1141 660 1467 714 seminatur
1514 675 1645 714 cum
1696 673 1821 710 cor-

178 766 329 821 pore,
365 749 593 803 videtur
623 748 767 803 illud
803 750 1077 821 consequi
1109 768 1121 816 ;
1178 751 1275 804 sed
1320 749 1584 803 dissertis
1635 746 1822 801 verbis

178 838 523 893 contrariam
559 838 844 894 definiunt
877 840 1227 894 sententiam
1261 844 1313 891 8.
1368 836 1561 909 Cyrill.
1599 835 1819 890 llieros.

180 927 394 982 Catach.
443 945 521 998 iv,
571 933 627 984 et
674 932 710 982 S
789 933 1039 1000 August.
1092 928 1195 983 lib.
1240 947 1278 998 ι,
1322 928 1387 981 de
1418 929 1598 981 Anim.
1634 933 1681 979 et
1711 926 1824 991 eius

178 1018 388 1088 origine
418 1018 491 1073 ad
528 1017 900 1072 Vincentium
953 1034 1079 1090 cap.
1113 1020 1164 1073 8.
1218 1019 1404 1088 Hujus
1435 1017 1610 1071 verba
1663 1032 1821 1085 quai-

178 1108 305 1163 dam
335 1107 691 1162 adduximus
724 1107 779 1161 in
812 1112 1067 1162 annotat.
1106 1108 1342 1174 nostris,
1400 1124 1513 1178 quo
1548 1105 1816 1160 lectorem

179 1198 547 1252 remittimus.
584 1196 685 1252 Ille
718 1197 801 1251 sic
832 1196 1009 1252 habet
1043 1214 1053 1250 :
1090 1197 1303 1251 Omnes
1336 1196 1545 1251 animas
1576 1200 1694 1249 tam
1735 1192 1819 1245 vi-

177 1303 368 1342 rorum
404 1303 577 1359 quam
613 1286 926 1341 mulierum
971 1286 1224 1358 pulchrzn
1279 1290 1333 1341 et
1380 1284 1601 1341 similes
1661 1286 1816 1351 sunt,

174 1377 266 1431 sed
300 1377 568 1432 membra
596 1380 827 1433 tantum
857 1376 1114 1447 corporis
1158 1376 1470 1430 discrimen
1508 1374 1746 1429 faciunt.

170 1494 193 1559 §
242 1492 295 1546 6.
356 1493 618 1546 Animam
674 1491 1023 1561 peccatricem
1096 1491 1278 1561 potius
1355 1506 1518 1560 quam
1574 1505 1813 1555 carnem,

232 1568 374 1618 tom.
416 1565 509 1631 ΙΙΙ,
543 1563 644 1617 lib.
682 1562 726 1626 Ι,
757 1563 823 1617 de
851 1564 1053 1617 Anima
1088 1563 1333 1634 integro,
1384 1578 1511 1631 cap:
1546 1562 1634 1630 40,
1667 1566 1815 1634 etc.

228 1636 317 1703 58,
383 1652 546 1689 num.
605 1636 761 1703 650;
828 1639 883 1690 et
934 1634 1033 1689 lib.
1098 1652 1151 1701 v,
1213 1632 1334 1689 adv.
1396 1634 1557 1687 Marc.
1614 1649 1664 1687 c.
1728 1632 1814 1699 10,

232 1724 400 1762 num.
438 1708 559 1761 165.

1386 329 1545 390 CUM
1597 323 1993 386 ANTIDOTO
2040 320 2388 383 PAMELll.

1868 462 1922 528 Α
1952 460 2093 513 Ecce
2142 459 2357 528 quibus
2404 458 2646 515 auribus
2693 463 2749 515 et
2788 456 3003 531 quibus
3034 457 3218 515 oculis
3250 457 3453 515 debuit
3484 478 3588 516 au.

3472 323 3591 382 230

1938 548 2061 603 dire
2118 554 2174 602 et
2218 548 2403 604 vivere
2445 550 2626 604 Deum
2673 550 2945 620 pepulus,
3006 550 3219 618 quibus
3273 551 3471 608 anima
3530 548 3588 604 in

1934 639 2157 693 somnis
2218 639 2499 708 fungitur,
2562 656 2693 693 eum
2757 639 2801 693 si
2872 639 3065 708 ipsum
3156 639 3588 693 Tertullianum

1934 728 2245 798 quisquam
2280 728 2499 783 videret
2550 728 2607 783 in
2649 728 2893 795 somnis,
2938 745 3239 799 nunquam
3277 746 3339 783 se
3370 730 3586 783 diceret

1933 817 2003 871 ab
2034 834 2099 872 co
2130 818 2341 885 visum,
2377 825 2430 872 et
2474 835 2607 871 eum
2657 834 2722 871 eo
2777 818 3063 883 locutum,
3105 834 3276 887 quem
3319 815 3580 873 vicissim

1930 916 2055 975 ipse
2088 924 2201 961 non
2229 909 2491 961 vidisset.
2519 907 2812 961 Postremo
2834 908 2878 960 si
2912 906 3106 960 anima
3138 907 3392 977 seipsam
3426 908 3584 961 videt

1932 992 1990 1049 in
2050 999 2297 1063 somnis,
2357 1014 2488 1051 cum
2524 997 2859 1066 jacentibus
2911 995 3107 1065 utique
3160 1012 3275 1050 uno
3336 997 3392 1049 in
3454 996 3579 1050 loco

1932 1085 2211 1139 membris
2256 1086 2513 1155 corporis
2558 1085 2671 1149 sui,
2732 1085 2858 1153 ipsa
2900 1101 2997 1153 per
3047 1085 3233 1138 varias
3291 1085 3578 1155 imagines

1930 1179 2224 1245 evagatur,
2258 1192 2405 1245 quas
2436 1176 2611 1241 videt,
2656 1174 2786 1244 quis
2817 1190 2943 1228 eam
2990 1174 3132 1226 vidit
3177 1174 3485 1243 aliquando
3522 1175 3577 1228 in

1928 1264 2152 1317 somnis
2182 1266 2333 1317 aerei
2368 1264 2561 1317 coloris
2603 1278 2672 1317 ac
2703 1262 2891 1331 lucidi,
2926 1261 3037 1315 nisi
3072 1263 3214 1316 forte
3262 1266 3324 1316 ut
3354 1269 3576 1330 caetera,

1928 1368 2057 1421 quis
2080 1352 2349 1408 similiter
2370 1352 2513 1406 falso
2537 1352 2692 1406 videt
2712 1352 2738 1405 ‘I
2770 1351 2911 1405 Nam
2936 1357 2991 1406 et
3022 1351 3128 1405 hoc
3154 1356 3339 1422 potest
3359 1352 3580 1432 videre,

1929 1444 2026 1497 sed
2062 1444 2235 1508 absit,
2260 1448 2325 1497 ut
2363 1460 2490 1498 eam
2524 1443 2723 1506 talem,
2758 1457 2885 1495 cum
2930 1439 3310 1511 evigilaverit,
3342 1442 3579 1505 credat;

1929 1531 2187 1604 alioquin
2238 1533 2471 1603 quando
2532 1548 2594 1587 se
2651 1530 2820 1586 aliter
2870 1531 3099 1599 viderit,
3159 1531 3311 1601 quod
3390 1529 3581 1601 magis

1929 1624 2195 1676 crebrum
2228 1627 2337 1686 est,
2362 1626 2463 1676 aut
2485 1622 2796 1675 immutata
2825 1620 2935 1674 erit
2959 1622 3156 1674 anima
3172 1620 3324 1689 ejus,
3352 1623 3451 1675 aut
3475 1634 3581 1674 nec

1928 1715 2067 1766 tunc
2116 1712 2323 1766 anima:
2372 1712 2597 1765 videtur
2646 1709 2995 1774 substantia,
3044 1710 3143 1764 sed
3205 1710 3396 1781 imago
3456 1726 3581 1765 cor-

228 1824 307 1877 Ad
340 1822 503 1877 istud
538 1822 898 1893 paradoxum
958 1820 1013 1875 in
1077 1821 1201 1875 hinc
1250 1821 1417 1875 verba
1474 1820 1704 1885 alludit,
1764 1823 1897 1901 etB
1930 1800 2085 1901 Ροῐςίε
2132 1801 2492 1901 ίηςοτροῗθδν
2548 1816 2675 1901 Elui”
2708 1799 2855 1897 mir?
2894 1800 3065 1901 “103‘?
3092 1799 3248 1897 flio“
3305 1798 3362 1853 in
3423 1800 3578 1869 cogl‘

166 1910 357 1964 eadem
412 1926 589 1981 opera
631 1910 893 1964 confutet
941 1912 1145 1964 Petrus
1204 1909 1590 1976 Lombardus,
1633 1908 1821 1964 verbis

164 1999 332 2054 etiam
395 2016 427 2055 a
475 1999 645 2054 nobis
692 1997 810 2053 illic
842 1998 1035 2054 citatis
1069 1998 1166 2053 lib.
1204 2016 1243 2052 ιι
1275 1998 1517 2061 Scntcnl,
1551 2015 1676 2069 cap.
1729 1999 1818 2060 31,

166 2087 536 2158 Putaverunt,
584 2088 798 2159 inquit,
861 2088 1099 2159 quidam
1170 2090 1495 2144 secundum
1559 2090 1819 2145 animam

162 2176 303 2231 trahi
342 2177 631 2249 originale
683 2182 1007 2249 peccatum,
1068 2195 1181 2232 non
1241 2178 1431 2233 solum
1492 2180 1816 2234 secundum

162 2282 415 2332 carnem,
449 2266 587 2338 quia
617 2284 731 2322 non
781 2269 967 2324 solum
1004 2284 1261 2335 carnem,
1297 2269 1395 2323 sed
1452 2272 1507 2322 et
1556 2268 1815 2324 animam

158 2371 219 2410 ex
246 2357 492 2411 traduce
523 2356 787 2411 arbitrati
848 2363 1004 2413 sunt.
1061 2358 1311 2428 Ideoque
1357 2357 1511 2411 sicut
1558 2358 1625 2413 de
1685 2374 1811 2412 cor-

159 2450 322 2515 rupta
354 2462 531 2499 carne
591 2462 724 2500 caro
782 2447 1126 2514 seminatur,
1173 2446 1253 2501 ita
1303 2446 1478 2501 etiam
1515 2448 1581 2501 de
1614 2448 1813 2504 anima

156 2532 475 2602 peccatrice
529 2533 788 2589 animam
849 2533 1229 2606 peccatricem
1281 2534 1649 2604 corruptione
1694 2536 1809 2590 ori-

154 2620 321 2691 ginali
364 2621 642 2677 infectam
696 2640 729 2677 a
776 2623 1154 2695 gignentibus
1202 2622 1379 2677 trahi.
1425 2623 1542 2677 Hoc
1590 2628 1806 2692 autem,

151 2709 349 2781 inquit,
391 2711 535 2766 ﬁdes
569 2711 859 2767 catholica
890 2711 1135 2785 respuit,
1169 2716 1225 2765 et
1271 2716 1548 2783 tanquam
1582 2714 1809 2786 veritati

153 2801 455 2855 adversum
507 2801 770 2868 damnat,
804 2819 928 2874 quae
980 2819 1093 2857 non
1141 2800 1386 2869 animas,
1424 2803 1522 2857 sed
1572 2818 1805 2858 carnem

153 2890 323 2945 solam
348 2905 425 2943 ex
446 2890 687 2945 traduce
713 2906 840 2945 esse
871 2891 1148 2946 admittit.
1169 2891 1566 2961 Allegavimus
1590 2892 1804 2948 ibidem

153 2995 301 3034 num.
334 2980 471 3047 756,
503 2995 604 3051 pro
655 2982 942 3035 contraria
972 2982 1262 3036 sententia
1307 2981 1409 3035 SS.
1449 2980 1715 3037 Ambros.
1750 2986 1806 3038 et

154 3072 398 3140 August.
432 3067 589 3124 locas
621 3069 693 3124 ab
723 3070 926 3125 eodem
956 3071 1282 3126 Lombardo
1323 3071 1551 3126 citatos.

155 3186 250 3251 §7.
282 3186 358 3239 De
391 3185 584 3238 anima
610 3200 887 3256 corporea,
920 3190 1061 3240 tom.
1098 3187 1137 3253 Ι,
1169 3188 1389 3256 Apolog.
1431 3203 1480 3241 c.
1514 3187 1600 3253 48,
1638 3204 1797 3243 num.

216 3257 341 3331 608,
372 3272 443 3331 ac
472 3256 595 3331 609,
625 3263 681 3311 et
709 3264 851 3331 tom.
888 3258 986 3331 ΙΙΙ,
1029 3258 1128 3313 lib.
1180 3259 1245 3313 de
1293 3259 1802 3331 Anima,integris

224 3329 519 3398 capitibus
546 3330 599 3395 5,
633 3331 688 3390 6,
720 3330 774 3395 8,
807 3331 859 3387 9.
891 3330 983 3396 22,
1034 3332 1124 3393 36,
1158 3331 1264 3396 37;
1318 3332 1466 3386 libro
1516 3330 1585 3385 de
1631 3329 1812 3387 carne

226 3400 456 3469 Christi,
502 3416 629 3470 cap.
682 3402 767 3465 11,
831 3418 991 3456 num.
1045 3402 1150 3469 98;
1197 3404 1261 3456 de
1328 3406 1549 3458 Resurr.
1602 3408 1807 3468 carnis,

221 3488 267 3523 e.
304 3474 397 3535 17,
456 3488 616 3526 num.
682 3473 801 3539 131,
849 3490 976 3543 cap.
1029 3475 1116 3527 45.
1182 3490 1343 3528 num.
1377 3477 1500 3537 330,
1548 3478 1684 3529 etc.
1717 3479 1805 3541 53,

224 3559 387 3598 num.
427 3543 527 3596 484
557 3561 569 3609 ;
604 3543 709 3598 lib.
749 3562 802 3609 v,
854 3547 984 3598 adv.
1035 3546 1210 3599 Marc.
1263 3562 1311 3599 c.
1356 3549 1434 3609 t0,
1486 3563 1650 3600 num.
1688 3550 1808 3614 158,

220 3620 345 3670 etc.
388 3615 475 3680 15,
510 3632 671 3689 num.
718 3618 841 3689 218.
897 3618 1057 3681 Quod
1096 3618 1337 3686 proinde
1372 3619 1598 3688 prOprie
1631 3620 1809 3689 spiri-

220 3692 309 3760 tus
344 3703 464 3740 non
498 3688 593 3753 sit,
629 3687 761 3760 ibid.
798 3687 900 3741 lib.
923 3688 989 3741 de
1022 3690 1186 3741 Anim
1220 3687 1452 3759 eap.11.
1478 3696 1533 3744 et
1564 3687 1807 3760 tom.lV,

224 3758 276 3811 in
308 3760 658 3826 Fragmentz's
688 3758 787 3814 lib.
820 3764 889 3813 de
931 3760 1106 3815 Censu
1132 3762 1353 3827 animae,
1383 3766 1643 3816 adversus
1676 3758 1811 3819 Her-1

222 3846 526 3897 magenem.

219 3946 557 4000 Paradoxon
593 3945 751 4000 istud
783 3946 1009 4001 Auctori
1053 3947 1393 4019 impingunt
1422 3950 1520 4004 SS.
1556 3956 1805 4023 August.

161 4032 295 4089 183
328 4034 483 4088 libro
522 4052 578 4102 x,
628 4036 699 4089 de
732 4034 863 4089 Gen.
910 4035 979 4089 art
1014 4035 1122 4090 litt.
1172 4038 1401 4092 duobus
1436 4039 1659 4095 ultimis
1714 4057 1807 4096 ca-

159 4121 387 4190 pitibus,
439 4128 495 4177 et
550 4123 697 4177 libro
753 4124 817 4179 de
875 4125 1096 4192 Haeres,
1148 4132 1202 4180 et
1249 4128 1511 4197 Futgent.
1563 4128 1710 4183 libro
1746 4148 1805 4195 ιι,

156 4208 336 4279 ίίδριίε
371 4212 451 4266 ait
482 4213 731 4267 Petrum.
800 4215 908 4268 Sed
970 4231 1081 4268 non
1126 4220 1244 4285 tam
1298 4218 1448 4286 quod
1496 4234 1809 4287 corpoream

160 4298 318 4354 faciat
370 4302 551 4371 (quod
614 4301 809 4371 aliquo
852 4318 1028 4357 sensu
1089 4287 1395 4383 commode
1446 4305 1502 4359 in
1568 4306 1805 4377 Hilario,

155 4388 447 4453 Cassiano,
485 4398 537 4443 et
588 4390 936 4460 Hieronymo
995 4380 1246 4464 ascripto
1290 4396 1719 4450 Commentario
1749 4397 1806 4451 in

155 4479 272 4547 Job,
303 4480 547 4551 quidam
577 4479 1057 4552 interpretantur)
1098 4488 1272 4553 atque
1305 4485 1457 4554 quod
1491 4486 1804 4555 efﬁgiata":

1934 1892 2147 1946 talione
2198 1894 2497 1945 formatur.
2548 1890 2686 1952 Quis
2743 1889 2899 1943 enim
2953 1888 3215 1960 [Ethiops
3264 1905 3374 1944 non
3436 1904 3581 1960 pene

1931 1998 2164 2051 semper
2208 1997 2270 2035 se
2309 1980 2540 2049 nigrum
2582 1979 2735 2033 videt
2766 1978 2823 2031 in
2873 1979 3131 2043 somnis;
3166 1981 3266 2031 aut
3296 1978 3344 2032 si
3376 1978 3433 2030 iu
3465 1976 3580 2031 alio

1930 2070 2117 2125 colore
2148 2085 2208 2123 se
2238 2068 2400 2134 vidit,
2435 2085 2547 2121 non
2581 2066 2767 2136 magis
2801 2067 3047 2119 miratus
3079 2070 3185 2133 est,
3220 2066 3266 2119 si
3301 2065 3411 2119 fuit
3442 2080 3577 2117 cum

1927 2157 2027 2213 illo
2062 2159 2379 2225 memoria;
2426 2172 2581 2212 aereo
2631 2161 2825 2211 tamen
2856 2156 3031 2209 colore
3072 2171 3137 2209 ac
3170 2154 3350 2209 lucido
3382 2154 3576 2209 nescio

1926 2255 2121 2305 utrum
2172 2266 2233 2306 se
2286 2266 2540 2318 unquam
2592 2248 2852 2315 vidisset,
2908 2237 3205 2316 nunquam
3250 2243 3427 2297 istum
3491 2243 3576 2296 lc-

1922 2340 2103 2408 gisset
2133 2338 2217 2394 vel
2251 2340 2528 2393 audisset.
2565 2338 2712 2402 Quid
2768 2336 2921 2406 quod
2962 2336 3261 2389 ducuntur
3304 2330 3575 2385 homines

1921 2429 2139 2485 talibus
2196 2428 2357 2497 visis,
2413 2432 2466 2482 et
2524 2427 2592 2481 de
2641 2425 2960 2495 Scripturis
3006 2423 3172 2477 nobis
3202 2420 3403 2475 volunt
3436 2435 3578 2491 pras-

1920 2520 2175 2575 scribere
2205 2517 2321 2573 tale
2364 2516 2583 2587 aliquid
2621 2531 2747 2570 esse
2780 2531 2893 2568 non
2928 2512 3207 2579 animam,
3242 2512 3342 2565 sed
3377 2512 3572 2582 ipsum

1919 2613 2138 2677 Deum,
2227 2607 2417 2678 qualis
2492 2604 2813 2676 ﬁguraliter
2887 2603 3233 2657 Sanctorum
3330 2600 3574 2670 spiritus

1918 2701 2357 2756 demonstratus
2388 2701 2496 2763 est,
2527 2694 2718 2766 qualis
2754 2693 2929 2747 etiam
2962 2692 3019 2745 in
3054 2706 3326 2745 sermone
3354 2689 3574 2759 allego-

1918 2790 2035 2844 rico
2075 2788 2330 2860 ponitur.
2366 2784 2597 2839 Similia
2646 2783 2862 2854 quippe
2908 2785 3047 2835 sunt
3074 2779 3175 2834 illa
3202 2779 3327 2833 visa
3358 2778 3576 2833 talibus

1918 2879 2112 2947 dictis,
2170 2878 2252 2933 sic
2301 2880 2518 2942 errant,
2553 2872 2974 2931 constituentes
3021 2870 3077 2929 in
3129 2870 3301 2928 corde
3348 2885 3450 2927 suo
3498 2866 3577 2920 si-

1917 2969 2181 3023 mulacra
2211 2986 2369 3023 vanae
2402 2966 2715 3038 Opinionis,
2750 2984 2851 3020 nec
2903 2964 3293 3036 intelligentes
3328 2964 3405 3018 ita
3436 2978 3575 3020 san-

1914 3058 2266 3113 ctusdesuis
2285 3058 2425 3111 visis
2447 3054 2662 3110 talibus
2680 3050 3572 3125 judicasse,qualiterjudicant,

1914 3147 1963 3202 si
1998 3146 2137 3201 talia
2171 3146 2453 3200 divinitus
2506 3145 2561 3198 in
2617 3145 2818 3209 figuris
2867 3144 3022 3197 dicta
3070 3143 3326 3215 legerent
3354 3141 3439 3195 vel
3474 3157 3580 3194 au-

1918 3236 2125 3305 dirent,
2153 3236 2305 3290 sicut
2329 3239 2552 3306 septem
2592 3234 2849 3303 spicae,et
2882 3238 3107 3304 septem
3140 3233 3333 3299 boves,
3354 3234 3575 3301 septem

1920 3326 2058 3381 anni
2090 3330 2251 3390 sunt,
2290 3326 2442 3379 sicut
2476 3325 2721 3377 linteum
2760 3328 3013 3392 quatuor
3043 3322 3211 3376 lineis
3246 3320 3576 3391 alligatum,

1919 3415 2075 3471 velut
2121 3416 2319 3468 discus
2377 3411 2587 3483 plenus
2640 3410 2816 3464 variis
2852 3410 3231 3473 animalibus,
3268 3409 3427 3463 orbis
3461 3414 3577 3461 tere

1920 3520 2117 3559 rarum
2138 3508 2225 3557 est
2246 3519 2376 3557 cum
2409 3501 2686 3555 omnibus
2710 3501 3014 3569 gentibus;
3042 3499 3125 3552 sic
3148 3498 3325 3553 etiam
3352 3502 3577 3561 cmtera,

1921 3600 1976 3650 et
2008 3593 2189 3648 multo
2226 3592 2413 3663 magis
2460 3607 2587 3661 quae
2644 3590 2712 3643 de
2744 3590 2916 3643 rebus
2964 3588 3343 3659 incorporeis,
3377 3602 3577 3653 corpo-

1921 3682 2143 3738 ralibus
2193 3682 2619 3753 signiﬁcentur,
2659 3696 2771 3733 non
2833 3679 3027 3744 rebus,
3064 3677 3162 3731 sed
3194 3675 3577 3746 Imaginibus.

1919 3775 1987 3826 Et
2020 3773 2156 3825 item
2190 3770 2454 3841 sequenti
2490 3769 2711 3839 capite:
2743 3767 2937 3822 Noluit
2963 3772 3154 3821 tamen
3184 3766 3581 3821 Tertullianus

1921 3861 2178 3916 animam
2206 3874 2463 3913 crescere
2492 3858 2827 3913 substantia
2854 3858 3007 3912 sicut
3029 3874 3275 3928 corpus;
3312 3872 3581 3910 asserens

1920 3951 2095 4005 etiam
2146 3949 2374 4003 timoris
2423 3947 2514 4003 sui
2562 3964 2820 4013 causam,
2876 3958 3009 4000 «‘ne
3040 3945 3211 4001 etiam
3247 3947 3581 3999 decrescere

1919 4039 2251 4096 substantia
2299 4038 2548 4106 dicatur,
2582 4038 2789 4107 inquit,
2824 4040 2996 4107 atque
3047 4036 3125 4090 ita
3175 4040 3232 4090 et
3281 4034 3580 4089 defectura

1918 4130 2225 4194 credatur;
2263 4151 2289 4175 ››
2318 4134 2374 4182 et
2400 4133 2593 4182 tamen
2627 4127 2766 4197 quia
2798 4144 2898 4197 per
2928 4144 3139 4196 corpus
3162 4142 3287 4180 eam
3314 4122 3581 4178 localiter

1916 4219 2126 4288 tendit,
2181 4235 2291 4272 non
2343 4216 2566 4271 invenit
2604 4216 2823 4270 exitum
2882 4217 3376 4271 incrementorum
3412 4212 3568 4268 184

1916 4308 2065 4377 ejus,
2100 4323 2277 4377 quam
2309 4306 2434 4360 vult
2466 4305 2534 4359 de
2568 4304 2792 4359 semine
2822 4304 3028 4375 exiguo
3060 4303 3276 4374 aequari
3308 4301 3573 4371 corporis

1916 4395 2253 4465 quantitati,
2284 4404 2339 4450 et
2370 4395 2449 4448 ait
2483 4410 2494 4447 :
2538 4414 2556 4441 α
2591 4394 2698 4447 Sed
2733 4392 2819 4448 vis
2862 4395 3009 4463 ejus,
3046 4394 3102 4447 in
3136 4408 3251 4463 qua
3283 4388 3576 4446 naturalia

1919 4484 2147 4555 peculia
2187 4485 2413 4539 consita
2481 4483 2832 4550 retinentur,
2868 4483 3027 4537 salvo
3060 4480 3410 4536 substantiae
3458 4494 3579 4532 mo-

156 4571 205 4621 et
233 4569 540 4623 coloratam
570 4569 747 4637 dicat,
770 4569 868 4625 ille
901 4570 1115 4641 arguit.
1137 4574 1228 4625 Sic
1260 4573 1415 4627 enim
1447 4573 1570 4628 loco
1603 4574 1800 4645 priori:
1839 4588 1881 4652 Ι)
1914 4573 2070 4638 dulo,
2124 4590 2237 4643 quo
2284 4590 2315 4627 a
2366 4571 2682 4641 primordio
2735 4570 2935 4625 inﬂata
2984 4577 3089 4635 est,
3128 4569 3409 4641 paulatim
3437 4583 3575 4625 cum

156 4658 397 4728 Denique
445 4657 860 4726 Tertullianus,
926 4660 1140 4730 inquit,
1205 4661 1341 4731 quia
1410 4679 1621 4733 corpus
1675 4682 1801 4718 esse

153 4747 397 4801 animam
430 4747 694 4813 credidit,
723 4765 835 4802 non
861 4748 933 4803 ob
965 4749 1121 4803 aliud
1158 4750 1307 4815 fecit,
1343 4751 1455 4804 nisi
1484 4754 1638 4822 quod
1672 4770 1798 4808 eam

151 4830 544 4906 incorpoream
579 4836 832 4907 cegitare
884 4853 995 4891 non
1029 4838 1236 4907 potuit.
1263 4846 1319 4893 et
1352 4840 1477 4893 ideo
1512 4842 1708 4895 timuit
1730 4858 1800 4897 ne

153 4921 284 4977 nihil
328 4928 506 4993 esset,
540 4924 584 4978 si
639 4941 849 4995 corpus
891 4941 1006 4980 non
1056 4931 1228 4981 esset.
1277 4927 1381 4991 Qui
1418 4946 1577 4997 sane,
1614 4947 1797 5001 quan-

154 5023 312 5078 quam
348 5018 557 5067 acutus
580 5017 690 5083 est,
714 5014 1008 5069 interdum
1034 5020 1238 5070 contra
1261 5017 1595 5087 opinionem
1629 5037 1795 5074 suam

153 5097 262 5153 visa
290 5102 531 5156 veritate
562 5107 892 5173 superatur.
926 5108 1069 5157 Cum
1103 5106 1277 5159 etiam
1313 5108 1521 5161 animae
1554 5107 1799 5163 colorem

156 5184 302 5241 daret
348 5206 575 5245 aereum
625 5208 689 5245 ac
732 5192 997 5255 lucidum,
1056 5200 1295 5247 ventum
1350 5201 1439 5249 est
1471 5198 1538 5251 ad
1585 5214 1797 5253 sensus

159 5276 360 5344 quibus
392 5295 521 5334 eam
570 5280 942 5335 membratim
995 5283 1163 5352 quasi
1217 5300 1429 5354 corpus
1488 5286 1797 5342 instituere

158 5372 386 5423 conatus
444 5374 554 5437 est,
606 5374 664 5424 et
722 5368 801 5423 ait
864 5388 875 5424 :
939 5394 965 5418 ‹‹
1004 5370 1105 5425 llic
1158 5372 1268 5426 erit
1327 5373 1497 5429 homo
1532 5375 1791 5443 interior,

160 5450 291 5509 alius
314 5458 579 5527 exterior,
608 5456 926 5528 dupliciter
951 5476 1126 5523 unus,
1154 5460 1376 5517 habens
1398 5467 1453 5516 et
1481 5462 1575 5517 ille
1597 5462 1797 5518 oculos

160 5546 205 5594 et
231 5560 392 5601 aures
424 5564 584 5611 suas,
619 5546 837 5617 quibus
880 5547 1128 5618 populus
1163 5554 1343 5604 Deum
1376 5552 1569 5605 videre
1598 5556 1655 5606 et
1686 5570 1792 5605 au-

162 5629 268 5687 dire
296 5634 591 5706 debuerat,
622 5636 849 5691 habens
906 5640 961 5691 et
1010 5640 1247 5693 caeteros
1282 5645 1459 5705 artus,
1497 5657 1596 5712 per
1644 5657 1791 5712 quos

162 5717 212 5775 in
240 5724 686 5796 cogitationibus
718 5725 920 5797 utitur,
953 5729 1009 5783 et
1060 5725 1122 5784 in
1172 5729 1394 5788 somnis
1447 5730 1732 5803 fungitur.
1761 5752 1786 5779 η

1914 4679 2086 4718 carne
2136 4661 2484 4734 producitur
2543 4660 2602 4713 in
2659 4661 3024 4715 membris.»
3085 4662 3196 4715 Hoc
3251 4662 3395 4714 forte
3454 4674 3573 4716 non

1911 4751 2392 4822 intelligeremus,
2456 4749 2567 4803 nisi
2621 4749 2879 4803 adhibita
2929 4748 3318 4804 similitudine
3368 4762 3571 4807 eorum

1912 4857 2037 4911 quae
2068 4842 2355 4903 videmus,
2388 4839 2626 4910 planum
2666 4840 2873 4917 taceret
2899 4840 3050 4908 quod
3086 4839 3350 4895 dicebat:
3382 4840 3573 4895 «Con-

1910 4930 2105 4996 stitue,
2165 4930 2377 5001 inquit,
2428 4935 2651 4981 certum
2714 4930 2943 4999 pondus
2993 4930 3144 4995 auri,
3205 4928 3291 4984 vel
3350 4922 3575 4997 argenti

1911 5019 2115 5073 rudem
2168 5019 2361 5073 adhuc
2394 5034 2670 5082 massam,
2707 5017 2984 5073 collectus
3034 5020 3270 5075 habitus
3315 5025 3405 5074 est
3462 5018 3572 5086 illi,

1909 5110 2193 5163 ett'uturo
2248 5108 2483 5162 interim
2532 5108 2745 5175 minor,
2800 5113 2993 5163 tamen
3047 5110 3355 5164 continens
3416 5109 3571 5162 intra

1908 5197 2123 5251 lineam
2170 5197 2391 5251 moduli
2444 5202 2654 5261 totum,
2694 5199 2847 5268 quod
2911 5204 3121 5253 natum
3163 5206 3251 5254 est
3309 5198 3436 5253 auri
3479 5196 3570 5251 vel

1908 5287 2170 5357 argenti;
2204 5286 2413 5340 dehinc
2446 5302 2620 5355 quam
2664 5286 2719 5338 in
2772 5285 3056 5341 laminam
3090 5304 3285 5341 massa
3319 5288 3569 5353 laxatur,

1906 5374 2543 5445 majorel‘ticiturinitio
2569 5392 2697 5439 suo,
2725 5392 2824 5446 per
2853 5376 3253 5430 dilatationem
3288 5374 3567 5445 ponderis

1904 5465 2187 5531 certi,non
2209 5482 2311 5535 per
2328 5464 2736 5533 adjectionem,
2755 5466 2893 5518 dum
2926 5465 3397 5530 extenditus,non
3423 5463 3563 5516 dum

1905 5560 2170 5624 augetur.
2207 5555 2326 5607 Etsi
2362 5554 2444 5608 sic
2478 5570 2711 5624 quoque
2742 5558 3010 5623 augetur,
3045 5553 3184 5607 dum
3214 5552 3561 5620 extenditur;

1902 5642 2038 5697 licet
2068 5643 2221 5697 enim
2249 5643 2450 5697 habitu
2485 5641 2705 5711 augeri,
2731 5657 2864 5694 cum
2898 5645 3053 5694 statu
3092 5657 3205 5695 non
3236 5639 3559 5698 licet.Tunc

1901 5733 1958 5786 et
2010 5729 2286 5803 splendor
2314 5729 2441 5800 ipse
2488 5726 2823 5802 provehitur
2854 5726 2984 5783 auri
3037 5728 3125 5783 vel
3177 5728 3427 5800 argenti,
3458 5730 3559 5802 qui
