4526 6342
660 317 771 379 231

1860 301 2285 364 PARADOXA
2333 301 2861 365 TERTULLIANI

3951 303 4071 365 232

658 449 827 523 prius
874 446 1062 502 fuerat
1089 441 1324 513 quidem
1385 440 1442 492 et
1480 436 1540 491 in
1587 452 1804 502 massa,
1850 436 1952 491 sed
2001 435 2308 490 obscurior
2334 441 2388 507 Α
2489 434 3056 523 διβτῃάηὺπαζηὶηἰζξξι
3087 441 3404 523 patimpoare
3429 435 3553 518 sine
3580 450 3828 506 corpore,
3859 438 4007 523 tom.
4044 436 4068 492 Ι

659 555 775 594 non
807 541 1005 591 tamen
1039 529 1257 586 nullus.
1289 527 1450 582 Tunc
1499 529 1557 580 et
1605 525 1703 580 alii
1749 529 1925 597 atque
1957 524 2190 578 habitus
2223 539 2312 577 ac-

657 627 875 682 cedunt
907 637 1007 694 pro
1041 617 1311 674 facilitate
1341 613 1619 683 materiai,
1651 630 1766 685 qua
1788 613 2019 668 duxerit
2050 628 2176 667 eam
2210 621 2311 682 qui

657 715 798 786 agit,
833 709 975 766 nihil
1006 707 1306 763 conferens
1353 701 1592 758 modulo
1627 701 1740 756 nisi
1790 701 2064 773 effigiem.
2112 701 2197 754 Ita
2255 702 2312 753 et

654 804 859 858 animos
893 801 1188 854 crementa
1236 791 1580 864 reputanda,
1627 809 1742 845 non
1791 789 2177 859 substantive,
2210 788 2308 843 sed

654 887 1038 963 provocativa.
1076 905 1096 931 ι
1135 881 1275 948 Quis
1328 881 1482 935 hunc
1529 879 1791 934 crederet
1827 896 1963 933 cum
1994 878 2105 933 isto
2137 876 2311 940 corde

653 984 779 1034 tum
821 978 1105 1031 disertum
1153 986 1280 1026 esse
1331 968 1640 1041 potuisse?
1691 968 1789 1022 sed
1838 968 2142 1022 tremenda
2201 967 2314 1021 ista

653 1071 812 1137 sunt,
849 1081 964 1120 non
995 1060 1278 1126 ridenda;
1311 1059 1382 1114 ad
1410 1059 1517 1112 hoc
1559 1057 1713 1111 cnim
1747 1073 2050 1126 nunquam
2081 1071 2311 1127 cogere-

650 1161 768 1223 tur,
815 1155 862 1210 si
913 1150 1134 1222 aliquid
1185 1148 1438 1219 cogitare
1470 1151 1669 1217 posset
1699 1147 1850 1217 quod
1885 1149 1941 1200 et
1971 1145 2068 1215 sit,
2100 1149 2156 1200 et
2186 1161 2311 1199 cor-

652 1261 762 1318 pus
800 1259 913 1298 non
954 1241 1052 1295 sit.
1098 1237 1246 1301 Quid
1299 1240 1496 1290 autem
1547 1233 1865 1288 absurdius
1899 1249 2073 1303 quam
2107 1236 2311 1304 putare

653 1347 912 1391 massam
965 1327 1296 1398 cujuspiam
1351 1321 1573 1378 metalli
1619 1339 1685 1377 ex
1733 1321 1929 1392 aliqua
1980 1328 2138 1394 parte
2189 1336 2310 1374 cre-

654 1440 814 1479 scere
837 1435 1010 1493 posse
1040 1417 1181 1471 dum
1216 1412 1507 1481 tunditur,
1534 1411 1645 1466 niri
1679 1413 1979 1466 decrescat
2009 1427 2076 1466 ex
2107 1409 2306 1464 altera.

651 1512 739 1567 vel
774 1508 972 1582 augeri
1006 1503 1335 1569 latitudine,
1371 1500 1487 1556 nisi
1531 1500 1924 1556 crassitudine
1957 1499 2256 1553 minuatur
2283 1498 2310 1552 ?

648 1612 764 1666 Aut
793 1606 979 1662 ullum
1011 1619 1140 1658 esse
1171 1616 1383 1671 corpus
1417 1602 1688 1652 manente
1714 1601 1936 1652 naturae
1969 1613 2086 1651 suae
2119 1612 2305 1666 quan.

649 1698 839 1766 titate,
880 1692 1037 1765 quod
1085 1688 1349 1760 undique
1396 1690 1620 1741 crescat
1664 1685 1776 1740 nisi
1827 1683 2126 1739 rarescat?
2155 1687 2302 1748 Quc-

652 1786 824 1842 modo
855 1783 1034 1855 igitur
1083 1776 1347 1849 implebit
1395 1777 1587 1830 anima
1635 1791 1703 1829 ex
1733 1773 1832 1829 illa
1875 1773 2032 1829 stilla
2061 1773 2302 1828 seminis
2332 1809 2380 1874 Β

652 1869 1118 1944 magnitudinem
1166 1865 1427 1936 corporis
1477 1864 1630 1935 quod
1677 1862 1918 1927 animat,
1967 1861 2015 1916 si
2073 1866 2128 1916 et
2175 1861 2304 1932 ipsa

651 1977 866 2033 corpus
889 1963 996 2025 est,
1021 1957 1188 2028 cujus
1219 1953 1551 2009 substantia
1583 1950 1743 2006 nullo
1768 1967 2002 2006 accessu
2035 1950 2304 2006 crescat?

651 2058 974 2127 Quomodo,
996 2056 1259 2126 inquam,
1283 2050 1552 2122 implebit
1568 2065 1801 2104 carnem
1821 2065 1997 2119 quam
2030 2048 2298 2117 vivificat,

651 2148 768 2204 nisi
806 2150 970 2202 tanto
1000 2142 1183 2198 rarior
1213 2140 1405 2207 fuerit,
1437 2144 1656 2210 quanto
1686 2138 1921 2210 gravius
1971 2137 2127 2208 quod
2174 2137 2302 2191 ani-

650 2233 943 2292 maverit?
972 2230 1194 2288 Timuit
1222 2227 1511 2296 videlicet,
1545 2244 1617 2282 ne
1665 2227 1935 2282 deficeret
1977 2227 2152 2281 etiam
2194 2225 2302 2280 mi-

649 2325 882 2381 nuendo
915 2323 963 2378 si
997 2323 1298 2386 cresceret,
1336 2321 1392 2372 et
1441 2333 1555 2372 non
1590 2315 1788 2371 timuit
1819 2319 1880 2370 ut
1911 2316 2183 2370 deficeret
2212 2332 2302 2370 ra-

647 2413 947 2481 rescendo,
995 2425 1128 2466 cum
1185 2423 1300 2462 non
1349 2409 1654 2462 cresceret.
1691 2403 1800 2460 Sed
1858 2405 1998 2476 quid
2050 2403 2305 2475 amplius

648 2503 945 2569 immorer,
980 2497 1212 2570 quando
1266 2499 1320 2550 et
1371 2510 1564 2550 sermo
1614 2493 1802 2565 pergit
1841 2493 1899 2546 in
1932 2491 2303 2564 prolixiorem

602 2575 609 2582 ’
649 2591 914 2658 modum,
951 2603 1129 2658 quam
1177 2585 1397 2656 patitur
1441 2581 1798 2638 terminandi
1847 2581 2188 2651 necessitas,
2248 2586 2305 2636 et

648 2677 944 2734 sententia
973 2691 1104 2730 mea
1125 2675 1252 2745 jam
1286 2672 1429 2727 satis
1477 2671 1553 2726 sit
1602 2675 1740 2726 nota
1768 2669 1854 2725 vel
1907 2670 2046 2741 quid
2079 2675 2300 2726 certum

647 2772 900 2830 teneam,
923 2762 1190 2841 velunde
1215 2761 1404 2816 adhuc
1430 2758 1715 2826 dubitem,
1732 2762 1789 2814 et
1818 2774 1997 2829 quare
2015 2757 2303 2831 dubitem.

657 2864 798 2918 Loco
845 2861 986 2916 item
1033 2856 1342 2931 posteriori
1392 2873 1404 2911 :
1455 2856 1711 2910 Animam
1749 2855 1891 2909 dicit
1921 2854 2302 2911 immortalem

648 2951 910 3023 quidem,
963 2949 1063 3004 sed
1097 2963 1223 3003 eam
1261 2946 1565 3017 efﬁgiatum
1595 2960 1790 3016 corpus
1821 2959 1950 2999 esse
1981 2945 2298 3000 contendit.

645 3041 941 3096 Hactenus
960 3041 1015 3092 Β.
1048 3034 1434 3107 Augustinus.
1458 3037 1574 3088 Nos
1605 3033 1783 3088 etiam
1817 3033 2298 3088 adnotationibus

648 3129 863 3184 nostris
894 3128 951 3182 in
984 3143 1109 3198 cap.
1141 3127 1197 3190 6,
1229 3127 1287 3179 et
1321 3139 1389 3179 ex
1418 3124 1470 3178 S.
1525 3122 1800 3194 Gregorio
1834 3128 1891 3177 et
1919 3121 2181 3191 Nysseno
2239 3127 2298 3178 et

648 3176 951 3184 ων-.-
988 3176 1109 3198 ητ-
1157 3176 1197 3190 -,
1236 3176 1283 3179 --
1427 3176 1440 3178 -
1538 3176 1554 3178 _
1615 3176 1672 3194 -U
1847 3176 1852 3177 ,
1969 3176 1989 3191 ,
2055 3176 2058 3177 ,
2163 3176 2168 3177 ν
2248 3176 2292 3178 η

646 3218 1029 3283 Nazianzeno,
1085 3231 1149 3270 ac
1198 3213 1490 3268 Caudiano
1541 3213 1610 3267 de
1660 3211 1813 3266 Statu
1860 3213 2084 3276 animae,
2117 3227 2294 3284 argu-
2325 3176 2368 3245 α

649 3311 848 3362 menta
871 3303 1295 3360 Platonicorum
1318 3302 1388 3357 de
1409 3302 1602 3356 anima
1623 3301 1962 3371 incorporea
1983 3300 2295 3355 confirma-

645 3395 876 3461 vimus;
908 3398 963 3449 et
993 3393 1050 3448 in
1079 3409 1206 3464 cap.
1227 3393 1282 3456 7,
1304 3407 1369 3446 ac
1403 3391 1613 3462 partim
1643 3390 1697 3460 8,
1731 3395 2078 3460 argumenta
2110 3389 2296 3460 ipsius

648 3481 924 3549 auctoris,
947 3480 1035 3536 vel
1066 3498 1132 3536 ex
1161 3480 1476 3551 Scripturis
1507 3478 1906 3548 quadam,non
1931 3475 2297 3543 concludere,

648 3590 719 3628 ex
746 3572 845 3626 SS.
893 3569 1129 3625 Justino
1179 3571 1342 3622 Mart.
1388 3566 1661 3637 Gregorio
1719 3565 1999 3636 Nysseno,
2054 3567 2294 3637 August.

651 3658 995 3732 Epiphanio,
1028 3661 1084 3712 et
1115 3656 1267 3712 dicto
1300 3655 1616 3711 Claudiano
1649 3654 2034 3721 ostendimus,
2065 3660 2123 3710 et
2160 3671 2208 3709 c.
2239 3656 2294 3719 9,

651 3767 705 3805 Ν.
743 3749 846 3804 109
875 3751 931 3803 et
962 3747 1084 3817 110,
1117 3745 1423 3801 citavimus
1452 3751 1651 3799 contra
1679 3744 1887 3798 anima:
1937 3743 2210 3815 effigiem,
2243 3749 2298 3799 et

651 3838 971 3904 Platonem,
1032 3840 1088 3890 et
1148 3834 1499 3890 Clementem
1552 3831 2024 3887 Alexandrinum.
2079 3833 2296 3888 Deinde

648 3943 700 3982 c.
735 3927 819 3992 11,
841 3925 1224 3996 allegavimus
1255 3923 1445 3977 locum
1478 3920 1741 3976 Auctoris
1774 3919 1871 3975 lib.
1908 3920 1973 3974 de
2009 3923 2295 3992 Pcenilent,

650 4033 698 4071 c.
732 4017 785 4083 3,
811 4033 866 4069 n.
903 4015 987 4085 12,
1012 4013 1112 4067 ubi
1145 4010 1503 4068 contrarium
1553 4014 1724 4064 antea
1755 4013 2297 4076 senserat,animam

648 4121 860 4160 vocans
888 4105 1168 4175 spiritum,
1203 4107 1302 4156 De:
1345 4103 1544 4171 a/ﬂatu
1584 4104 2043 4154 consummatum.
2099 4099 2298 4170 Neque

649 4211 782 4250 vero
815 4211 883 4249 ex
911 4192 1229 4263 Scripturis
1262 4189 1422 4245 Isaia:
1470 4207 1603 4259 xui,
1637 4195 1692 4244 et
1722 4205 1851 4253 LVII,
1884 4206 2026 4259 quas
2057 4189 2132 4244 ibi
2168 4205 2297 4260 pro-

648 4300 710 4339 se
749 4283 909 4350 citat,
940 4280 1205 4336 concludi
1235 4283 1424 4352 potest
1467 4279 1743 4347 animam,
1774 4277 2042 4349 spiritum
2078 4277 2134 4332 in
2169 4277 2300 4332 aliis

648 4371 961 4444 Scripturis
997 4387 1108 4426 non
1151 4369 1360 4425 vocari.
1396 4371 1675 4424 Caeterum
1730 4383 1844 4438 quo
1877 4383 2052 4422 sensu
2085 4383 2299 4438 corpus

651 4460 833 4533 possit
853 4459 998 4517 185
1026 4458 1141 4515 dici
1173 4457 1525 4526 anima,sese
1558 4455 2006 4528 expliceatlibro
2035 4455 2298 4511 adversus

647 4552 1059 4621 Hermogenem,
1092 4566 1222 4620 cap.
1273 4549 1366 4614 35,
1412 4563 1575 4602 num.
1626 4547 1744 4610 124,
1796 4546 1852 4599 in
1904 4546 2023 4600 haec
2081 4545 2257 4600 verba
2287 4561 2300 4599 :
2330 4535 2375 4599 D

647 4670 675 4698 ‹‹
733 4647 806 4702 Ut
854 4649 1187 4714 concedam,
1240 4646 1431 4716 inquit
1480 4644 1700 4716 aliquid
1753 4660 1880 4699 esse
1936 4643 2299 4715 incorporale

648 4737 719 4790 de
787 4737 1133 4791 substantiis
1197 4735 1502 4802 duntaxat,
1574 4749 1708 4788 cum
1781 4733 1906 4804 ipsa
1968 4733 2299 4787 substantia

647 4841 859 4895 corpus
911 4824 989 4879 sit
1035 4824 1114 4880 rei
1164 4825 1465 4894 cujusque.
1523 4844 1550 4871 »
1601 4821 1843 4875 Videtur
1890 4821 2090 4891 itaque
2135 4821 2205 4875 ad
2239 4820 2293 4874 id

650 4911 1035 4968 absurditatis
1066 4914 1136 4968 de
1166 4915 1356 4967 anima
1384 4913 1538 4967 aerei
1563 4919 1612 4966 et
1655 4909 1828 4965 tucidi
1873 4910 2077 4965 coloris
2117 4910 2299 4964 fuisse

650 5002 1060 5072 seductus,per
1083 5001 1260 5056 falsas
1285 5001 1570 5072 quasdam
1602 4999 1959 5054 revelationes
1990 4999 2296 5068 cujusdam

652 5088 1078 5147 montanisticae
1139 5089 1388 5154 feminae,
1440 5103 1551 5142 non
1604 5085 1837 5157 quidem
1881 5084 2160 5140 Priscillae
2200 5088 2300 5140 aut

651 5177 979 5237 Maximiliaa
1003 5178 1109 5248 [uti
1141 5177 1458 5248 aliquando
1489 5175 2301 5246 existimavimus],quzejam-

651 5270 878 5326 dudum
929 5274 1099 5324 antea
1139 5266 1456 5337 suspendio
1506 5267 1814 5336 perierant,
1854 5265 1951 5319 sed
1987 5265 2296 5334 cujusdam

651 5375 855 5415 earum
918 5355 1234 5429 discipulae,
1285 5354 1457 5411 sicuti
1512 5359 1667 5427 patet
1723 5358 1778 5408 et
1834 5353 1987 5408 dicto
2046 5353 2194 5408 libro
2234 5353 2301 5409 de

651 5450 872 5515 Anima,
909 5464 1034 5519 cap.
1067 5448 1307 5519 9,num.
1340 5445 1458 5501 111.
1486 5443 1745 5515 Idipsum
1782 5442 2116 5498 Paradoxon
2136 5443 2297 5498 attri-

651 5537 780 5592 buit
813 5536 1023 5591 alicubi
1063 5534 1298 5607 Origeni
1327 5538 1382 5588 S.
1436 5533 1670 5588 Hieron.
1713 5536 1884 5602 atque
1934 5532 2074 5586 adeo
2122 5532 2297 5587 etiam

653 5624 725 5681 ad
756 5623 914 5680 illius
940 5641 1116 5698 Opera
1144 5623 1252 5680 hoc
1283 5621 1617 5679 Antidotum
1651 5620 1784 5676 usui
1816 5635 1940 5676 esse
1971 5619 2199 5692 poterit.

2490 507 2711 579 Apolog.
2747 524 2798 562 c.
2832 509 2898 562 48
2925 533 2938 574 ;
2971 507 3071 563 lib.
3103 507 3167 562 de
3197 507 3411 562 Testim.
3434 508 3636 574 anim.,
3668 523 3820 579 cap.,
3849 508 3900 579 4,
3934 525 4071 564 num

2492 659 3017 740 Megdeburgenses
3063 668 3495 723 Centuriatores
3542 684 3655 723 non
3705 667 3860 723 inter
3898 686 4069 740 para-

2421 753 2588 822 doxa,
2637 758 2736 810 sed
2785 758 2937 811 inter
2973 758 3250 828 dogmata
3296 756 3430 811 ﬁdei
3475 755 3619 810 illud
3669 757 3977 823 collocant,
4010 763 4072 812 et

2419 857 2486 896 ex
2515 843 2860 899 Tertulliani
2893 846 3018 916 jam
3049 845 3204 900 dicto
3231 845 3355 900 loco
3385 846 3756 914 conﬁrmant,
3789 847 3888 901 sed
3920 848 4071 902 frus-

2418 935 2528 984 tra.
2564 933 2692 1003 lpse
2721 934 2877 988 enim
2910 939 3146 1000 Auctor,
3171 934 3336 1004 quasi
3365 938 3684 988 retractans
3717 935 3870 1004 quod
3900 934 4068 989 initio

2421 1020 2554 1074 ﬁdei
2604 1038 2720 1076 non
2769 1023 2912 1077 satis
2976 1028 3146 1077 caute
3197 1024 3693 1092 pronuntiaverat,
3745 1028 3947 1094 postea
3993 1025 4068 1079 de

2421 1108 2535 1164 fide
2566 1111 2850 1166 catholica
2880 1112 3090 1166 melius
3146 1112 3477 1180 institutus,
3517 1110 3664 1166 libro
3724 1112 3789 1167 de
3841 1113 4064 1177 Anima,

2418 1196 2646 1270 integro
2697 1216 2823 1272 cap.
2865 1201 2996 1266 ult.,
3047 1198 3161 1255 late
3209 1205 3266 1254 et
3313 1200 3553 1272 pulchre
3583 1201 3820 1256 deducit
3848 1203 4069 1257 anima:

2415 1290 2537 1358 pati
2567 1290 2790 1344 interim
2821 1291 2966 1360 apud
2997 1291 3223 1360 inferos,
3256 1288 3312 1343 id
3347 1293 3435 1344 est
3465 1305 3652 1360 usque
3686 1290 4066 1359 adjudicium

2419 1384 2764 1447 extremum,
2812 1379 2910 1432 ubi
2959 1379 3111 1432 inter
3159 1383 3365 1432 caetera
3398 1396 3411 1433 :
3446 1399 3473 1426 «
3525 1378 3673 1442 Quid
3711 1395 3848 1450 ergo
3879 1378 3974 1436 (iet
4005 1380 4067 1434 in

2417 1470 2680 1537 tempore
2725 1467 2886 1522 isto?
2929 1465 3346 1522 Dormiemus?
3391 1469 3465 1520 At
3502 1466 3660 1521 enim
3693 1468 3902 1522 animas
3962 1485 4068 1524 nec

2415 1553 2474 1608 in
2507 1555 2834 1611 viventibus
2865 1557 3185 1610 dormiunt.
3219 1556 3353 1610 Jam
3384 1571 3517 1611 vero
3544 1572 3720 1626 quam
3752 1556 4065 1627 iniquissi-

2416 1659 2578 1699 mum
2610 1645 2786 1699 etiam
2819 1646 2973 1715 apud
3006 1645 3241 1711 inferos,
3276 1645 3325 1698 si
3373 1650 3432 1698 et
3479 1645 3822 1700 nocentibus
3870 1646 4066 1702 adhuc

2415 1731 2530 1786 illis
2561 1734 2707 1788 bene
2739 1734 2874 1788 est?
2903 1735 3103 1789 Nonne
3133 1739 3189 1788 et
3233 1733 3303 1788 de
3334 1749 3440 1788 suo
3488 1734 3707 1788 sufficit
3739 1734 3851 1789 sibi
3891 1737 3961 1790 ad
3997 1737 4069 1790 ti-

2411 1822 2598 1877 tulum
2665 1823 2998 1893 passionis?
3052 1821 3279 1894 quoties
3332 1821 3512 1877 illaaso
3567 1838 3805 1893 corpore
3863 1823 4068 1880 anima

2411 1912 2536 1967 sola
2565 1917 2871 1983 torquetur
2899 1911 3033 1977 bile,
3067 1912 3151 1966 ira
3196 1912 3366 1967 taedio
3409 1911 3754 1983 plerumque
3803 1929 3906 1968 nec
3946 1913 4065 1970 sibi

2411 2001 2592 2056 noto?
2633 2003 2787 2057 Adeo
2838 2001 2997 2056 novit
3039 2007 3096 2055 et
3151 2001 3304 2071 apud
3354 1999 3573 2055 inferos
3621 2000 3819 2056 anima
3869 2001 4067 2058 dolere

2409 2090 2538 2145 sine
2569 2107 2758 2159 carne,
2793 2093 2931 2160 quia
2951 2094 3009 2145 et
3038 2089 3095 2144 in
3128 2105 3300 2144 carne
3330 2087 3532 2156 illaesa,
3566 2088 3616 2144 si
3661 2087 3835 2153 volet,
3884 2089 4062 2147 dolet.

2411 2178 2529 2234 Huc
2559 2182 2608 2234 si
2639 2197 2706 2234 ex
2755 2179 2996 2234 arbitrio
3053 2195 3160 2233 suo
3194 2178 3250 2232 in
3293 2177 3431 2245 vita,
3481 2183 3701 2249 quanto
3750 2180 3938 2248 magis
3995 2197 4072 2236 ex

2405 2268 2630 2338 judicio
2677 2268 2775 2322 Dei
2837 2273 2970 2338 post
3016 2267 3310 2322 mortem?
3363 2267 3509 2324 Nam
3565 2266 3721 2322 solos
3771 2269 4070 2340 cogitatus

2411 2363 2468 2411 et
2500 2359 2687 2412 nudas
2740 2356 3068 2412 voluntates
3115 2373 3363 2411 censura
3412 2355 3608 2410 divina
3666 2359 4064 2428 persequitur,

2413 2446 2560 2514 Ergo
2594 2451 2828 2516 propter
2858 2446 2963 2500 hoc
2996 2443 3597 2516 congruentissimum
3629 2450 3737 2516 est,
3770 2446 4067 2516 animum,

2411 2529 2548 2587 licet
2569 2548 2682 2587 nou
2707 2535 3008 2602 expectata
3034 2547 3226 2600 carne,
3259 2531 3476 2603 puniri,
3507 2531 3662 2602 quod
3695 2549 3810 2587 non
3841 2533 4071 2590 sociata

2412 2636 2587 2675 carne
2613 2621 2931 2676 commisit.
2980 2621 3043 2674 in
3091 2637 3346 2690 summa,
3377 2637 3507 2676 cum
3541 2637 3834 2676 carcerem
3865 2621 4063 2692 illum,

2412 2710 2566 2780 quod
2619 2708 2996 2780 Evangelium
3044 2709 3410 2764 demonstrat
3465 2709 3678 2779 (Matth.
3729 2712 3780 2779 v)
3840 2710 4065 2768 inferos

2411 2797 2813 2869 intelligimus,
2844 2802 2901 2852 et
2931 2796 3313 2853 novissimum
3343 2797 3729 2867 quadrantem
3762 2799 4065 2855 modicum

2410 2887 2683 2959 quodque
2711 2887 2987 2942 delictum
3045 2885 3163 2940 illic
3209 2885 3488 2940 luendum
3548 2886 4008 2958 interpretamur
4045 2905 4064 2956 ;

2409 2993 2580 3032 nemo
2611 2975 2903 3032 dubitabit
2930 2975 3188 3031 animam
3235 2973 3453 3046 aliquid
3489 2991 3733 3046 pensare
3781 2977 3935 3048 apud
3968 2977 4068 3034 in-

2409 3067 2580 3122 feros.
2617 3088 2644 3116 »
2677 3066 2738 3120 ld
2765 3065 2962 3137 ipsum
2988 3064 3164 3120 etiam
3198 3063 3454 3119 inculcat
3483 3064 3632 3119 libro
3681 3065 3745 3120 de
3795 3067 4069 3122 Resurre-

2409 3157 2586 3212 ctione
2613 3157 2818 3222 carnis,
2851 3171 2977 3225 cap.
3013 3154 3102 3219 19,
3131 3169 3292 3208 num.
3349 3153 3448 3207 133
3494 3169 3560 3207 ac
3609 3154 3730 3208 134.
3763 3155 3848 3209 Ad
3897 3157 4066 3226 quod

2407 3250 2583 3316 caput
2607 3245 2780 3299 etiam
2805 3242 3160 3298 adduximus
3182 3241 3402 3296 similia
3424 3241 3762 3297 testimonia
3789 3243 4067 3300 Auctoris

2407 3337 2613 3406 quaest.
2654 3340 2712 3388 et
2758 3348 3022 3404 respons.
3080 3331 3233 3386 inter
3284 3347 3461 3402 opera
3511 3335 3567 3384 S.
3619 3331 4071 3404 JustiniMart.,

2408 3421 2686 3478 Lactantii
2719 3425 2776 3474 et
2806 3422 2865 3476 S.
2905 3419 3240 3491 Augustini,
3269 3425 3326 3474 et
3355 3419 3740 3476 indicavimus
3770 3437 3898 3477 eam
3929 3438 4072 3480 esse

2407 3511 2764 3566 conformem
2800 3509 3032 3565 Patrum
3063 3508 3435 3564 sententiam.

2407 3619 2434 3686 §
2462 3616 2516 3668 9.
2550 3615 2805 3669 Animam
2830 3622 3144 3667 sanctorum
3190 3616 3250 3668 in
3299 3616 3426 3668 sinu
3471 3614 3727 3685 Abraha’,
3758 3630 3853 3668 seu
3879 3631 4062 3685 para-

2477 3685 2618 3748 diso,
2677 3688 2792 3740 sive
2838 3688 2940 3739 sub
2987 3687 3177 3749 altari,
3224 3700 3320 3739 seu
3369 3686 3486 3740 loco
3537 3703 3648 3741 non
3693 3687 3916 3753 calcati,
3961 3689 4069 3743 sed

2479 3765 2662 3813 tamen
2723 3758 2918 3827 inferis
2982 3759 3274 3827 superiori,
3331 3757 3510 3826 foveri
3567 3761 3618 3811 et
3670 3757 3929 3827 gaudere,
3991 3762 4075 3815 ad

2477 3831 2621 3884 diem.
2654 3845 2822 3899 usque
2842 3827 3045 3900 judicii
3082 3828 3507 3902 Domini,»tom.
3552 3827 3574 3883 Ι
3628 3830 3871 3902 Apolog.,
3931 3846 4070 3902 cap.

2480 3902 2567 3968 47,
2602 3898 2762 3955 num.
2795 3898 3113 3972 601;7tom.
3168 3899 3265 3964 ΙΙΙ,
3317 3898 3416 3954 lib.
3471 3898 3941 3972 deAnimfcap.
4003 3898 4070 3967 '7,

2477 3989 2630 4026 num.
2673 3973 2763 4034 94,
2792 3973 2882 4036 95,
2935 3971 3024 4036 96,
3057 3972 3160 4036 97;
3212 3987 3338 4041 cap.
3389 3971 3444 4030 9.
3493 3987 3550 4024 n.
3606 3972 3747 4036 124;
3799 3971 3921 4042 cap.
3969 3973 4073 4040 55,

2481 4061 2540 4098 n.
2571 4045 2662 4110 66,
2701 4044 2791 4107 58,
2839 4043 2968 4106 610,
3017 4043 3166 4102 611;
3220 4058 3346 4112 cap.
3399 4043 3488 4107 56,
3528 4059 3586 4096 n.
3635 4045 3762 4113 632,
3817 4060 3884 4099 ac
3933 4061 4071 4114 cap.

2482 4116 2585 4170 ult.
2621 4132 2677 4169 n.
2710 4115 2852 4180 644;
2888 4114 2989 4187 lib,
3019 4114 3093 4187 de
3125 4113 3529 4187 Resurrectione
3561 4131 3740 4187 αρνιμ,
3791 4132 3919 4186 cap.
3973 4113 4070 4187 17,

2481 4205 2645 4242 num.
2687 4187 2808 4252 132,
2838 4185 3276 4258 713‘1;rlib.7m,
3333 4185 3528 4240 advers
3577 4185 3739 4242 Marc.
3793 4185 3920 4258 cap.
3966 4185 4069 4243 34L

2481 4276 2643 4314 num.
2686 4258 2799 4321 148,
2832 4257 2957 4324 549,
3002 4257 3127 4322 550,
3160 4257 3258 4310 551
3290 4263 3405 4328 ;et
3453 4259 3640 4328 Scorp.
3691 4258 3812 4312 adv.
3868 4257 4069 4316 ’Gnost.

2481 4347 2606 4401 cap.
2643 4331 2730 4392 12,
2774 4345 2935 4382 num.
2962 4329 3077 4388 v95;
3120 4333 3277 4401 tom.
3323 4327 3417 4393 IV,
3451 4327 3550 4401 lib.
3583 4327 3646 4384 de
3676 4329 3828 4385 186
3880 4329 4071 4386 ludio.

2481 4399 2720 4463 Dom-ini,
2755 4417 2881 4472 cap.
2919 4401 3003 4472 11,
3036 4416 3200 4453 num.
3235 4399 3334 4465 15;
3367 4406 3424 4472 et
3468 4400 3526 4454 in
3573 4402 3886 4469 Fragment.
3921 4403 4072 4459 libro

2480 4475 2544 4529 de
2602 4471 3116 4540 ParadpDenique
3178 4477 3319 4525 tom.
3367 4471 3413 4525 V
3471 4472 3775 4528 Novatiani
3834 4472 3935 4526 lib.
3997 4474 4074 4529 de

2479 4547 2695 4607 Trinit.,
2724 4560 2848 4614 cap.
2885 4545 2934 4612 1,
2968 4559 3128 4597 num.
3165 4543 3249 4596 10.

2480 4635 2621 4689 IIuic
2655 4632 2947 4687 Paradoxo
2980 4647 3092 4687 non
3126 4631 3316 4686 solum
3347 4632 3503 4703 apud
3529 4632 3767 4688 Tertull.
3793 4637 3850 4688 et
3879 4636 4074 4688 Nova-

2407 4723 2655 4788 tianum,
2688 4721 2787 4776 sed
2821 4719 2998 4775 etiam
3049 4721 3203 4792 apud
3253 4719 3398 4776 alios
3431 4725 3652 4776 veteres
3691 4721 4067 4778 occasionem

2407 4814 2712 4875 dederunt,
2747 4814 2871 4864 tum
2914 4808 3108 4864 Lazari
3163 4808 3281 4865 sive
3323 4809 3571 4865 historia
3600 4810 3720 4866 sive
3761 4809 4078 4883 parabola,

2409 4904 2559 4974 (Luc.
2584 4904 2697 4968 xvx)
2728 4914 2900 4969 quem
2931 4898 3080 4952 vidit
3127 4898 3288 4954 dives
3340 4899 3397 4952 in
3449 4899 3580 4954 sinu
3633 4899 3897 4967 Abrahae,
3929 4903 4066 4956 tum

2407 4991 2573 5047 visio.
2607 4991 2665 5044 S.
2697 4988 2864 5044 Joan.
2902 4986 3150 5059 Apestoli
3184 4989 3361 5060 Apoc.
3392 5005 3472 5059 vr,
3515 5005 3632 5060 qua
3663 4988 3804 5043 vidit
3832 4989 4075 5046 animas

2411 5087 2730 5150 martyrum
2773 5076 2884 5130 sub
2929 5074 3096 5130 altari
3138 5075 3379 5131 indutas
3425 5075 3591 5132 stolis
3639 5076 3810 5145 albis,
3846 5076 4076 5149 quibus

2409 5170 2628 5224 dictum
2661 5171 2748 5222 est
2777 5170 2840 5220 ut
2873 5164 3326 5236 requiescerent,
3361 5166 3544 5221 donec
3577 5165 3918 5239 impleretur
3955 5183 4073 5221 nu-

2411 5275 2607 5314 merus
2662 5271 3073 5311 conservorum
3125 5271 3390 5323 suorum,
3436 5259 3560 5309 tum
3613 5256 3863 5328 denique
3911 5253 4068 5313 illud

2409 5347 2622 5406 Christi
2649 5346 2717 5401 ad
2741 5345 3022 5400 latronem
3049 5345 3065 5415 (
3075 5346 3199 5400 Luc.
3223 5348 3376 5413 xxxv)
3401 5361 3414 5398 :
3441 5368 3468 5393 ‹‹
3493 5345 3671 5402 Hodie
3695 5363 3920 5401 mecum
3945 5345 4074 5404 eris

2407 5439 2465 5495 in
2501 5435 2792 5511 paradiso.
2826 5455 2854 5483 ››
2887 5433 3031 5488 Hinc
3060 5434 3238 5498 enim,
3270 5450 3406 5490 cum
3444 5434 3704 5491 viderent
3735 5435 4071 5507 distiguen-

2409 5531 2547 5584 dum
2581 5542 2708 5582 esse
2733 5527 2961 5579 tantum
2986 5522 3316 5578 animarum
3350 5525 3476 5579 sine
3507 5541 3749 5597 corpore
3780 5539 3966 5596 usque
3989 5527 4072 5582 ad

2407 5620 2673 5676 futurum
2723 5612 3038 5684 judicium,
3071 5628 3105 5667 a
3149 5617 3305 5668 statu
3358 5613 3684 5685 perfectiori
3731 5614 4071 5672 animarum
