4526 6396
175 385 286 448 233

1371 377 1538 442 CUM
1584 375 1986 438 ANTIDOTO
2027 377 2384 442 PAMELII.

3464 385 3586 446 234

174 535 298 574 cum
329 513 680 588 corporibus
713 515 845 586 post
871 509 1352 568 resurrectionem
1411 509 1819 582 universalem,
1853 517 1904 582 Α
1933 509 2058 566 loca
2090 514 2356 584 quaedam
2387 515 2638 572 obscura
2693 515 3086 588 reperiuntur)
3147 515 3460 574 citavimus
3517 519 3580 574 in

175 607 338 664 dictis
387 607 544 660 sinus
595 603 860 668 Abrahae,
919 602 1116 674 quietis
1141 599 1384 672 placidae
1415 603 1516 656 sub
1549 601 1737 668 altari,
1770 603 1822 655 et

173 695 414 770 paradisi
473 689 976 764 appellationibus
1042 695 1458 762 nuncuparunt
1541 689 1821 758 quemad-

177 786 408 842 modum
468 787 690 842 statum
733 777 900 833 illum
936 779 1280 846 secundum,
1318 779 1628 844 contrario,
1661 778 1822 834 coale-

175 885 306 930 stcm
335 877 540 942 sinum,
583 871 766 926 altare
820 869 1102 940 superius,
1159 873 1210 924 et
1261 869 1530 924 c'elestem
1581 876 1822 939 portum.

177 964 296 1020 Non
347 978 504 1027 vero,
556 957 713 1030 quod
749 957 1034 1012 sentirent
1067 957 1294 1012 animas
1327 963 1661 1012 sanctorum
1691 961 1824 1010 tan-

177 1053 356 1124 tisper
401 1065 596 1106 carere
640 1045 822 1102 divini
875 1045 1126 1102 intuitus
1174 1045 1380 1118 gloria,
1432 1046 1604 1100 sicuti
1654 1044 1826 1100 hodie

179 1139 574 1212 Anabaptistte
619 1143 675 1192 et
713 1135 1014 1190 Cornelius
1067 1136 1318 1206 Aggripa
1347 1152 1546 1190 eorum
1580 1132 1824 1202 assecla,

177 1235 374 1302 utpote
423 1227 522 1300 qui
551 1225 833 1298 legissent
874 1223 1024 1296 apud
1059 1223 1400 1296 Apostolum
1433 1224 1698 1296 (Philipp.
1735 1229 1769 1292 1)
1809 1239 1820 1277 :

181 1327 524 1382 Desiderium
550 1325 717 1378 habeo
749 1321 992 1388 dissolvi,
1020 1327 1070 1376 et
1101 1337 1216 1376 esse
1243 1338 1368 1376 cum
1401 1321 1636 1377 Christo.
1679 1319 1824 1375 Item

173 1417 314 1473 illud
348 1416 422 1488 (II
451 1415 572 1470 Cor.
608 1413 661 1484 ν)
695 1428 708 1466 :
749 1413 954 1466 Bonam
983 1411 1322 1466 voluntatem
1357 1410 1620 1465 habemus
1667 1425 1824 1480 pere-

173 1505 396 1576 grinari
423 1521 456 1558 a
485 1517 726 1574 corpore,
778 1511 836 1554 et
872 1503 1176 1570 pra’sentcs
1224 1514 1334 1554 esse
1381 1500 1462 1554 ad
1511 1498 1820 1552 Dominum.

177 1597 239 1652 Et
295 1594 442 1650 illud
504 1593 575 1646 de
633 1591 763 1662 ipsa
821 1588 922 1644 Dei
952 1587 1174 1644 visione
1207 1603 1218 1640 :
1253 1591 1408 1644 Nunc
1456 1587 1696 1642 videmus
1727 1601 1826 1657 per

174 1684 454 1756 speculum
487 1683 542 1736 in
573 1681 896 1748 mm’gmate,
930 1681 1058 1732 tunc
1088 1685 1270 1732 aulem
1295 1677 1442 1747 facie
1489 1675 1558 1732 ad
1603 1675 1820 1746 faciem.

176 1775 339 1829 Certe
399 1771 527 1842 ipse
557 1773 759 1823 auctor
791 1783 956 1822 suam
991 1765 1346 1820 sententiam
1379 1764 1635 1820 indicare
1665 1763 1820 1818 vide-

175 1867 270 1918 tur
297 1861 356 1916 in
388 1860 514 1914 haec
533 1857 710 1912 verba
735 1854 871 1910 dict.
905 1853 1006 1908 lib.
1039 1854 1104 1909 de
1133 1855 1353 1960 Anima,
1385 1853 1634 1953 captiti,
1657 1867 1823 1960 numJ
1855 1895 1900 1960 B

177 1952 280 2005 622
335 1967 348 2004 :
415 1949 692 2020 Usquequo
740 1946 1045 2016 perfectum
1099 1941 1242 1996 illud
1294 1943 1700 2014 repromittitur
1750 1939 1825 1996 ad

176 2039 448 2110 angelicae
513 2032 880 2108 plenitudinis
945 2048 1267 2087 mensuram
1336 2034 1724 2103 temperatum.
1760 2029 1818 2086 Si

179 2129 310 2202 quis
343 2124 576 2180 interim
613 2123 764 2194 apud
798 2136 928 2176 eum
963 2121 1040 2174 sit
1071 2119 1259 2188 locus,
1295 2125 1396 2176 aut
1423 2119 1568 2174 alios
1599 2119 1821 2186 Patres,

178 2228 274 2298 qui
307 2225 462 2281 hanc
490 2219 860 2278 commodam
905 2217 1472 2290 interpositationem
1505 2233 1621 2272 non
1679 2216 1824 2272 reci-

177 2317 318 2388 piat,
377 2310 715 2368 meminerit
745 2308 942 2372 lector,
977 2307 1134 2361 hunc
1165 2322 1418 2362 errorem
1452 2323 1566 2362 non
1599 2305 1828 2360 ofﬁcere

178 2400 490 2461 eruditioni
515 2404 572 2454 et
595 2397 796 2470 pietati
821 2403 940 2452 tam
962 2395 1285 2450 illustrium
1312 2396 1826 2466 scriptorum,cum

179 2491 438 2548 Ecclesia
463 2487 696 2544 illorum
727 2486 1093 2556 temporibus
1125 2483 1272 2538 nihil
1325 2484 1520 2538 adhuc
1571 2484 1712 2538 certi
1759 2483 1830 2538 de

180 2582 286 2636 hoc
321 2577 569 2634 articulo
603 2575 954 2630 credendum
989 2573 1433 2628 statuisset.Sed
1471 2573 1624 2628 circa
1656 2589 1827 2644 syno-

181 2673 322 2726 dum
354 2665 776 2723 mcumenicam
809 2662 1228 2728 Florentinam,
1258 2679 1384 2734 qua:
1417 2665 1546 2732 post
1577 2661 1830 2734 primam

183 2757 621 2814 damnationem
653 2754 864 2807 factam
897 2751 1078 2822 Epist.
1117 2749 1510 2806 Decretalibus
1551 2755 1829 2805 Innocen-

185 2849 250 2902 tii
281 2847 358 2902 III
391 2849 450 2900 et
481 2840 775 2898 Benedicti
807 2842 910 2895 XII
941 2839 998 2896 id
1047 2839 1330 2906 definivit,
1391 2839 1558 2894 aliter
1616 2839 1832 2894 sentire

185 2955 295 2992 non
345 2935 502 2990 licet.
539 2931 702 2986 Illius
725 2931 1004 2986 adversus
1036 2945 1262 2984 errores
1291 2931 1680 2985 Armenorum
1713 2929 1834 2982 haec

185 3031 326 3083 sunt
355 3023 530 3078 verba
564 3037 576 3077 :
615 3018 934 3074 Dciinimus
965 3017 1195 3072 illorum
1257 3017 1485 3073 animas
1543 3018 1642 3088 qui
1703 3021 1835 3088 post

183 3115 480 3186 baptisma
510 3114 848 3180 susceptum
880 3106 1100 3162 nullam
1133 3106 1372 3162 omnino
1405 3107 1618 3178 peccati
1644 3121 1837 3160 macu-

183 3203 300 3259 lam
335 3203 730 3267 incurrerunt,
761 3196 896 3252 illas
926 3196 1122 3264 etiam,
1157 3212 1284 3266 qua:
1317 3200 1448 3268 post
1475 3199 1829 3250 contractam

1929 601 2198 656 Adnotat.
2233 605 2448 660 nostris
2479 605 2548 660 ad
2583 605 2750 676 epist.
2786 605 2844 660 S.
2877 607 3144 678 Cypriani
3185 607 3267 676 16,
3302 625 3464 664 num.
3488 609 3578 666 19.

1931 691 2246 746 adnotavit
2279 693 2452 748 etiam
2483 694 2706 765 aliquot
2739 711 2838 766 pro
2865 695 3034 748 nobis
3065 695 3192 750 loca
3219 699 3580 754 Feu-arden-

1929 780 2049 834 tius
2079 779 2138 834 in
2172 781 2228 836 S.
2267 783 2496 848 lrenazo,
2531 789 2730 838 contra
2761 801 2934 854 quam
2965 785 3062 838 alii
3099 786 3383 854 sentiunt,
3413 787 3576 856 lib.l,

1934 885 2058 940 cap.
2092 871 2146 924 2.
2179 887 2340 938 num,
2373 873 2424 938 3,
2452 877 2506 927 et
2541 871 2696 928 alibi.
2734 873 2789 926 Si
2840 873 2972 943 quis
3031 873 3202 944 plura
3261 875 3577 950 desideret,

1931 957 2126 1012 videat
2180 959 2317 1015 Sixt.
2378 967 2616 1015 Senens.
2675 962 2814 1016 Bibl.
2859 967 3058 1017 sanclzr
3090 963 3235 1018 libro
3265 981 3339 1031 νι,
3375 966 3573 1022 adnot.

1931 1047 2036 1100 26-1
2067 1047 2274 1102 61315.
2311 1047 2454 1102 Hinc
2487 1049 2718 1104 interim
2768 1051 3074 1116 addemus,
3125 1054 3278 1122 quod
3339 1059 3574 1126 Auctor,

1935 1136 2030 1190 ubi
2091 1135 2190 1190 lib.
2251 1137 2314 1192 de
2345 1140 2522 1192 Anim.
2557 1156 2680 1210 cap.
2711 1141 2780 1192 55
2815 1158 2825 1194 :
2859 1141 2988 1195 solis
3017 1143 3361 1214 martyribus
3386 1147 3576 1216 patere

1933 1225 2254 1294 paradisum
2304 1226 2463 1294 dicit,
2518 1245 2700 1298 quum
2757 1227 2894 1284 alibi
2955 1231 3201 1286 omnium
3259 1242 3582 1290 sanctorum

1932 1329 2220 1370 commune
2249 1318 2649 1386 receptaculum
2685 1323 2848 1372 vocet
2871 1335 2882 1373 :
2908 1318 2983 1372 sit
3013 1319 3256 1390 explicet
3279 1323 3576 1394 B.Cypria-

1934 1419 2045 1456 nus
2074 1405 2201 1472 ejus
2233 1404 2582 1476 discipulus,
2617 1406 2783 1476 epist.
2818 1408 2886 1460 3‘3
2907 1407 2976 1462 ad
3023 1409 3283 1464 Antonia.
3336 1429 3354 1466 :
3402 1411 3572 1467 Aliud

1932 1495 2020 1544 est
2067 1493 2138 1546 ad
2187 1493 2418 1546 veniam
2475 1499 2651 1558 stare,
2713 1493 2867 1548 aliud
2933 1495 3003 1549 ad
3061 1497 3306 1567 gloriam
3371 1515 3576 1570 perve-

1932 1581 2076 1646 nire,
2139 1580 2295 1634 aliud
2355 1581 2606 1638 missum
2665 1583 2722 1638 in
2776 1601 3064 1640 carcerem
3098 1603 3212 1640 non
3255 1587 3408 1644 exire
3441 1589 3577 1645 inde

1933 1669 2113 1724 donec
2181 1669 2368 1726 solvat
2436 1672 2821 1728 novissimum
2897 1675 3321 1744 quadrantem,
3414 1677 3576 1733 aliud

1933 1759 2131 1813 statim
2190 1759 2320 1813 lidei
2379 1765 2434 1815 et
2465 1761 2694 1816 virtutis
2724 1763 2985 1834 accipere
3019 1767 3380 1834 mercedem;
3417 1767 3576 1822 aliud

1935 1863 2037 1918 pro
2107 1848 2358 1918 peccatis
2439 1849 2609 1922 longo
2688 1850 2884 1906 dolore
2965 1853 3286 1908 cruciatum
3368 1873 3580 1912 emun-

1931 1934 2058 1990 dari
2089 1940 2144 1992 et
2175 1937 2410 2008 purgari
2441 1938 2540 1993 diu
2593 1939 2741 2009 igne,
2800 1941 2959 1996 aliud
3013 1948 3247 2013 peccata
3305 1944 3578 2016 passione

1933 2041 2255 2097 purgasse;
2325 2027 2482 2082 aliud
2553 2029 2803 2100 denique
2869 2031 3122 2101 pendere
3169 2032 3228 2088 in
3273 2033 3366 2088 die
3412 2033 3580 2105 judi-

1934 2111 2006 2166 cii
2056 2114 2126 2168 ad
2177 2115 2528 2170 sententiam
2587 2117 2838 2184 Domini,
2899 2117 3058 2173 aliud
3117 2120 3314 2175 statim
3376 2138 3410 2176 a
3465 2121 3576 2177 Do-

1936 2202 2096 2256 mino
2143 2205 2430 2260 coronari.
2480 2207 2638 2271 Quod
2674 2205 2868 2278 ipsum
2907 2209 3091 2262 facere
3119 2207 3186 2262 ad
3221 2209 3576 2264 confirman-

1937 2291 2072 2345 dam
2105 2292 2476 2349 traditionem
2517 2293 2780 2350 Ecclesite
2829 2297 2902 2350 de
2948 2296 3306 2366 purgatorio,
3359 2298 3576 2354 ibidem

1939 2381 2344 2436 adnotavimus
2405 2399 2568 2438 num.
2627 2383 2718 2449 59,
2777 2388 2835 2438 et
2889 2385 2960 2440 ad
3013 2385 3354 2440 Tertulliani
3388 2386 3490 2442 lib.
3514 2387 3582 2442 de

1937 2469 2158 2540 Anima,
2190 2487 2316 2540 cap.
2350 2471 2439 2542 55,
2475 2489 2638 2527 num.
2670 2473 2794 2526 611.
2829 2471 3111 2529 Caeterum
3164 2475 3424 2542 Auctori,
3477 2475 3582 2545 qui

1939 2575 2121 2614 omnes
2178 2561 2394 2614 animas
2450 2561 2622 2616 etiam
2683 2561 2936 2632 ﬁdelium
2967 2564 3219 2633 priorum
3248 2566 3586 2635 sequestrari

1938 2647 2064 2702 vult
2095 2665 2280 2719 usque
2311 2649 2379 2704 ad
2415 2651 2568 2705 diem
2593 2651 2823 2722 judicii,
2857 2669 3098 2722 prorsus
3147 2653 3440 2708 contraria
3499 2658 3589 2708 est

1940 2735 2042 2792 illa
2087 2739 2146 2792 B.
2197 2741 2441 2810 August.
2493 2740 2824 2809 affirmatio,
2877 2741 2978 2796 lib.
3025 2759 3118 2806 xx,
3151 2742 3216 2796 de
3245 2745 3408 2798 Civit.
3444 2744 3588 2798 Dei:

1941 2825 2068 2881 Jam
2101 2827 2235 2880 inde
2269 2845 2382 2897 quo
2414 2829 2656 2900 sanguis
2689 2829 2900 2884 Christi
2933 2829 3206 2901 antiquos
3233 2835 3467 2886 sanctos
3522 2848 3592 2886 ex

1943 2915 2145 2970 inieris
2203 2917 2377 2981 eruit,
2438 2917 2711 2988 deinceps
2769 2919 2904 2973 boni
2963 2918 3184 2984 fideles,
3245 2919 3428 2974 etl‘uso
3486 2918 3588 2974 illo

1945 3005 2129 3075 pretio
2163 3005 2446 3076 redempti
2479 3022 2720 3076 prorsus
2750 3005 2968 3062 inferos
3000 3007 3289 3064 nesciunt.

1945 3137 2088 3210 3,10.
2137 3137 2472 3210 Animarum
2517 3142 2867 3194 mortuorum
2919 3155 3135 3195 omnem
3192 3141 3592 3197 eschibitionem

2017 3209 2417 3282 incorporalem
2469 3212 2781 3280 praestigias
2835 3227 2962 3282 esse,
3024 3217 3165 3268 tom.
3228 3213 3328 3279 lli,
3387 3213 3490 3268 lib.
3523 3214 3593 3269 de

187 3292 408 3364 peccati
439 3288 732 3344 maculam
763 3285 852 3341 vel
882 3285 939 3340 in
968 3284 1091 3342 suis
1124 3283 1578 3356 corporibus,vel
1611 3283 1830 3339 eisdem
1865 3255 1908 3324 C
2015 3255 2201 3336 Animi
2231 3298 2355 3352 cap.
2386 3255 2832 3350 57fnuml6/13.

185 3387 367 3437 exutas
399 3377 764 3449 corporibus,
797 3377 970 3446 prout
999 3373 1272 3445 superius
1306 3372 1524 3428 dictum
1557 3378 1664 3440 est,
1699 3378 1840 3428 sunt

185 3475 468 3543 purgatae,
507 3467 566 3521 in
596 3464 806 3520 coelum
839 3480 974 3518 mox
1031 3461 1234 3534 recipi,
1295 3467 1352 3517 et
1405 3462 1622 3517 intueri
1683 3461 1838 3518 clare

187 3563 380 3632 ipsum
437 3556 750 3612 Dominum
811 3553 1032 3608 trinum
1059 3556 1117 3606 et
1149 3567 1355 3617 unum,
1388 3550 1562 3606 sicuti
1593 3555 1700 3614 est.
1733 3567 1838 3623 pro

191 3648 535 3704 meritorum
569 3649 760 3699 tamen
794 3640 1132 3696 diversitate
1163 3640 1343 3696 alium
1368 3639 1479 3695 alio
1504 3641 1836 3712 perfectius:

191 3746 430 3801 illorum
462 3746 658 3797 autem
691 3738 940 3809 animas,
974 3738 1072 3809 qui
1105 3738 1163 3792 in
1197 3737 1409 3792 actuali
1437 3737 1669 3792 mortali
1705 3754 1840 3809 pec-

195 3841 344 3904 cato,
391 3830 479 3887 vel
535 3828 658 3886 solo
717 3826 984 3900 originali
1037 3827 1344 3894 decedunt,
1405 3827 1588 3898 pomis
1641 3832 1837 3882 tamen

193 3919 554 3994 disparibus,
605 3917 953 3990 puniendas.
990 3915 1175 3982 Quid?
1205 3916 1357 3986 quod
1393 3917 1550 3970 dicta
1579 3917 1840 3988 Scriptu-

193 4027 392 4066 rarum
439 4008 569 4063 loca
615 4023 718 4078 pro
750 4004 866 4060 alia
895 4021 1010 4060 non
1043 4004 1260 4060 faciant
1291 4005 1600 4070 sententia,
1633 4005 1684 4059 si
1710 4004 1839 4058 dili-

191 4099 428 4172 gentia
457 4095 872 4167 inspicientur.
909 4093 1163 4148 Primum
1196 4093 1351 4148 enim
1397 4093 1506 4148 etsi
1560 4095 1838 4148 Lazarum

191 4195 250 4246 et
281 4189 426 4243 alios
453 4191 653 4240 Patres
680 4183 908 4238 Veteris
938 4181 1293 4238 Testamenti
1323 4181 1380 4236 in
1416 4181 1546 4236 sinu
1577 4183 1838 4250 Abrahae,

191 4285 250 4334 et
272 4278 563 4334 latronem
595 4273 834 4342 ibidem,
877 4271 996 4326 sive
1051 4271 1113 4326 in
1171 4271 1444 4342 paradiso
1499 4270 1841 4342 aliquandiu

193 4369 402 4432 fuisse,
459 4361 605 4419 satis
665 4361 724 4415 in
786 4360 1052 4414 confesso
1112 4359 1190 4414 sit
1249 4375 1262 4412 :
1313 4365 1508 4414 tamen
1561 4360 1694 4414 inde
1743 4377 1844 4432 per

190 4456 490 4512 Christum
521 4452 580 4506 in
614 4449 823 4506 ccelum
853 4453 990 4504 sunt
1024 4447 1282 4514 deducti,
1306 4449 1478 4517 juxta
1509 4447 1654 4502 illud
1686 4447 1837 4504 Psal.

193 4561 365 4610 uim,
401 4549 457 4598 et
491 4543 702 4613 Ephes.
759 4555 814 4592 1v
849 4555 862 4594 :
897 4537 1206 4592 Ascendens
1264 4537 1412 4594 I87
1477 4539 1724 4592 Christus
1783 4539 1844 4592 in

2019 3395 2210 3452 Prima
2257 3395 2494 3465 quidem
2542 3396 2687 3452 facie
2733 3397 2962 3452 videtur
3027 3397 3182 3454 istud
3235 3399 3592 3467 Paradoxon,

1947 3487 2045 3540 sed
2079 3484 2196 3552 agit
2225 3484 2572 3540 Tertullian.
2633 3503 2700 3540 ex
2758 3487 3029 3542 instituto
3085 3493 3290 3544 contra
3345 3490 3590 3545 Simonis

1947 3575 2088 3644 Magi
2141 3573 2432 3645 discipulo
2483 3576 2790 3640 haereticos,
2849 3578 2946 3647 qui
2991 3578 3160 3632 etiam
3207 3578 3598 3650 prophetarum

1946 3663 2162 3717 ani-mas
2192 3663 2259 3716 ab
2291 3664 2496 3731 inferis
2527 3679 2739 3719 movere
2766 3681 2824 3719 se
2866 3666 3222 3734 spondebant,
3275 3668 3430 3737 quod
3477 3683 3596 3722 non

1949 3751 2062 3806 nisi
2111 3750 2398 3808 mendacio
2427 3753 2486 3806 in
2515 3755 2705 3807 anima
2735 3753 3007 3809 Samuelis
3037 3755 3335 3825 Pythonico
3365 3757 3600 3826 spiritui

1949 3841 2167 3896 licuisse
2193 3841 2242 3910 (I
2271 3845 2400 3910 Reg.
2448 3841 2608 3912 xvm)
2654 3841 2780 3912 ipse
2828 3843 3046 3912 sentit;
3097 3845 3198 3898 sed
3249 3844 3596 3915 iraa/igura-

1950 3933 2068 3984 tum
2116 3927 2377 3984 Satanam
2406 3930 2462 3984 in
2493 3929 2766 4002 angelum
2801 3932 2957 3998 lucis,
2994 3933 3062 3986 de
3095 3949 3208 4004 quo
3241 3933 3416 3988 etiam
3452 3933 3596 3988 alios

1951 4019 2149 4074 Patres
2199 4019 2488 4089 quosdam
2555 4020 2857 4075 dubitasse
2915 4021 3129 4076 ibidem
3185 4021 3598 4077 adnotavimus

1953 4125 2114 4163 num.
2161 4107 2284 4162 638.
2319 4107 2539 4163 Deinde
2570 4109 2830 4180 seipsum
2864 4110 3112 4180 explicat
3143 4111 3425 4181 adjiciens
3454 4111 3604 4167 nulli

1950 4199 2153 4252 animae
2185 4198 2392 4268 inferos
2415 4205 2626 4267 patere,
2685 4197 2862 4268 idque
2920 4199 3252 4270 approbans
3305 4217 3373 4256 ex
3429 4200 3600 4256 dictis

1951 4286 2192 4342 Abrahae
2250 4287 2320 4341 ad
2354 4286 2594 4340 divitem
2627 4288 2781 4356 (Duc.
2810 4293 2946 4355 xv1).
2981 4293 3123 4343 Cum
3153 4289 3386 4344 interim
3421 4291 3603 4345 fatea-

1951 4379 2048 4430 tur
2075 4377 2354 4445 quasdam
2383 4377 2596 4430 animas
2643 4377 2701 4430 in
2753 4393 2982 4446 corpora
3041 4379 3143 4432 Dei
3199 4378 3401 4433 virtute
3449 4394 3607 4449 posse

1951 4467 2212 4532 revocari,
2242 4464 2448 4535 quidni
2479 4468 2534 4518 et
2563 4482 2632 4520 ex
2659 4465 2936 4534 peculiari
2975 4466 3066 4521 Dei
3101 4466 3402 4538 privilegio
3442 4471 3606 4522 extra

1951 4570 2162 4625 corpus
2219 4553 2396 4608 etiam
2452 4551 2756 4608 exhiberi?
2814 4555 3062 4610 maxime
3119 4571 3296 4625 quam
3355 4556 3448 4626 (de
3485 4571 3600 4625 quo

189 4637 372 4691 altum
418 4633 694 4702 captivam
744 4627 904 4682 duxit
932 4628 1332 4698 captivitatem,
1365 4625 1420 4680 id
1455 4631 1562 4697 est,
1593 4627 1682 4680 vel
1716 4627 1842 4698 ipso
1877 4625 1920 4690 D
1952 4644 2126 4698 etiam
2187 4641 2289 4710 ibi,
2350 4657 2522 4695 num,
2579 4642 2706 4713 643)
2763 4641 3096 4713 exemplum
3157 4625 3478 4699 habeamus
3539 4645 3599 4700 in

192 4721 473 4796 Apostolo
507 4721 838 4790 interprete,
875 4732 1052 4786 super
1107 4731 1311 4770 omnes
1369 4715 1562 4770 cmlos.
1623 4715 1842 4770 Deinde

193 4815 322 4870 loco
379 4810 480 4866 illo
537 4809 710 4864 citato
770 4805 950 4877 (Apoc.
1005 4805 1084 4876 v1)
1134 4805 1186 4858 S.
1246 4805 1610 4876 Augustinus
1659 4804 1844 4860 stolas

193 4903 616 4973 interpretatur
671 4895 854 4962 albas,
912 4910 1088 4950 serm.
1145 4893 1198 4960 4,
1256 4893 1321 4947 de
1384 4893 1562 4948 Solem
1627 4893 1842 4964 Sanct.,

195 4999 529 5058 mercedem
589 4993 889 5066 baptismi,
945 4990 1252 5064 praemium
1293 4991 1577 5064 martyrii,
1611 4996 1666 5046 et
1695 5009 1844 5064 gau-

197 5093 368 5147 dium
402 5085 655 5142 coelestis
686 5081 882 5156 patriae
915 5097 928 5136 :
958 5080 1214 5150 allegans
1253 5079 1326 5135 ad
1375 5079 1484 5135 hoc
1531 5081 1706 5136 verba.
1754 5097 1845 5137 se-

198 5179 441 5253 quentia
496 5175 677 5248 (Apoc.
733 5171 834 5242 vn)
865 5188 878 5228 :
911 5171 1145 5225 Stabunt
1185 5177 1312 5224 ante
1336 5173 1593 5224 thronum
1623 5172 1683 5224 in
1711 5188 1843 5225 con-

199 5277 386 5342 spectu
417 5267 574 5336 Agni,
609 5262 804 5317 amicti
829 5260 981 5315 stolis
1011 5259 1174 5326 albis,
1199 5267 1248 5313 et
1271 5258 1480 5330 palmte
1503 5260 1558 5312 in
1590 5263 1847 5316 manibus

199 5375 428 5423 eorum;
461 5353 616 5409 unde
645 5349 938 5406 concludit
971 5366 984 5402 :
1017 5350 1187 5403 Stant
1216 5347 1276 5402 in
1325 5353 1640 5418 conspectu
1700 5351 1848 5422 Agni

200 5453 328 5504 ante
387 5445 662 5500 thronum
721 5439 823 5494 Dei
878 5438 1157 5502 coronati,
1222 5435 1382 5490 nulla
1411 5436 1530 5491 illic
1563 5439 1848 5493 rationea

203 5531 658 5606 contemplanda
689 5529 816 5600 ejus
845 5527 1032 5598 gloria
1086 5525 1418 5598 separandi.
1477 5524 1593 5580 Nos
1651 5527 1848 5600 itaque

205 5625 362 5681 locos
409 5621 632 5680 similes
661 5623 719 5673 et
749 5615 1020 5690 Cypriani
1055 5620 1110 5670 et
1139 5613 1398 5688 ejusdem
1432 5615 1489 5668 S.
1515 5617 1847 5688 Augustini,

211 5731 278 5771 ac
303 5715 402 5771 SS.
435 5707 728 5768 Ambrosii
767 5711 822 5762 et
877 5705 1170 5776 Chrysost.
1231 5703 1406 5775 (apud
1466 5719 1614 5775 quos
1670 5707 1846 5763 etiam

527 5840 794 5900 ΡΑηυι..
841 5831 1110 5896 XXXIV.

1955 4731 2145 4786 Libris
2171 4730 2632 4786 Macbabzeorum
2683 4733 2753 4785 de
2809 4733 3172 4803 apparitione
3231 4733 3386 4788 Onisa
3445 4733 3598 4788 188

1955 4820 2272 4876 sacerdotis
2329 4824 2387 4875 et
2442 4820 2704 4874 Jeremitn
2761 4820 3075 4892 propheta.
3139 4821 3211 4877 Ut
3269 4827 3334 4878 ut
3391 4822 3488 4891 sit,
3540 4827 3597 4878 S.

1955 4909 2315 4980 Augustinus
2371 4908 2612 4980 pulchre
2641 4909 2750 4964 hac
2782 4911 2852 4964 de
2883 4927 2944 4966 re
2974 4911 3059 4966 sic
3089 4911 3323 4983 scripsit
3353 4911 3500 4968 libro
3531 4913 3602 4968 de

1956 4999 2103 5055 Cura
2135 5016 2237 5071 pro
2270 5004 2466 5066 mort.,
2501 5015 2551 5055 c.
2588 5000 2674 5067 10,
2708 5001 2793 5068 11,
2839 5001 2905 5054 15
2959 5018 3024 5056 ac
3086 5003 3152 5057 16
3206 5021 3219 5058 :
3281 5009 3606 5060 Narrantur

1956 5089 2078 5145 visa
2134 5087 2424 5160 quaedam,
2485 5089 2752 5144 feruntur
2810 5091 3022 5146 mortui
3085 5093 3352 5150 nonnulli
3403 5094 3496 5149 vel
3543 5093 3605 5148 in

1957 5178 2201 5246 somnis,
2236 5176 2324 5231 vel
2337 5175 2449 5232 alio
2465 5193 2836 5250 quocumque
2855 5181 3026 5234 modo
3043 5182 3390 5252 apparuisse
3405 5183 3605 5236 viven-

1956 5268 2136 5336 tibus,
2169 5279 2340 5337 atque
2373 5265 2472 5321 ubi
2505 5283 2702 5322 eorum
2734 5269 3254 5339 corporajacerant
3301 5270 3607 5324 inhumata

1957 5356 2377 5424 nescientibus,
2447 5355 2588 5409 locis
2653 5357 3070 5412 demonstratis
3130 5360 3502 5414 admonuisse
3542 5363 3608 5413 ut

1961 5445 2074 5501 sibi
2106 5443 2432 5516 sepultura,
2467 5461 2593 5514 quae
2627 5445 2910 5514 defuerat,
2941 5449 3311 5517 praeberetur.
3373 5447 3500 5502 Haec
3556 5446 3607 5502 si

1959 5533 2108 5588 falsa
2129 5551 2256 5588 esse
2278 5533 2756 5602 responderimus
2769 5541 2968 5590 contra
2981 5537 3370 5605 quorumdam
3385 5537 3611 5609 scripta

1965 5622 2224 5678 ﬁdelium
2298 5624 2556 5693 (utpote,
2629 5623 2874 5692 exempli
2935 5625 3146 5694 gratia,
3202 5628 3257 5678 S.
3317 5625 3612 5684 Ambrosii

1963 5712 2144 5767 Serm.
2207 5711 2276 5765 de
2337 5709 2672 5767 lnventione
2730 5727 3037 5781 corporum
3099 5713 3199 5769 SS.
3262 5715 3522 5772 Gervasii
3559 5721 3616 5774 et

3140 5888 3148 5900 .
3257 5841 3295 5899 8
