4526 6340
670 281 792 345 235

1869 282 2298 345 PARADOXA
2347 281 2790 344 TERTULLIA
2801 283 2849 343 N
2857 284 2882 345 Ι

3963 286 4084 352 336

671 415 956 485 Pretasii;
988 419 1045 472 et
1097 417 1156 472 S.
1211 416 1472 483 Luciani,
1530 417 1602 472 de
1659 416 1996 472 Inventione
2052 414 2312 488 corporis
2338 414 2558 484 Anus,
2617 413 2677 470 in
2736 413 3143 473 haereticorum
3195 412 3505 489 Catalogis.
3539 418 3662 484 Quo
3709 416 3774 472 ﬁt
3806 417 4070 476 utetiam

672 506 862 562 sancti
889 505 1165 576 Stephani
1196 505 1667 577 Protomartyris,
1698 512 1755 561 et
1785 504 2058 578 aliorum)
2090 510 2146 561 et
2176 521 2318 560 con-

671 600 763 652 tra
793 611 993 651 eorum
1028 611 1238 650 sensus
1267 594 1367 665 qui
1401 593 1539 649 talia
1583 595 1697 650 sibi
1757 595 2051 651 accedisse
2108 595 2316 650 contir-

672 690 859 751 mant,
891 684 1263 755 impudenter
1293 683 1489 739 venire
1522 683 1870 739 videbimur.
1897 685 2189 755 Angelicis
2211 683 2317 751 igi-

668 777 769 830 tur
797 771 1231 844 operationibus
1286 771 1433 842 fieri,
1493 771 1705 842 inquit,
1765 773 2137 838 crediderim,
2197 772 2316 827 sive

671 863 1019 935 permitatur
1074 862 1345 932 desuper,
1405 860 1523 917 sive
1558 863 1860 932 jubeatur.
1895 864 1953 918 Id
1986 867 2181 918 autem
2209 859 2314 916 ali-

672 953 906 1022 quando
938 949 1161 1006 utiliter
1191 951 1278 1020 fit,
1313 951 1430 1006 sive
1463 953 1533 1006 ad
1567 952 1829 1007 vivorum
1889 952 2316 1023 qualecumque

669 1038 966 1109 solatium,
992 1039 1110 1096 sive
1141 1044 1206 1095 ut
1231 1040 1321 1096 his
1354 1041 1854 1098 admonitionibus
1887 1040 2085 1114 generi
2117 1040 2316 1095 huma-

670 1147 744 1185 no
803 1128 1115 1201 sepulturas
1173 1130 1622 1184 commendetur
1678 1130 2038 1186 humanitas.
2104 1129 2317 1184 Deinde

669 1223 803 1290 post
860 1217 1063 1274 multis
1120 1218 1180 1274 in
1213 1222 1523 1290 utramque
1558 1224 1782 1291 partem
1815 1219 2114 1291 productis
2142 1234 2315 1289 argu-

670 1307 907 1372 mentis,
939 1307 1022 1362 sic
1053 1307 1350 1362 concludit
1383 1325 1394 1361 :
1430 1308 1579 1362 Mitti
1614 1325 1845 1379 quoque
1877 1309 1947 1363 ad
1996 1308 2157 1363 vivos
2206 1305 2317 1361 ali-

668 1413 818 1468 quos
848 1412 915 1452 ex
946 1396 1218 1466 mortuis,
1252 1395 1402 1451 sicut
1432 1411 1462 1451 e
1494 1397 1783 1452 contrario
1818 1395 2031 1452 Paulus
2063 1413 2131 1451 ex
2173 1393 2316 1449 vivis

667 1485 726 1540 in
760 1484 1099 1557 paradisum
1135 1489 1338 1556 raptus
1370 1485 1687 1549 est,divina
1715 1485 2014 1556 Scriptura
2045 1488 2312 1540 testatur.

665 1573 813 1630 Nam
847 1573 1080 1629 Samuel
1113 1573 1394 1645 propheta
1425 1574 1737 1629 defunctus
1793 1574 1924 1629 vivo
1975 1573 2134 1628 Sauli
2196 1571 2315 1643 regi

666 1662 868 1718 futura
910 1661 1174 1734 prazdixit
1203 1662 1497 1733 (quamvis
1530 1661 1818 1729 nonnulli,
1850 1662 2002 1717 inter
2030 1678 2198 1732 quos,
2235 1660 2312 1714 uti

659 1751 788 1822 jam
818 1751 958 1817 dixi,
991 1753 1210 1806 Auctor
1243 1755 1460 1820 noster,
1496 1767 1610 1805 non
1644 1751 1838 1822 ipsum
1872 1749 2179 1820 fuisse,qui
2214 1765 2316 1820 po-

669 1839 883 1896 tuisset
908 1839 1153 1911 magicis
1185 1840 1410 1894 artibus
1444 1839 1691 1910 evocari,
1725 1841 1824 1895 sed
1859 1839 2111 1911 aliquem
2145 1837 2316 1910 spiri-

669 1933 795 1983 tum
831 1927 1000 1983 malis
1030 1930 1305 1999 operibus
1337 1927 1952 1999 congruentem,illius
1983 1927 2320 1982 existiment

671 2016 1118 2072 similitudinem
1144 2017 1656 2088 ﬁgurasse),quum
1687 2015 1836 2072 liber
1853 2016 2314 2085 Erclesiasticus,

668 2121 847 2178 quem
877 2106 1050 2161 Jesus
1081 2105 1240 2161 {ilius
1299 2105 1502 2160 Siruch
1563 2106 1874 2177 scripsisse
1930 2105 2204 2172 traditur,
2262 2108 2319 2159 et

666 2198 904 2266 propter
919 2193 1110 2265 eloqui
1134 2193 1479 2248 nonnullam
1499 2193 1946 2250 similitudinem
1987 2192 2317 2248 Salomonis

664 2283 864 2354 (etiam
895 2283 966 2338 ab
998 2282 1122 2352 ipso
1168 2281 1524 2338 Tertulliano
1584 2281 1822 2353 alicubi)
1878 2282 2315 2353 pronuntiatur,

663 2373 960 2427 contineat
987 2371 1046 2426 in
1080 2370 1252 2427 laude
1285 2371 1520 2426 Patrum
1553 2372 1626 2443 (c.
1685 2372 1808 2442 464)
1871 2373 2025 2443 quod
2081 2369 2316 2426 Samuel

663 2460 838 2516 etiam
902 2463 1172 2515 mortuus
1234 2459 1689 2532 prephelaverit.
1722 2460 1833 2515 Sed
1867 2460 1916 2515 si
1948 2459 2084 2515 huic
2117 2459 2218 2514 lib.
2250 2476 2318 2515 ex

663 2549 1062 2614 Hebraeorum,
1097 2548 1240 2618 quia
1271 2547 1329 2601 in
1362 2565 1427 2602 eo
1460 2565 1574 2602 non
1607 2554 1717 2611 est,
1752 2564 1974 2603 canone
2024 2549 2316 2602 contradi-

666 2636 838 2705 citur,
872 2636 1012 2707 quid
1046 2636 1115 2691 de
1141 2639 1296 2691 Moss
1326 2635 1539 2690 dicturi
1576 2652 1804 2706 sumus,
1839 2636 1936 2706 qui
1969 2641 2120 2691 certe
2151 2641 2208 2690 et
2257 2636 2316 2690 in

665 2723 1118 2780 Deuteronomio
1151 2727 1503 2794 mortuus,et
1535 2723 1593 2777 in
1626 2723 1934 2795 Evangelio
1965 2741 2098 2778 cum
2133 2723 2316 2794 Helia,

663 2813 768 2884 qui
803 2817 1070 2867 mortuus
1103 2828 1217 2867 non
1251 2817 1342 2867 est
1378 2812 1590 2883 (Matth.
1650 2813 1811 2882 xvn),
1869 2813 2082 2884 legitur
2137 2829 2316 2884 appa-

665 2901 856 2956 ruisse
911 2898 1287 2956 viventibus?
1345 2900 1492 2955 Hinc
1549 2905 1607 2955 et
1658 2899 1758 2956 illa
1791 2899 2034 2956 solvitur
2074 2903 2317 2972 quaestio

665 3007 920 3062 quonam
957 2991 1130 3044 modo
1163 2989 1624 3061 martyres,ipsis
1653 2990 1952 3045 beneficiis
1990 3007 2116 3060 quae
2171 2991 2316 3046 dan-

664 3086 762 3137 tur
790 3079 1099 3138 orantibus
1131 3079 1393 3135 indicant
1425 3097 1486 3136 se
1514 3081 1798 3136 interesse
1821 3081 1992 3137 rebus
2014 3079 2315 3150 humanis,

2428 505 2584 576 apud
2618 509 2679 558 B.
2716 505 3386 576 Augustin.censeamus
3420 505 3529 578 legi
3561 506 3770 561 debere
3804 505 3994 563 dicunt
4023 513 4076 564 et

2428 593 2600 666 paulo
2655 598 2787 665 post
2841 594 3085 665 credunt,
3146 613 3248 668 pro
3305 595 3437 650 dicit
3480 599 3535 650 et
3565 595 3738 650 credit
3771 612 3789 648 :
3822 597 4074 654 maxime

2427 699 2560 737 cum
2589 683 2736 737 nihil
2771 683 2884 738 tale
2917 685 3168 755 reperire
3199 684 3276 740 sit
3300 685 3358 739 in
3418 685 3652 755 scriptis
3709 685 4072 754 Tertulliani,

2427 787 2615 843 neque
2646 771 2727 826 illi
2763 773 3015 844 uspiam,
3049 773 3148 829 sed
3182 774 3416 846 Origeni
3448 773 3698 828 ascribat
3731 774 3887 830 Beati
3945 775 4074 831 Hie-

2427 861 2653 928 ronymi
2713 861 2882 932 epist.
2941 862 3035 926 59,
3086 863 3156 916 ad
3201 864 3442 929 Avitum,
3475 867 3532 917 et
3561 861 3660 917 lib.
3694 879 3755 930 II,
3790 863 3860 917 ad
3891 864 4072 932 Ruﬁn.

2426 948 2504 1003 Ea
2529 965 2659 1004 vero
2691 953 2810 1004 tam
2843 951 3100 1005 absurda
3129 955 3238 1020 est,
3273 956 3336 1005 ut
3366 967 3479 1004 non
3513 949 3627 1004 alia
3675 951 4072 1007 confutatione

2425 1054 2573 1108 opus
2605 1038 2836 1104 habeat,
2871 1055 3047 1110 quam
3082 1040 3235 1110 quod
3263 1039 3502 1094 haeresis
3535 1039 3768 1094 nomine
3798 1040 4074 1095 damnata

2426 1125 2524 1195 sit,
2553 1131 2678 1181 tum
2709 1144 2743 1182 a
2775 1127 3160 1200 scriptoribus
3183 1129 3306 1198 jam
3339 1128 3532 1198 dictis,
3565 1133 3690 1182 tum
3719 1144 3751 1182 a
3785 1133 3948 1184 sexta
3979 1146 4073 1202 sy-

2427 1215 2601 1281 nodo,
2634 1215 2740 1271 etsi
2795 1217 2968 1286 paulo
3024 1217 3356 1286 obscurius,
3417 1215 3475 1271 in
3529 1215 3776 1288 Origene
3832 1220 3890 1272 et
3947 1218 4073 1288 ejus

2425 1303 2834 1375 complicibus,
2879 1311 2989 1360 act.
3054 1306 3137 1371 11,
3197 1305 3364 1376 epist.
3401 1304 3687 1376 Sophron.
3724 1306 4072 1378 patriarcha:

2425 1392 2810 1465 Hierosolym.
2840 1393 2978 1450 Orta
3009 1395 3225 1465 quippe
3255 1411 3322 1449 ex
3380 1394 3639 1450 Platonis
3697 1394 3921 1461 schola,
3975 1395 4076 1468 qui

2426 1481 2512 1537 vel
2566 1483 2814 1537 Auctore
2873 1488 3041 1553 teste,
3102 1482 3201 1538 lib.
3233 1484 3299 1538 de
3328 1485 3539 1552 anima,
3573 1483 3745 1555 capit.
3777 1485 3870 1554 23,
3899 1486 3990 1553 24,
4022 1489 4078 1540 et

2424 1573 2512 1636 28,
2549 1570 2739 1624 aiebat
2765 1571 2990 1626 animas
3023 1572 3160 1626 hinc
3193 1571 3247 1626 in
3281 1571 3454 1627 caelos
3483 1572 3643 1627 abire
3693 1574 3850 1628 unde
3908 1589 4078 1628 vene-

2427 1664 2576 1727 rant,
2629 1665 2684 1714 et
2735 1676 2938 1716 rursus
2967 1660 3083 1716 huc
3117 1661 3326 1716 redire.
3360 1661 3464 1716 Cui
3497 1661 3778 1716 nimirum
3811 1662 3952 1734 quid
3980 1661 4080 1717 tri-

2428 1747 2684 1803 buebant
2725 1748 3004 1820 Origenes
3062 1755 3118 1804 et
3176 1749 3429 1804 haeretici
3491 1750 3722 1822 reliqui,
3783 1756 3849 1806 ut
3894 1751 4078 1807 veris-

2427 1836 2646 1892 simum
2678 1837 2755 1892 sit
2778 1838 2933 1909 quod
2965 1855 3080 1893 non
3113 1838 3293 1893 semel
3322 1840 3538 1894 Auctor
3570 1839 3797 1911 repetit,
3829 1841 4080 1912 patriar-

2425 1925 2554 1981 chas
2585 1929 2965 1982 litereticorum
2995 1942 3107 1982 esse
3131 1927 3494 1998 philosophos.
3532 1929 3654 1982 [mo
3686 1929 3841 2000 quod
3875 1930 4079 1984 eadem

2427 2013 2652 2070 ratione
2685 2019 3028 2086 sequeretur
3058 2015 3244 2071 bonos
3269 2014 3539 2071 homines
3572 2016 3627 2070 in
3662 2015 3903 2088 angelos
3943 2034 4081 2073 con-

2423 2105 2595 2173 verti,
2628 2119 2899 2176 expresse
2931 2109 3103 2176 negat
3137 2105 3279 2176 ipse.
3307 2104 3402 2160 Sic
3432 2105 3587 2160 enim
3617 2104 3714 2160 lib.
3779 2106 3904 2162 adv.
3969 2111 4082 2164 Va-

2427 2195 2559 2249 lent.
2615 2210 2741 2264 cap.
2799 2194 2890 2264 32,
2953 2210 3116 2249 num.
3157 2195 3263 2248 262
3295 2212 3307 2250 :
3343 2217 3370 2243 ‹‹
3397 2197 3465 2249 Et
3493 2198 3690 2250 tamen
3719 2193 3861 2250 illuc
3893 2195 4079 2252 habeo

2425 2282 2741 2351 devertere,
2769 2281 2868 2336 ubi
2902 2286 3033 2353 post
3055 2297 3359 2337 excessum
3392 2281 3630 2337 omnino
3664 2299 3776 2337 non
3811 2283 4076 2352 nubitur,

2425 2369 2524 2424 ubi
2556 2369 2900 2441 superindui
2942 2369 3134 2441 potius
3190 2386 3368 2441 quam
3416 2370 3754 2442 despoliari,
3814 2373 3915 2428 ubi
3970 2373 4081 2427 etsi

2426 2459 2725 2532 despolior
2750 2459 2910 2515 sexui
2947 2474 3096 2525 meo,
3129 2459 3378 2532 deputor
3403 2460 3650 2532 angelis,
3684 2477 3800 2516 non
3834 2461 4080 2534 angelus

2427 2553 2527 2604 aut
2559 2548 2785 2619 angela.
2822 2571 2848 2596 ››
2880 2548 3139 2618 Denique
3167 2547 3269 2603 lib.
3302 2549 3366 2604 de
3395 2549 3614 2615 Anima,
3639 2567 3766 2620 cap.
3793 2551 3886 2618 56,
3914 2567 4080 2606 num.

2425 2637 2552 2702 622,
2584 2653 2701 2692 non
2733 2636 3072 2709 angelorum
3107 2637 3500 2693 substantiam
3530 2637 3873 2694 hominibus
3907 2638 4085 2711 polli-

2427 2729 2612 2792 cetur,
2645 2726 2744 2781 sed
2776 2727 3075 2796 perfectum
3104 2725 3246 2782 illud
3294 2726 3364 2782 ad
3407 2729 3666 2798 angelica
3709 2728 4083 2800 plenitudinis

2424 2829 2738 2869 mensuram
2770 2821 3150 2885 temperatum.
3183 2813 3401 2870 Deinde
3426 2813 3525 2869 lib.
3563 2816 3634 2870 de
3662 2820 3893 2872 Resurr.
3926 2833 4082 2872 earn.

2427 2918 2478 2958 ο.
2511 2903 2600 2973 62,
2638 2918 2800 2958 num.
2847 2903 2950 2958 428
2983 2921 2996 2959 :
3031 2925 3059 2953 «
3120 2902 3402 2974 Denique,
3463 2903 3678 2975 inquit,
3737 2922 3859 2961 non
3917 2905 4082 2973 dixit,

2425 2993 2610 3044 Erunt
2638 2989 2851 3062 angeli,
2884 3008 2955 3046 ne
2985 2991 3254 3046 homines
3285 2993 3652 3062 negaret,sed
3685 3004 3955 3066 tanquam
3989 3011 4090 3048 an-

2426 3079 2557 3149 geli,
2591 3082 2654 3134 ut
2682 3079 2952 3135 homines
2984 3081 3314 3151 denegaret.
3349 3080 3472 3134 Non
3503 3081 3746 3137 abstulit
3810 3083 4087 3139 substan-

661 3189 708 3228 Si
742 3172 1013 3228 nesciunt
1043 3172 1257 3226 mortui
1289 3172 1389 3242 qui
1421 3179 1601 3244 agant
1631 3171 1760 3227 vivi.
1794 3176 1920 3228 Non
1963 3172 2119 3228 enim
2171 3174 2313 3228 solis
2343 3154 2386 3222 C
2424 3167 2569 3222 tiam
2628 3167 2722 3222 cui
2779 3167 3230 3224 similitudinem
3289 3169 3575 3224 attribuit.
3635 3192 3664 3221 ››
3713 3169 3914 3234 Quare
3945 3171 4090 3227 satis

660 3260 1076 3316 beneﬁciorum
1128 3259 1370 3328 effectis,
1431 3277 1630 3316 verum
1689 3261 1866 3316 etiam
1928 3261 2075 3334 ipsis
2116 3262 2314 3318 homi-

657 3367 798 3404 num
833 3348 1188 3421 aspectibus,
1220 3351 1615 3404 confessorem
1664 3349 2010 3421 apparuisse
2062 3350 2310 3406 Felicem

653 3437 834 3508 (quod
866 3437 1062 3508 ipsum
1093 3435 1269 3491 etiam
1301 3441 1355 3491 S.
1382 3439 1666 3493 Paulinus
1688 3439 2016 3494 adtestatur
2045 3439 2312 3494 Carmine

653 3526 714 3582 in
746 3525 1042 3596 Felicem),
1071 3543 1204 3581 cum
1233 3543 1266 3581 a
1316 3526 1588 3584 Barbarie
1644 3527 1790 3582 Nola
1847 3532 2306 3600 oppugnaretur,

659 3614 1017 3681 audivimus,
1054 3632 1166 3671 non
1200 3615 1436 3670 incertis
1474 3615 1836 3684 rumoribus,
1895 3617 1997 3672 sed
2057 3617 2309 3674 testibus

658 3705 853 3760 certis.
889 3703 1105 3759 Verum
1138 3705 1250 3759 ista
1279 3704 1560 3760 divinitus
1592 3703 1961 3773 exhibentur,
1994 3704 2166 3777 longe
2197 3706 2307 3761 ali-

657 3797 746 3848 ter
775 3809 950 3865 quam
983 3809 1109 3849 sese
1141 3794 1316 3852 habet
1347 3793 1598 3848 usilatus
1629 3794 1791 3860 ordo,
1842 3793 2092 3863 singulis
2147 3811 2306 3851 crea-

655 3886 920 3939 turarum
976 3883 1290 3954 generibus
1357 3882 1710 3938 attributus.
1780 3884 2126 3954 Quanquam
2197 3885 2310 3940 ista

657 3973 922 4044 quaestio,
982 3971 1193 4042 inquit,
1250 3971 1402 4027 vires
1458 3969 1858 4040 intelligentia:
1917 3988 2061 4028 mem
2092 3972 2305 4038 vincat,

658 4061 1158 4133 quemadmodum
1191 4059 1553 4131 opitulentur
1584 4066 1869 4132 martyres
1901 4060 1993 4115 his
2024 4077 2174 4132 quos
2205 4077 2310 4132 per

653 4165 752 4206 eos
783 4153 1006 4205 certum
1041 4153 1129 4204 est
1159 4148 1438 4218 adjuvari.
1474 4148 1587 4204 Res
1620 4147 1740 4203 haec
1773 4147 1944 4204 altior
1987 4153 2078 4204 est
2129 4166 2305 4220 quam

655 4243 720 4293 ut
751 4255 783 4293 a
814 4254 906 4293 me
938 4237 1127 4310 possit
1151 4236 1382 4308 attingi,
1407 4241 1464 4293 et
1493 4236 1821 4293 abstrusior
1851 4254 2029 4308 quam
2063 4243 2127 4293 ut
2152 4255 2185 4293 a
2214 4255 2308 4294 me

649 4325 836 4384 valeat
870 4325 1222 4397 perscrutari
1257 4333 1356 4392 ;et
1396 4325 1523 4381 ideo
1582 4327 1723 4396 quid
1783 4326 1995 4382 horum
2053 4328 2306 4382 duorum

651 4417 748 4482 sit,
801 4433 874 4472 an
905 4431 1036 4470 vero
1071 4414 1342 4470 fortassis
1373 4418 1716 4486 utrumque,
1751 4418 1815 4470 ut
1843 4414 2160 4486 aliquando
2193 4417 2308 4472 ista

653 4507 798 4562 ﬁant
828 4503 1153 4611 per'ipsam
1186 4503 1556 4611 praasentiam
1590 4508 1951 4611 martyrum,‘
1990 4504 2304 4611 aliquando
2335 4523 2384 4590 D
2416 4503 2450 4611 ὗ

655 4610 756 4664 per
783 4592 1023 4665 angelos
1055 4591 1445 4663 suscipientes
1472 4609 1781 4664 personam
1807 4595 2304 4665 martyrum,deﬁ-

655 4682 781 4737 nire
813 4699 929 4737 non
962 4681 1147 4736 audeo
1181 4697 1194 4736 :
1230 4679 1461 4735 mallem
1496 4698 1529 4736 a
1559 4680 1880 4737 scientibus
1911 4681 2026 4738 ista
2071 4684 2304 4754 perqui-

657 4787 803 4841 rere,
837 4788 962 4841 qua:
993 4771 1122 4841 ipsa
1170 4769 1230 4824 in
1288 4769 1703 4841 compendium
1762 4771 2048 4825 contraxit
2103 4777 2308 4828 auctor

654 4859 790 4916 libri
847 4861 912 4914 de
966 4859 1187 4930 Spiritu
1236 4863 1285 4912 et
1313 4860 1526 4928 anima,
1560 4875 1685 4929 cap.
1718 4859 1812 4930 26,
1841 4860 2126 4917 exstantis
2156 4861 2308 4916 inter

657 4965 832 5022 opera
861 4947 924 5003 B.
955 4945 1290 5019 Augustini.

656 5073 807 5130 189
839 5074 867 5139 §
899 5071 984 5125 11.
1016 5070 1236 5125 Animos
1269 5070 1560 5127 hominum
1615 5074 1876 5142 pessimos
1896 5081 2014 5143 post
2071 5081 2306 5128 mortem

724 5147 784 5200 in
829 5145 1105 5216 daemonas
1152 5145 1310 5213 verti,
1345 5143 1403 5198 S.
1434 5146 1709 5216 August.,
1741 5144 1848 5201 lib.
1887 5145 1956 5199 de
1984 5143 2202 5214 haeres"
2233 5145 2304 5199 ad

726 5215 1178 5286 Quodvultdcum.

721 5341 880 5397 Istud
910 5337 1249 5411 paradoxon
1281 5353 1396 5392 non
1441 5341 1561 5393 tam
1619 5337 1974 5393 Tertulliano
2032 5337 2300 5392 tribuen-

651 5430 789 5484 dum
849 5443 1026 5500 quam
1059 5425 1539 5493 Tertullianistis,
1574 5443 1754 5498 supra
1785 5426 2195 5480 adnotavimus
2227 5428 2298 5481 ad

652 5519 830 5572 finem
856 5517 1000 5570 Vita
1033 5515 1481 5584 Auctoris,quod
1517 5514 1632 5568 illis
1665 5516 1722 5569 id
1756 5514 2098 5569 nominatim
2135 5516 2296 5570 attri-

657 5616 840 5678 quant
865 5607 920 5663 B.
955 5604 1241 5672 Isidorus,
1280 5603 1594 5670 Honorius,
1628 5603 1943 5660 Rhabanus
1975 5608 2032 5658 et
2079 5603 2299 5660 Gratia-

2423 3256 2624 3310 mirari
2651 3271 2874 3328 nequeo
2907 3257 3104 3328 (sicuti
3135 3256 3310 3312 etiam
3343 3257 3613 3313 adnotavi
3646 3259 3717 3314 ad
3749 3259 4090 3329 lib.m,adv.

2419 3343 2582 3398 Marc.
2616 3361 2743 3415 cap.
2774 3345 2829 3412 9,
2863 3361 3027 3400 num.
3059 3345 3167 3415 68).
3202 3345 3525 3401 Guidonem
3559 3348 3939 3405 Carmelitam
3974 3348 4089 3404 lib.

2418 3433 2486 3488 de
2513 3433 2713 3487 Haeres.
2749 3449 2875 3505 cap.
2909 3434 2996 3502 36,
3029 3434 3380 3490 Tertulliano
3412 3439 3724 3507 utramque
3756 3437 3913 3494 hanc
3958 3439 4081 3494 ha:-

2419 3521 2596 3577 resim
2629 3522 2942 3592 ascribere,
2975 3540 3123 3595 quas
3155 3523 3372 3580 rectius
3431 3523 3784 3583 Philastrius
3848 3527 3954 3582 lib.
4015 3527 4086 3582 de

2415 3617 2648 3680 Haeres”
2703 3629 2831 3685 cap.
2892 3614 2982 3683 36,
3041 3613 3196 3670 inter
3244 3612 3639 3670 innominatas
3683 3615 3816 3673 sine
3843 3620 4082 3672 auctore

2418 3707 2577 3758 certo
2608 3701 2870 3758 collocat.

2416 3810 2560 3878 §12.
2593 3809 2668 3884 De
2710 3808 3058 3884 baptizandi:
3107 3812 3408 3877 hxreticis,
3459 3825 3519 3866 eo
3566 3809 3708 3882 quod
3753 3811 3907 3884 apud
3951 3813 4087 3869 illo:

2487 3882 2673 3954 omnia
2701 3882 2926 3936 veritati
2954 3885 3226 3954 extranea
3255 3887 3305 3938 et
3337 3885 3637 3948 contraria,
3670 3882 3822 3939 tom.
3847 3885 3949 3954 III,
3979 3884 4084 3938 lib.

2485 3953 2554 4007 de
2578 3955 2888 4024 praescript.
2923 3952 3044 4006 adv.
3078 3953 3270 4009 Ιιίενει.
3307 3971 3358 4009 c.
3395 3957 3480 4008 12.
3514 3970 3678 4009 num.
3743 3956 3816 4010 78
3867 3952 3943 4011 ac
3991 3957 4083 4022 80,

2485 4028 2542 4079 et
2579 4023 2697 4078 ilib.
2758 4025 2824 4078 de
2855 4026 3123 4095 Baptism.
3155 4041 3205 4080 c.
3242 4025 3327 4092 15,
3362 4043 3418 4080 n.
3450 4026 3587 4087 106;
3621 4030 3772 4082 tom.
3799 4027 3896 4090 IV,
3933 4029 4088 4082 inter

2483 4099 2795 4166 fragmenta
2825 4095 3168 4169 derBaptis.
3230 4096 3448 4160 Graiam;
3504 4102 3648 4153 tom.
3717 4099 3792 4169 V,
3850 4098 3957 4154 lib.
4019 4099 4087 4153 de

2488 4169 2699 4236 Pudic.,
2734 4183 2861 4238 cap.
2898 4168 2985 4236 19,
3020 4184 3184 4224 num.
3219 4169 3341 4222 162.

2487 4273 2566 4328 De
2595 4272 2704 4328 hoc
2750 4272 3056 4345 Agrippini
3108 4273 3638 4346 Carthaginiensis,
3701 4275 4085 4348 aliorumque

2413 4362 2915 4434 coepiscoporum,
2975 4367 3030 4417 et
3087 4363 3452 4429 Tertulliani,
3500 4381 3566 4418 ac
3597 4368 3990 4436 postmodum
4023 4366 4083 4422 S.

2411 4450 3083 4524 Cypriani,aliorumque
3115 4451 3318 4506 Africae
3349 4456 3408 4508 et
3437 4453 3820 4524 Cappadociae
3854 4455 4082 4527 episco-

2457 4557 2622 4595 orum
2685 4541 2998 4611 Paradoxo,
3054 4557 3124 4596 ne
3155 4541 3251 4596 hic
3283 4541 3394 4596 sim
3426 4541 3728 4613 prolixior,
3764 4545 3967 4600 videat
3999 4544 4088 4599 le-

2417 4634 2542 4684 ctor
2571 4629 2842 4684 Adnotat.
2874 4632 3106 4684 nostras
3138 4630 3197 4684 in
3231 4630 3400 4702 epist.
3447 4631 3504 4686 S.
3557 4631 3839 4703 Cypriani
3890 4635 3965 4687 70
4013 4633 4085 4689 ad

2413 4719 2768 4785 Ianuarium,
2820 4719 2885 4771 71
2948 4719 3018 4772 ad
3078 4719 3359 4789 Quintam,
3408 4721 3479 4774 72
3507 4721 3581 4776 ad
3611 4721 3986 4793 Stephanum,
4014 4723 4086 4777 73

2414 4807 2484 4862 ad
2511 4807 2866 4874 Jubaianum,
2898 4808 2968 4861 ’74
2999 4807 3067 4862 ad
3098 4809 3442 4880 Pompeium,
3475 4814 3531 4864 et
3564 4811 3632 4864 76
3661 4811 3736 4866 ad
3797 4813 4086 4884 Magnum,

2415 4895 2552 4950 item
2576 4894 2886 4950 concilium
2905 4895 3384 4970 Carthaginiense
3408 4899 3517 4953 sub
3539 4899 3668 4969 ipso
3689 4899 4086 4967 celebratum;

2414 4989 2472 5038 et
2495 4983 2688 5038 Vitam
2711 4985 2977 5054 ejusdem
3003 4984 3075 5039 ad
3098 5001 3282 5040 annos
3307 4985 3535 5040 Domini
3558 4985 3667 5039 252
3693 5003 3764 5041 ac
3784 4988 3920 5055 256,
3943 4988 4087 5042 item

2415 5071 2741 5127 Firmiliani
2772 5073 2842 5128 ad
2874 5072 3353 5145 Cypr.epistolam
3386 5073 3541 5129 inter
3558 5075 3718 5130 I90
3738 5078 3873 5146 ejus
3897 5077 4090 5149 Opera

2410 5161 2514 5228 75;
2544 5160 2792 5229 denique
2825 5161 3097 5216 Adnotat..
3131 5167 3364 5217 nostras
3397 5162 3456 5216 in
3487 5163 3738 5220 Tertull.
3773 5166 3848 5220 ad
3903 5167 4088 5237 Frag-

2411 5255 2608 5304 menta
2664 5249 2767 5304 lib.
2821 5251 2895 5305 de
2955 5251 3218 5319 Baptism.
3256 5254 3314 5305 et
3340 5249 3399 5304 in
3432 5249 3560 5305 Vita
3592 5253 3871 5321 ejusdem
3904 5253 4086 5309 etiam

2413 5344 2614 5393 nostra
2639 5339 2709 5393 ad
2744 5356 2964 5394 annum
3003 5338 3230 5394 Domini
3259 5341 3382 5394 201.
3417 5338 3644 5405 Quibus
3677 5342 3901 5412 adjicio
3967 5359 4087 5398 non

2409 5427 2625 5482 mirum
2672 5427 2929 5500 cuipiam
2980 5427 3190 5482 debere
3220 5429 3425 5495 videri,
3458 5429 3504 5482 si
3535 5430 3915 5502 Agrippinus
3948 5449 4088 5488 cum

2408 5516 2533 5571 suis
2555 5517 2915 5588 coepiscopis
2947 5515 3060 5572 tale
3088 5517 3383 5572 decretum
3431 5518 3502 5573 de
3559 5519 3946 5589 baptizandis
4011 5522 4084 5577 iis

2405 5605 2506 5676 qui
2543 5620 2614 5659 ex
2646 5604 2853 5661 haresi
2885 5605 2956 5660 ad
2989 5604 3842 5679 oatholicamjrevertebantur,
3875 5610 4083 5667 edide-
