4526 6364
654 371 797 458 ,239

1872 350 2294 418 PABADOXA
2342 347 2865 415 TERTULLIANI

3974 353 4099 414 23.50

675 504 856 568 Beda,
884 501 1191 574 Nicephcr,
1222 498 1284 553 in
1333 496 1565 561 Claram,
1607 508 1763 549 anno
1808 487 2027 546 Tiberii
2061 486 2152 548 18,
2185 498 2326 574 pas-
2356 481 2412 550 Α
2439 482 2857 559 desipuisse,ut
2886 488 3065 546 etiam
3086 489 3187 547 Dei
3217 492 3489 546 naturam
3521 487 3861 562 passibilem
3896 489 4095 545 crede-

682 609 814 650 sum
842 573 1142 647 Christum
1175 581 1666 655 scribunt,mtatis
1700 595 1909 650 nempe
1938 594 2058 633 sua:
2088 575 2181 639 33,
2204 573 2332 644 jam

682 685 933 753 incepto.
969 684 1045 734 De
1076 675 1383 733 consulatu
1416 689 1528 744 quo
1577 670 1771 744 passio
1802 666 2019 723 Chriin
2068 661 2333 733 contigit,

684 789 801 829 non
846 770 931 825 ita
972 767 1325 823 conveniunt
1353 778 1578 818 omnes.
1630 764 1688 814 S.
1729 763 1880 829 Aug.
1930 757 2029 811 lib.
2063 770 2223 821 xvm,
2268 749 2334 804 de

687 862 846 918 Civit.
881 859 1000 923 Dei,
1034 872 1082 910 c.
1117 854 1245 920 ult.,
1279 856 1335 907 et
1371 856 1617 907 Severus
1650 847 1961 919 Sulpitius,
1995 845 2129 898 Hist.
2162 852 2336 895 sacrae

685 948 785 1004 lib.
820 965 880 1014 ιι,
926 944 1192 1001 fortassis
1248 940 1593 999 auctoritate
1625 936 1787 992 ducti
1816 930 2183 998 Tertulliani,
2217 944 2333 983 non

685 1034 1031 1093 examinatis
1059 1033 1245 1087 Fastis
1275 1027 1702 1091 consularibus,
1738 1024 1848 1079 sub
1879 1022 2109 1077 duobus
2140 1015 2335 1073 Gemi-

686 1126 780 1182 nis
810 1123 1120 1187 collocant,
1152 1119 1326 1177 sicuti
1359 1117 1530 1174 etiam
1565 1110 1947 1186 suprascripti
1979 1110 2102 1165 loco
2153 1103 2331 1179 priori

687 1218 979 1270 auctores.
1014 1209 1385 1266 Recentiores
1415 1204 1659 1276 aliquot,
1693 1201 1793 1272 qui
1833 1197 2147 1255 Dominum
2178 1208 2332 1249 anno

680 1301 869 1362 aetatis
898 1301 967 1356 34
999 1314 1241 1372 passum
1272 1289 1833 1361 scribunt,consules
1865 1287 2172 1359 assignant
2199 1280 2334 1337 Gal-

679 1395 819 1450 bam
854 1394 911 1446 et
956 1388 1194 1459 Syllam,
1230 1386 1329 1458 qui
1375 1400 1528 1439 anno
1578 1379 1793 1436 Tiberii
1844 1378 1910 1432 19
1959 1372 2333 1431 consulatum

679 1481 1013 1556 gesserunt.
1043 1480 1263 1532 Verum
1312 1470 1623 1542 Evangelia
1656 1468 1846 1538 magis
1896 1462 2214 1520 conformis
2244 1464 2334 1515 est

681 1585 885 1626 eorum
920 1564 1230 1634 sententia,
1264 1566 1321 1618 et
1352 1557 1699 1615 nominatim
1734 1552 2045 1610 Cassidiori
2076 1549 2332 1620 castiga-

676 1656 974 1728 tioris,qui
995 1669 1216 1710 annum
1239 1647 1536 1706 Passionis
1552 1646 1857 1717 assignant
1869 1640 2212 1697 consulibus
2226 1637 2328 1693 Ch.

674 1726 948 1804 Domitio.
988 1749 1044 1798 li.
1075 1744 1134 1797 Ρ.
1158 1742 1221 1796 L.
1247 1735 1632 1794 Ahenobardo
1658 1739 1713 1789 et
1734 1737 1799 1787 A.
1823 1728 2055 1785 Vitellio
2084 1728 2142 1783 P.
2170 1726 2231 1782 F.
2262 1728 2327 1791 Ω.

2443 580 2620 645 ret,ut
2640 578 2766 649 jam
2798 577 3065 634 Christus
3098 597 3214 634 non
3243 578 3304 635 in
3337 595 3510 635 carne
3534 582 3788 649 tantum,
3813 594 4002 650 neque
4032 579 4092 634 in

2444 680 2617 721 carne
2641 670 2697 723 et
2726 667 2939 736 anima,
2974 668 3075 723 sed
3108 668 3167 723 in
3200 668 3327 741 ipso
3357 667 3569 736 Verbo,
3604 684 3706 740 per
3732 667 3888 739 quod
3942 666 4095 723 facta

2444 759 2583 809 sunt
2612 757 2830 820 omnia,
2851 756 3149 828 passibilis
3180 763 3238 814 et
3266 756 3704 813 commutabilis
3734 772 3862 812 esse
3894 756 4091 812 creda-

2442 846 2558 909 tur,
2592 846 2744 916 quod
2780 846 2932 901 absit
2964 864 2997 902 a
3028 847 3200 902 corde
3229 847 3575 902 christiano.
3614 847 3684 901 Et
3713 862 3950 901 rursum
3984 845 4095 900 ibi-

2444 933 2577 987 dem
2608 934 2801 989 verbis
2821 934 2997 990 etiam
3020 952 3203 1007 supra
3225 935 3421 991 citatis
3448 953 3461 990 :
3485 936 3592 990 Sed
3620 935 3926 990 tremenda
3955 942 4093 989 sunt

2444 1021 2701 1088 ista,nou
2735 1023 2997 1078 ridenda.
3031 1026 3111 1080 Ad
3165 1024 3286 1079 haec
3316 1025 3470 1079 enim
3504 1040 3806 1095 nunquam
3862 1040 4093 1095 cogere-

2443 1114 2559 1177 tur,
2593 1110 2643 1166 si
2692 1110 2914 1183 aliquid
2946 1113 3200 1185 cogitare
3231 1117 3448 1185 posset,
3484 1114 3635 1185 quod
3663 1119 3719 1169 et
3748 1113 3847 1180 sit,
3878 1117 3936 1168 et
3964 1129 4093 1168 cor-

2446 1216 2555 1271 pus
2588 1216 2699 1255 non
2729 1201 2825 1269 sit,
2859 1201 3115 1256 Rursum
3147 1200 3249 1256 lib.
3286 1203 3358 1257 de
3387 1201 3679 1258 haeres.ad
3714 1201 4092 1267 Quodvultd.,

2442 1287 2580 1343 hEBt‘.
2614 1289 2702 1355 86,
2736 1288 2931 1361 ipsum
2959 1289 3134 1345 etiam
3163 1290 3348 1346 Deum
3380 1307 3723 1362 corporeum
3765 1307 3894 1347 esse
3924 1290 4089 1361 dicit,

2442 1376 2578 1431 licet
2608 1394 2721 1432 non
2753 1378 3080 1447 effigiatum
3112 1379 3235 1450 (ubi
3270 1378 3525 1434 alludere
3554 1380 3786 1435 videtur
3811 1380 3883 1435 ad
3916 1378 4019 1435 lib.
4052 1396 4095 1435 ιι

2441 1466 2563 1521 adv.
2618 1466 2827 1538 Illam).
2873 1467 2989 1522 Nec
3037 1473 3232 1523 tamen
3292 1467 3429 1523 hinc
3478 1467 3785 1524 haereticus
3835 1469 4098 1524 creditur

2444 1555 2651 1609 factus.
2687 1555 2888 1610 Posset
2938 1556 3093 1610 enim
3131 1573 3365 1628 quoquo
3421 1557 3594 1612 modo
3649 1557 3865 1628 putari,
3898 1557 4093 1629 ipsam

2443 1648 2711 1698 naturam
2745 1644 3261 1715 substantiamque
3310 1645 3566 1700 divinam
3608 1663 3822 1717 corpus
3866 1662 4094 1714 vocare,

2442 1748 2557 1786 non
2605 1730 2721 1788 tale
2769 1749 2981 1805 corpus
3027 1733 3199 1804 cujus
3242 1738 3457 1805 partes,
3490 1733 3614 1789 aliae
3665 1735 3917 1806 majores
3967 1734 4097 1790 alia:

679 1826 1813 1905 cumquibusconsentiuntadeoomnes
1835 1813 2328 1905 supranominati,
2359 1839 2407 1905 B
2442 1821 2719 1887 minores,
2751 1821 2983 1876 valeant
3012 1821 3097 1877 vel
3131 1822 3383 1877 debeant
3426 1822 3691 1895 cogitari,
3727 1823 3927 1895 qualia
3954 1829 4101 1879 sunt

679 1923 781 1996 qui
830 1903 982 1978 anno
1028 1917 1244 1975 Tiberii
1296 1918 1360 1971 18
1410 1928 1651 1986 passum
1701 1908 2001 1965 Christum
2042 1903 2327 1960 scribunt.

681 2013 789 2076 Qui
821 2011 991 2083 plura
1024 2008 1336 2072 desiderat,
1357 2004 1551 2058 videat
1581 1999 1827 2056 Paulum
1860 1995 2331 2063 Middelburgen-

678 2080 1198 2171 sem,'episcopum
1250 2088 1874 2163 Fcrosempronianum
1925 2084 2093 2139 libris
2145 2083 2233 2145 33,
2264 2080 2334 2135 de

676 2205 825 2246 anno
854 2195 906 2244 et
934 2188 1029 2243 die
1057 2184 1341 2240 Passionis
1383 2179 1623 2236 Domini.
1674 2178 1788 2232 [loc
1821 2190 2003 2230 unum
2035 2171 2334 2243 adjiciam,

679 2278 833 2351 quod
868 2276 1045 2330 habet
1068 2272 1126 2328 S.
1161 2274 1305 2343 Aug.
1343 2269 1381 2325 l.
1414 2285 1475 2331 ιι,
1509 2267 1575 2323 de
1604 2268 1867 2321 Doctrina
1921 2263 2123 2317 Christ.
2161 2260 2328 2331 Igno-

677 2349 867 2424 rantia
897 2361 1241 2420 consulatus
1274 2376 1387 2432 quo
1422 2361 1594 2413 natus
1624 2360 1713 2411 est
1759 2352 2065 2417 Dominus,
2096 2349 2183 2405 vel
2215 2364 2330 2420 quo

676 2470 889 2529 passus
938 2456 1047 2516 est,
1081 2447 1400 2505 nonnullos
1449 2448 1637 2517 coegit
1691 2458 1905 2509 errare,
1950 2444 2013 2497 ut
2058 2440 2333 2511 putarent

679 2526 1075 2616 quadraginta
1104 2554 1204 2595 sex
1225 2551 1514 2592 annorum
1534 2537 1701 2589 astate
1723 2545 1964 2603 passum
1991 2526 2328 2595 Dominum,

676 2614 815 2703 quia
847 2646 947 2702 per
976 2632 1062 2684 tot
1093 2642 1278 2682 annos
1310 2623 1660 2678 aediﬁcatum
1707 2624 1797 2674 est
1826 2616 2137 2689 templum,
2172 2614 2328 2686 quod

673 2701 991 2791 imaginem
1022 2713 1310 2771 Dominici
1346 2711 1606 2782 corporis
1653 2708 1886 2763 habeat.
1918 2704 2027 2760 Ubi
2061 2701 2329 2759 fortassis

672 2808 849 2863 tacite
880 2803 1176 2877 signiﬁcat
1200 2806 1257 2857 S.
1292 2803 1599 2867 Irenaeum,
1631 2796 1735 2852 lib.
1772 2812 1834 2863 ιι,
1868 2811 1992 2866 cap.
2026 2792 2095 2847 39
2148 2795 2205 2847 et
2238 2791 2327 2861 40,

676 2897 775 2969 qui
807 2895 1020 2950 nititur
1066 2892 1313 2963 probare
1361 2903 1598 2961 passum
1649 2885 1947 2940 Christum
2003 2898 2157 2937 anno
2210 2882 2328 2934 fere

676 2979 1256 3057 quinquagesimo,et
1276 2976 1484 3035 saltem
1510 2978 1639 3048 post
1661 2971 2179 3046 quadragesimum
2195 2974 2331 3023 aeta-

673 3074 750 3130 tis
779 3085 1107 3140 annum,ex
1134 3066 1236 3123 illo
1265 3066 1432 3122 Joan.
1466 3064 1591 3119 VIII
1629 3079 1642 3118 :
1678 3059 2115 3132 Quinquaginta
2142 3072 2327 3112 annos

676 3161 937 3219 nondum
986 3158 1188 3214 habes.
1226 3154 1292 3211 Et
1323 3169 1454 3209 vero
1498 3149 1890 3225 ignorantiam
1923 3147 2080 3203 illam
2116 3161 2325 3201 consu-

674 3252 829 3307 latus
859 3246 1176 3319 contigisse
1205 3241 1523 3300 verisimile
1546 3245 1633 3296 est
1655 3239 1831 3295 variis
1853 3240 2156 3293 Fastorum
2183 3250 2323 3290 con-

674 3339 964 3396 sularium
1002 3333 1454 3406 exemplaribus.
1488 3330 1745 3394 Quorum
1778 3327 2065 3398 quosdam
2112 3323 2322 3390 citans,

674 3442 916 3500 prorsus
948 3424 1095 3480 alios
1126 3439 1301 3494 quam
1334 3419 1508 3476 hodie
1553 3419 1804 3486 exstant,
1836 3413 2148 3486 Epiphan.,
2180 3410 2319 3465 hear.

673 3518 766 3587 51,
796 3514 1153 3570 Salvatorem
1183 3526 1424 3582 passum
1459 3507 1665 3563 scribit
1692 3503 1959 3559 Vinnicio
2003 3501 2324 3571 Caesioque

659 3622 845 3677 (coss...
880 3618 1131 3675 quorum
1155 3597 1494 3655 consulatus
1516 3594 1724 3650 incidit
1747 3594 2032 3648 duntaxat
2054 3590 2114 3645 in
2141 3591 2205 3645 13
2227 3606 2324 3645 an-

671 3710 813 3749 num
842 3689 1054 3746 Tiberii
1100 3690 1269 3759 juxta
1316 3684 1718 3756 castigatiores
1766 3686 1988 3737 Fastos.
2022 3679 2180 3734 Facit
2219 3695 2320 3744 pro

671 3783 875 3839 eodem
907 3778 1055 3834 liber
1084 3776 1181 3832 ille
1213 3773 1627 3831 consulatuum
1661 3770 1839 3826 ms.in
1877 3785 1992 3841 quo
2024 3767 2322 3823 adnotavit

671 3870 1016 3943 Cuspinian.
1050 3867 1107 3921 in
1136 3864 1400 3921 Cassiod.
1437 3859 1709 3917 consules
1740 3857 2007 3915 collocari
2042 3858 2189 3913 duos
2216 3856 2320 3912 Ge-

671 3960 862 4015 minos
892 3972 1044 4012 anno
1079 3955 1144 4009 18
1176 3951 1415 4010 Tiberii.

672 4105 700 4171 §
731 4102 815 4156 15.
849 4101 923 4156 De
973 4099 1081 4171 Deo
1130 4110 1429 4171 corporeo,
1454 4081 1611 4171 quod
1639 4090 2180 4171 nilniﬁincorporaie
2214 4091 2316 4171 sit,

742 4178 887 4228 tom.
922 4172 994 4237 ll,
1025 4169 1126 4223 lib.
1160 4160 1230 4224 de
1258 4160 1537 4221 Pcenitfc.
1582 4166 1636 4231 3,
1672 4182 1731 4219 ιι.
1768 4164 1871 4230 12;
1906 4160 2182 4237 tom._lll,
2214 4160 2316 4216 lib.

741 4248 869 4299 adv.
916 4234 1178 4309 Hérmog.
1218 4256 1344 4309 cap.
1377 4240 1468 4297 35.
1515 4254 1677 4291 num.
1732 4238 1828 4290 124
1858 4253 1871 4301 ;
1904 4235 2007 4309 lib.
2042 4234 2108 4289 dc
2153 4249 2320 4309 carae

740 4317 988 4383 Christi,
1035 4306 1163 4383 cap.
1213 4306 1602 4383 2,'num.797
1655 4323 1721 4362 ac
1767 4311 1873 4383 98;
1914 4306 2019 4383 lib.
2060 4322 2138 4383 ιι,
2189 4306 2314 4383 adv.

735 4389 901 4443 Marc.
937 4376 1063 4457 cap.
1099 4376 1191 4450 16,
1213 4376 1388 4457 Vnum,
1424 4382 1623 4457 189,_et
1652 4378 2025 4451 apertissime
2056 4377 2158 4433 lib.
2190 4376 2314 4431 adv.

735 4453 1027 4529 Prauan,
1055 4473 1181 4528 cap.
1212 4456 1267 4526 '7,
1301 4469 1465 4509 num.
1500 4453 1592 4507 54.

2440 1909 2658 1977 omnia,
2693 1926 2821 1981 quae
2853 1910 3086 1982 proprie
3117 1911 3371 1966 dicimus
3398 1928 3645 1983 corpora
3674 1912 3967 1983 (quamvis
4021 1913 4097 1969 de

2439 1998 2636 2054 anima
2680 1998 2798 2055 tale
2846 1999 3072 2071 aliquid
3118 1999 3374 2072 sentiat),
3428 2002 3529 2056 sed
3580 2001 3792 2073 potuit,
3838 2008 3903 2055 ut
3950 2002 4095 2066 dixi,

2441 2092 2747 2160 propterea
2778 2091 2970 2160 putari
3001 2104 3197 2160 corpus
3227 2094 3404 2145 Deum
3436 2090 3649 2155 dicere,
3686 2091 3824 2161 quia
3854 2107 3970 2145 non
4007 2098 4100 2147 est

2439 2176 2609 2248 nihil,
2642 2194 2759 2233 non
2790 2181 2878 2232 est
2908 2176 3185 2247 inanitas,
3211 2194 3329 2232 non
3360 2182 3448 2233 est
3475 2177 3734 2249 corporis
3767 2178 3852 2234 vel
3881 2195 4097 2235 animae

2442 2265 2718 2337 qualitas,
2751 2266 2853 2321 sed
2903 2265 3124 2337 ubique
3155 2264 3316 2333 talis,
3346 2269 3403 2321 et
3441 2282 3545 2339 per
3590 2266 3851 2322 locorum
3902 2267 4102 2340 spatia

2441 2353 2602 2410 nulla
2632 2353 2969 2426 partitus,in
3003 2371 3111 2410 sua
3141 2358 3338 2409 tamen
3368 2358 3577 2410 natura
3610 2360 3785 2427 atque
3816 2355 4101 2411 substan-

2439 2444 2523 2500 tia
2550 2441 3001 2499 immutabiliter
3025 2444 3521 2516 permanet.Certe
3546 2445 3670 2516 ipse
3693 2449 3915 2500 Auctor
3947 2446 4105 2502 satis

2440 2548 2503 2588 se
2576 2530 2845 2603 explicat.
2905 2532 2995 2587 Sic
3054 2530 3094 2586 1.
3148 2532 3274 2587 adv.
3335 2534 3587 2603 Hermog.
3651 2550 3664 2588 :
3725 2555 3753 2583 ‹‹
3814 2536 3889 2588 Ut
3962 2550 4108 2590 con-

2449 2618 2650 2672 cedam
2709 2634 2836 2673 esse
2888 2615 3109 2689 aliquid
3166 2617 3551 2690 incorporale,
3613 2620 3682 2674 de
3741 2620 4104 2677 substantiis

2440 2708 2759 2774 duntaxat;
2794 2723 2928 2761 cum
2974 2706 3105 2779 ipsa
3152 2707 3481 2763 substantia
3507 2724 3719 2780 corpus
3750 2708 3824 2764 sit
3874 2709 3955 2765 rei
3993 2726 4100 2766 cu-

2429 2795 2665 2867 jusque.
2701 2816 2730 2844 »
2762 2795 2829 2849 Et
2858 2792 2958 2849 lib.
2990 2795 3056 2850 de
3104 2795 3331 2866 Anima,
3359 2811 3485 2868 cap.
3525 2798 3580 2864 7,
3615 2814 3673 2851 ιι.
3719 2797 3788 2851 96
3821 2780 3895 2854 με
3930 2797 4104 2855 Nihil

2437 2884 2617 2953 enim,
2651 2883 2702 2940 si
2731 2900 2847 2938 non
2879 2899 3112 2955 corpus.
3148 2904 3176 2934 ››
3210 2888 3355 2940 Item
3385 2883 3489 2941 lib.
3521 2884 3588 2940 dc
3618 2884 3795 2941 Carne
3823 2885 4043 2943 Christi
4075 2905 4095 2943 :

2438 2995 2465 3023 «
2499 2972 2644 3029 Cum
2676 2976 2871 3028 autem
2921 2971 3019 3040 sit,
3052 2971 3264 3028 habeat
3295 2988 3532 3029 necesse
3579 2979 3667 3030 est
3704 2974 3951 3047 aliquid,
3998 2993 4103 3048 per

2436 3062 2592 3134 quod
2655 3065 2764 3118 est.
2798 3061 2858 3117 Si
2916 3061 3092 3117 habet
3148 3061 3370 3135 aliquid
3434 3080 3537 3136 per
3592 3064 3745 3136 quod
3808 3070 3917 3133 est,
3983 3066 4104 3122 hoc

2436 3150 2547 3205 erit
2578 3165 2791 3222 corpus
2841 3149 2989 3220 ejus.
3023 3152 3207 3204 Omne
3253 3149 3405 3220 quod
3454 3153 3565 3220 est,
3599 3160 3812 3223 co‘rpus
3863 3155 3952 3207 est
4010 3153 4108 3209 sui

2437 3241 2725 3311 generis:
2789 3238 2936 3293 nihil
2987 3243 3077 3294 est
3133 3238 3517 3311 incorporale,
3582 3239 3696 3295 nisi
3760 3242 3915 3312 quod
3982 3259 4109 3298 non

2435 3333 2546 3385 est.
2582 3350 2612 3381 »
2665 3327 2922 3400 Denique
2969 3327 3072 3383 lib.
3104 3344 3147 3382 ιι
3177 3327 3302 3383 adv.
3353 3328 3724 3384 Marcionem:
3777 3351 3807 3379 «
3838 3328 3993 3386 Nam
4048 3336 4110 3387 et

2433 3416 2720 3487 dextram,
2753 3414 2966 3487 inquit,
3014 3419 3069 3469 et
3123 3414 3323 3471 oculos
3354 3419 3410 3471 et
3459 3416 3633 3487 pedes
3667 3416 3763 3472 Dei
3813 3415 4109 3490 legimus,

2433 3522 2539 3560 nec
2567 3504 2698 3560 ideo
2728 3508 2927 3560 tamen
2982 3502 3264 3559 humanis
3294 3506 3814 3577 comparabuntur,
3849 3507 3999 3578 quia
4031 3511 4107 3567 de

2432 3593 2821 3667 appellatione
2869 3592 3192 3650 sociantur.
3226 3595 3455 3659 Quanta
3500 3594 3612 3650 erit
3659 3594 3969 3653 diversitas
4005 3598 4100 3654 di-

2429 3684 2548 3739 vini
2591 3683 2853 3756 corporis
2903 3686 2960 3739 et
3006 3681 3253 3737 humani
3303 3683 3414 3739 sub
3467 3682 3688 3740 eisdem
3743 3686 4099 3743 nominibus

2432 3773 2921 3843 membrorum,»
2983 3775 3091 3827 etc.
3140 3772 3419 3827 Caeterum
3471 3776 3648 3829 Deum
3703 3774 4099 3847 incorporeum

2431 3864 2643 3919 docent
2691 3860 2881 3918 caeteri
2912 3861 3111 3916 Patres
3142 3877 3368 3933 omnes,
3400 3865 3458 3917 et
3503 3862 3656 3918 inter
3684 3863 3935 3919 haereses
3970 3866 4098 3922 col-

2431 3953 2627 4009 locant
2657 3952 3019 4009 contrarium
3071 3951 3388 4020 afﬁrmare,
3420 3952 3592 4008 sicuti
3636 3957 3797 4026 patet
3826 3970 3893 4009 ex
3944 3956 4092 4010 Phi-

2429 4042 2654 4110 lastrio,
2687 4042 2741 4097 S.
2774 4043 3045 4113 August.,
3080 4040 3392 4113 Epiphan.,
3422 4040 3801 4109 Theodoreto,
3834 4041 4096 4099 Damas-

2429 4148 2591 4200 ceno,
2628 4131 2867 4195 Isidoro,
2904 4130 3182 4186 Rhabano
3210 4130 3270 4184 in
3319 4129 3611 4202 Catalogis
3655 4130 3911 4187 haeretic.
3949 4149 4091 4189 cum

2426 4219 2828 4277 Audianorum
2888 4218 3011 4276 sive
3061 4218 3797 4290 Anthropomcrphitarum
3861 4220 4104 4277 faciunt

2430 4309 2809 4365 mentionem.

2426 4453 2570 4520 §16.
2626 4453 2700 4507 De
2747 4452 2848 4508 Dei
2898 4452 3006 4520 ira,
3062 4456 3205 4507 tom.
3268 4452 3310 4521 Ι,
3361 4450 3460 4509 lib.
3510 4455 3580 4508 de
3627 4453 3842 4509 Testim.
3890 4454 4095 4511 Anim.

2504 4541 2630 4595 cap.
2661 4528 2716 4599 2,
2746 4540 2910 4599 num.
2942 4525 3013 4599 7;
3048 4528 3191 4599 tom.
3226 4523 3323 4593 Ill,
3352 4523 3458 4599 lib,
3489 4524 3556 4580 de
3584 4524 3792 4599 Anim,
3825 4542 3953 4599 cap.
3997 4530 4096 4597 16,

737 4587 904 4638 Hunc
935 4596 1190 4637 errorem
1221 4575 1579 4634 Tertulliano
1612 4572 2150 4646 ascripseruntjnm
2177 4571 2315 4627 olim
2349 4583 2397 4646 ι)

2307 4590 2315 4627 ι
2349 4583 2397 4646 1)
2502 4571 3458 4668 ﬁliiﬁlii—{7i(iniriam?iii:
3485 4571 3809 4668 ﬂ'c'éﬁi'éii,
3827 4571 4094 4668 ἲῖἷίέῖξ

665 4673 725 4729 S.
760 4675 1010 4744 August.
1044 4668 1185 4724 locis
1238 4684 1371 4722 mox
1414 4663 1686 4728 citandis,
1717 4667 1773 4718 S.
1817 4661 2081 4733 Fulgent.
2113 4660 2216 4716 lib.
2250 4679 2314 4731 ιι,

672 4760 739 4816 de
780 4759 875 4830 ﬁd.
906 4759 977 4813 ad
1031 4761 1207 4823 Petra,
1238 4762 1297 4811 et
1345 4754 1609 4810 Gennad.
1654 4752 1757 4807 lib.
1790 4753 1855 4807 de
1904 4752 2148 4821 Dogmat.
2183 4750 2325 4805 Eccl.

672 4848 890 4904 Verum
919 4847 976 4902 S.
1010 4849 1260 4917 August.
1303 4861 1437 4900 cum
1485 4845 1726 4898 excusat
1773 4840 1868 4895 his
1916 4839 2108 4894 verbis
2154 4838 2256 4894 lib.
2290 4855 2328 4893 x

674 4938 739 4993 de
768 4936 899 4992 Gen.
932 4934 1002 4991 ad
1054 4937 1161 4989 litt.
1196 4951 1323 5004 cap.
1358 4932 1464 4988 ult.
1500 4949 1512 4987 :
1541 4931 1780 4986 Timens
1830 4945 1902 4983 ne
1951 4927 2097 4982 nihil
2147 4934 2323 4995 esset,

676 5028 725 5083 si
760 5043 970 5097 corpus
1018 5040 1129 5079 non
1165 5026 1338 5088 esset,
1374 5037 1478 5077 nec
1526 5020 1596 5075 de
1646 5023 1761 5073 Deo
1802 5017 1987 5072 valuit
2035 5016 2205 5072 aliter
2233 5035 2324 5072 sa-

674 5133 830 5189 pere.
866 5114 970 5179 Qui
1024 5128 1165 5169 sane
1213 5126 1551 5183 quauquam
1602 5108 1709 5178 (sic
1761 5106 1916 5161 enim
1967 5106 2116 5177 lego,
2169 5123 2319 5177 pro:

672 5204 980 5278 quoniam)
1011 5205 1222 5257 acutus
1271 5204 1378 5267 est,
1411 5198 1704 5253 interdum
1738 5200 1942 5250 contra
1985 5195 2320 5267 opinionem

670 5312 840 5350 suam
890 5295 1015 5347 visa
1058 5290 1302 5345 veritate
1351 5289 1682 5357 superatur.
1729 5283 1873 5348 Quid
1927 5284 2083 5338 enim
2131 5287 2322 5341 verius

670 5386 863 5439 dicere
895 5380 1086 5453 potuit
1136 5394 1313 5448 quam
1364 5376 1415 5430 id
1453 5375 1604 5445 quod
1653 5372 1733 5427 ait
1779 5373 2034 5443 quodam
2085 5373 2141 5427 in
2193 5373 2319 5429 loco

670 5475 903 5543 (nempe
936 5469 1048 5525 Idc
1098 5467 1312 5527 Anima,
1366 5480 1493 5534 cap.
1545 5464 1599 5527 7,
1649 5461 1741 5532 98)
1775 5478 1787 5515 :
1821 5483 1849 5509 «
1882 5461 2063 5515 Omne
2112 5478 2318 5533 corpo-

669 5565 790 5619 rale
822 5561 1098 5635 passibile
1129 5558 1302 5614 est?»
1322 5558 1527 5612 Debuit
1555 5571 1690 5627 ergo
1719 5558 1947 5609 mutare
1967 5555 2316 5612 sententiam

668 5670 784 5722 qua
815 5652 953 5708 alibi
980 5652 1206 5705 dixerat
1239 5650 1466 5718 (nempe
1500 5646 1652 5701 193
1682 5643 1783 5698 lib.
1818 5643 1886 5697 ad
1915 5644 2119 5715 Prax.)
2141 5646 2317 5701 etiam

668 5742 836 5795 Deum
867 5755 1066 5808 corpus
1113 5752 1244 5792 esse.
1302 5736 1495 5805 Neque
1546 5732 1702 5789 enim
1755 5731 2007 5788 arbitror
2052 5750 2187 5790 eum
2237 5735 2318 5791 ita

2498 4667 2599 4723 lib.
2632 4684 2695 4733 ιι,
2729 4684 2855 4742 cap.
2892 4669 2977 4732 10,
3003 4685 3167 4742 num.
3198 4668 3302 4735 94;
3336 4666 3437 4724 lib.
3470 4684 3545 4736 ιν,
3576 4666 3703 4742 cap.
3737 4670 3825 4740 15,
3860 4685 3918 4725 n.
3956 4666 4095 4742 195,

2504 4745 2563 4795 et
2592 4755 2720 4810 cap.
2752 4740 2839 4810 31,
2876 4756 3039 4794 num.
3073 4741 3200 4795 507.

2505 4845 2699 4900 Prima
2756 4845 2993 4917 quidem
3055 4846 3199 4902 facie
3255 4846 3488 4902 videtur
3543 4846 3944 4903 Tertullianus
3980 4851 4101 4906 Deo

2432 4935 2751 4991 attribuere
2782 4936 2926 4990 iram
2974 4935 3145 4990 dictis
3192 4934 3358 5000 locis,
3390 4936 3491 4992 sed
3525 4935 3742 5008 ubique
3793 4938 3909 4993 fere
3957 4941 4099 4993 vin-

2430 5024 2653 5092 dictam,
2687 5042 2788 5079 seu
2838 5025 3105 5080 ultionem
3140 5024 3235 5080 Dei
3281 5024 3717 5096 interpretatur.
3752 5031 3817 5082 Et
3847 5043 3983 5082 vero
4032 5029 4100 5085 id

2429 5113 2725 5169 inculcare
2769 5130 2901 5169 eum
2946 5114 3204 5184 oportuit
3246 5117 3439 5181 toties,
3473 5132 3584 5170 non
3634 5115 3825 5171 solum
3879 5121 4106 5174 contra

2429 5206 2653 5274 gentes,
2687 5202 2857 5257 sicuti
2914 5204 3104 5274 primo
3156 5203 3300 5269 loco,
3337 5204 3435 5258 sed
3473 5205 3722 5260 maxime
3771 5205 3899 5260 adv.
3930 5207 4101 5262 Mar-

2429 5291 2604 5356 cion.,
2650 5291 2748 5360 qui
2795 5291 2966 5347 Deum
3014 5291 3314 5347 asserebat
3362 5292 3560 5347 bonum
3609 5293 3912 5363 duntaxat,
3968 5311 4101 5350 non

2426 5397 2559 5435 vero
2599 5380 2867 5435 vindicem
2925 5385 3024 5434 aut
3073 5381 3333 5451 jvdiccm.
3368 5384 3489 5445 Quo
3550 5386 3612 5435 tit
3672 5388 3737 5437 ut
3796 5382 4106 5440 latissime

2427 5470 2705 5525 adversus
2736 5469 2902 5523 illum
2936 5469 3216 5540 disputet,
3238 5474 3295 5525 et
3324 5471 3680 5526 contrarium
3716 5488 3782 5526 ex
3812 5469 4103 5541 Scriptu-

2426 5559 2507 5614 ris
2529 5559 2817 5624 ostendat,
2853 5557 2972 5613 illis
3010 5576 3154 5615 usus
3180 5560 3449 5627 subinde,
3487 5577 3613 5633 quae
3638 5562 3736 5616 ira
3760 5562 3875 5625 Dei,
3905 5564 4106 5633 atque

2427 5650 2569 5704 adeo
2600 5648 2860 5704 vindictae
2890 5649 3249 5704 mentionem
3280 5650 3524 5716 faciunt,
3559 5651 3813 5707 maxime
3842 5650 4100 5709 lib.adv.

2425 5739 2612 5806 Mam,
2647 5754 2696 5792 ο.
2751 5738 2840 5808 25,
2872 5738 2964 5809 26,
2995 5738 3066 5790 27
3113 5742 3172 5793 et
3210 5739 3318 5809 28;
3352 5739 3453 5795 lib.
3506 5756 3569 5810 ιι,
3600 5757 3650 5795 c.
3710 5742 3795 5808 11,
3848 5741 3932 5805 12,
3997 5742 4098 5815 l3,
