4526 6402
178 414 288 472 241

1412 413 1576 477 CUM
1621 413 2021 476 ANTIDOTO
2065 414 2393 477 PAMELII

3493 405 3612 465 242

178 548 262 612 14,
319 547 389 602 15
439 550 497 601 et
556 547 644 601 16.
699 547 801 602 Est
852 548 1085 620 quidem
1133 548 1298 605 locus
1349 565 1524 616 unus,
1555 548 1654 604 ubi
1686 549 1924 616 194Α
1953 547 2157 603 eadem
2192 549 2320 616 ejus
2349 546 2617 602 haeresim
2671 543 2984 616 pertinere,
3025 541 3180 612 quod
3226 539 3306 596 ait
3349 541 3488 595 tom.
3540 537 3612 592 II.

177 644 350 691 motus
384 637 566 690 animi
596 637 655 690 in
689 635 805 692 Deo
833 636 1059 692 videtur
1091 655 1435 709 agnoscere;
1489 638 1588 692 sed
1643 641 1848 707 printer

179 743 351 798 quam
390 725 547 796 quod
585 725 825 793 ibidem,
861 726 1122 782 aemulari
1168 729 1352 794 irasci,
1406 727 1846 797 interpretatur,

183 817 456 871 damnare
491 831 711 883 vexare,
745 821 1039 887 postremo
1073 818 1336 871 omnium
1391 816 1514 870 loco
1565 832 1627 870 se
1659 814 1848 886 magis

189 903 460 976 explicat,
496 921 630 958 cum
677 905 888 960 moveri
941 907 1130 975 Deum,
1182 911 1237 961 et
1287 913 1460 960 motus
1491 905 1550 959 in
1582 905 1708 969 Deo,
1745 920 1846 975 pro

185 995 267 1048 ira
292 993 537 1064 accepit.
568 993 829 1064 Denique
865 1012 1103 1066 prorsus
1122 995 1380 1065 seipsum
1415 993 1664 1065 eXplieat
1694 994 1846 1046 dicto

184 1101 232 1138 c.
267 1083 355 1152 16,
389 1082 494 1137 lib.
528 1099 590 1151 ιι,
623 1083 681 1137 in
713 1083 834 1138 haec
867 1085 1042 1139 verba
1077 1100 1091 1140 :
1136 1106 1162 1134 ‹‹
1215 1083 1343 1140 Sive
1373 1083 1478 1152 ira,
1514 1084 1632 1138 sive
1663 1099 1847 1136 aemu—

180 1171 342 1236 latio,
375 1174 498 1227 sive
544 1173 782 1240 saevitia,
818 1174 1012 1228 debita
1046 1173 1165 1228 hinc
1197 1173 1396 1228 omnia
1445 1177 1585 1228 sunt
1633 1171 1845 1226 severi-

180 1263 305 1327 tati,
339 1260 495 1316 sicut
528 1260 804 1316 severitas
846 1261 1106 1316 debitum
1141 1267 1228 1316 est
1251 1262 1520 1332 justitize.
1566 1282 1593 1310 »
1631 1260 1845 1314 Deinde

181 1368 312 1406 cum
344 1349 656 1422 objecisset
689 1351 861 1408 verba
892 1351 1198 1407 Marcionis
1233 1367 1244 1405 :
1281 1375 1306 1400 ‹‹
1351 1351 1409 1406 Si
1459 1353 1605 1405 Deus
1638 1349 1845 1404 irasci-

182 1446 278 1495 tur
328 1445 384 1494 et
433 1438 807 1505 aemulantur,
867 1444 924 1494 et
967 1439 1286 1506 extollitur,
1339 1445 1395 1494 et
1443 1440 1842 1507 exacerbatur,

182 1545 319 1600 ergo
374 1533 434 1582 et
482 1532 916 1599 corrumpetur,
965 1545 1100 1600 ergo
1145 1537 1197 1584 et
1239 1528 1560 1596 morietur;
1617 1550 1643 1574 »
1702 1525 1844 1581 scite

180 1618 502 1672 admodum
528 1617 877 1688 respondet:
907 1640 933 1667 ‹‹
959 1617 1302 1673 Stultissimi
1334 1619 1434 1689 qui
1466 1618 1536 1672 de
1566 1616 1844 1671 humanis

184 1705 379 1760 divina
419 1705 760 1777 praedicant,
813 1712 875 1761 ut
920 1707 1194 1778 quoniam
1248 1707 1305 1761 in
1358 1705 1592 1761 homine
1639 1722 1842 1760 corru-

179 1795 379 1866 ptoriae
413 1794 764 1850 conditionis
796 1795 1085 1851 habentur
1133 1795 1468 1868 hujusmodi
1513 1795 1839 1866 passiones,

181 1885 402 1940 idcirco
435 1889 491 1940 et
514 1885 572 1939 in
608 1889 718 1940 Deo
746 1885 1009 1955 ejusdem
1039 1890 1226 1941 status
1257 1885 1684 1940 existimentur.
1720 1884 1840 1938 Dis-

183 1990 356 2029 cerne
376 1973 741 2028 substantias
771 1977 828 2028 et
859 1991 998 2029 suos
1029 1975 1114 2030 eis
1144 1974 1431 2029 distribue
1458 1990 1689 2041 sensus,
1715 1977 1836 2028 tam

187 2062 470 2129 diversos,
515 2078 691 2133 quam
741 2063 1082 2118 substantiae
1134 2063 1391 2135 exigunt,
1424 2063 1558 2117 licet
1584 2062 1836 2116 vocabu-

188 2150 256 2206 lis
306 2151 739 2206 communicare
785 2151 1109 2207 videantur.
1157 2156 1302 2207 Nam
1347 2158 1404 2207 et
1434 2153 1748 2218 dexteram,
1782 2153 1840 2205 et

185 2240 383 2296 oculos
416 2245 474 2296 et
503 2241 677 2311 pedes
713 2239 808 2296 Dei
838 2241 1127 2311 legimus;
1181 2258 1285 2296 nec
1315 2241 1443 2295 ideo
1482 2247 1679 2296 tamen
1723 2239 1837 2294 hu-

185 2328 375 2384 manis
435 2330 954 2401 comparabuntur,
1005 2331 1143 2402 quia
1185 2331 1255 2386 de
1298 2329 1686 2402 appellatione
1743 2345 1837 2384 so-

183 2419 440 2472 ciantur.
479 2439 506 2466 ν)

182 2544 210 2609 §
241 2543 330 2596 17.
367 2541 670 2597 Ecclesium
693 2559 808 2598 esse
837 2543 896 2597 in
937 2544 1134 2606 tribus.
1167 2545 1338 2599 etiam
1371 2543 1555 2609 laicis,
1589 2547 1731 2598 tom.
1767 2546 1836 2609 V,

253 2614 357 2668 lib.
392 2614 458 2668 de
484 2616 765 2670 Exhortat.
802 2616 976 2670 castit.
1029 2633 1156 2686 cap.
1206 2618 1264 2682 7,
1311 2634 1475 2672 num.
1507 2617 1594 2686 40,
1628 2620 1686 2671 et
1732 2614 1834 2670 lib.

253 2687 330 2741 du
359 2685 552 2742 Pudic.
586 2703 712 2758 cap.
742 2687 834 2757 21,
869 2703 1032 2742 num.
1068 2685 1188 2742 191.
1581 2685 1586 2686 7
1805 2688 1819 2742 ξ

255 2811 382 2866 Non
415 2811 567 2866 male
597 2810 839 2866 Tertull.
883 2810 985 2866 lib.
1018 2813 1085 2868 de
1117 2814 1408 2868 Pcenitenl.
1442 2829 1494 2868 c.
1533 2813 1623 2882 40,
1657 2829 1714 2867 ιι.
1745 2813 1836 2880 60,

192 2901 438 2966 dixerat,
476 2904 673 2970 utpote
717 2905 849 2955 ante
898 2918 1132 2957 omnem
1173 2901 1442 2958 haeresim
1486 2918 1499 2955 :
1553 2906 1618 2958 In
1648 2917 1757 2956 uno
1786 2906 1840 2957 et

187 2989 360 3044 altero
394 2988 644 3044 Ecclesia
673 2998 771 3056 est,
807 2994 1006 3061 utpote
1037 2992 1135 3062 qui
1171 2991 1247 3046 ibi
1281 2991 1563 3046 alluderet
1591 2991 1661 3045 ad
1697 2990 1839 3045 illud

187 3077 420 3145 (Matth.
453 3078 653 3149 xvm):
691 3079 791 3136 Ubi
834 3088 960 3134 sunt
990 3080 1098 3134 duo
1145 3080 1227 3134 vel
1271 3088 1380 3136 ires
1409 3080 1728 3152 congregati
1782 3081 1840 3133 in

187 3169 412 3221 nomine
442 3183 585 3234 meo,
627 3168 710 3221 ibi
753 3183 873 3222 sum
923 3170 981 3221 in.
1034 3169 1222 3223 medio
1269 3184 1457 3224 eorum
1479 3185 1500 3228 ;
1531 3185 1662 3223 cum
1697 3183 1842 3238 prie-

1958 635 2059 692 lib.
2093 638 2156 690 de
2184 636 2375 690 Coron.
2417 636 2608 700 milit.,
2643 651 2768 705 cap.
2802 633 2855 700 4,
2898 647 3061 685 num.
3112 631 3177 683 47
3229 645 3241 684 :
3295 650 3324 677 «
3376 635 3464 681 An
3494 642 3608 681 non

1955 735 2126 797 putas
2159 724 2316 778 omni
2350 723 2504 777 ﬁdeli
2548 722 2720 777 licere
2770 720 3072 791 concipere
3123 722 3182 774 et
3232 716 3610 786 constituere,

1958 816 2240 870 duntaxat
2269 814 2419 885 quod
2452 813 2567 867 Deo
2599 809 2928 883 congruat?

1957 921 2106 976 195
2143 923 2189 987 ἓ.
2227 920 2310 974 18.
2347 920 2418 973 De
2447 920 2629 973 extasi
2657 933 2767 971 sive
2805 916 3071 983 amentia,
3111 914 3223 968 sive
3251 912 3612 987 spiritaprof

2024 981 2265 1062 plielvico,
2299 991 2542 1045 Montani
2569 998 2618 1043 et
2666 991 2986 1042 insanorum
3028 981 3216 1062 calam
3254 981 3615 1062 Priscillmet

2027 1055 2372 1132 Maximilla’,
2405 1070 2456 1118 et
2501 1062 2795 1126 similium,
2837 1065 2978 1114 tom.
3021 1059 3096 1132 ll,
3154 1056 3253 1132 lib.
3295 1056 3359 1132 (le
3394 1055 3610 1132 l’irgin.

2026 1136 2243 1190 veland.
2299 1126 2424 1206 cap.
2478 1134 2528 1201 1,
2580 1151 2638 1188 ιι.
2675 1134 2738 1186 12
2764 1149 2777 1198 ;
2803 1136 2966 1206 tom.
2998 1129 3112 1206 _IlI,
3158 1127 3258 1183 lib.
3289 1126 3356 1181 de
3384 1127 3606 1180 Anima.

2031 1224 2160 1277 cap.
2211 1209 2264 1270 9,
2317 1201 2387 1260 ιι]
2440 1206 2562 1270 111,
2618 1221 2744 1275 cap.
2787 1201 2902 1277 lib.
2976 1201 3389 1277 ile‘Resurrect.
3452 1214 3606 1277 earn.

2028 1269 2155 1347 cap.
2193 1269 2278 1346 11⁷,
2314 1296 2370 1331 ιι.
2403 1277 2492 1340 98,
2520 1269 2584 1330 ac
2609 1269 2737 1346 cap.
2773 1276 2861 1341 45,
2883 1291 2940 1327 ιι.
2975 1271 3372 1347 l188,cap.‘{i7,
3407 1269 3609 1347 mest,

2029 1341 2134 1404 ult.
2171 1367 2226 1404 ιι.
2264 1341 2408 1413 436;
2447 1347 2581 1401 Adv.
2623 1341 2801 1402 Mare.
2839 1347 2939 1408 lib,
2979 1361 3047 1398 ιν.
3085 1341 3214 1416 cap;
3243 1343 3332 1409 2-2,
3367 1341 3561 1416 n._325
3595 1357 3608 1407 ;

2027 1427 2083 1475 et
2130 1422 2230 1475 lib.
2287 1438 2340 1486 v,
2391 1412 2519 1488 cap.
2571 1420 2624 1484 8,
2678 1436 2736 1473 ιι.
2772 1418 2875 1472 135
2904 1432 2970 1470 ac
3018 1412 3609 1488 136ξ111ιηαάρναέεη

2026 1509 2152 1564 cap.
2182 1493 2238 1559 4,
2263 1492 2410 1558 n.7,
2441 1486 2477 1543 8
2506 1491 2710 1557 ac10;
2758 1496 2815 1543 et
2863 1505 2989 1558 cap.
3042 1487 3130 1553 45,
3165 1503 3224 1541 ιι.
3255 1486 3346 1552 93,
3380 1500 3446 1538 ac
3484 1500 3610 1554 cap.

2024 1567 2110 1630 30,
2148 1581 2205 1618 ιι.
2244 1564 2384 1630 183;
2419 1561 2671 1632 denique
2722 1561 2780 1614 in
2828 1559 3171 1629 Fragmentis
3222 1556 3488 1612 librorum
3530 1571 3612 1611 se-

2020 1640 2170 1708 ptem
2194 1640 2272 1690 De
2301 1635 2528 1690 exstasi.

2023 1743 2202 1798 istam
2233 1739 2503 1796 haeresim
2535 1738 2890 1794 Tertulliano
2911 1737 3036 1808 jam
3067 1735 3207 1791 olim
3238 1733 3610 1806 impegerunt

1948 1835 2004 1885 S.
2038 1831 2346 1898 Pacianus,
2375 1831 2432 1885 S.
2477 1829 2712 1884 Hieron.
2746 1831 2802 1882 et
2850 1825 3210 1895 Nicephorus
3241 1823 3386 1878 locis
3418 1821 3611 1876 citatis

1867 1922 1914 1986 B
1945 1921 2016 1976 ad
2045 1923 2390 1992 Fragmenta
2421 1918 2706 1973 librorum
2751 1917 2879 1987 ejus
2927 1915 2991 1970 de
3035 1914 3280 1977 Exstasi,
3331 1916 3474 1965 tom.
3509 1907 3610 1985 ιν,

1951 2010 2050 2065 ubi
2081 2027 2150 2065 ex
2180 2011 2382 2065 eodem
2415 2008 2648 2062 Hieron.
2681 2012 2738 2062 et
2765 2005 3052 2077 Epiphan,
3087 2001 3458 2059 ostendimus
3491 2001 3614 2053 Ea:-

1945 2101 2120 2155 stasin
2154 2101 2214 2153 in
2243 2099 2449 2152 Adamo
2489 2097 2648 2160 (Gen.
2705 2101 2786 2164 ui,
2821 2094 3003 2148 fuisse
3052 2090 3400 2166 profundum
3442 2102 3595 2158 sopo-

1946 2206 2083 2256 rem,
2114 2205 2228 2242 non
2259 2187 2455 2242 mentis
2485 2185 2834 2247 eviclionem,
2865 2191 2916 2237 et
2938 2183 3189 2237 exslasin
3246 2181 3307 2235 in
3335 2176 3600 2250 apostolis

1947 2277 2156 2351 (Matth.
2188 2293 2348 2348 χχιιι,
2382 2293 2448 2331 ac
2503 2277 2631 2330 Luc.
2666 2273 2742 2346 ιιι)
2801 2275 2965 2329 Petro
3009 2272 3237 2338 Joanne,
3268 2285 3332 2324 ac
3385 2266 3601 2334 Iacobo,

1948 2384 2135 2439 neque
2165 2367 2472 2423 amentiam
2504 2363 2705 2432 fuisse,
2751 2362 2849 2416 sed
2902 2357 3310 2416 admirationis
3350 2354 3597 2412 extasin‘

1947 2474 2136 2528 neque
2184 2455 2360 2511 etiam
2419 2469 2552 2508 cum
2599 2450 2908 2523 prophetia
2954 2449 3153 2520 aliqua
3200 2448 3600 2518 conjunctam.

1947 2547 2168 2601 Deinde
2200 2562 2268 2600 ex
2298 2541 2576 2616 Apostolo
2609 2542 2655 2613 (Ι
2683 2541 2802 2596 Cor.
2848 2541 2988 2612 xw),
3040 2535 3423 2610 quantumvis
3465 2550 3602 2589 con-

1947 2634 2192 2690 trarium
2226 2637 2443 2688 Auctor
2471 2629 2685 2694 eliciat,
2711 2629 2909 2684 addita
2946 2642 3252 2700 perperam
3284 2621 3553 2680 clausula
3586 2637 3601 2674 :

1948 2723 2007 2778 in
2041 2723 2222 2778 extasi
2255 2724 2523 2777 constare
2571 2719 2844 2791 spiritum
2886 2717 3304 2790 prophetarum
3352 2710 3604 2785 prophe-

1947 2813 2025 2868 tis
2079 2812 2410 2882 subjectum
2461 2825 2608 2876 esse,
2661 2813 2857 2879 utpote
2935 2823 3067 2861 cum
3127 2805 3313 2876 (juxta
3369 2799 3603 2855 Hieron.

1947 2903 2123 2958 verba
2152 2901 2232 2955 ibi
2264 2900 2459 2965 citata,
2493 2902 2549 2954 et
2598 2897 2835 2969 Origen,
2885 2897 3043 2952 hom.
3076 2895 3110 2948 6
3149 2895 3210 2948 in
3242 2890 3605 2959 Ezechielem)

1951 2988 2252 3061 prophetia
2301 2987 2448 3044 visio
2499 2991 2752 3052 vocetur,
2787 3002 2968 3056 quam
3017 2984 3158 3039 adeo
3198 2979 3606 3050 intelligehant

1950 3079 2263 3150 prophetas,
2310 3081 2617 3148 propterea
2666 3074 2914 3131 Videntes
2969 3069 3270 3144 appellati,
3301 3085 3416 3124 non
3469 3081 3603 3121 vero

1953 3172 2016 3224 ut
2046 3171 2310 3222 amentes
2343 3164 2508 3220 inviti
2536 3164 2950 3235 loquebantur,
2986 3164 3089 3216 aut
3118 3159 3245 3214 sine
3285 3159 3478 3212 mente
3509 3170 3602 3209 so-

188 3255 453 3312 misisset
483 3255 655 3327 paulo
690 3256 894 3328 prius;
921 3257 1020 3312 Dic
1049 3258 1323 3312 Ecclesize.
1357 3257 1518 3320 Quod
1549 3261 1745 3311 tamen
1770 3255 1840 3310 de
1871 3291 1914 3358 ρ
1952 3273 2094 3312 num
2128 3256 2365 3311 dabant.
2405 3253 2562 3308 Unde
2595 3251 2866 3322 colligere
2910 3255 3000 3305 est
3041 3264 3238 3304 revera
3287 3248 3604 3347 amentiam

193 3345 480 3416 praefectis
523 3344 788 3400 Ecclesiae
836 3346 1146 3417 episcopis,
1193 3363 1308 3401 non
1358 3362 1490 3402 vero
1547 3345 1617 3401 de
1675 3344 1840 3400 laicis

191 3435 646 3506 interpretantur
674 3438 897 3490 veteres
951 3452 1176 3503 omnes,
1211 3435 1336 3507 ipse
1373 3451 1603 3505 quoque
1636 3435 1839 3490 eodem

186 3524 309 3579 loco
342 3527 585 3594 loquens
614 3523 684 3578 de
709 3524 1131 3590 sacerdotibus,
1166 3524 1382 3596 quibus
1413 3524 1586 3579 fiebat
1617 3540 1842 3579 exomo-

188 3612 425 3683 logesis.
460 3613 703 3667 Prorsus
733 3613 908 3668 etiam
953 3614 1303 3669 catholicum
1341 3617 1429 3668 est
1454 3612 1597 3668 illud
1631 3613 1734 3668 lib.
1775 3613 1840 3666 de

191 3703 434 3774 Raptim.
470 3717 595 3772 cap.
637 3703 691 3770 9,
727 3719 888 3757 num.
920 3703 986 3756 47
1019 3718 1032 3756 :
1075 3724 1100 3755 α
1129 3702 1234 3758 Ubi
1284 3707 1423 3771 tres,
1479 3702 1536 3756 id
1593 3707 1706 3768 est,
1734 3702 1838 3757 Pa-

190 3796 296 3857 ter,
345 3795 402 3845 et
451 3789 628 3846 Filius
676 3795 734 3846 et
787 3789 1037 3862 Spiritus
1105 3797 1366 3856 sanctus,
1424 3791 1500 3845 ibi
1564 3790 1839 3854 Ecclesia,

191 3880 328 3950 quia
361 3880 540 3933 trium
573 3895 785 3952 corpus
817 3885 926 3936 est.
960 3902 988 3930 »
1019 3880 1234 3935 Verum
1269 3881 1336 3934 ad
1364 3880 1629 3935 haeresim
1665 3879 1840 3950 perti-

192 3974 307 4032 net,
335 3969 490 4024 sicut
518 3969 688 4024 etiam
715 3987 773 4025 in
806 3969 937 4025 Vita
966 3969 1093 4040 ejus
1123 3969 1552 4035 adnotavimus,
1575 3968 1836 4024 illudlib.

190 4059 255 4112 de
283 4058 515 4113 Exhort.
568 4060 748 4114 casm.
791 4075 803 4114 :
839 4080 867 4107 ‹‹
899 4059 1008 4113 Sed
1041 4063 1098 4113 et
1127 4059 1226 4113 ubi
1274 4063 1410 4123 tres,
1442 4057 1700 4113 Ecclesia
1729 4060 1838 4122 881,

191 4145 324 4201 licet
354 4145 506 4200 laici.
548 4145 974 4218 Unusquisque
1022 4149 1176 4201 enim
1211 4147 1283 4202 de
1331 4147 1444 4202 ﬁde
1472 4146 1630 4201 vivit.
1666 4169 1693 4194 »
1722 4149 1839 4201 Ma-

187 4233 343 4288 xime
379 4249 512 4288 cum
535 4224 742 4290 iisdem
775 4235 891 4290 fere
936 4235 1129 4290 verbis
1176 4235 1433 4306 idipsum
1481 4239 1704 4306 repetat
1736 4234 1836 4290 lib.

188 4321 254 4377 de
282 4322 528 4378 Pudicit.
559 4339 570 4388 ;
603 4338 673 4377 ex
703 4339 818 4394 quo
866 4323 990 4380 loco
1029 4323 1324 4395 colligitur
1352 4341 1418 4380 eo
1449 4324 1678 4380 venisse
1705 4339 1839 4379 eum

190 4411 519 4478 dementiae,
556 4411 639 4466 uti
671 4410 1090 4468 existimaverit
1110 4412 1413 4469 Ecclesium
1444 4414 1627 4468 fuisse
1657 4415 1716 4467 in
1736 4414 1840 4467 tri-

190 4499 308 4569 bus,
362 4515 570 4571 nempe
620 4500 915 4569 Montano,
972 4501 1166 4557 Prisca
1221 4506 1278 4558 et
1327 4502 1647 4558 Maximilla
1679 4519 1692 4558 :
1727 4517 1841 4573 quo

1952 3347 2158 3414 fuisse,
2191 3361 2303 3400 non
2336 3342 2702 3415 prophetiam,
2735 3344 2795 3395 in
2845 3340 3120 3394 Montano
3170 3340 3225 3392 et
3263 3335 3391 3406 ejus
3424 3349 3601 3406 pseu-

1949 3433 2436 3508 d0prophetissis,
2480 3437 2654 3502 atque
2677 3431 2818 3485 adeo
2847 3431 2956 3484 Deo
3007 3427 3356 3498 disponente
3385 3425 3606 3478 factum

1950 3542 2101 3590 esse,
2135 3527 2198 3578 ut
2227 3521 2311 3578 vel
2345 3521 2453 3576 hac
2485 3518 2876 3592 appellatione
2925 3515 3037 3572 sibi
3085 3515 3199 3587 ipsi
3248 3510 3607 3568 contradice-

1949 3619 2038 3670 ret
2085 3617 2321 3667 Auctor.
2359 3611 2622 3681 Idipsum
2674 3607 2914 3679 pulchre
2961 3611 3098 3660 ante
3145 3603 3277 3658 illos
3327 3601 3609 3656 adversus

1948 3707 2285 3758 Montmum
2345 3698 2585 3755 deduxit
2651 3695 3055 3768 Apollonarius
3137 3689 3608 3763 llierapolitanus

1949 3794 2258 3865 episcopus
2306 3789 2460 3861 apud
2515 3787 2721 3842 Euseb.
2771 3785 2874 3840 lib.
2916 3802 2969 3849 v,
3027 3800 3154 3853 cap.
3207 3782 3292 3847 15,
3345 3778 3610 3835 scribens

1950 3881 2081 3936 illos
2126 3881 2337 3951 spiritu
2385 3878 2638 3949 quodam
2676 3874 2930 3943 maligno
2970 3872 3259 3942 abreptos,
3293 3870 3608 3951 derepente

1949 3972 2144 4027 furore
2161 3947 2230 4025 et
2277 3947 2492 4023 mentis
2523 3964 2758 4020 insania
2786 3963 2987 4034 (quam
3026 3960 3272 4015 exstasin
3301 3947 3610 4018 vocabant)

1950 4061 2291 4133 exagitatos,
2326 4055 2663 4128 peregrinas
2705 4053 2992 4125 quasdam
3039 4065 3205 4104 voces
3257 4045 3520 4114 fundere,
3554 4046 3611 4098 et

1950 4156 2330 4220 contraquam
2357 4144 2626 4201 Ecclesia:
2676 4140 3060 4206 consuetudo,
3094 4154 3227 4193 cum
3274 4133 3609 4203 traditione,

1947 4243 2075 4294 tum
2115 4236 2486 4291 successione
2519 4231 2780 4303 antiquis
2830 4231 2901 4286 ab
2940 4227 3344 4301 apostolorum
3376 4230 3608 4294 tempo-

1949 4327 2114 4383 ribus
2146 4343 2210 4381 eo
2242 4340 2428 4395 usque
2455 4321 2713 4378 derivata
2739 4315 3459 4392 postulabat,prophetare
3491 4311 3609 4365 sci-

1950 4419 2087 4473 licet
2115 4415 2381 4486 coepisse.
2432 4412 2583 4467 Gitat
2627 4410 2720 4464 ille
2768 4409 2949 4480 (apud
3001 4406 3211 4461 Euseb.
3245 4421 3293 4459 c.
3327 4401 3514 4472 seqq.)
3551 4403 3608 4454 et

1951 4504 2206 4562 Miliadis
2237 4503 2453 4558 librum
2497 4501 2778 4555 adversus
2828 4497 3123 4562 eumdem,
3156 4494 3216 4548 in
3256 4507 3369 4564 quo
3411 4496 3608 4545 osten-

185 4589 444 4659 pertinet
493 4591 646 4660 quod
701 4589 782 4646 ibi
830 4595 1107 4662 prieterea
1152 4598 1342 4664 negat,
1390 4593 1685 4648 Ecclesium
1730 4607 1842 4647 esse
1876 4662 1904 4664 _
1953 4595 2057 4661 dit,
2094 4591 2332 4648 minime
2364 4591 2521 4646 credi
2564 4592 2850 4659 oportere,
2901 4599 3260 4656 quemquam
3289 4579 3606 4653 prophetam

189 4694 487 4733 numerum
516 4681 916 4752 episcoporum.
965 4685 1180 4737 Verum
1217 4662 1328 4736 late
1353 4681 1711 4737 contrarium
1743 4683 1840 4736 de-
1873 4662 1920 4726 D
1953 4686 2145 4738 furore
2202 4680 2490 4752 percitum
2551 4675 2876 4749 prOphelarc
2931 4671 3135 4727 solere.
3198 4674 3397 4740 Neque
3447 4664 3604 4722 enim

189 4768 475 4823 duximus
508 4768 704 4825 adnot.
747 4769 964 4826 nostris
1000 4769 1062 4825 in
1109 4771 1302 4827 locum
1349 4771 1624 4842 priorem,
1657 4769 1741 4826 vel
1774 4787 1843 4826 ex

186 4857 318 4929 ipso
363 4856 722 4914 Tertulliano
766 4859 955 4915 adhuc
1002 4859 1307 4925 catholico,
1342 4868 1406 4916 ut
1434 4861 1607 4916 etiam
1642 4860 1841 4916 adver-

188 4963 294 5001 sus
337 4945 890 5019 Magdeburgenses,
929 4949 1028 5021 qui
1058 4949 1196 5005 inde
1252 4950 1600 5023 colligebant
1646 4949 1843 5006 Eccle-

189 5034 341 5090 siam
376 5052 503 5092 esse
533 5037 590 5092 in
624 5037 844 5109 paucis.
876 5039 933 5092 Si
983 5038 1116 5110 quis
1148 5039 1316 5111 plura
1367 5041 1678 5107 desideret,
1712 5057 1842 5111 pcr-

187 5123 346 5196 legat
378 5123 581 5192 libros,
615 5132 904 5199 quotquot
952 5128 1190 5199 scripsit
1236 5129 1294 5184 S.
1349 5131 1596 5200 August.
1643 5134 1845 5185 contra

187 5212 544 5284 Donatistae,
582 5215 683 5287 qui
712 5217 1096 5288 Scripturaris
1124 5223 1250 5272 tum
1275 5217 1516 5285 Veteris,
1548 5224 1676 5274 tum
1700 5225 1820 5275 Nov

189 5303 548 5359 Testamenti
591 5306 984 5378 undequaque
1031 5307 1344 5379 congessit,
1376 5309 1592 5380 quibus
1621 5313 1847 5366 constet

191 5407 302 5446 non
356 5391 415 5446 in
465 5410 580 5449 uno
609 5394 734 5450 solo
767 5395 1219 5465 terrarumloco,
1254 5401 1454 5469 utpote
1503 5399 1714 5466 Africa,
1749 5404 1846 5454 Ec-

193 5479 431 5536 clesiam
465 5498 614 5555 esse,
671 5484 772 5539 sed
816 5488 936 5539 toto
986 5485 1124 5540 orbe
1163 5490 1453 5542 terrarum
1496 5488 1844 5560 dispersam,

190 5569 356 5638 juxta
407 5575 461 5627 et
517 5573 800 5629 vaticinia
863 5574 1278 5646 prophetarum
1337 5580 1394 5632 et
1452 5577 1846 5648 apostolorum

197 5660 526 5720 testimonia
556 5663 809 5720 clariora
840 5679 853 5718 :
887 5679 1003 5735 quo
1033 5663 1308 5720 lectorem
1365 5666 1742 5735 remittimus,
1777 5681 1848 5722 ne

201 5745 295 5804 hic
333 5751 679 5822 prolixiores
726 5751 933 5809 simus.
982 5755 1102 5810 Hoc
1172 5769 1353 5810 unum
1417 5755 1719 5826 addemus,
1775 5754 1846 5810 ad

1951 4772 2056 4842 (uti
2088 4788 2156 4827 ex
2180 4768 2276 4825 illo
2311 4768 2470 4835 citat)
2497 4780 2855 4838 quamquam
2887 4761 3112 4816 Veteris
3162 4764 3264 4815 aut
3292 4755 3434 4812 Novi
3465 4757 3606 4811 Tes-

1953 4860 2197 4916 tamenti
2248 4857 2575 4930 prophetam
2624 4853 2872 4925 allegare
2923 4854 3216 4923 poterunt,
3256 4864 3356 4919 qu1
3397 4845 3607 4900 insano

1951 4950 2158 5023 spiritu
2191 4949 2315 5020 (per
2345 4945 2586 5014 exlasin)
2637 4944 2707 4998 ad
2759 4942 2914 4997 hunc
2965 4941 3204 4996 modum
3256 4936 3472 4992 fuerint
3502 4934 3606 4989 ali-

1957 5038 2188 5112 quando
2223 5035 2516 5107 exagitati.
2539 5038 2737 5104 Neque
2768 5032 2838 5086 de
2867 5031 3087 5103 Agabo,
3113 5044 3302 5100 neque
3333 5026 3402 5080 de
3432 5024 3606 5093 Juda,

1957 5143 2147 5199 neque
2178 5127 2247 5182 de
2277 5125 2415 5194 Sila,
2457 5138 2646 5194 neque
2679 5121 2748 5176 de
2793 5119 3046 5192 Philippi
3095 5118 3330 5173 ﬁliabus
3361 5117 3495 5187 (Act.
3527 5129 3606 5180 x1,

1958 5220 2044 5282 15,
2075 5218 2188 5287 21),
2224 5231 2410 5287 neque
2457 5214 2526 5267 de
2581 5210 2811 5265 Ammia
2848 5227 2916 5264 ex
2953 5205 3380 5278 Philadelphia,
3424 5217 3612 5272 neque

1957 5309 2027 5362 de
2084 5307 2375 5370 Quadrato
2426 5302 2619 5374 (cujus
2672 5298 2940 5354 meminit
2988 5299 3141 5353 Hier.
3194 5295 3366 5349 Catal.
3422 5292 3610 5360 script.

1955 5395 2202 5466 Βατία),
2252 5409 2439 5464 neque
2483 5391 2554 5446 de
2604 5389 2734 5445 aliis
2784 5387 3087 5459 quibusvis
3119 5388 3414 5457 praeterea,
3455 5379 3611 5451 quod

1954 5502 2166 5541 vesano
2198 5483 2460 5554 ipsorum
2495 5497 2653 5535 more
2687 5478 2787 5532 illa
2835 5494 2902 5531 ex
2940 5481 3100 5547 parte
3132 5470 3444 5539 aliquando
3477 5483 3609 5538 pro-

1957 5573 2346 5648 phetaverint,
2403 5570 2643 5628 omnino
2705 5564 2940 5639 gloriari
3002 5564 3292 5635 poterunt.
3348 5560 3609 5648 Quorum

1958 5647 2197 5720 domina
2267 5667 2575 5734 propterea
2635 5671 2762 5712 sese
2818 5651 3184 5710 recensuisse
3229 5647 3609 5723 postmodum

1956 5753 2198 5821 indicat,
2247 5751 2401 5822 quod
2455 5746 2811 5820 jaetitarent,
2856 5740 3131 5798 mulieres
3172 5739 3308 5797 illas
3346 5735 3610 5797 Montani
