4526 6336
645 427 764 487 243

1847 413 2279 482 PARADOXA
2321 406 2854 472 TERTULLIANI

3936 412 4056 470 2“

642 555 761 611 illis
791 554 1152 611 omnibusin
1176 554 1490 626 prophetia;
1523 562 1738 609 manu,
1772 554 2032 625 proxime
2063 566 2294 607 ειιοοθε-
2325 542 2380 608 Α
2408 539 2526 596 illis
2555 539 2792 607 Christi,
2821 539 2991 595 Joan.
3026 538 3154 594 VIII
3186 555 3200 594 :
3229 537 3503 593 Abraham
3542 537 3838 593 exsultavit
3880 547 3942 595 ut
3969 541 4053 595 vi-

647 645 817 715 sisse,
863 660 977 699 non
1027 643 1195 698 aliter
1243 648 1418 714 atque
1479 644 1646 714 (teste
1699 643 1932 698 llieron.
1988 641 2114 695 loco
2164 639 2289 708 jam

645 733 843 801 citato)
875 732 934 787 in
967 732 1130 787 libris
1163 739 1386 802 septem
1433 733 1503 788 de
1552 733 1788 802 Exstasi,
1839 746 2088 802 quorum
2123 727 2289 798 septi-

645 839 810 877 mum
842 821 1077 892 scripsit
1106 821 1385 876 adversus
1403 819 1776 892 Apollonium
1809 816 2292 883 Tertullianus,in

646 910 1089 966 confirmatione
1151 909 1418 979 ejusdem
1468 909 1702 964 illarum
1750 905 2294 980 pseudoprophetis:

645 998 900 1069 scripsit,
933 999 1088 1053 196
1159 999 1462 1053 Metilonem
1508 1015 1736 1054 suorum
1770 996 2092 1070 prophetam
2137 999 2295 1065 puta-

643 1097 780 1152 tum,
804 1092 868 1142 ut
887 1086 969 1143 ita
989 1086 1162 1142 tacite
1183 1087 1614 1144 successionem
1639 1087 1956 1158 quamdam
1981 1083 2295 1156 prophetiae

641 1180 924 1246 tanquam
950 1191 1097 1230 versa
1131 1176 1477 1231 insinuaret.
1503 1176 1764 1246 Denique
1791 1173 2131 1246 Apollonius
2149 1171 2296 1226 libro

644 1281 751 1320 suo
779 1265 1060 1320 adversus
1089 1263 1486 1336 Cataphrygas
1517 1263 1624 1332 (uti
1656 1264 1865 1335 legitur
1893 1263 2046 1335 apud
2082 1262 2293 1317 Euseb.

645 1354 909 1425 ejusdem
941 1352 981 1408 l.
1011 1369 1062 1410 ο.
1105 1354 1187 1423 17)
1220 1359 1468 1408 testatur
1513 1353 1777 1408 Zoticum
1821 1352 2157 1424 episcopum
2191 1351 2296 1406 Co-

647 1459 856 1512 manas,
887 1459 1020 1497 cum
1055 1447 1340 1514 Pepuzam
1372 1443 1764 1512 adventasset,
1789 1441 1869 1496 ibi
1925 1440 2298 1496 Maxiximilla

645 1531 994 1603 prophetare
1026 1547 1087 1586 se
1119 1530 1460 1598 simulante,
1490 1531 1766 1587 insanum
1800 1531 1859 1585 in
1891 1531 1991 1586 illa
2020 1531 2295 1602 spiritum

647 1621 1125 1691 deprehendisse.
1163 1619 1452 1674 Similiter
1489 1619 1768 1691 Serapion
1807 1619 2046 1691 (ibidem
2099 1636 2149 1674 c.
2183 1620 2294 1688 18),

649 1708 1036 1765 antiochenus
1081 1709 1412 1781 episcopus,
1448 1709 1682 1764 beatum
1732 1714 1927 1764 Sotam
1957 1709 2016 1764 in
2047 1708 2298 1763 Anchia-

649 1797 706 1853 lo
737 1797 994 1853 voluisse
1044 1797 1314 1854 Priscilla:
1355 1799 1686 1854 daemonum
1733 1798 1964 1868 ejicere,
1998 1797 2098 1854 sed
2145 1803 2297 1852 vete-

651 1887 898 1941 ratorios
956 1885 1087 1941 illos
1144 1885 1478 1958 hypocritas
1539 1885 1876 1958 neutiquam
1940 1886 2298 1958 permisisse.
2333 1907 2380 1972 Β

650 1977 934 2030 Caeterum
969 1973 1114 2030 nihil
1145 1991 1248 2046 pro
1280 1979 1527 2030 Auctore
1574 1975 1730 2043 facit,
1785 1975 1938 2047 quod
1974 1973 2076 2031 lib.
2110 1992 2144 2030 v
2173 1975 2296 2030 adv.

654 2064 829 2120 Marc.
871 2062 1239 2135 prophetandi
1271 2065 1366 2136 jus
1415 2065 1584 2119 etiam
1641 2065 1902 2120 mulieres
1923 2063 2120 2120 habere
2162 2081 2298 2119 con-

652 2153 876 2229 tendat,
918 2168 986 2207 ex
1029 2169 1096 2208 eo
1144 2153 1298 2225 quod
1347 2155 1367 2208 Ι
1414 2155 1542 2209 Cor.
1597 2170 1674 2221 x1,
1723 2155 2038 2226 Apostolus
2086 2153 2303 2208 Mulieri

650 2229 818 2298 etiam
845 2240 1209 2313 prophelanti
1238 2245 1480 2298 velamen
1509 2245 1752 2314 imponat
1782 2260 1802 2305 ,°
1849 2243 1988 2314 quia
2036 2259 2150 2298 non
2203 2259 2298 2298 ve-

649 2347 772 2384 ram
818 2331 1212 2402 prophetiam,
1245 2332 1346 2386 sed
1398 2332 1611 2387 mentis
1665 2333 1982 2388 amentiam
2026 2333 2207 2388 fuisse
2239 2333 2296 2386 in

647 2419 876 2474 insanis
908 2417 1024 2475 illis
1046 2420 1278 2476 vatibus
1311 2419 1574 2476 Priscilla
1595 2425 1651 2475 et
1676 2421 1990 2477 Maximilla
2013 2423 2138 2492 jam
2172 2438 2297 2493 pro-

645 2507 850 2560 b'atum
881 2512 972 2562 est
1023 2523 1036 2560 :
1098 2512 1161 2562 ut
1209 2513 1431 2562 taceam
1479 2509 1632 2579 quod
1681 2507 1784 2563 illa
1834 2508 2142 2580 impugnet
2173 2510 2296 2579 ipse

648 2589 840 2650 adhuc
871 2595 1214 2666 catholicus,
1243 2596 1344 2652 lib.
1395 2597 1458 2650 de
1496 2598 1728 2652 Praescr.
1775 2596 1896 2652 adv.
1947 2596 2138 2654 haeret.
2181 2614 2296 2670 xm,

647 2683 708 2738 in
741 2683 862 2739 haec
899 2684 1112 2741 verba:
1139 2709 1164 2734 «
1193 2686 1336 2757 ipsa:
1361 2685 1638 2740 mulieres
1659 2685 1938 2740 haereticis
1969 2703 2146 2756 quam
2178 2703 2301 2756 pro-

653 2789 820 2828 caces
853 2789 865 2827 :
927 2789 1054 2844 quae
1087 2775 1342 2830 audeant
1385 2775 1610 2841 docere,
1643 2775 2014 2841 contendere,
2045 2776 2301 2831 exorcis-

654 2877 785 2917 mos
835 2877 1026 2934 agere,
1077 2862 1410 2918 curationes
1468 2863 1894 2936 repromittere,
1947 2864 2188 2920 forsitan
2247 2869 2303 2920 ct

652 2950 968 3023 tinguere:
1011 2975 1034 3003 ι
1071 2951 1225 3007 sicut
1253 2951 1429 3008 latius
1460 2952 1538 3007 ibi
1570 2953 1941 3008 deduximus.
1976 2970 2139 3008 num.
2174 2955 2300 3017 260,

650 3040 777 3110 261,
809 3041 916 3094 262
945 3056 1011 3095 ac
1051 3041 1177 3110 263,
1229 3042 1299 3097 ad
1350 3041 1450 3097 lib.
1500 3041 1564 3096 de
1604 3043 1760 3114 Bapt.
1793 3042 1914 3097 adv.
1951 3043 2298 3110 Quibtillam,

651 3129 828 3185 etiam
858 3129 1197 3187 Montanicaz
1231 3130 1580 3187 factionibus
1613 3130 1911 3198 feminam,
1945 3148 2108 3188 num.
2136 3133 2191 3187 2.

652 3252 806 3327 §19.
832 3254 1036 3310 Filium
1068 3255 1168 3310 Dei
1211 3255 1489 3311 Christum
1532 3272 1744 3327 semper
1791 3257 1967 3312 visum
2013 3259 2082 3312 ab
2128 3259 2303 3313 homi-

723 3325 906 3393 nibus,
940 3329 998 3381 in
1030 3343 1182 3395 vera,
1211 3330 1312 3381 etsi
1338 3345 1445 3382 non
1496 3325 1655 3382 nata
1684 3345 1871 3391 carne,
1922 3335 2065 3383 tom.
2106 3329 2146 3394 l,
2197 3329 2298 3384 lib.

729 3395 853 3452 adv.
883 3397 1007 3453 Jud.
1043 3415 1169 3468 cap.
1201 3400 1256 3467 9,
1304 3417 1360 3453 n.
1414 3400 1536 3461 114,
1573 3400 1674 3453 145
1705 3417 1719 3467 ;
1765 3405 1912 3454 tom.
1947 3403 2042 3468 III,
2077 3400 2178 3455 lib.
2237 3401 2304 3454 de

729 3468 905 3522 Carne
934 3470 1158 3534 Christi,
1193 3484 1320 3540 cap.
1351 3470 1407 3536 6,
1440 3487 1498 3523 n.
1547 3472 1654 3535 58;
1705 3469 1826 3524 adv.
1872 3474 2050 3526 Marc.
2100 3470 2202 3526 lib.
2239 3489 2302 3536 11,

730 3555 857 3610 cap.
889 3541 1072 3621 27,_n.
1111 3542 1248 3608 187;
1285 3541 1383 3595 lib.
1441 3541 1532 3608 Ill,
1583 3558 1708 3612 cap.
1756 3543 1915 3623 5,.n.
1969 3544 2058 3610 39,
2090 3559 2217 3614 cap.
2249 3543 2302 3611 9,

731 3627 790 3664 n.
817 3611 926 3669 65;
960 3609 1062 3666 11h.
1121 3629 1171 3669 ν.
1221 3629 1327 3669 can
1405 3613 1490 3669 19.
1541 3629 1598 3666 ιι.
1632 3614 1774 3669 296;
1811 3611 1910 3668 11b.
1943 3615 2074 3669 adv.
2108 3615 2302 3669 Pra.v..

731 3627 790 3664 n.
817 3627 926 3676 oo;
961 3627 1062 3666 nn.
1121 3629 1171 3678 ν,
1221 3629 1327 3683 cap
1405 3627 1490 3680 19,
1541 3629 1598 3666 ιι.
1632 3627 1774 3677 290;
1811 3627 1910 3668 nn.
1943 3627 2074 3669 aav.
2108 3627 2306 3683 Prae,

730 3697 858 3752 cap.
893 3682 979 3752 14,
1012 3700 1070 3738 ιι.
1102 3684 1191 3750 86,
1223 3684 1313 3753 87,
1341 3700 1466 3754 cap.
1503 3684 1588 3751 16,
1640 3702 1698 3738 n.
1742 3685 1831 3753 96,
1863 3685 1951 3752 98,
2002 3687 2124 3752 100,
2159 3687 2251 3740 101
2294 3703 2308 3754 ;

731 3756 791 3877 ξι
854 3757 997 3878 ιοὲη.
1060 3756 1153 3820 IV,
1220 3755 1323 3810 lib.
1401 3772 1452 3820 v,
1512 3757 1640 3810 adv.
1704 3759 1882 3811 Mare.
1941 3773 2114 3812 carm.
2181 3774 2306 3829 cap.

773 3841 880 3893 ,n.
951 3866 965 3880 .

731 3951 857 4004 Non
890 3947 1031 4004 illud
1067 3950 1418 4020 paradoxum
1451 3949 1698 4022 videtur,
1755 3952 1906 4023 quod
1941 3953 2144 4008 scribit
2174 3955 2314 4010 Ter-

660 4036 964 4104 tullianus,
1019 4040 1229 4095 Filium
1275 4040 1396 4107 Dei,
1447 4057 1561 4095 non
1617 4045 1861 4110 Patrem,
1894 4042 2119 4111 quoties
2167 4043 2220 4097 id
2255 4045 2314 4099 in

659 4125 978 4196 Scripturis
1008 4126 1242 4199 legitur,
1274 4133 1449 4182 visum
1478 4131 1562 4184 vel
1593 4130 1846 4184 auditum
1873 4131 1942 4185 ab
1973 4130 2316 4203 hominibus,

660 4229 871 4286 nempe
903 4231 1035 4270 cum
1069 4216 1342 4287 apparuit
1373 4216 1616 4283 Adamn,
1670 4217 1811 4273 Gen.
1861 4235 1964 4284 111;
2013 4219 2140 4287 Noe,
2174 4224 2317 4277 Gen.

659 4319 751 4371 1x;
802 4303 1100 4372 Abraham,
1152 4308 1292 4360 Gen.
1359 4323 1459 4377 χιι,
1523 4323 1658 4376 ιικιι,
1721 4325 1896 4376 xvm;
1955 4309 2109 4364 Loth.
2172 4310 2318 4367 Gen.

655 4407 792 4461 x1x;
846 4397 1018 4465 Agar,
1076 4393 1218 4450 Gen.
1272 4412 1428 4462 xxii;
1478 4397 1666 4461 Jacob,
1736 4397 1878 4453 Gen.
1931 4415 2089 4465 XXIX,
2140 4415 2314 4456 χχχιι.

657 4497 826 4552 xxxv,
859 4489 916 4537 et
947 4485 1134 4555 Moysi,
1169 4485 1345 4539 Exod.
1379 4502 1442 4539 ιιι
1487 4492 1542 4539 et
1586 4502 1774 4557 seqq.,
1808 4503 1963 4540 xxxii
2004 4503 2069 4541 ac
2117 4504 2318 4558 xxvm,

662 4585 796 4624 cum
823 4570 881 4625 id
915 4572 1306 4643 desumpserit
1338 4575 1409 4630 ad
1442 4575 1683 4629 verbum
1745 4575 1860 4630 fere
1897 4592 1965 4630 ex
1993 4576 2048 4629 S.
2082 4576 2318 4632 Justino

661 4660 828 4712 Mart.
887 4661 1118 4728 Dialogo
1175 4661 1297 4717 adv.
1363 4663 1720 4733 Tryphonem,

663 4745 815 4802 Iren.
848 4745 948 4802 lib.
1009 4765 1094 4816 111,
1151 4766 1279 4821 cap.
1328 4751 1381 4818 6,
1437 4767 1501 4806 ac
1561 4752 1659 4806 lib.
1720 4769 1796 4822 1v,
1859 4752 2106 4824 cap..23,
2137 4758 2192 4808 et
2217 4770 2315 4810 eos

664 4841 990 4906 sequantur
1035 4837 1391 4895 Novalianus
1425 4839 1524 4895 lib.
1576 4840 1642 4896 de
1678 4842 1894 4912 7rinil.,
1941 4858 2066 4913 cap.
2104 4843 2188 4909 15,
2221 4843 2313 4913 26,

661 4922 768 4988 27;
822 4923 883 4977 B.
929 4924 1198 4996 Cyprian.
1234 4925 1334 4981 lib.
1378 4944 1418 4982 ιι
1469 4929 1680 4984 Testim.
1723 4932 1856 4985 adv.
1913 4931 2040 4984 Jud.
2103 4946 2229 5002 cap.
2280 4931 2316 4986 5

660 5012 719 5065 et
745 5011 800 5079 6,
833 5027 901 5068 ex
929 5012 1001 5068 iis
1041 5011 1182 5070 locis
1211 5017 1678 5087 comprobantes,
1719 5017 2016 5073 Christum
2050 5034 2166 5074 non
2210 5017 2311 5075 ho-

657 5099 880 5156 minem
930 5101 1121 5158 solum
1179 5108 1278 5159 aut
1328 5105 1625 5176 angelum,
1679 5108 1781 5163 sed
1825 5112 1883 5163 et
1917 5109 2098 5163 Deum
2131 5107 2313 5166 fuisse

654 5190 1014 5261 appellatum
1053 5208 1065 5246 :
1105 5207 1208 5248 nec
1255 5192 1422 5249 aliter
1468 5196 1520 5250 S.
1572 5197 1772 5252 Ambr.
1826 5200 2052 5268 Prae/at.
2102 5199 2158 5252 in
2201 5201 2310 5254 Lu-

653 5294 816 5344 cam;
861 5281 917 5337 S.
979 5281 1188 5353 Epiph.
1255 5282 1314 5337 in
1365 5286 1677 5347 Ancoratu;
1746 5287 2122 5356 Prudentius,
2181 5289 2307 5344 adv.

651 5367 1264 5442 Anthropomorphitas,
1316 5377 1372 5427 et
1429 5375 1641 5430 Arnob.
1702 5377 1761 5431 in
1816 5377 1964 5431 Psal.
2020 5392 2131 5431 ειν.
2189 5377 2311 5441 Quo

654 5457 929 5513 videntur
983 5461 1220 5516 adducti
1280 5465 1403 5517 tum
1457 5464 1648 5520 verbis
1702 5463 1819 5520 illis
1859 5466 2028 5520 Deum
2086 5467 2310 5523 Patrem

659 5544 834 5615 (sicut
865 5547 1004 5619 legit
1031 5551 1267 5621 Auctor)
1309 5567 1467 5606 nemo
1507 5552 1710 5608 videbit
1752 5570 2020 5626 unquam,
2064 5561 2115 5610 et
2145 5557 2305 5622 vivet,

659 5631 838 5688 Exod.
898 5653 1113 5706 xxxm;
1171 5655 1236 5695 ac
1280 5639 1598 5710 similibus,
1649 5642 1818 5699 Joan.
1849 5660 1908 5699 vx
1967 5661 1980 5700 :
2037 5660 2146 5701 non
2175 5647 2309 5718 quia

661 5721 882 5778 Patrem
912 5726 1034 5795 quis
1062 5727 1226 5795 vidit,
1257 5730 1370 5784 nisi
1395 5731 1492 5800 qui
1519 5747 1552 5786 a
1580 5731 1684 5788 Deo
1714 5737 1792 5789 est
1827 5749 1840 5788 :
1873 5737 1927 5790 et
1957 5750 1988 5791 e
2017 5735 2308 5791 contrario

2399 629 2553 684 deret
2581 630 2728 684 diem
2759 645 2964 691 meum,
3008 627 3144 682 vidit
3183 631 3238 682 et
3287 627 3511 696 gavisus
3560 634 3658 681 est.
3707 628 4051 698 Quanquam

2401 719 2638 772 interim
2670 724 2724 772 S.
2777 719 3029 788 August.
3085 715 3187 770 lib.
3240 733 3324 785 ιιι,
3376 715 3586 771 advers.
3638 717 3892 786 Maxim.,
3925 734 4053 789 cap.

2400 808 2506 873 26;
2540 810 2597 862 et
2623 805 2724 860 lib.
2761 823 2800 860 ιι
2831 806 2896 860 de
2931 805 3124 860 Trinit.
3157 820 3286 875 cap.
3338 806 3423 869 10,
3478 806 3566 872 11,
3600 807 3690 868 12,
3725 805 3811 869 13,
3845 805 3932 875 14,
3968 807 4054 876 15,

2406 897 2471 950 16
2501 912 2566 950 ac
2599 897 2685 964 17,
2721 894 2992 950 maluerit
3033 911 3230 949 assere
3277 895 3455 950 Deum
3505 894 3732 949 Patrem
3778 900 3834 950 et
3873 900 4054 950 totam

2401 985 2748 1041 Trinitatem
2780 987 2969 1041 visum
3002 985 3174 1040 dictis
3200 983 3342 1040 locis
3374 1001 3477 1057 per
3504 984 3798 1055 subjectae
3829 990 4054 1040 creatu-

2403 1092 2520 1145 ras,
2556 1079 2619 1130 ut
2665 1092 2738 1131 ne
2783 1073 3138 1130 consentiret
3166 1073 3479 1130 Maximino
3519 1075 3786 1140 Arriano,
3819 1074 3912 1128 cui
3941 1091 4056 1130 non

2405 1163 2636 1220 suffecit
2683 1165 2867 1219 dictas
2918 1163 3309 1235 apparitiones
3365 1163 3512 1217 197
3559 1163 3631 1218 de
3677 1162 3907 1218 Christo
3968 1164 4059 1217 in-

2403 1253 2728 1324 terpretari,
2761 1254 2857 1308 sed
2913 1253 3049 1308 inde
3106 1251 3377 1324 colligere
3434 1250 3730 1307 nitebatur
3766 1251 4060 1306 Christum

2407 1357 2510 1412 per
2547 1340 2865 1396 divinitatis
2918 1358 3040 1396 suae
3087 1340 3477 1396 substantiam
3512 1339 3735 1395 visibus
3784 1339 4063 1395 humanis

2407 1430 2771 1501 apparuisse,
2796 1446 2828 1483 a
2847 1446 2960 1500 qua
2983 1428 3186 1484 haeresi
3213 1427 3413 1500 procul
3435 1433 3589 1483 certe
3611 1429 3801 1483 abfuit
3828 1431 4057 1493 Auctor,

2407 1517 2837 1590 quantumlibet
2867 1535 2992 1572 eam
3027 1517 3265 1589 quidem
3308 1516 3394 1572 illi
3429 1517 3781 1588 impingant.
3816 1519 3886 1571 At
3913 1515 4058 1570 illud

2408 1608 2762 1679 paradoxum
2784 1611 2954 1673 est,et
2970 1605 3326 1661 Tertulliano
3348 1605 3638 1677 peculiare
3663 1606 3818 1677 quod
3840 1604 4063 1676 aliquot

2406 1695 2548 1751 locis
2577 1696 2755 1764 dicat,
2778 1697 2957 1750 visum
2989 1694 3267 1750 Christum
3299 1696 3354 1748 in
3387 1711 3554 1750 carne
3583 1711 3734 1766 vera,
3777 1698 3831 1750 et
3855 1693 4064 1760 solida,

2406 1787 2511 1840 etsi
2532 1799 2643 1840 non
2671 1788 2826 1848 nata,
2857 1783 3034 1851 idque
3065 1783 3184 1838 zelo
3218 1800 3330 1838 non
3377 1783 3698 1838 secundum
3733 1782 4063 1852 scientiam,

2413 1874 2497 1928 uti
2546 1878 2708 1928 tanto
2753 1873 2942 1944 magis
3011 1873 3300 1943 probaret,
3351 1873 3632 1928 adversus
3688 1872 4063 1942 Marcionem,

2411 1961 2669 2031 aliosque
2699 1963 2827 2032 ejus
2859 1962 3133 2026 asseclas,
3159 1977 3380 2016 carnem
3413 1961 3607 2027 Chisti,
3640 1978 3818 2033 quam
3862 1964 4064 2032 postea

2410 2067 2479 2106 ex
2523 2050 2748 2122 virgine
2796 2050 3035 2122 accepit,
3087 2066 3199 2106 non
3255 2049 3663 2122 phantasticam
3705 2051 3908 2122 fuisse,
3971 2048 4068 2104 sed

2409 2155 2593 2194 veram
2623 2156 2686 2194 ac
2715 2139 2967 2205 solidam,
3001 2139 3049 2194 si
3085 2140 3210 2209 jam
3259 2138 3395 2193 olim
3452 2143 3586 2195 ante
3619 2139 3678 2194 in
3706 2155 3884 2194 carne
3934 2154 4070 2194 vera

2408 2228 2571 2284 visus
2597 2227 2906 2283 diceretur.
2938 2227 3164 2298 Alioqui
3199 2232 3351 2283 certe
3396 2226 3499 2284 lib.
3545 2232 3740 2283 contra
3780 2229 4078 2288 Praxean,

2412 2317 2471 2371 S.
2503 2316 2711 2372 Justini
2764 2319 2930 2372 Mart.
2985 2316 3336 2372 sententiam
3387 2321 3646 2385 secutus,
3677 2317 3778 2387 qui
3840 2333 3936 2372 eas
3973 2332 4077 2388 ap-

2412 2405 2732 2477 paritiones
2777 2405 3059 2478 figuratas
3109 2405 3288 2460 fuisse
3332 2405 3608 2472 affirmat,
3657 2405 3925 2478 seipsum
3975 2421 4070 2460 ex-

2412 2495 2588 2566 plicat
2621 2510 2633 2548 :
2671 2516 2698 2543 «
2735 2495 2994 2549 Dicimus
3043 2495 3198 2549 enim
3249 2495 3463 2566 (inquit
3493 2493 3672 2566 priori
3703 2493 3859 2567 loco;
3891 2499 3949 2549 et
3979 2494 4073 2549 Fi-

2412 2583 2556 2638 lium
2593 2599 2698 2638 suo
2731 2584 2966 2638 nomine
2999 2589 3240 2638 eatenus
3273 2583 3622 2640 invisibilem
3656 2585 3840 2655 (quod
3874 2589 4071 2639 tamen

2412 2675 2661 2746 negabat
2702 2674 3008 2745 Maximus)
3057 2691 3174 2746 qua
3220 2673 3462 2741 Sermo;
3530 2675 3824 2730 visibilem
3879 2679 4072 2729 autem

2412 2763 2592 2818 fuisse
2621 2767 2755 2818 ante
2785 2779 3018 2818 carnem
3051 2779 3116 2818 eo
3149 2764 3319 2818 modo
3350 2779 3466 2835 quo
3520 2762 3660 2818 dicit
3689 2765 3765 2819 ad
3798 2766 3989 2819 Aaron
4021 2767 4077 2818 et

2412 2850 2651 2906 Mariam
2684 2852 2880 2923 (Num.
2910 2852 3012 2921 xu)
3047 2869 3059 2906 :
3088 2855 3159 2905 Et
3187 2854 3238 2906 si
3271 2854 3444 2923 fuerit
3487 2851 3781 2923 prophetes
3811 2855 3871 2908 in
3903 2852 4068 2918 vobis,

2413 2941 2473 2994 in
2498 2942 2706 2996 visione
2749 2956 3040 3010 cognoscar
3085 2940 3192 3007 illi,
3224 2945 3274 2996 et
3303 2943 3363 2995 in
3403 2943 3619 2996 somnio
3666 2941 3868 3013 loquar
3899 2942 4006 2997 illi.
4044 2964 4066 2993 ι

2416 3029 2483 3083 Et
2512 3034 2643 3100 post
2671 3028 2919 3100 allegata
2946 3031 3123 3084 verba
3153 3028 3253 3084 illa
3301 3030 3474 3084 Exod.
3510 3045 3573 3084 ιιι
3627 3047 3640 3085 :
3701 3031 3771 3086 0s
3805 3032 3874 3086 ad
3905 3047 3964 3086 os
3995 3031 4074 3086 lo-

2413 3135 2552 3189 quar
2577 3119 2665 3172 illi
2695 3120 2754 3173 in
2800 3120 2994 3189 specie,
3037 3118 3346 3190 subjungit
3379 3136 3392 3174 :
3426 3141 3454 3168 «
3506 3119 3690 3191 Igitur
3722 3137 3857 3176 cum
3893 3118 4077 3192 Moysi

2415 3213 2606 3262 servat
2649 3212 3026 3278 conspectum
3075 3224 3249 3262 suum
3298 3215 3354 3262 et
3400 3206 3760 3279 colloquium
3813 3209 3960 3265 facie
4003 3207 4074 3264 ad

2334 3277 2376 3343 C
2415 3297 2619 3351 faciem
2652 3296 2708 3350 in
2742 3277 3005 3350 futurum
3055 3301 3215 3361 (nam
3270 3297 3379 3352 hoc
3429 3277 3630 3369 postca
3678 3298 4075 3370 adimpletum

2413 3385 2555 3440 etin
2590 3383 2806 3440 montis
2839 3400 3092 3452 secessu,
3147 3386 3302 3440 sicut
3345 3384 3596 3457 legimus
3642 3387 3702 3440 in
3741 3385 4080 3459 Evangelio,

2419 3479 2532 3529 Luc
2585 3490 2662 3539 1x,
2722 3473 2914 3528 visum
2973 3490 3106 3528 cum
3166 3473 3265 3529 illo
3321 3477 3554 3546 Moysen
3612 3475 4082 3548 colloquentem)

2417 3566 2656 3634 apparet
2686 3565 2838 3616 retro
2869 3578 3100 3632 semper
3148 3563 3204 3617 in
3263 3563 3501 3633 speculo
3549 3567 3606 3618 et
3636 3564 3976 3637 aenigmate,
4025 3565 4084 3618 et

2417 3649 2638 3705 visione
2667 3655 2724 3704 et.
2753 3665 2959 3704 somno
2991 3651 3194 3722 Deum,
3239 3651 3292 3706 id
3346 3656 3436 3706 est
3481 3651 3696 3707 Filium
3734 3653 3861 3724 Dei,
3890 3652 4084 3708 visum

2418 3745 2539 3796 tam
2572 3739 2868 3810 prophetis
2899 3743 2954 3794 et
2986 3739 3353 3810 patriarchis,
3403 3757 3579 3812 quam
3611 3745 3669 3796 et
3715 3743 3828 3814 ipsi
3864 3741 4088 3797 adhuc-

2420 3829 2620 3900 Moysi.
2649 3828 2763 3884 Nec
2791 3827 3135 3883 absimiliter
3161 3827 3285 3884 loco
3316 3829 3621 3899 posteriori
3654 3845 3668 3884 :
3713 3852 3742 3881 ‹‹
3777 3835 3907 3903 lpse
3929 3829 4088 3886 enim

2423 3922 2480 3974 et
2535 3917 2605 3972 ad
2666 3917 2929 3971 humana
2985 3933 3216 3989 semper
3272 3916 3566 3988 colloquia
3621 3918 3952 3986 descendit,
4011 3917 4084 3972 ab

2423 4006 2611 4061 Adam
2644 4022 2830 4077 usque
2861 4006 2932 4062 ad
2961 4005 3325 4078 patriarchas
3349 4011 3404 4062 et
3435 4006 3774 4079 prophetas,
3807 4007 3868 4063 in
3902 4007 4088 4063 visio-

2426 4113 2518 4165 ne,
2559 4098 2617 4151 in
2651 4112 2877 4162 somno,
2901 4095 2958 4150 in
2983 4096 3244 4167 speculo,
3276 4095 3332 4150 in
3367 4096 3704 4168 aenigmate.
3736 4119 3764 4146 ››
3799 4097 4087 4153 Caeterum

2428 4187 2489 4242 S.
2521 4183 2846 4257 Augustino
2914 4184 3056 4240 locis
3095 4186 3222 4256 jam
3274 4185 3468 4240 citatis
3517 4185 3710 4258 magis
3771 4186 3966 4258 placet
4023 4189 4088 4241 ut

2429 4273 2603 4330 dictis
2632 4273 2958 4328 visionibus
2987 4272 3254 4328 Christus
3285 4273 3520 4344 quidem
3553 4274 3724 4329 fuerit
3771 4276 4093 4345 ﬁguratus,

2429 4365 2527 4419 sed
2561 4380 2660 4435 per
2690 4366 2928 4434 angelos
2959 4363 3143 4432 ﬁgura
3173 4362 3457 4418 duntaxat
3493 4362 3681 4419 Deum
3717 4365 4093 4436 apparuisse,

2429 4453 2487 4508 id
2517 4453 2770 4524 probans
2817 4469 2886 4507 ex
2934 4451 3290 4522 Scripturis;
3345 4453 3489 4507 Osee
3518 4467 3620 4518 x11,
3672 4452 3776 4508 ubi
3822 4451 4099 4522 angelum

2430 4541 2610 4597 fuisse
2643 4539 2876 4607 dicitur,
2926 4539 3021 4612 qui
3071 4557 3205 4595 cum
3253 4540 3426 4596 Jacob
3471 4539 3826 4598 colluctatus
3867 4547 3979 4608 est,
4038 4545 4098 4597 at

1753 4627 1815 4718 εξ
1839 4627 2100 4734 Ean-[hi
2346 4648 2393 4712 D
2425 4629 2571 4734 ‘Heb.
2612 4647 2734 4730 xm,
2769 4645 2902 4734 cum
2931 4627 3476 4734 dicuntur‘quidam
3505 4630 3859 4734 ‘nescientes
3919 4646 4097 4734 auge:

2423 4718 2511 4775 los
2542 4718 2830 4789 recepisse
2859 4717 3134 4789 hospitio.
3184 4717 3407 4780 Quibus
3453 4718 3705 4789 adjicere
3739 4719 3898 4788 licet,
3934 4719 4092 4793 quod

2423 4811 2628 4874 Deum,
2680 4823 2850 4878 quem
2883 4807 2994 4862 sibi
3037 4805 3098 4861 in
3151 4807 3296 4862 rubo
3339 4811 3397 4862 et
3442 4812 3500 4862 et
3545 4807 3686 4862 Sina
3739 4811 4096 4882 apparuisse

2420 4901 2606 4952 Moses
2636 4895 2803 4964 dixit,
2849 4895 3005 4951 hunc
3055 4895 3251 4967 ipsum
3310 4896 3366 4952 S.
3417 4896 3780 4969 Stephanus,
3833 4901 3963 4956 Act.
4012 4915 4094 4956 v11

2423 4985 2698 5056 angelum
2733 4985 2948 5042 fuissse
2979 4989 3248 5041 testatur.

2419 5129 2566 5197 §20.
2604 5129 2676 5183 De
2706 5131 2862 5197 Fuga
2911 5128 2973 5182 in
3019 5129 3402 5199 persecutione
3460 5145 3568 5185 non
3619 5129 3806 5197 licita,
3838 5133 3984 5187 tom.
4021 5129 4091 5186 ῐῙν

2493 5200 2595 5255 lib.
2631 5214 2669 5268 1,
2702 5201 2771 5256 ad
2805 5202 2954 5257 Uxor
2983 5217 3110 5271 cap.
3158 5201 3210 5270 3,
3261 5216 3319 5254 n.
3367 5201 3453 5267 17,
3499 5201 3601 5256 lib.
3633 5202 3701 5256 de
3733 5203 3863 5258 Cor.
3905 5203 4083 5257 milit.

2491 5273 2705 5400 cap.‘1,
2741 5291 2797 5328 ιι.
2833 5274 2920 5343 18,
2953 5277 3010 5328 et
3040 5277 3181 5328 tom.
3221 5275 3288 5340 V,
3333 5272 3474 5329 libro
3517 5274 3741 5343 integra
3772 5276 3896 5345 eius
3923 5291 4094 5348 arga-

2491 5361 2615 5400 men
2646 5361 2685 5400 1.

2491 5468 2659 5525 Hunc
2703 5467 3048 5525 Tertulliani
3097 5484 3372 5539 errorem,
3425 5486 3600 5542 quem
3662 5468 3784 5526 late
3853 5470 4099 5528 deducit

2417 5556 2520 5613 lih.
2576 5559 2640 5614 de
2692 5560 2841 5628 Fuga
2919 5560 2978 5614 in
3051 5559 3447 5629 persecutione,
3528 5559 3868 5630 conscripto
3919 5561 4094 5630 juxta

2419 5651 2480 5702 S.
2514 5647 2773 5716 Hicron.,
2806 5646 3094 5719 Sophron.
3127 5650 3185 5703 et
3238 5647 3545 5720 Nicephor.
3580 5647 3714 5703 adv.
3744 5649 4092 5719 Ecclesiam,

2418 5739 2538 5791 tam
2598 5735 2713 5792 late
2743 5734 3174 5793 confutavimus
3221 5737 3438 5796 nostris
3490 5739 3550 5795 in
3600 5734 3779 5793 illum
3833 5738 4063 5795 Adnota
