4526 6340
212 410 329 471 245

1440 413 1603 477 CUM
1646 411 2048 475 ANTIDOTO
2092 412 2414 475 PAMELlI

3508 418 3627 477 246

211 543 497 613 tionibus,
531 547 595 599 ut
627 560 745 599 non
780 542 983 600 multis
1014 544 1108 601 hic
1139 544 1217 601 sit
1246 563 1413 617 opus.
1444 546 1588 603 Vide
1620 546 1863 617 ibidem,
1895 547 1947 613 Α
1980 546 2303 619 presbyter,
2333 551 2390 602 S.
2424 546 2733 617 Gregorius
2785 564 2955 619 papa,
3009 547 3183 615 Beda,
3234 551 3291 604 et
3337 549 3629 620 Rupertus

213 635 364 704 quod
405 634 474 687 ad
499 632 717 688 calcem
753 636 1083 704 argumenti
1117 635 1500 707 subjecimus,
1536 637 1865 693 antidotum
1978 636 2301 690 Comment.
2334 636 2390 689 in
2423 636 2553 701 Job,
2588 637 2744 706 quod
2777 641 2999 707 septem
3031 635 3253 707 priores
3294 636 3397 691 ﬁlii
3433 636 3628 692 adhuc

206 739 273 779 ex
307 724 434 795 ipso
468 728 705 778 auctore
735 724 925 779 adhuc
976 724 1283 795 catholico,
1344 730 1486 781 tom.
1522 727 1594 793 ll,
1654 726 1755 781 lib.
1793 726 1866 781 de
1976 724 2163 780 vivere
2196 730 2577 780 censerentur
2609 726 2762 797 apud
2799 726 2997 781 Deum.

208 814 443 867 Patient.
482 830 608 885 cap.
647 815 734 880 13,
770 830 937 869 num.
979 816 1083 880 88;
1117 816 1170 868 S.
1228 816 1503 887 Dypriani
1570 815 1713 871 locis
1761 815 1865 869 ali-

209 908 389 974 quot;
450 903 509 957 S.
574 902 875 958 Athanasii
937 904 1214 975 Apologia
1271 922 1373 976 pro
1432 922 1541 961 sua
1600 906 1752 977 faga,
1812 908 1866 959 et

1502 1012 1513 1048 :
1566 1011 1595 1048 e
1648 994 1864 1065 quibus

208 1082 383 1135 etiam
419 1082 487 1136 ad
526 1080 761 1154 singula
785 1097 927 1153 pene
950 1088 1297 1154 argumenta
1320 1084 1612 1139 contraria
1626 1099 1864 1154 respon-

206 996 258 1045 8.
311 994 561 1064 August.
618 992 789 1062 epist.
845 993 944 1047 180
990 992 1059 1047 ad
1109 994 1448 1049 Honoratum

209 1171 408 1225 dimus
444 1188 456 1225 :
495 1173 747 1226 maxime
780 1188 903 1242 cap.
940 1173 991 1238 4,
1027 1188 1189 1227 num.
1221 1174 1330 1239 35;
1367 1174 1556 1243 cap.5,
1592 1173 1861 1239 num.39;

210 1275 335 1329 cap.
368 1259 424 1329 6,
461 1275 623 1314 nurn.
658 1259 749 1327 43,
778 1259 842 1312 47
875 1275 939 1314 ac
972 1260 1077 1326 49;
1111 1276 1237 1329 cap.
1270 1260 1325 1329 7,
1377 1276 1541 1315 num.
1592 1259 1697 1326 54;
1733 1275 1859 1330 cap.

208 1347 261 1411 8,
299 1366 357 1403 n.
390 1350 481 1417 55,
514 1350 583 1402 57
615 1366 679 1404 ac
710 1349 823 1415 58;
855 1364 979 1420 cap.
1032 1349 1087 1416 9,
1142 1366 1303 1404 num.
1336 1350 1448 1416 60;
1499 1353 1555 1403 et
1598 1365 1727 1419 cap.
1774 1348 1859 1417 18,

208 1453 350 1491 num
406 1439 497 1492 75.
539 1439 729 1493 Verba
769 1437 1031 1493 Auctoris
1062 1440 1242 1493 citata
1297 1442 1437 1492 sunt
1467 1438 1580 1492 ista
1616 1453 1627 1491 :
1666 1457 1693 1485 «
1728 1440 1861 1490 Car-

210 1526 300 1580 nis
335 1526 619 1597 patientia
648 1526 706 1581 in
742 1528 1248 1598 persecutionibus
1282 1526 1600 1599 praeliatur.
1642 1524 1695 1579 Si
1726 1525 1863 1596 fuga

1978 839 2121 911 §22.
2159 841 2229 895 De
2280 842 2454 896 Maria
2506 843 2743 914 Virgine,
2775 844 2923 912 quod
2974 843 3257 897 communi
3311 843 3631 914 legegpate-

2046 914 2186 985 [acti
2211 916 2453 985 corporis
2486 913 2762 968 Christum
2800 915 3035 985 peperit,
3085 918 3226 969 tom.
3279 912 3376 979 III,
3428 912 3529 969 lib.
3562 916 3629 971 de

2049 984 2224 1037 Carne
2248 984 2476 1053 Christi,
2513 1002 2638 1057 cap.
2676 986 2728 1047 4,
2762 1002 2819 1038 n.
2848 986 2909 1039 31
2940 1002 3111 1057 ,fcap.
3143 986 3298 1054 20,n.
3320 986 3461 1053 155;
3496 1004 3624 1057 cap.

2044 1058 2228 1129 23,,n.
2266 1057 2365 1129 174
2398 1073 2463 1113 ac
2499 1056 2634 1125 175;
2671 1058 2895 1112 Advers.
2933 1056 3093 1111 Mare.
3154 1057 3255 1129 lib.
3316 1075 3400 1129 In,
3436 1074 3484 1112 c.
3525 1056 3616 1127 11,

2047 1144 2103 1181 n.
2138 1128 2248 1201 78;
2278 1127 2317 1182 l.
2351 1129 2404 1184 h.
2441 1146 2519 1195 1v,
2552 1146 2678 1201 cap.
2712 1130 2802 1198 21,
2828 1146 2886 1184 n.
2920 1130 3019 1183 311
3051 1146 3063 1185 :
3098 1133 3155 1184 et
3178 1128 3279 1185 lib.
3311 1127 3623 1200 v,'cap.19,

2046 1216 2107 1253 n.
2140 1199 2265 1253 304.

2045 1303 2184 1359 Tale
2216 1305 2357 1376 quid
2392 1304 2823 1360 Tertullianum
2858 1306 3169 1377 scripsisse
3200 1307 3343 1362 satis
3372 1307 3622 1363 manife-

1972 1400 2129 1447 stum
2153 1399 2263 1461 est,
2288 1392 2439 1449 sicut
2470 1395 2645 1449 etiam
2678 1394 3006 1465 Origenem,
3041 1394 3199 1450 hom.
3235 1397 3301 1451 14
3330 1399 3390 1450 in
3421 1397 3626 1452 Lucam

1971 1485 2027 1535 et
2058 1482 2114 1535 S.
2148 1483 2413 1551 Ambros,
2444 1482 2503 1537 in
2527 1485 3046 1538 eumdem.Verum
3072 1490 3323 1555 possunt
3354 1484 3626 1556 intelligi,

210 1571 300 1580 ...υ
335 1571 619 1597 ,..-.-......
650 1571 706 1581 ...
743 1571 1247 1598 νν.υνν-..ν.......-
1282 1571 1600 1599 ,..ν....,.-..
1642 1571 1695 1579 ν-
1727 1571 1863 1596 .-οη

209 1620 437 1686 urgeat,
472 1616 624 1671 I98
657 1615 1028 1671 incommoda
1073 1618 1222 1687 fuga:
1275 1632 1409 1670 caro
1442 1613 1659 1669 militat
1688 1638 1701 1681 ς
1729 1612 1773 1667 si
1806 1618 1863 1667 et

1966 1571 2138 1641 juxta
2159 1572 2314 1642 quod
2350 1571 2770 1643 interpretatur
2814 1573 2868 1627 S.
2921 1572 3174 1628 Thomas
3225 1571 3493 1645 Aquinas
3524 1572 3627 1629 ali-

1972 1661 2102 1687 -..με
2164 1663 2227 1687 Α,
2257 1661 2356 1687 .--ιε
2395 1663 2545 1687 ...ιι
2578 1663 2961 1687 --ι-ι---ιε,,-
2996 1664 3142 1687 --.ηε
3215 1681 3334 1687 μ---
3372 1664 3616 1687 -ι----ι--

210 1719 409 1759 carcer
439 1704 774 1775 prteveniat,
808 1708 895 1758 est
928 1704 985 1759 in
1020 1704 1118 1759 illa
1160 1708 1503 1777 paupertate
1556 1702 1725 1769 lucis,
1758 1719 1860 1773 pa-

210 1793 417 1847 tientia
452 1794 676 1848 mundi.
711 1816 739 1842 »
771 1793 940 1860 Quid,
976 1794 1131 1865 quod
1160 1810 1227 1849 ex
1258 1794 1397 1849 dicti
1444 1792 1575 1847 libri
1609 1808 1735 1862 cap.
1772 1791 1859 1858 11,

209 1882 449 1936 viderur
477 1883 852 1954 potissimum
900 1884 1094 1956 fugam
1146 1883 1477 1955 improbare
1526 1882 1859 1952 Praeposito-

212 1987 340 2026 rum
370 1975 641 2044 Ecclesia,
696 1977 897 2045 utpote
929 1974 1127 2045 quibus
1156 1972 1353 2045 (etiam
1400 1972 1571 2042 juxta
1598 1974 1654 2024 S.
1689 1970 1858 2025 Atha-

215 2077 344 2115 nas.
378 2061 554 2132 eqist.
586 2061 657 2117 ad
690 2064 1069 2130 Dracontium,
1102 2068 1157 2116 et
1190 2060 1380 2116 locum
1402 2060 1644 2115 citatum
1680 2059 1859 2113 S.Au-

214 2152 398 2220 gust.)
455 2154 645 2221 fugere
700 2168 804 2207 non
868 2152 1012 2219 licet,
1072 2152 1187 2205 nisi
1242 2166 1403 2221 grege
1449 2152 1717 2221 fugiente,
1761 2150 1860 2202 aut

213 2242 567 2309 pra'positum
597 2256 705 2295 non
743 2240 1112 2307 desiderante,
1146 2239 1202 2293 id
1251 2245 1361 2308 est,
1395 2256 1509 2293 non
1562 2237 1860 2308 indigente

215 2329 344 2398 ejus
376 2345 589 2400 opera;
622 2347 755 2385 cum
788 2328 1115 2402 personalis
1148 2332 1256 2394 est,
1290 2333 1353 2383 ut
1400 2327 1483 2383 sic
1522 2326 1857 2397 loquamur,

219 2416 623 2489 episcoporum
656 2425 758 2474 aut
792 2424 1092 2490 pastorum
1142 2418 1465 2489 persecutio
1490 2416 1517 2470 ‘l
1548 2416 1669 2479 Quo
1720 2431 1860 2469 casu

218 2505 396 2560 etiam
428 2506 546 2561 illis
579 2508 777 2579 fugere
834 2507 1030 2574 licere,
1089 2512 1145 2561 et
1202 2505 1522 2561 multorum
1580 2503 1861 2574 exemplis

218 2601 272 2649 et
303 2610 373 2648 ex
399 2596 715 2666 Scripturis
746 2597 858 2650 late
890 2596 1125 2651 deducit
1157 2595 1213 2651 S.
1248 2595 1533 2659 Athanas,
1569 2594 1723 2648 dicta
1754 2608 1863 2648 sua

216 2683 438 2754 Apolog.
468 2684 533 2739 ad
571 2700 749 2756 quam
782 2683 1079 2748 lectorem,
1122 2700 1193 2738 ne
1224 2682 1316 2737 hic
1380 2682 1720 2754 prolixiores
1781 2680 1861 2735 si-

219 2788 373 2840 mus,
419 2773 794 2828 remittimus.
846 2773 1043 2845 Neque
1092 2771 1413 2844 quidquam
1461 2789 1563 2844 pro
1614 2776 1861 2827 Auctore

223 2859 376 2925 facit,
396 2862 552 2932 quod
580 2863 775 2917 invitet
800 2861 1055 2919 Christus
1076 2861 1144 2915 ad
1170 2861 1483 2931 passionem
1511 2862 1863 2916 contrariam

217 2952 364 3018 fugae
395 2969 413 3004 :
448 2952 553 3018 Qui
580 2967 667 3006 me
697 2953 955 3022 confusus
984 2952 1172 3021 fuerit,
1196 2955 1251 3004 et
1280 2966 1378 3018 ego
1409 2952 1717 3021 confundor
1736 2966 1863 3005 eum

219 3038 404 3109 (Marc.
463 3045 561 3108 vr),
614 3040 991 3111 quantumvis
1058 3039 1240 3109 Scorp.
1310 3038 1523 3093 advers.
1581 3041 1863 3094 Gnosticos

220 3126 358 3183 inde
415 3128 689 3200 colligere
740 3128 1005 3183 videatur
1062 3128 1340 3197 martyrio
1396 3132 1671 3198 praecepta
1699 3144 1859 3194 esse;

223 3218 364 3288 quia
392 3234 554 3288 eque
600 3222 932 3289 praeceptum
962 3232 1090 3273 esse
1141 3216 1540 3271 Tertullianus
1597 3217 1863 3288 agnoscit

216 3305 361 3360 illud
396 3324 408 3362 :
444 3311 580 3363 Cum
609 3308 873 3371 coeperint
900 3308 1162 3378 persequi
1193 3322 1303 3375 vos,
1335 3305 1515 3376 fugite
1544 3305 1607 3360 de
1636 3308 1860 3361 civitate
1892 3292 1934 3359 C

218 3396 274 3449 in
319 3396 591 3451 civitatem
622 3413 641 3451 :
685 3397 826 3467 quia
883 3400 1157 3449 neutrum
1209 3400 1565 3465 presceptum
1606 3394 1858 3463 videtur,

216 3485 331 3539 nisi
365 3486 687 3540 secundum
721 3501 1025 3556 personas,
1074 3488 1338 3554 tempora
1385 3488 1443 3538 et
1490 3500 1719 3553 causas,
1755 3484 1862 3539 hoe

218 3573 457 3643 quidem
492 3578 750 3646 tempore
781 3572 1202 3645 persecutionis
1253 3573 1325 3627 ob
1386 3573 1559 3627 ﬁdem
1622 3574 1857 3639 Christi,

218 3663 288 3717 iis
318 3664 535 3734 quibus
566 3680 666 3735 per
693 3662 1023 3719 animarum
1083 3677 1224 3717 cura
1265 3662 1469 3717 abesse
1499 3662 1634 3717 licet
1666 3678 1677 3717 :
1715 3662 1860 3717 illud

215 3768 369 3818 vero,
404 3752 454 3807 si
511 3752 855 3825 apprehensi
890 3751 1195 3818 fuerimus,
1256 3750 1346 3805 vel
1403 3750 1461 3804 in
1516 3751 1644 3822 ipsa
1701 3751 1859 3823 fuga.

222 3840 599 3912 Praeterquam
632 3842 808 3896 etiam
858 3840 1009 3912 quod
1060 3844 1376 3911 utrumque
1426 3840 1580 3911 apud
1630 3840 1858 3895 Matth..

220 3932 421 3985 eodem
453 3931 639 4002 capite
670 3929 1059 3996 contineatur,
1102 3934 1328 3999 oportet
1358 3946 1563 3983 sanam
1616 3930 1864 4000 accipiat

219 4019 775 4092 interpretationem,
828 4032 899 4073 ne
947 4018 1058 4075 sibi
1124 4017 1481 4089 evangelista
1532 4017 1861 4074 contrarius

220 4110 503 4165 videatur.

221 4235 362 4301 §21.
397 4235 471 4290 De
498 4234 613 4303 Job,
646 4234 789 4305 quod
815 4232 959 4303 ﬁliis
1006 4233 1059 4288 ei
1110 4248 1221 4287 non
1268 4233 1559 4305 restitutis,
1608 4233 1859 4289 volunta-

288 4308 430 4360 riam
480 4304 768 4361 orbitatem
826 4308 901 4360 sit
948 4321 1161 4375 passus,
1196 4309 1341 4360 tom.
1403 4304 1470 4374 lI,
1519 4305 1619 4360 lib.
1654 4305 1718 4361 de
1751 4310 1857 4359 Pa-

290 4380 475 4445 tient.,
506 4394 632 4450 cap.
670 4379 758 4446 14,
790 4394 849 4432 n.
880 4377 968 4431 98.

290 4503 353 4557 In
384 4502 818 4575 exemplaribus
848 4500 981 4557 libri
1010 4500 1275 4573 Job,quae
1299 4501 1523 4557 viderat
1549 4501 1860 4558 Tertullia-

222 4610 355 4659 nus,
388 4594 783 4649 desideratum
844 4591 1027 4647 fuisse
1073 4591 1323 4659 videtur,
1378 4593 1533 4663 quod
1594 4592 1663 4647 de
1722 4591 1861 4647 ﬁliis

1970 1661 2127 1730 cubi,
2160 1663 2230 1716 de
2257 1661 2359 1717 tali
2395 1663 2545 1718 199
2578 1663 2964 1734 patefactione
2996 1664 3170 1731 uteri,
3210 1681 3336 1737 qua
3368 1664 3623 1719 claustra

1968 1749 2328 1820 virginitatis
2360 1768 2474 1806 non
2510 1752 2837 1822 violaverit,
2871 1752 3043 1807 sicuti
3079 1753 3251 1808 etiam
3287 1770 3393 1810 nos
3441 1755 3623 1809 adno-

1970 1839 2227 1893 tavimus
2251 1840 2321 1894 ad
2345 1839 2489 1895 illud
2518 1845 2834 1911 Luc.n,pro
2858 1858 2919 1895 se
2943 1841 3188 1896 citatum
3219 1842 3290 1896 ab
3322 1846 3572 1897 Auctore
3605 1860 3619 1899 :

1888 1923 1935 1988 Β
1964 1928 2140 1986 Omne
2172 1929 2542 1984 masculinum
2591 1930 2916 2000 adaperiens
2948 1931 3188 2000 vulvam,
3221 1933 3290 1985 ad
3342 1930 3480 1986 dict.
3514 1930 3618 1985 lib.

1968 2016 2034 2072 de
2061 2016 2238 2073 Carne
2289 2018 2491 2074 Christi
2521 2036 2684 2074 num.
2722 2021 2843 2087 175,
2878 2020 3148 2075 adductis
3192 2020 3264 2075 ad
3297 2019 3405 2075 hoc
3452 2020 3624 2076 testi-

1971 2106 2185 2161 moniis
2213 2108 2391 2161 Graeci
2448 2108 2760 2176 cujusdam
2794 2108 3152 2180 interpretis,
3184 2112 3238 2163 et
3270 2109 3329 2165 S.
3362 2108 3620 2179 Hieron.,

1970 2195 2071 2266 qui
2103 2201 2427 2266 agnoscunt
2457 2197 2750 2252 Christum
2801 2198 3063 2251 nondum
3096 2200 3359 2268 apertam
3390 2197 3625 2252 vulvam

1968 2284 2314 2355 virginalem
2337 2287 2639 2357 aperuisse
2664 2304 2728 2341 su
2740 2285 3277 2358 pernaturaliler,et
3298 2286 3625 2342 clausulam

1971 2373 2319 2428 naturaliter
2368 2375 2850 2445 servasse,juxta
2895 2373 3211 2429 Ezechielis
3256 2374 3623 2443 vaticinium,

1971 2462 2040 2517 de
2072 2467 2237 2534 porta
2268 2462 2547 2519 Orientali
2580 2464 2802 2529 clausa,
2837 2479 2938 2534 per
2968 2480 3144 2534 quam
3169 2463 3333 2519 solus
3364 2464 3629 2520 Pontifex

1970 2551 2290 2623 egreditur,
2323 2570 2449 2623 quae
2479 2551 2864 2607 nihilominus
2908 2569 3138 2623 semper
3168 2552 3369 2608 clausa
3401 2569 3628 2624 perma-

1973 2645 2088 2695 net.
2130 2642 2251 2706 Quo
2302 2642 2556 2713 pertinet
2602 2642 2779 2695 etiam
2828 2646 2883 2694 S.
2937 2642 3201 2710 Ambros,
3245 2643 3626 2713 comparatio,

1971 2729 2145 2800 epist.
2174 2731 2264 2799 81,
2299 2729 2400 2785 ubi
2432 2730 2658 2801 scribit,
2693 2730 2988 2786 Christum
3022 2731 3105 2787 sic
3136 2730 3327 2786 exisse
3357 2732 3428 2785 de
3463 2736 3627 2787 utero

1970 2818 2252 2891 Virginis,
2286 2820 2438 2876 sicut
2490 2837 2653 2891 aqua:
2686 2822 2980 2875 ﬂuxerunt
3034 2822 3104 2875 de
3153 2824 3339 2892 petra,
3373 2821 3629 2891 denique

1973 2906 2118 2963 illud
2178 2908 2449 2965 Auctoris
2504 2908 2630 2965 loco
2689 2910 2945 2965 secundo
3002 2908 3181 2965 citato
3242 2909 3381 2964 dicti
3438 2909 3625 2965 libri:

1980 3015 2002 3045 ε
2035 2996 2180 3061 Quid
2216 2998 2393 3053 fuerit
2440 2998 2716 3053 novitatis
2765 2998 2824 3053 in
2874 2998 3104 3053 Christo
3136 3014 3204 3053 ex
3251 2996 3488 3068 Virgine
3521 3015 3626 3053 na-

1973 3085 2154 3139 scenti
2190 3085 2381 3157 palam
2414 3091 2519 3151 est,
2555 3085 2780 3141 scilicet
2812 3086 2919 3141 hoc
2970 3086 3339 3142 solummodo
3371 3086 3527 3156 quod
3558 3102 3629 3141 ex

1972 3173 2235 3243 Virgine;
2270 3196 2298 3224 »
2347 3173 2689 3245 signiﬁcans
2745 3175 2977 3245 ibidem,
3028 3178 3086 3230 et
3138 3174 3269 3230 aliis
3330 3173 3474 3229 locis
3531 3174 3627 3229 hic

1974 3262 2193 3333 citatis,
2227 3279 2288 3318 se
2319 3263 2458 3318 illud
2498 3281 2685 3335 usque
2725 3266 2865 3319 adeo
2899 3264 3145 3330 ursisse,
3178 3268 3244 3319 ut
3272 3280 3462 3319 verum
3491 3280 3626 3334 pro-

1974 3351 2135 3407 baret
2162 3357 2383 3423 partum
2415 3354 2627 3409 Christi
2653 3370 2722 3408 ea:
2758 3354 2995 3424 Virgine,
3021 3358 3226 3408 contra
3253 3353 3626 3423 Marcionem,

1972 3442 2072 3512 qui
2138 3442 2570 3513 phantasticum
2623 3443 2870 3497 dicebat.
2922 3443 3306 3498 Postmodum
3369 3442 3632 3511 interim,

1972 3531 2071 3585 ubi
2107 3530 2252 3585 satis
2285 3531 2396 3586 fuit
2428 3549 2494 3587 ea
2525 3532 2761 3587 haeresis
2794 3533 3118 3599 confutata,
3152 3532 3492 3587 maluerunt
3525 3532 3627 3587 Pa-

1971 3625 2090 3675 tres
2123 3620 2387 3686 deﬁnire,
2422 3620 2716 3691 Virginem
2752 3620 3055 3692 Deiparam
3086 3620 3287 3677 clauso
3338 3625 3503 3676 utero
3534 3620 3627 3674 in-

1972 3708 2429 3781 corruptibiliter
2459 3710 2776 3781 peperisse.

1971 3825 2001 3897 §
2032 3825 2118 3878 23.
2154 3826 2226 3879 De
2256 3824 2429 3898 Maria
2462 3826 2694 3898 Virgine
2712 3829 2879 3883 semel
2918 3835 3161 3898 nuptura
3208 3831 3330 3897 post
3366 3834 3623 3897 partum,

2043 3900 2183 3968 tom.
2220 3898 2292 3963 ΙΙ,
2329 3896 2430 3951 lib.
2482 3895 2567 3952 (ἰδ’
2600 3895 2825 3953 Veland.
2880 3895 3045 3968 virg),
3076 3915 3125 3953 c.
3155 3895 3219 3968 6,
3244 3915 3301 3952 n.
3336 3895 3442 3965 48;
3475 3902 3619 3953 tom.

2042 3969 2141 4033 III,
2174 3967 2277 4023 lib.
2302 3968 2377 4039 de
2408 3968 2581 4024 Carne
2622 3969 2872 4031 Christi;
2905 3967 3073 4039 0.723,
3105 3986 3163 4025 n.
3197 3967 3336 4038 174;
3370 3974 3428 4026 et
3475 3975 3620 4025 tom.

2043 4039 2105 4107 V,
2138 4039 2241 4095 lib.
2274 4038 2342 4095 de
2369 4040 2599 4111 Monog.,
2635 4057 2761 4113 cap.
2796 4042 2851 4112 8,
2885 4059 2939 4096 n.
2976 4038 3065 4096 55.

2040 4146 2193 4201 Satis
2227 4145 2467 4218 quidem
2497 4146 2815 4202 obscurein
2842 4147 2993 4203 hanc
3016 4145 3282 4203 haeresim
3306 4146 3631 4220 impingere

1969 4234 2202 4288 videtur
2232 4236 2466 4305 Auctor,
2500 4235 2581 4290 ita
2612 4240 2676 4290 ut
2707 4235 2903 4307 aliquo
2937 4236 3110 4291 modo
3142 4254 3353 4291 sanum
3388 4253 3628 4291 sensum

1971 4322 2200 4393 possint
2229 4323 2356 4394 ejus
2378 4324 2555 4379 verba
2588 4324 2842 4395 recipere
2868 4328 3111 4391 {verum
3144 4325 3628 4396 quandoquidem

1968 4416 2023 4464 S.
2058 4412 2422 4483 Hieronym.,
2456 4429 2589 4467 cum
2624 4412 2793 4467 illum
2828 4429 2929 4483 pro
2963 4430 3023 4467 se
3052 4412 3291 4468 citasset
3320 4413 3630 4469 haereticus

1970 4499 2293 4571 Helvidius,
2330 4518 2443 4556 non
2494 4505 2665 4573 neget
2721 4500 2886 4555 illum
2936 4500 3054 4556 tale
3104 4502 3245 4572 quid
3297 4502 3627 4573 scripsisse,

1974 4604 2161 4660 neque
2194 4606 2298 4660 ego
2331 4590 2403 4644 ab
2434 4606 2501 4644 ea
2555 4590 2751 4660 ipsum
2789 4591 3190 4645 excusandum
3241 4590 3457 4661 putavi.
3492 4590 3631 4647 Res-

222 4687 443 4754 septem
478 4685 533 4737 et
581 4682 814 4737 ﬁliabus
861 4680 1049 4736 tribus
1090 4681 1140 4736 ei
1191 4681 1478 4736 restitutis
1537 4680 1750 4753 legitur
1805 4681 1864 4736 in
1895 4668 1942 4733 D
1974 4679 2229 4750 pondere
2286 4680 2583 4734 sufﬁceret
2612 4678 2693 4745 id,
2729 4679 2881 4750 quod
2934 4683 2997 4734 B.
3032 4680 3265 4734 Hieron.
3299 4680 3370 4735 de
3402 4680 3629 4737 Tertul-

224 4772 500 4839 llebraais,
532 4769 836 4838 Chaldmis,
879 4769 1092 4826 Graecis
1124 4773 1181 4825 et
1239 4770 1463 4825 Latinis
1521 4770 1865 4842 exemplari-

222 4861 331 4917 bus
360 4866 570 4933 :atque
602 4861 739 4917 hinc
762 4862 982 4916 factum
1002 4859 1344 4931 opinior,uti
1370 4859 1661 4931 peculiare
1680 4860 1862 4927 istud,

225 4950 378 5023 quod
410 4950 566 5021 apud
597 4948 891 5005 neminem
924 4952 1185 5003 veterum
1219 4947 1470 5019 reperire
1502 4947 1862 5020 potui,para-

223 5041 409 5097 doxon
460 5038 535 5095 sit
582 5042 840 5095 secutus.
891 5040 1055 5094 Certe
1104 5036 1375 5109 pluribus
1423 5038 1479 5092 id
1531 5038 1863 5109 improbare

223 5130 586 5202 superﬂuum
620 5129 787 5197 foret,
832 5144 966 5183 cum
1008 5127 1276 5198 ejusdem
1334 5126 1450 5181 fere
1506 5127 1694 5182 aetatis
1739 5127 1862 5182 Ori-

224 5235 419 5291 genes,
453 5217 657 5275 homil.
688 5219 723 5272 6
753 5219 812 5272 in
841 5216 1109 5272 Ezechiel.
1144 5214 1289 5269 illud
1340 5215 1551 5287 legisse
1584 5234 1647 5272 se
1678 5217 1863 5289 signi—

225 5310 375 5374 licet,
403 5313 461 5364 et
488 5311 623 5380 post
653 5322 786 5363 eum
820 5307 1016 5362 Patres
1048 5310 1400 5371 omnes,tam
1432 5313 1863 5379 veteres,quam

228 5398 426 5453 mediae
459 5398 669 5464 aetatis,
702 5401 760 5452 et
790 5395 1163 5451 recentiores.
1199 5395 1422 5458 Quibus
1470 5400 1689 5452 Auctor
1728 5414 1865 5452 con-

228 5487 484 5554 sentiret,
517 5489 564 5544 si
595 5489 880 5544 duntaxat
911 5484 1175 5550 dixisset,
1206 5485 1303 5540 Job
1325 5487 1542 5558 reliqua
1572 5503 1688 5558 qua:
1722 5490 1863 5541 ami-

226 5580 388 5644 serat,
417 5577 773 5649 reduplicata
816 5574 1140 5648 possedisse,
1190 5577 1424 5645 exceptis
1470 5575 1633 5646 ﬁliis,
1669 5580 1867 5647 utpote

229 5682 369 5739 quos
395 5673 620 5744 septem
655 5666 944 5721 duntaxat
969 5664 1209 5735 recepit,
1241 5666 1415 5736 atque
1455 5666 1597 5721 adeo
1624 5665 1867 5721 totidem

226 5761 359 5829 quot
384 5763 579 5819 antea.
614 5756 680 5815 Id
715 5758 1020 5829 propterea
1054 5751 1514 5825 interpretantur
1563 5754 1867 5828 Philippus

1972 4766 2176 4823 lianc:
2215 4768 2340 4826 Non
2392 4766 2549 4823 aliud
2604 4767 2754 4836 dice,
2787 4785 2963 4839 quam
3010 4768 3314 4824 hominem
3363 4767 3628 4826 Ecclesiae

1972 4874 2087 4911 non
2122 4857 2549 4913 fuisse.Verum
2584 4858 2723 4929 quia
2755 4858 3066 4913 seductum
3100 4858 3281 4914 fuisse
3311 4859 3629 4916 verisimile

1974 4950 2061 5002 est
2094 4946 2561 5019 iisdem,quibus
2592 4946 2943 5016 Helvidium,
2980 4948 3473 5019 evangelistarum
3502 4966 3631 5005 ver-

1972 5037 2083 5103 bis,
2120 5036 2328 5092 Mattb.
2380 5054 2479 5105 xu,
2531 5038 2671 5092 Luo.
2723 5054 2847 5107 vm,
2878 5038 3049 5093 Joan.
3098 5054 3201 5108 vn,
3247 5038 3311 5094 de
3353 5040 3633 5110 fratribus

1971 5128 2373 5199 Domini,quos
2406 5143 2530 5182 vere
2557 5130 2779 5199 fratres,
2811 5129 2897 5183 uti
2928 5133 2983 5183 et
3018 5146 3138 5185 vere
3184 5134 3418 5186 matrem
3452 5130 3633 5186 fuisse

1974 5218 2203 5287 Christi,
2249 5218 2374 5288 jam
2434 5218 2572 5272 dict.
2616 5217 2717 5273 lib.
2779 5218 2844 5272 de
2898 5218 3074 5274 Carne
3117 5221 3343 5288 Christi,
3390 5236 3515 5290 cap.
3574 5222 3631 5287 7,

1973 5325 2030 5362 n.
2064 5309 2155 5377 67,
2210 5307 2440 5373 asserit,
2475 5308 2561 5362 uti
2611 5308 2807 5363 carnis
2852 5308 3067 5363 Christi
3116 5309 3418 5364 veritatem
3469 5313 3630 5363 tanto

1973 5396 2248 5467 probaret
2279 5395 2491 5467 magis,
2525 5395 2749 5469 aliquid
2779 5397 2849 5451 de
2881 5397 3009 5467 ejus
3041 5396 3274 5467 phrasis
3328 5395 3629 5452 intellectu

1976 5486 2372 5555 adjiciendum
2428 5490 2536 5543 est.
2572 5487 2873 5559 Origenes,
2925 5486 3205 5555 Hilarius,
3258 5486 3627 5558 Euthymius,

1976 5580 2033 5631 et
2077 5575 2399 5649 Theophyl.
2452 5576 2510 5631 in
2564 5576 2925 5644 Matthaauin,
2977 5575 3188 5629 Euseb.
3244 5573 3345 5630 lib.
3402 5592 3441 5631 11
3487 5578 3625 5634 Hist.

1976 5663 2139 5733 eccl.,
2175 5682 2225 5721 c.
2262 5667 2285 5720 1
2322 5683 2335 5734 ;
2368 5669 2424 5721 Β.
2460 5666 2767 5737 Epiphan.,
2823 5661 2926 5718 lib.
2979 5679 3042 5717 III
3086 5664 3325 5720 Panarii
3372 5666 3629 5723 adversus

1975 5754 2566 5812 Antidicomarianitas
2583 5771 2605 5817 ;
2627 5752 3027 5811 S.Amhros.et
3047 5753 3285 5811 OEcum.
3313 5754 3374 5812 in
3402 5758 3622 5814 Comm.
