4526 6364
635 371 751 432 247

1830 363 2257 427 PARADOXA
2297 364 2829 430 TERTULLIANI

3933 364 4057 427 248

640 519 686 558 c.
726 519 767 557 ιι
825 501 898 558 ad
951 498 1161 569 Galat.,
1212 500 1411 570 fratres
1466 497 1686 554 Domini
1739 500 1949 569 putant
2003 495 2287 570 appellari
2316 500 2366 567 Α
2399 497 3041 568 S.Hier.asserit,juxta
3060 496 3397 553 Judmorum
3418 490 3764 567 δευτιρώσεις
3785 492 4052 551 circum-

639 591 794 646 filios
822 590 1037 663 .loseph
1069 606 1136 644 ex
1170 589 1350 643 Maria
1373 587 1638 658 Cleophae
1669 586 1866 642 fratris
1897 587 1988 642 sui
2020 587 2289 654 vidua,ex

640 697 758 752 qua
788 678 1003 735 liberos
1032 695 1129 733 sex
1164 676 1702 748 sustulerit,utpote
1729 675 2288 746 Jacobum.Joseph,

638 772 959 840 Simonem,
989 770 1206 824 Judam
1255 775 1315 825 et
1344 769 1553 823 fratres
1604 769 1753 837 ejus.
1789 767 1967 837 quue
1998 766 2105 838 (vel
2148 770 2293 821 teste

639 859 908 931 Origene)
930 859 1099 929 juxta
1150 856 1527 928 Evangelium
1564 856 1716 927 quod
1752 854 1901 909 Petri
1944 859 2047 909 aut
2091 853 2291 909 Jacobi

641 948 883 1003 titulum
944 946 1214 1002 habebat.
1257 946 1473 1001 Verum
1536 944 1750 1000 rectius
1800 945 1856 999 S.
1913 943 2169 1009 Hieron.,
2232 942 2290 996 in

640 1041 862 1095 Comm.
895 1037 1145 1102 Quidam
1195 1039 1405 1108 fratres
1455 1036 1684 1091 Domini
1713 1035 1785 1091 de
1833 1034 1948 1089 alia
1990 1050 2166 1089 uxore
2193 1033 2293 1088 Jo-

642 1128 787 1200 seph
818 1125 971 1183 ﬁlios
994 1126 1392 1198 suspicantur,
1409 1128 1721 1196 sequentes
1744 1123 2127 1179 deliramenta
2156 1137 2294 1194 apo-

652 1216 1030 1289 cryphorum,
1064 1221 1120 1270 et
1150 1232 1184 1269 a
1235 1215 1489 1286 quadam
1534 1213 1724 1269 Escha
1771 1212 2122 1268 muliercula
2159 1228 2294 1265 con-

647 1309 961 1381 tingentes.
993 1306 1110 1362 Nos
1138 1311 1356 1373 autem,
1389 1304 1604 1376 inquit,
1636 1304 1790 1361 sicut
1820 1304 1876 1359 in
1918 1303 2087 1373 libro,
2119 1319 2295 1375 quem

645 1398 929 1452 adversus
960 1395 1290 1451 Helvidium
1323 1392 1695 1465 scripsimus,
1714 1393 2065 1463 continetur,
2097 1394 2297 1463 fratres

645 1486 887 1551 Domini,
921 1501 1035 1539 non
1070 1483 1217 1540 filios
1247 1483 1489 1554 Joseph,
1523 1484 1624 1537 sed
1675 1482 2053 1538 consobrinos
2100 1481 2298 1537 Salva-

648 1575 821 1644 toris,
874 1573 1279 1644 intelligimus.
1314 1572 1506 1628 Mariae
1552 1570 1766 1627 liberos
1811 1576 2134 1627 materterze
2184 1571 2297 1627 Do-

651 1663 820 1728 mini,
853 1678 981 1733 quae
1003 1678 1133 1718 esse
1153 1661 1368 1717 dicitur
1395 1661 1550 1717 200
1573 1663 1760 1715 mater
1805 1660 2004 1716 Jacobi
2035 1659 2298 1725 Minoris,

652 1756 709 1810 et
726 1751 968 1823 Joseph,
992 1755 1049 1806 et
1068 1750 1410 1822 Judae,quos
1435 1750 1494 1804 in
1518 1749 1833 1821 Evangelio
1852 1754 2056 1821 fratres
2082 1750 2302 1806 Domini

2397 585 2637 642 cisionis
2670 586 3463 659 injuriam,instaurationem
3496 582 4049 655 templi,taurorum

2398 680 2455 730 et
2485 676 2730 731 arietum
2764 674 3052 743 victimas,
3086 676 3271 730 otium
3311 673 3572 742 sabbati,
3601 678 3659 727 et
3697 678 4049 726 cunctarum

2400 765 2661 836 gentium
2711 764 3071 830 servitutem,
3105 769 3279 834 atque
3327 762 3469 817 adeo
3515 761 3690 831 bella,
3735 760 4051 831 exercitus,

2399 860 2751 933 triumphos,
2785 866 3197 932 superatorum
3231 875 3422 929 neces,
3456 863 3822 928 mortemque
3852 862 4053 912 cente-

2401 948 2550 1004 narii
2581 949 2921 1021 peccatoris.
2954 949 3129 1005 Porro
3162 965 3294 1004 cum
3328 947 3604 1003 omnibus
3636 944 3708 1001 iis
3747 946 4052 1018 imposue-

2402 1038 2478 1092 rit
2534 1037 2679 1093 illud
2735 1037 3160 1110 Apocalypseos
3208 1041 3263 1092 S.
3295 1036 3541 1092 Joannis
3601 1033 3848 1107 apostoli
3898 1034 4057 1106 (nam

2400 1124 2483 1180 illi
2516 1127 2862 1182 adscribunt
2891 1143 3097 1182 omnes
3128 1125 3230 1198 illi)
3254 1143 3305 1182 c.
3338 1126 3438 1180 20:
3474 1127 3582 1181 Hoc
3612 1133 3689 1180 est
3717 1124 4050 1179 resurrectio

2396 1218 2585 1288 prima
2607 1233 2629 1279 ,'
2662 1216 2852 1272 beatus
2882 1220 2930 1271 et
2959 1216 3307 1288 sanctus,qui
3331 1215 3493 1270 habet
3515 1223 3740 1287 partem
3770 1215 3832 1269 in
3863 1229 4056 1268 resur-

2403 1306 2639 1361 rectione
2692 1308 2893 1376 prima,
2929 1308 2991 1361 in
3037 1306 3121 1360 his
3164 1314 3332 1360 erant
3384 1304 3683 1360 sacerdotes
3733 1302 3957 1358 Domini
4004 1304 4061 1357 ct

2406 1393 2625 1455 Christi.
2656 1403 2707 1450 et
2736 1396 3049 1464 regnabant
3094 1410 3219 1449 cum
3248 1395 3344 1449 illo
3393 1394 3548 1449 mille
3587 1394 3771 1462 annis,
3805 1393 3878 1447 de
3925 1391 4057 1461 ejus

2403 1483 2517 1539 loci
2549 1482 2843 1538 intellectu
2875 1482 3095 1556 aliquid
3119 1483 3214 1538 hic
3243 1482 3641 1554 adjiciendum
3673 1484 3779 1537 est.
3806 1480 3871 1534 B.
3901 1479 4055 1534 Hier.

2406 1572 2571 1627 Prazl‘.
2604 1572 2663 1627 in
2697 1575 2798 1627 lib.
2830 1589 2970 1628 xvm
3002 1578 3136 1639 Isa.,
3170 1570 3583 1644 Apocalypsin,
3617 1586 3729 1625 non
3756 1570 3931 1641 juxta
3962 1567 4055 1623 lit-

2406 1666 2613 1730 teram,
2664 1661 2837 1717 sicuti
2866 1680 2900 1718 a
2947 1661 3410 1726 Judaizantibus,
3445 1661 3547 1716 sed
3597 1658 3963 1731 spiritaliter,
3998 1660 4059 1712 ut

2408 1752 2625 1822 scripta
2646 1750 3195 1820 est,edisserendam
3223 1750 3386 1817 dicit,
3409 1750 3562 1821 quod
3591 1750 3787 1821 ipsum
3822 1745 4061 1802 disertis

654 1840 908 1912 legimus
936 1838 1301 1912 appellatos;
1329 1840 1536 1894 fratres
1568 1837 1723 1893 enim
1756 1837 2142 1893 consobrinos
2164 1837 2299 1905 dici,
2334 1867 2381 1932 B
2412 1840 2604 1895 verbis
2638 1840 2773 1895 facit
2820 1840 3045 1895 Comm.
3080 1840 3225 1896 201
3264 1854 3375 1895 ms.
3410 1837 3689 1894 Victorini
3722 1836 3783 1891 in
3816 1839 3995 1907 Apoc.
4029 1851 4064 1889 a

658 1929 853 1984 omnis
899 1929 1198 2000 Scriptura
1244 1927 1629 1983 demonstrat.
1666 1926 1770 1982 Ubi
1822 1926 2032 1982 alludit
2070 1932 2195 1981 tum
2230 1927 2304 1982 ad

662 2016 995 2089 Scripturas
1023 2017 1094 2072 de
1133 2017 1278 2072 Loth
1330 2017 1502 2072 fratre
1535 2016 1799 2085 Abrahae,
1832 2016 1970 2070 Gen.
2019 2031 2144 2081 xm,
2177 2020 2306 2071 tum

664 2107 740 2162 ad
767 2106 970 2161 Matth.
1003 2122 1052 2161 c.
1084 2122 1222 2174 xvn,
1256 2105 1356 2161 ubi
1380 2106 1547 2175 juxta
1576 2121 1809 2160 crucem
1839 2103 2137 2160 adstitisse
2166 2103 2305 2159 dici-

665 2200 764 2251 tur
789 2196 972 2252 Maria
1000 2195 1220 2259 Jacobi,
1254 2200 1309 2251 et
1336 2196 1470 2252 Jose
1501 2211 1603 2251 seu
1636 2194 1853 2266 Joseph
1886 2199 2072 2250 mater
2103 2212 2115 2251 :
2150 2194 2303 2266 quod

662 2285 733 2339 de
767 2285 947 2340 Matre
981 2285 1210 2341 Domini
1243 2302 1357 2341 non
1388 2301 1559 2356 posse
1590 2284 1835 2356 intelligi
1878 2288 2030 2340 recte
2060 2284 2305 2339 adnota-

657 2375 740 2428 vit
775 2374 1140 2447 Eutbymius.
1182 2374 1468 2430 Caeterum
1518 2374 1649 2430 vide
1677 2373 2077 2430 deﬁnitionem
2125 2373 2307 2429 eccle-

656 2463 960 2519 siasticam
1010 2463 1120 2519 hac
1151 2464 1223 2519 de
1272 2480 1332 2519 re
1371 2463 1525 2535 apud
1573 2468 1629 2519 S.
1664 2462 2059 2535 Fulgentium,
2108 2462 2210 2518 lib.
2244 2462 2309 2517 de

658 2553 790 2609 Fide
817 2552 888 2608 ad
915 2554 1162 2621 Petrum,
1196 2553 1348 2608 inter
1375 2569 1552 2624 opera
1581 2553 1643 2608 Β.
1670 2554 2008 2624 Augustini.

656 2699 684 2764 §
710 2696 803 2748 24.
845 2696 921 2768 De
947 2696 1103 2751 mille
1130 2698 1295 2751 annis
1323 2699 1444 2766 post
1484 2698 1941 2751 resurrectionem
1987 2712 2307 2768 corporum,

733 2767 838 2822 lib.
866 2766 933 2821 de
962 2768 1183 2823 Resurr.
1215 2783 1396 2828 carm.
1429 2784 1556 2838 cap.
1584 2769 1749 2835 25,n.
1781 2768 1885 2822 203
1914 2785 1927 2835 ;
1959 2766 2091 2822 adv.
2118 2769 2263 2824 Marc
2294 2812 2308 2836 ,

734 2837 836 2893 lib.
870 2855 888 2893 ι
922 2854 1049 2910 cap.
1084 2840 1175 2905 29,
1220 2856 1279 2893 n.
1328 2839 1466 2905 203;
1512 2837 1616 2894 lib.
1679 2855 1760 2904 ιιι,
1795 2856 1919 2910 cap.
1970 2840 2060 2908 24,
2112 2855 2168 2894 ιι.
2206 2842 2307 2895 191

736 2916 793 2964 et
818 2926 982 2981 seq.;
1016 2910 1117 2965 lib.
1170 2927 1241 2980 iv,
1272 2927 1401 2978 cap.
1448 2911 1539 2975 29,
1575 2927 1634 2965 n.
1685 2911 1783 2965 471
1812 2927 1826 2978 ;
1860 2915 1917 2967 et
1963 2916 2105 2967 tom.
2141 2928 2216 2982 ιν,
2250 2911 2309 2967 in

734 2985 1049 3054 Fragment.
1081 2982 1214 3037 libri
1241 2981 1306 3036 de
1335 2982 1440 3052 Spe
1466 2982 1744 3053 ﬁdelium.

738 3124 887 3191 Quid
918 3124 1314 3181 Tertullianus
1346 3124 1455 3180 hoc
1484 3126 1555 3181 de
1586 3142 1647 3181 re
1686 3126 1955 3191 senserit,
1984 3127 2128 3183 satis
2158 3128 2313 3183 arbi-

668 3217 792 3305 tror
820 3214 1134 3305 deduxisse
1166 3231 1257 3305 me
1289 3218 1332 3269 t.
1381 3214 1473 3283 IV,
1506 3215 1578 3305 ad
1597 3216 1933 3305 fragmenta
1972 3214 2069 3271 lib.
2102 3215 2167 3271 de
2206 3216 2313 3287 Spe
2343 3238 2386 3305 ρ

667 3302 933 3373 ﬁdelium,
965 3319 1033 3358 ex
1079 3303 1226 3375 ipsis
1275 3304 1405 3374 ejus
1451 3303 1667 3372 verbis,
1723 3319 1953 3374 nempe,
1991 3326 2016 3353 ‹‹
2053 3305 2108 3358 in
2160 3309 2315 3359 terra

671 3391 910 3462 quidem
940 3408 1187 3464 regnum
1239 3391 1454 3447 Christi
1500 3392 1670 3448 nobis
1723 3392 2149 3463 repromissum
2183 3398 2317 3449 ante

669 3479 879 3535 coelum
912 3487 1046 3551 post
1068 3479 1317 3550 primam
1343 3481 1851 3546 resurrectionem,
1868 3482 1969 3536 sed
1995 3484 2189 3536 tamen
2215 3481 2318 3550 ita,

670 3573 738 3623 ut
767 3567 827 3623 in
860 3584 926 3624 eo
952 3570 1288 3625 reﬁciantur
1316 3570 1503 3626 sancti
1534 3570 1803 3624 omnium
1833 3568 2189 3640 spiritalium
2224 3570 2321 3625 bo-

672 3674 883 3713 norum
943 3659 1127 3730 copia.
1172 3678 1198 3711 »ν
1234 3657 1416 3722 Quam
1471 3658 1578 3713 etsi
1638 3675 1964 3726 erroneam,
2026 3663 2322 3732 utcunque

673 3745 1034 3802 tolerabilem
1086 3753 1279 3802 tamen
1333 3749 1549 3802 fatetur
1599 3748 1660 3802 Β.
1697 3753 1973 3818 August.,
2018 3746 2121 3802 lib.
2149 3764 2222 3803 xx
2260 3747 2324 3804 de

678 3833 838 3891 Ciait.
873 3837 996 3899 Dei,
1032 3842 1318 3906 quantum
1372 3836 1599 3907 opinor,
1641 3835 1795 3906 quod
1844 3852 1972 3891 eam
2025 3836 2197 3892 etiam
2249 3838 2327 3893 sit

677 3923 931 3994 reperire
977 3924 1130 3995 apud
1161 3928 1219 3979 S.
1253 3924 1557 3991 Irenaeum,
1589 3922 1692 3979 lib.
1726 3940 1760 3979 v
1788 3926 1856 3980 de
1891 3925 2117 3993 Haeres,
2151 3942 2202 3982 c.
2234 3927 2324 3997 32,

675 4012 766 4081 33,
797 4013 888 4080 34,
920 4014 1011 4079 35,
1046 4028 1111 4066 ac
1141 4016 1196 4069 S.
1228 4011 1530 4067 Justinum
1556 4016 1891 4084 martyrem,
1924 4013 2163 4087 Dialogo
2194 4015 2324 4070 adv.

675 4099 1039 4171 Tryphonem
1072 4105 1129 4156 et
1159 4100 1517 4169 Melitonem,
1553 4101 1652 4172 qui
1685 4101 1740 4155 in
1775 4100 1883 4157 hoc
1917 4108 2054 4158 sunt
2093 4103 2325 4171 imitati,

675 4188 768 4244 vel
797 4192 852 4243 S.
890 4189 1038 4244 llier.
1073 4194 1331 4257 auctore,
1367 4188 1628 4260 Papiam.
1664 4184 1897 4251 Quibus
1926 4191 2332 4247 assentiuntur

679 4276 856 4332 etiam
915 4277 1333 4349 Apollinarius,
1395 4278 1495 4349 qui
1557 4280 1775 4333 frustra
1832 4278 2013 4334 libros
2070 4280 2331 4352 Dionysii

677 4365 1056 4421 Alexandrini
1091 4370 1293 4422 contra
1310 4370 1584 4436 Nepotem
1620 4366 1786 4422 nisus
1820 4367 1929 4422 luit
1960 4369 2330 4442 impugnare,

682 4459 944 4510 Lactant.
979 4454 1082 4510 lib.
1117 4473 1179 4523 ιι,
1215 4471 1266 4510 a.
1300 4456 1368 4509 13
1398 4471 1463 4509 ac
1492 4453 1594 4509 lib.
1628 4473 1729 4520 vu,
1763 4473 1812 4512 c.
1844 4457 1950 4525 24;
1997 4457 2331 4513 Victorinus

681 4543 742 4598 in
773 4541 1183 4615 Apocalypsin,
1224 4546 1536 4613 antequam
1569 4561 1601 4598 a
1631 4550 1685 4597 S.
1721 4543 1952 4600 Hieron.
1988 4546 2328 4601 emendare-

2415 1945 2477 1984 se
2525 1929 2854 1993 emendato,
2896 1928 3264 2000 Dionysium,
3315 1928 3541 1999 opinor,
3595 1924 4061 1981 Alexandrinum

2414 2023 2675 2085 secutus,
2708 2018 2877 2072 dictis
2925 2018 3155 2072 advers.
3188 2017 3467 2089 Nepotem
3523 2014 3687 2071 libris
3716 2019 3775 2069 S.
3808 2015 4059 2085 August.

2415 2106 2679 2179 apertius
2729 2105 2795 2161 de
2845 2105 3003 2161 Civit.
3055 2107 3166 2161 Dei
3213 2104 3313 2161 lib.
3349 2122 3409 2175 ιι,
3444 2121 3492 2159 c.
3523 2105 3580 2172 7,
3627 2103 3765 2171 8,9,
3813 2104 4064 2174 primam

2414 2199 2863 2253 resurrectionem
2930 2197 3349 2268 interpretatur
3403 2196 3735 2252 animarum
3798 2208 4064 2250 resurre-

2414 2287 2688 2355 ctionem,
2720 2286 2896 2342 etiam
2946 2286 3005 2340 in
3044 2285 3359 2358 Scripturis
3408 2284 3692 2358 agnitam,
3738 2282 4063 2340 secundam

2415 2392 2746 2446 corporum,
2780 2380 2837 2430 et
2864 2375 3020 2429 mille
3048 2391 3242 2442 annos,
3274 2382 3375 2430 aut
3405 2379 3638 2445 tempus
3679 2372 3906 2446 gratias,
3938 2386 4064 2443 quas

2415 2465 2743 2521 remanebit
2772 2464 2841 2519 ad
2875 2463 3070 2519 saeculi
3094 2465 3363 2526 linem,eo
3395 2462 3676 2535 loquendi
3704 2475 4063 2534 genere,quo

2416 2571 2551 2627 pars
2595 2553 2962 2625 signiﬁcatur
3011 2570 3045 2607 a
3091 2556 3235 2624 toto,
3269 2558 3370 2609 aut
3415 2569 3516 2625 pro
3566 2551 3737 2607 annis
3791 2549 4067 2607 omnibus

2416 2652 2596 2723 hujus
2627 2650 2915 2719 szeculi,ut
2945 2651 3198 2723 perfecto
3231 2667 3477 2707 numero
3499 2655 3735 2706 notetur
3771 2649 3903 2722 ipsa
3929 2652 4071 2703 tem-

2417 2740 2577 2811 poris
2604 2737 2927 2809 plenitudo.
2961 2740 3142 2803 Quem
3176 2744 3505 2810 sequuntur
3535 2738 3851 2794 Ambrosio
3882 2735 4064 2793 ascri-

2418 2834 2557 2901 ptus
2604 2828 3090 2896 Commentarius,
3123 2828 3466 2896 Primasius,
3495 2828 3761 2883 Andreas
3801 2843 3866 2882 ac
3913 2825 4065 2881 Beda

2421 2917 2643 2976 Comm.
2680 2917 2738 2971 in
2768 2916 3180 2990 Apocalypsin.
3201 2916 3396 2989 Neque
3428 2917 3604 2973 etiam
3637 2933 3743 2988 pro
3777 2915 3896 2971 illis
3929 2913 4065 2970 facit

2420 3008 2571 3080 quod
2605 3006 2818 3078 legitur
2865 3011 3044 3078 Apoc.
3077 3023 3172 3061 xxx
3220 3008 3290 3062 de
3336 3007 3563 3062 civitate
3596 3007 3903 3062 Jerusalem
3948 3003 4061 3058 des-

2419 3097 2678 3154 cendente
2723 3096 2783 3150 in
2832 3100 3044 3151 terram
3106 3112 3331 3151 novam.
3369 3094 3513 3162 Quia
3568 3095 3695 3168 ipse
3754 3091 4065 3168 Apostolus

2421 3187 2676 3242 Joannes
2725 3185 2944 3240 indicat
2989 3201 3052 3240 se
3098 3184 3257 3256 loqui
3307 3186 3377 3240 de
3422 3182 3751 3241 Jerusalem
3800 3200 3914 3239 non
3960 3186 4070 3237 ter-

2426 3290 2727 3343 rena,cum
2761 3273 3013 3329 addidit:
3043 3272 3111 3328 Et
3126 3272 3410 3345 templum
3432 3290 3544 3329 non
3575 3272 3690 3328 vidi
3728 3273 3784 3328 in
3817 3267 4070 3343 ea(quod

2427 3369 2625 3420 tamen
2662 3361 2838 3433 aliqui
2869 3362 3155 3434 ipsorum,
3188 3364 3271 3417 uti
3315 3363 3729 3434 supradictum
3762 3368 3872 3429 est,
3901 3359 4077 3416 etiam

2429 3452 2766 3510 restitutum
2816 3451 2885 3507 iri
2934 3452 3335 3522 sentiebant):
3384 3452 3669 3507 Dominus
3726 3453 3881 3506 enim
3937 3450 4084 3504 Deus

2431 3542 2804 3613 omnipotens
2828 3540 3112 3614 templum
3142 3540 3302 3597 illius
3324 3547 3413 3597 est
3433 3546 3490 3597 et
3508 3557 3720 3613 agnus.
3749 3538 3994 3596 Proinde
4016 3536 4087 3592 de

2429 3631 2689 3686 Ecclesia
2721 3630 2935 3686 rectius
2967 3630 3165 3686 Patres
3198 3628 3295 3685 alii
3328 3630 3815 3701 interpretantur,
3847 3634 3904 3684 et
3935 3625 4083 3683 mili-

2431 3725 2591 3776 tante
2625 3719 2684 3775 in
2716 3719 2825 3775 hoc
2856 3717 3091 3785 saculo,
3133 3720 3303 3791 cuius
3337 3718 3725 3776 fundamenta
3772 3715 4081 3774 duodecim

2422 3800 2714 3883 'Apostoli,
2747 3814 2803 3865 et
2831 3809 2890 3865 in
2924 3810 3085 3865 caelis
3133 3810 3508 3883 postmodum
3560 3816 3869 3884 regnante.
3902 3802 4083 3863 Sicuti

2433 3900 2611 3956 etiam
2659 3899 2803 3955 illud
2849 3898 2973 3955 Gal.
3010 3915 3086 3970 iv,
3130 3900 3201 3955 de
3246 3900 3553 3958 Jerusalem
3603 3900 3814 3966 libera,
3845 3912 3962 3970 qua:
4005 3896 4084 3951 est

2434 4003 2610 4045 muter
2638 3994 2862 4052 nostra;
2893 3989 2994 4044 ubi
3024 3991 3414 4062 repugnantia
3442 3994 3534 4045 est
3558 3989 3620 4045 in
3652 3991 3783 4063 ipso
3815 3988 4042 4058 adjecto
4068 3997 4081 4036 :

2438 4104 2555 4160 qum
2584 4103 2801 4143 sursum
2847 4095 2946 4158 est,
2979 4105 3105 4161 qua
3135 4089 3311 4144 etiam
3343 4093 3433 4144 est
3463 4087 3522 4144 in
3572 4086 3675 4144 illo
3708 4086 3962 4158 Philipp.
3998 4096 4081 4151 ιιι,

2437 4174 2747 4249 πολίτευμα
2774 4182 3019 4232 nostrum
3051 4179 3109 4232 in
3140 4178 3287 4232 acetis
3324 4186 3426 4245 est,
3461 4177 3707 4249 proinde
3734 4193 3851 4232 non
3881 4174 3940 4229 in
3973 4176 4085 4226 ter-
4155 4227 4164 4236 ε

2439 4268 2541 4336 ris,
2575 4271 2641 4324 ut
2671 4268 2887 4325 mirum
2922 4268 2998 4324 sit.
3027 4269 3148 4324 haec
3180 4285 3284 4342 pro
3330 4270 3488 4324 dicta
3542 4268 3835 4325 sententia
3865 4266 3936 4321 ab
3985 4278 4089 4317 au-

2439 4363 2599 4413 ctore
2631 4361 2828 4414 nostro
2851 4358 3036 4414 citari.
3069 4358 3252 4431 Magis
3299 4358 3654 4415 videbantur
3675 4374 3779 4432 pro
3809 4352 3911 4410 illo
3940 4348 4093 4407 mili-

2437 4450 2562 4502 tare
2593 4463 2719 4519 quae.
2750 4446 3047 4502 habentur
3080 4448 3192 4503 Isa.
3228 4464 3331 4503 va
3360 4452 3416 4504 et
3446 4463 3570 4503 uv1
3596 4464 3610 4515 ;
3642 4463 3713 4503 ac
3754 4444 3971 4501 Jerem.
4001 4453 4094 4492 xvi

2438 4552 2505 4592 ac
2534 4553 2709 4604 xxxi;
2764 4537 3015 4609 denique
3064 4536 3346 4594 Ezechiel.
3395 4554 3491 4605 xx,
3536 4552 3714 4607 XXVII,
3765 4547 3971 4596 xxvul.
4020 4526 4090 4582 (ιθ

682 4606 923 4701 ιρι-ξεῖ,
950 4606 1151 4685 eodem
1173 4606 1181 4611 I
1203 4606 1648 4696 teste-Severus
1682 4634 1739 4687 in
1784 4632 1971 4699 Gallo,
2004 4634 2237 4706 υίαιορο
2267 4634 2332 4689 (ιθ
2361 4606 2408 4671 Ι)
2438 4628 2781 4680 restitutione
2807 4606 3019 4682 hide
3051 4625 3144 4697 (ad
3175 4639 3303 4697 quae
3329 4625 3423 4681 his
3458 4629 3689 4682 tantum
3717 4620 3911 4679 verbis
3938 4618 4091 4673 Auc—

691 4720 811 4776 Vita
841 4720 896 4774 S.
926 4721 1170 4775 Martini.
1205 4720 1550 4793 Quanquam
1586 4723 1761 4778 etiam
1792 4722 1909 4779 illis
1951 4723 2199 4796 imputet
2226 4723 2332 4795 (uti

687 4812 745 4863 et
790 4807 1169 4874 Tertulliano,
1204 4810 1328 4875 sed,
1361 4814 1645 4881 quantum
1694 4816 1956 4882 apparet,
1991 4829 2103 4867 non
2156 4812 2334 4883 recte)

689 4897 953 4952 Gennad.
989 4896 1090 4953 lib.
1125 4897 1190 4954 de
1229 4898 1474 4969 Dogmat.
1509 4901 1734 4967 Baetes,
1764 4906 1936 4971 potus
1985 4906 2042 4955 et
2089 4901 2203 4956 cibi
2232 4902 2332 4956 de-

685 4984 840 5041 liciis
872 4985 1153 5043 fruituros
1184 4996 1437 5044 sanctos.
1470 4987 1698 5059 Alioqui
1730 4994 1906 5055 certe,
1941 4988 2111 5061 longe
2144 4988 2329 5044 diver-

685 5091 815 5131 sam
847 5079 1005 5148 patet
1036 5077 1217 5133 fuisse
1247 5077 1530 5146 Cerinthi,
1563 5077 1743 5133 Marci
1788 5092 1853 5132 ac
1884 5077 2122 5148 Nepotis
2154 5077 2334 5134 haere-

683 5163 819 5233 sim,
869 5165 940 5220 de
970 5164 1184 5237 quibus
1239 5165 1363 5237 ipse
1412 5166 1651 5237 ibidem,
1703 5170 1759 5222 et
1810 5165 2041 5236 Euscb.,
2092 5165 2193 5221 lib.
2245 5183 2329 5236 ιιι,

683 5270 734 5310 c.
767 5255 870 5324 2:3;
903 5272 969 5310 ac
1000 5254 1036 5310 1.
1083 5273 1180 5323 vn,
1214 5272 1265 5324 c,
1309 5258 1399 5311 20.
1450 5259 1579 5326 post
1633 5271 1809 5321 eum;
1863 5261 1919 5310 et
1967 5255 2332 5324 Nicephorus

683 5343 918 5411 alicubi,
945 5345 1312 5416 aliorumque
1334 5344 1748 5399 Chiliastarum
1775 5360 1876 5399 seu
1901 5343 2330 5414 Milliariorum,

684 5435 994 5489 adversum
1044 5452 1191 5505 quos
1240 5434 1361 5506 agit
1393 5434 1451 5489 S.
1486 5432 1715 5503 Epiph.,
1748 5433 1953 5490 haeres.
2001 5434 2091 5489 76.
2125 5433 2331 5505 Utpote

684 5524 783 5593 qui
815 5521 1009 5592 (sicuti
1042 5529 1099 5577 et
1128 5521 1394 5578 hodierni
1434 5522 1674 5593 quidam
1706 5522 2110 5597 anabaptistm)
2141 5523 2198 5579 in
2231 5523 2330 5581 illo

686 5620 861 5667 etiam
895 5610 1232 5684 nuptiarum
1267 5610 1558 5685 copulam,
1592 5609 1710 5666 imo
1755 5610 2069 5670 Cerinthus
2099 5617 2156 5670 et
2181 5616 2329 5670 Mar-

688 5715 790 5755 cus
822 5699 1022 5756 omnia
1068 5700 1383 5757 libidinum
1434 5715 1645 5771 genera
1675 5702 2104 5776 exspectabant,
2136 5708 2195 5762 et
2240 5705 2328 5761 uti

2442 4720 2535 4770 tor
2590 4714 2842 4786 alludit),
2891 4731 3016 4786 quae
3075 4715 3423 4771 nominatim
3482 4715 3762 4778 citantur,
3795 4708 4003 4784 partim
4055 4718 4090 4756 a

2444 4808 2645 4859 sancto
2678 4803 2913 4874 Irenaeo,
2946 4803 3159 4876 partim
3209 4821 3243 4860 a
3272 4808 3476 4861 sancto
3521 4803 3756 4861 Justino
3795 4800 4084 4868 martyre;

2439 4917 2643 4957 verum
2675 4900 2916 4973 pulchre
2947 4903 3005 4956 in
3046 4903 3493 4958 Commentariis
3524 4903 3652 4959 suis
3700 4901 4086 4966 Hieronymus

2442 4989 2750 5063 allegorice
2779 4990 2849 5045 de
2880 4990 3132 5047 Ecclesia
3161 4990 3460 5047 Christum
3493 4992 3829 5054 conﬁtente,
3847 4985 4087 5055 ejusque

2442 5080 2739 5152 mysteriis
2771 5079 2872 5135 illa
2901 5081 3098 5135 omnia
3126 5081 3565 5153 interpretatur,
3591 5079 3815 5151 ubique
3841 5070 4086 5130 irridens

2441 5168 2600 5225 mille
2632 5184 2922 5225 annorum
2955 5168 3086 5225 illas
3119 5169 3493 5242 fabulas,quo
3525 5169 3800 5227 lectorem
3823 5172 4087 5231 compen-

2439 5258 2519 5313 dii
2573 5259 2760 5331 gratia
2806 5258 3183 5315 remittimus.
3231 5260 3476 5316 Facilior
3524 5263 3614 5317 est
3664 5251 3967 5329 responsio
4015 5242 4085 5300 ad

2437 5348 2770 5420 Scripturas
2821 5348 2961 5404 Gen.
2992 5365 3098 5404 x111
3130 5365 3196 5403 ac
3225 5365 3316 5416 xv,
3350 5365 3497 5421 quas
3546 5352 3847 5423 (Irenaeum
3886 5335 4079 5393 imita-

2437 5441 2557 5506 tus)
2590 5453 2691 5509 pro
2722 5453 2785 5493 se
2837 5439 2978 5493 citat
3005 5439 3241 5507 Auctor,
3274 5439 3348 5494 de
3391 5442 3577 5510 prima
3607 5442 3656 5494 et
3685 5428 3923 5491 secunda
3954 5435 4080 5496 pro-

2438 5527 2699 5582 missione
2726 5526 2962 5583 Abrahai
2990 5529 3194 5583 semini
3218 5528 3557 5601 facta,prius
3580 5529 3642 5584 in
3673 5516 4079 5607 multitudinem

2438 5631 2642 5683 arenae,
2672 5615 2884 5671 deinde
2938 5617 3009 5671 ad
3064 5617 3245 5673 instar
3303 5633 3513 5691 quoque
3562 5615 3885 5698 stellarum,
3927 5612 4079 5698 quas:

2437 5714 2672 5764 terrenae
2703 5709 2755 5762 et
2801 5705 3027 5764 cwlestis
3053 5705 3427 5780 dispositionis
3475 5704 3755 5780 auspicia,
3789 5695 3922 5771 quia
3960 5695 4077 5762 ΡΠ·
