4526 6394
189 385 302 446 219

1385 377 1548 443 CUM
1593 375 1992 442 ANDIDOTO
2032 381 2382 446 PAMELII.

3472 384 3592 446 250

191 531 342 572 mam
375 513 821 586 promissionem
869 511 1166 585 impletum
1200 515 1426 568 constat
1477 509 1830 584 multiplica-
1861 511 1916 578 Α
1945 511 2363 582 Tertullianus,
2419 519 2620 589 turpes
2669 533 2850 573 ausus
2897 521 2986 574 est
3033 517 3244 572 dicere.
3307 515 3589 588 Deinceps

189 605 340 660 tione
373 603 626 658 ﬁliorum
673 603 852 658 Israel
885 601 942 656 in
995 605 1151 658 terra
1199 603 1680 668 Chananazorum,
1715 601 1833 656 sive

187 693 494 748 Palaestina
519 693 868 746 :secundam
903 707 1034 746 vero
1069 691 1486 764 interpretatur
1519 687 1830 760 Apostolus

187 779 402 836 Paulus
432 781 502 836 de
533 779 798 852 gentium
833 780 1105 848 Ecclesia,
1131 785 1290 836 Rom.
1325 797 1399 846 1x,
1435 783 1489 834 et
1521 777 1706 834 Galat.
1747 793 1830 846 ιιι,

187 887 294 942 quo
316 871 490 926 modo
521 871 694 926 etiam
721 879 1030 940 utramque
1051 869 1204 924 hanc
1229 869 1672 940 promissionem
1709 867 1826 920 dis-

185 960 358 1015 tinxit
409 959 728 1014 Rhabanus
781 963 976 1013 noster
1020 958 1344 1013 Comment.
1383 958 1438 1012 in
1488 961 1671 1022 Gen.;
1726 973 1829 1010 nec

187 1049 382 1105 minus
432 1047 623 1104 facilis
673 1049 745 1102 ad
795 1045 938 1102 illud
989 1051 1130 1102 Gen.
1182 1065 1358 1112 xxvu,
1393 1045 1490 1102 ubi
1525 1047 1594 1100 ad
1625 1045 1828 1114 Jacob,

186 1137 352 1210 cujus
385 1137 632 1210 ﬁguram
676 1135 1036 1192 Christianos
1068 1152 1134 1191 ex
1164 1136 1436 1208 gentibus
1467 1143 1696 1208 gestare
1727 1151 1830 1190 no-

186 1227 433 1290 vimus,«
473 1225 660 1296 prima
683 1225 993 1298 promissio
1014 1229 1103 1280 est
1123 1223 1372 1280 cmlestis
1398 1225 1829 1288 roris,secunda

187 1319 346 1372 terra:
383 1315 728 1388 opimitatis,
765 1337 792 1364 ››
822 1313 960 1386 quia
987 1313 1148 1368 illam
1199 1315 1662 1370 benedictionem
1695 1319 1828 1367 tan-

191 1422 364 1476 quam
401 1410 691 1460 terrenam
715 1404 1130 1476 interpretatur
1158 1403 1242 1458 vel
1277 1403 1400 1476 ipse
1429 1403 1606 1458 Jacob
1639 1403 1828 1458 verbis

187 1493 306 1550 suis
335 1495 414 1549 ad
447 1493 594 1548 Esau
629 1493 1002 1564 postmodum
1035 1491 1298 1564 prolatis,
1334 1493 1430 1548 ubi
1473 1491 1616 1548 dixit
1648 1510 1660 1548 :
1693 1495 1828 1548 Fru-

185 1591 382 1650 mento,
419 1587 469 1637 et
499 1584 646 1650 vino,
679 1592 729 1637 et
759 1583 896 1652 oleo,
927 1583 1176 1637 stabilivi
1205 1599 1328 1637 eum
1357 1599 1376 1636 :
1408 1586 1483 1648 et,
1521 1581 1566 1636 si
1615 1581 1828 1654 allego-

185 1673 330 1728 ricos
382 1671 636 1728 velimus
695 1671 974 1743 accipere,
1011 1671 1324 1744 Procopius
1381 1671 1440 1725 in
1499 1675 1826 1726 Comment.

182 1763 246 1816 de
277 1761 502 1816 cmlesti
549 1779 680 1816 rore
728 1761 1168 1832 interpretatur,
1202 1759 1302 1832 qui
1349 1759 1676 1816 instillatur
1707 1761 1828 1832 pio-

1944 601 2048 658 lib.
2079 604 2206 658 adv.
2243 607 2495 674 Ilermog.
2531 623 2783 662 errorem
2839 625 3012 662 suum
3065 607 3252 678 magis
3282 605 3466 678 aperit
3496 605 3587 661 his

1941 693 2132 747 verbis
2167 711 2178 746 :
2211 717 2236 742 α
2275 699 2478 764 Legem
2509 697 2604 748 Dei
2633 697 2686 750 in
2713 697 3012 750 libidinem
3041 695 3331 764 delendi,»
3355 713 3474 762 ac,“
3501 699 3584 749 t0-

1942 783 2036 834 tus
2069 779 2316 846 adulter,
2341 787 2396 834 et
2425 783 2854 852 praedicationis
2885 789 2941 838 et
2971 785 3202 850 carnis;
3237 783 3584 838 nubentium

1939 869 2208 936 contagio
2261 871 2435 924 ftetct.
2488 893 2514 918 υ
2571 873 2824 943 Denique
2873 874 3037 928 libris
3079 874 3144 926 de
3195 873 3586 926 Exhortatione

1937 959 2115 1012 castit.
2149 961 2204 1012 et
2233 959 2298 1012 de
2329 959 2530 1028 M01209.
2570 959 2912 1016 Montanum
2944 967 3200 1028 secutus,
3235 978 3348 1016 non
3391 961 3582 1016 solum

1938 1053 2132 1117 stupra
2177 1051 2232 1102 et
2277 1047 2552 1103 adulteria
2599 1053 2648 1104 et
2693 1054 2980 1106 mwchiam
3024 1049 3276 1122 appellat
3321 1051 3584 1104 secundas

1937 1137 2178 1206 nuptias,
2211 1137 2308 1190 ser]
2361 1137 2534 1192 etiam
2591 1139 2768 1194 variis
2817 1139 3178 1212 argumentis
3233 1139 3288 1193 id
3339 1139 3584 1210 probare

1939 1223 2188 1288 nititur;
2220 1225 2320 1280 sed
2355 1225 2592 1290 frustra,
2625 1227 2799 1282 sicuti
2833 1245 2900 1282 ex
2930 1229 3192 1283 antidoto
3241 1225 3582 1281 Adnotatio-

1939 1329 2080 1368 num
2129 1320 2460 1368 nostrarum
2497 1315 2552 1368 in
2590 1323 2923 1388 utrumque,
2957 1317 3152 1371 lectori
3206 1315 3582 1388 perspicuum

1937 1417 2066 1458 esse
2091 1401 2319 1474 poterit,
2353 1419 2486 1473 quo,
2521 1421 2592 1458 ne
2613 1403 2707 1459 hic
2732 1405 3068 1475 prolixiores
3097 1403 3582 1470 simus,lectorem

1939 1493 2316 1546 remittimus.
2357 1493 2458 1546 Ubi
2511 1495 2760 1548 subinde
2795 1512 2895 1564 pro
2945 1493 3230 1548 catholica
3261 1493 3329 1546 de
3373 1493 3584 1562 nuptiis

1938 1579 2186 1636 secundis
2217 1597 2324 1636 non
2348 1583 2640 1649 prohibitis
2665 1583 2978 1648 sententia,
3003 1581 3310 1637 citavimus
3343 1582 3403 1635 Β.
3428 1581 3580 1636 Hier.

1938 1673 2109 1743 epist.
2142 1673 2206 1726 de
2255 1672 2560 1744 Monogam.
2596 1675 2662 1726 ad
2716 1673 3124 1744 Ageruchiam,
3177 1671 3330 1740 vulg.
3366 1671 3582 1726 Geron—

1937 1759 2176 1830 tiam,de
2207 1761 2479 1815 Viduitate
2501 1761 2567 1814 ad
2598 1761 2881 1816 Silvinum
2909 1777 2972 1815 ac
2996 1763 3064 1816 ad
3099 1759 3539 1816 Pammachium
3567 1776 3580 1827 ;

181 1867 308 1905 rum
341 1849 662 1920 animis,et
692 1849 763 1906 de
793 1855 956 1906 terrae
989 1849 1622 1921 pinguedinibus,quas
1652 1848 1830 1904 habet
1857 1875 1904 1940 B
1941 1849 2000 1904 S.
2033 1851 2179 1918 Aug.
2216 1847 2317 1903 lib.
2367 1849 2430 1904 de
2481 1849 2618 1904 bono
2670 1851 2985 1912 l’iduitatis,
3021 1867 3084 1904 ac
3135 1849 3234 1902 lib.
3271 1866 3334 1914 11,
3385 1849 3584 1903 Contra

182 1939 480 2012 accipiens
512 1955 736 2004 semen,
771 1939 945 2010 idque
975 1939 1382 2010 contupliciter
1413 1940 1682 1994 reddens.
1717 1939 1828 1993 De-

183 2027 356 2098 nique
393 2028 674 2082 facillima
708 2028 776 2082 ad
815 2027 953 2082 illud
993 2033 1122 2081 Luc.
1157 2045 1234 2082 x11
1271 2045 1281 2082 :
1319 2029 1559 2096 Quaerite
1583 2029 1826 2098 primum

177 2134 406 2188 regnum
440 2118 556 2184 Dei,
591 2121 642 2171 et
673 2117 884 2190 reliqua
913 2117 1256 2188 adjiciantur
1285 2118 1429 2172 vobis
1463 2135 1481 2172 :
1514 2118 1664 2172 202
1690 2117 1828 2188 quia

179 2205 332 2277 loqui
367 2205 670 2261 Christum
722 2205 792 2260 de
845 2207 951 2260 hac
999 2206 1138 2272 vita,
1168 2223 1278 2260 non
1325 2203 1426 2260 illa
1471 2205 1666 2260 futura
1697 2211 1828 2277 post

179 2293 942 2360 resurrectionem,initium
977 2297 1104 2365 ejus
1134 2295 1344 2350 Christi
1381 2295 1669 2349 sermonis
1701 2311 1824 2348 ma-

179 2383 462 2439 nifestum
493 2383 631 2438 facit
663 2399 676 2438 ε
709 2383 830 2438 Ideo
854 2382 974 2437 dico
1001 2383 1149 2437 vobis
1181 2401 1194 2440 :
1229 2385 1406 2438 Nolite
1443 2399 1636 2438 curam
1665 2399 1828 2452 agere

179 2475 388 2528 animae
417 2472 484 2528 de
515 2473 659 2528 victu
691 2482 740 2527 et
758 2473 1064 2543 corporide
1082 2473 1586 2528 vestitu.Caaterum
1613 2473 1824 2544 partim

183 2577 246 2616 ex
277 2563 522 2616 Platone
575 2562 784 2632 Dialog.
817 2562 881 2616 de
911 2563 1040 2632 Rep.
1081 2567 1137 2616 et
1166 2561 1222 2616 in
1257 2561 1514 2628 Phaedro,
1549 2561 1826 2634 desump-

183 2655 304 2706 tum
369 2651 530 2706 hunc
587 2649 1044 2706 Millenariorum
1103 2667 1376 2719 errorem,
1419 2652 1827 2708 adnotavimus

185 2741 250 2794 ad
281 2740 390 2794 lib.
424 2741 490 2796 de
519 2741 738 2806 Anima,
776 2755 824 2794 c.
857 2741 946 2806 30,
983 2757 1040 2794 n.
1073 2741 1194 2806 376,
1229 2740 1325 2794 ubi
1360 2756 1491 2794 cum
1525 2757 1628 2811 pro
1657 2741 1830 2794 fabu-

184 2827 250 2883 lis
277 2828 498 2884 habeat
529 2831 760 2896 Auctor,
794 2829 1008 2884 mirum
1041 2835 1130 2884 est
1160 2829 1312 2900 quod
1347 2835 1547 2900 postea
1572 2829 1630 2882 in
1663 2845 1824 2884 eum-

185 2917 306 2973 dem
337 2919 685 2990 impegerit:
711 2917 1014 2984 sed,sicuti
1047 2920 1191 2972 satis
1222 2917 1454 2972 deducit
1482 2923 1536 2972 S.
1572 2919 1826 2988 Hieron.,

191 3007 450 3078 Papiam,
479 3006 834 3074 Melitenam,
865 3013 922 3062 et
952 3006 1096 3062 alios
1127 3007 1496 3079 supradictos
1540 3013 1828 3080 auctores,

188 3101 240 3150 et
263 3095 522 3152 maxime
547 3101 600 3152 S.
637 3097 918 3152 Irenaeum
952 3101 1192 3152 secutus
1224 3099 1332 3154 est.

191 3230 338 3297 §25.
398 3234 476 3284 De
521 3231 738 3300 Nuptiis
784 3229 1034 3284 secundis
1079 3231 1357 3284 damnatis
1413 3239 1670 3301 tanquam
1718 3238 1836 3288 stu-

253 3304 402 3370 pris,
453 3302 700 3373 tom.rll,
733 3301 831 3356 lib.
867 3319 908 3372 1,
957 3303 1040 3357 ad
1095 3303 1262 3358 Uxor.
1319 3318 1446 3373 eap.
1480 3303 1532 3361 l.
1565 3321 1622 3357 n.
1657 3305 1744 3372 Η,
1777 3311 1835 3362 et

253 3373 352 3448 lib.
393 3372 748 3448 de_}’eland.
803 3373 1038 3448 [’irgin.,
1090 3391 1214 3444 cap.
1255 3374 1338 3448 17(7),
1370 3372 1425 3428 n.
1461 3375 1572 3444 81;
1605 3391 1671 3430 ac
1702 3392 1830 3448 cap.

255 3447 340 3512 11,
377 3445 570 3518 x1398;
605 3450 746 3518 tom.
804 3445 902 3508 III,
935 3445 1035 3500 lib.
1085 3449 1210 3500 adr.
1263 3447 1537 3515 Ilermog.,
1581 3464 1706 3518 cap.
1747 3445 1832 3516 11,

253 3535 310 3570 n.
347 3521 380 3569 7
413 3543 426 3582 ς
457 3516 557 3573 lib.
591 3517 655 3572 de
699 3519 888 3572 Resur.
940 3535 1119 3580 carn.,
1155 3533 1280 3588 cap.
1313 3519 1368 3586 8,
1401 3535 1457 3572 n.
1492 3519 1598 3584 82;
1631 3516 1696 3574 ac
1731 3521 1830 3576 lib.

253 3589 380 3644 adv.
435 3589 626 3662 Mare,
656 3605 786 3662 cap.
843 3589 938 3662 15.
976 3606 1034 3642 n.
1083 3590 1231 3654 215;
1285 3589 1538 3662 denique
1591 3597 1733 3645 tom.
1769 3593 1834 3662 V,

255 3661 506 3733 integris
537 3660 703 3714 libris
733 3663 798 3715 de
825 3661 1059 3716 lix/1021!.
1091 3665 1274 3715 castit.
1297 3666 1354 3716 et
1383 3661 1447 3717 de
1473 3660 1833 3733 Monogamia,

253 3749 316 3787 ac
351 3732 457 3787 lib.
489 3733 552 3788 de
581 3733 800 3799 Pudic.,
835 3749 960 3804 cap.
999 3733 1050 3799 1,
1085 3749 1142 3786 n.
1177 3733 1265 3787 l5.

253 3851 311 3901 In
349 3847 506 3902 hanc
535 3847 802 3903 haeresim
831 3847 1295 3903 Montanisticam
1333 3849 1615 3920 paulatim
1647 3851 1842 3924 delap-

189 3952 282 3992 sus
321 3941 418 3992 est
465 3936 878 3993 Tertullianus.
931 3937 1217 4004 Primum,
1267 3937 1557 3993 castitatis
1615 3955 1834 4014 amore,

187 4023 400 4082 librum
435 4025 670 4097 scripsit
698 4027 768 4082 ad
803 4027 1044 4082 Uxorem
1079 4027 1151 4082 de
1199 4029 1326 4082 unis
1363 4029 1600 4098 nuptiis,
1633 4029 1690 4084 in
1725 4045 1838 4102 quo

189 4115 426 4185 quidem
480 4115 552 4170 ab
605 4115 724 4170 illis
770 4116 1130 4182 dehortatur,
1164 4117 1263 4170 sed
1313 4121 1597 4187 tanquam
1631 4122 1840 4192 stupra

191 4221 300 4260 non
352 4205 650 4275 improbat
685 4223 698 4259 :
733 4205 848 4261 imo
900 4223 1032 4260 cum
1076 4204 1177 4260 lib.
1213 4223 1274 4276 ιι,
1307 4205 1377 4260 ad
1428 4208 1614 4274 Uxor.,
1649 4207 1698 4262 si
1730 4225 1837 4262 n11-

190 4291 320 4349 bere
351 4292 555 4360 velint,
585 4295 784 4350 saltem
817 4297 882 4350 in
915 4295 1138 4350 Domino
1167 4295 1374 4350 nubere
1403 4295 1622 4365 debere,
1654 4297 1714 4351 id
1739 4305 1836 4364 est,

193 4383 528 4450 Christiano,
580 4381 695 4439 late
742 4383 1029 4452 deducit;
1082 4399 1198 4438 non
1249 4384 1492 4439 omnino
1547 4387 1684 4439 tunc
1735 4385 1836 4440 da-

191 4487 425 4528 mnasse
474 4473 706 4527 videtur
737 4473 1026 4528 secundas
1075 4471 1329 4544 nuptias.
1365 4473 1711 4543 Quanquam
1745 4473 1834 4527 in-

191 4563 356 4616 terim
386 4561 546 4616 omni
597 4577 789 4618 errore
820 4578 932 4618 non
983 4565 1220 4616 careant
1271 4560 1328 4616 hi
1379 4559 1516 4616 libri
1549 4563 1684 4617 duo.
1719 4566 1830 4616 lm-

193 4649 399 4721 primis
449 4667 582 4706 cum
631 4651 731 4706 lib.
783 4669 822 4717 1,
855 4668 905 4707 c.
941 4652 992 4720 1,
1042 4669 1099 4706 n.
1153 4651 1238 4720 11,
1296 4651 1559 4706 secundas
1609 4653 1832 4721 nuptias

193 4742 562 4810 confusionem
583 4756 606 4802 ;
637 4745 692 4796 et
723 4757 848 4813 cap.
887 4741 940 4808 4,
995 4757 1054 4794 n.
1087 4741 1178 4806 23,
1232 4741 1626 4795 contumeliam
1653 4758 1666 4809 ;
1701 4747 1756 4796 et
1788 4757 1836 4795 c.

195 4829 244 4891 5,
278 4849 334 4886 υ.
369 4830 460 4896 34,
509 4829 896 4896 detestabiles;
927 4833 982 4884 et
1031 4828 1168 4884 alibi
1223 4845 1455 4901 quoque
1505 4846 1752 4899 spurcas,
1783 4835 1841 4886 ct

195 4917 421 4974 dedecus
469 4918 848 4991 voluptuosum
894 4920 1172 4991 appellat,
1220 4917 1420 4990 quales
1470 4923 1611 4974 sunt
1662 4920 1838 4974 etiam

195 5005 298 5063 loci
329 5007 560 5079 illijam
593 5009 752 5064 citati
781 5007 882 5064 lib.
917 5008 982 5064 de
1017 5007 1238 5064 l’eland.
1277 5009 1489 5078 Virgin.
1524 5007 1604 5062 De
1636 5024 1841 5064 secun-

199 5097 284 5153 dis
332 5099 488 5154 enim
535 5099 780 5170 nuptiis,
831 5097 924 5154 his
975 5097 1117 5153 locis
1163 5097 1426 5153 locutum
1475 5097 1678 5165 fuisse,
1723 5115 1839 5152 non

203 5187 266 5241 de
299 5187 618 5260 primis,vel
652 5188 772 5244 haec
800 5191 854 5242 S.
887 5189 1128 5259 August.
1165 5185 1263 5242 lib.
1301 5205 1341 5256 1,
1374 5187 1438 5242 de
1467 5187 1614 5242 Bono
1649 5187 1840 5243 Vidui-

203 5277 324 5330 tatis
370 5277 745 5343 convincunt,
778 5293 906 5348 quae
955 5275 1127 5330 etiam
1161 5273 1408 5330 antidoti
1457 5274 1582 5330 loco
1632 5274 1726 5329 hic
1758 5275 1840 5330 af-

205 5364 408 5420 ferunt.
442 5365 568 5421 Non
613 5365 769 5438 quia,
801 5365 1010 5435 inquit,
1045 5363 1428 5436 innuptarum
1486 5365 1706 5418 bonum
1739 5363 1842 5420 ho-

204 5461 427 5512 nestum
461 5455 610 5512 dixit
637 5453 1106 5528 Apostolus,idco
1139 5457 1342 5525 putare
1373 5453 1652 5509 debemus
1671 5457 1844 5524 turpe

207 5558 325 5598 esse
371 5544 670 5600 vinculum
720 5541 1046 5616 conjugale,
1079 5543 1342 5614 alioquin
1396 5543 1572 5599 etiam
1624 5543 1846 5613 primas

211 5633 434 5704 nuptias
465 5633 1164 5704 condemnabimus,quas
1196 5649 1300 5688 nec
1331 5631 1720 5704 Cataphryges
1741 5647 1848 5688 nec

211 5717 522 5796 Nuntiant,
588 5739 696 5780 nec
752 5722 1181 5781 disertissimus
1237 5737 1440 5779 eorum
1499 5721 1851 5793 astipulator

1937 1939 2059 1994 adv.
2095 1939 2228 2008 legis
2267 1943 2318 1993 et
2366 1939 2802 2009 prophetarum;
2833 1941 2886 1995 S.
2927 1939 3212 2011 Epiphan.
3255 1939 3383 1993 Adv.
3437 1939 3581 1994 Mon-

1937 2033 2129 2083 tanum
2181 2027 2386 2082 haeres.
2446 2028 2534 2098 59,
2569 2033 2627 2084 et
2677 2028 2801 2084 adv.
2860 2029 3118 2094 Cataros,
3165 2033 3222 2082 et
3277 2031 3584 2082 Commen-

1937 2119 2118 2174 tarios
2169 2123 2426 2172 veterum
2479 2135 2653 2190 super
2683 2119 2974 2189 Epistolas
3007 2119 3168 2173 Pauli
3225 2119 3391 2172 Rom.
3427 2134 3524 2182 v11,
3562 2117 3582 2170 Ι

1935 2211 2062 2261 Cor.
2097 2223 2191 2274 v11,
2243 2211 2296 2260 et
2331 2211 2350 2260 Ι
2382 2207 2508 2262 Cor.
2559 2225 2613 2276 ν,
2651 2208 2866 2279 quibus
2922 2209 3073 2263 203
3125 2206 3320 2261 licebit
3372 2205 3586 2260 addere

1935 2300 1992 2350 et
2013 2295 2156 2350 illud
2181 2296 2240 2349 B.
2269 2295 2500 2349 Hieron.
2539 2296 2629 2360 54,
2653 2297 2824 2366 epist.
2849 2296 2920 2350 ad
2963 2297 3176 2350 Marcet.
3207 2294 3330 2368 (qui
3363 2293 3583 2364 alioqui

1933 2385 2164 2440 videtur
2194 2384 2444 2438 subinde
2475 2385 2548 2438 iis
2579 2384 2876 2456 iniquior),
2913 2401 3016 2455 pro
3047 2384 3299 2439 secundis
3328 2384 3536 2453 nuptiis
3563 2399 3578 2438 ε

1936 2473 2054 2528 Nos
2083 2473 2373 2528 secundas
2425 2473 2662 2542 nuptias
2694 2489 2808 2527 non
2857 2479 2974 2528 tam
3025 2471 3356 2544 appetimus
3399 2487 3580 2542 quam

1937 2561 2801 2632 concedimus,l’aulojubente,
2837 2570 2900 2617 ut
2921 2561 3108 2616 vidum
3131 2559 3582 2616 adulescentula!

1941 2655 2187 2716 nubant,
2219 2649 2304 2704 illi
2337 2651 2570 2722 (nempe
2597 2651 2858 2706 Montani
2893 2650 3230 2720 sectatores)
3263 2649 3320 2704 in
3349 2653 3584 2702 tantum

1938 2745 2148 2814 putant
2195 2739 2474 2794 scelerata
2525 2741 2798 2812 coniugia
2849 2741 3080 2808 iterata,
3113 2743 3178 2794 ut
3225 2739 3584 2810 quicumque

1939 2831 2048 2886 hoc
2083 2829 2280 2886 fecerit
2329 2829 2562 2884 adulter
2591 2829 2892 2884 habeatur.
2930 2829 3071 2884 Item
3123 2829 3266 2882 illud
3299 2829 3358 2882 in
3407 2826 3586 2898 Epist.

1939 2921 2010 2976 ad
2039 2919 2237 2974 Titum
2283 2919 2460 2972 etiam
2492 2936 2524 2972 a
2557 2919 2724 2974 nobis
2757 2918 2892 2974 alibi
2929 2919 3170 2973 citatum
3207 2934 3220 2972 :
3255 2915 3504 2987 Scripsit
3531 2918 3592 2970 et

1939 3007 2336 3064 Tertullianus
2407 3007 2626 3062 librum
2693 3007 2758 3062 de
2821 3008 3164 3075 Monogamia
3229 3004 3588 3071 haereticum,

1940 3113 2112 3169 quem
2169 3095 2446 3166 Apostolo
2505 3095 2810 3165 contraire,
2859 3111 3030 3150 nemo
3088 3096 3188 3166 qui
3242 3091 3588 3164 Apostolum

1940 3185 2168 3258 legerit,
2201 3183 2513 3256 ignorabit.
2549 3189 2690 3240 item
2739 3183 2880 3238 illud
2913 3186 2970 3238 S.
3005 3187 3244 3253 August.
3279 3181 3416 3236 hear.
3465 3181 3588 3249 126,

1867 3243 1910 3310 C
1943 3243 2046 3331 ηιξ.
2083 3243 2375 3330 de'Haires.
2411 3291 2430 3328 :
2455 3273 2586 3328 Ideo
2617 3273 3014 3328 Tertullianus
3047 3243 3234 3326 factus
3260 3243 3589 3337 haereticus,

1943 3365 2080 3436 quia
2101 3365 2394 3418 transiens
2417 3363 2487 3417 ad
2514 3362 2928 3434 Cataphrygas,
2950 3377 3098 3432 quos
3129 3364 3262 3414 ante
3291 3359 3592 3412 destruxe-

1943 3459 2142 3520 ται,οω
2150 3451 2230 3523 pit
2243 3451 2418 3506 etiam
2441 3467 2599 3506 secun
2609 3456 2745 3504 dum
2757 3452 2980 3520 nuptias
2993 3455 3192 3504 contra
3211 3445 3592 3518 apostolicam

1945 3541 2268 3597 doctrinam
2298 3541 2564 3610 tanquam
2591 3544 2786 3612 stupra
2815 3539 3118 3594 damnare.

1945 3651 1973 3718 §
2000 3649 2088 3702 26.
2121 3648 2184 3702 de
2210 3648 2492 3702 Paracleta
2523 3647 2792 3710 Montano,
2829 3646 3072 3718 tomrll,
3123 3643 3324 3718 lib._de
3372 3641 3588 3696 Vetand.

2021 3721 2175 3788 Virg.
2208 3735 2336 3790 cap.
2369 3721 2420 3784 1,
2453 3737 2511 3774 n.
2545 3720 2617 3786 6;
2651 3723 2794 3772 tom.
2853 3719 2943 3790 lll,
2977 3716 3078 3790 lib.
3111 3719 3180 3770 de
3209 3716 3427 3782 Anima,
3461 3729 3587 3783 cap.

2015 3791 2106 3856 51,
2139 3809 2196 3845 n.
2229 3788 2354 3857 613,
2384 3807 2448 3846 ac
2495 3791 2586 3856 58,
2619 3807 2676 3844 n.
2709 3791 2814 3845 652
2844 3807 2858 3856 ;
2891 3789 2990 3844 lib.
3035 3788 3100 3842 de
3142 3791 3360 3844 Itesurr.
3412 3803 3589 3856 carn.,

2018 3879 2146 3934 cap.
2187 3863 2272 3931 11,
2305 3879 2363 3916 n.
2407 3863 2515 3928 98;
2549 3868 2605 3916 et
2635 3879 2761 3930 cap.
2803 3861 2905 3916 ult.
2943 3879 2998 3916 n.
3047 3859 3152 3914 ult.
3182 3878 3196 3928 ;
3226 3859 3348 3913 adv.
3399 3857 3586 3934 illum,

2019 3935 2120 3988 lib.
2173 3951 2209 3988 1.
2255 3949 2384 3988 can.
2437 3934 2526 3988 29.
2561 3949 2620 3987 n.
2669 3933 2812 3988 203:
2864 3950 2928 3987 ac
2977 3931 3078 3985 lib.
3136 3947 3192 3988 v.
3245 3947 3373 3988 cap.
3535 3945 3586 3982 n.

2043 3949 2120 3988 ll).
2173 3951 2209 3997 1,
2255 3949 2384 3998 cap.
2437 3949 2526 3996 zu,
2561 3949 2620 3987 n.
2669 3949 2812 3998 ωδ,
2864 3950 2928 3987 ac
2977 3949 3078 3985 ιω.
3136 3949 3192 3998 v,
3245 3949 3373 3998 cap.
3423 3949 3480 3994 ι,
3535 3949 3592 3982 n.

2019 3947 2120 3988 nn.
2173 3951 2209 3997 1,
2255 3949 2384 4002 cap.
2437 3947 2526 3996 zu,
2561 3949 2620 3987 n.
2669 3947 2812 3998 ltus;
2864 3950 2928 3987 ac
2977 3947 3078 3985 ιω.
3136 3947 3192 4000 v,
3245 3947 3373 4000 cap.
3423 3947 3480 3994 z,
3535 3947 3592 3982 n.

2015 4007 2160 4066 247;
2193 4009 2250 4058 et
2281 4005 2379 4059 lib.
2411 4004 2532 4058 adv.
2569 4005 2736 4058 Prax.
2771 4021 2897 4072 cap.
2935 4005 2982 4068 1,
3021 4021 3075 4056 n.
3112 4003 3170 4056 11
3205 4018 3218 4066 ;
3253 4001 3501 4072 cap.715,
3534 4017 3592 4072 n.

2017 4079 2128 4140 22;
2163 4093 2290 4146 cap.
2323 4077 2376 4142 8,
2411 4093 2468 4130 n.
2517 4077 2608 4140 59,
2660 4091 2788 4145 cap.
2826 4071 2910 4142 13,
2955 4092 3012 4128 n.
3043 4075 3148 4138 78;
3190 4071 3338 4128 tom.
3385 4071 3593 4146 V,_li_b.

2017 4149 2080 4206 de
2131 4141 2495 4216 Monogamia,
2527 4163 2654 4218 cap.
2688 4141 3000 4218 2—integr0,
3033 4151 3090 4201 et
3137 4161 3252 4198 non
3303 4141 3484 4218 semel
3518 4143 3596 4218 in

2021 4219 2152 4276 aliis
2185 4215 2350 4274 libris
2383 4237 2504 4290 seq.
2535 4215 2614 4274 ἅθ’
2629 4219 2776 4289 Fuga
2811 4215 3304 4291 in'pcrsecutione,
3337 4217 3400 4272 de
3445 4215 3597 4286 Jeju-

2020 4295 2128 4347 nizs
2156 4301 2206 4346 et
2235 4292 2532 4346 Pudicitia.

2015 4380 2312 4434 Adversus
2362 4379 2512 4434 hanc
2556 4377 2823 4432 haeresim
2875 4376 3045 4448 longe
3102 4373 3596 4430 absurdissimam

1946 4469 2217 4522 sufficere
2243 4471 2492 4538 possunt
2524 4467 2650 4538 ipsa
2683 4464 3028 4520 Tertulliani
3058 4464 3234 4518 verba
3266 4468 3397 4517 ante
3425 4461 3601 4516 hiare-

1949 4557 2084 4625 sim,
2117 4555 2219 4610 lib.
2253 4556 2320 4610 de
2349 4557 2663 4626 Prsescript.
2697 4554 2824 4608 adv.
2860 4554 3049 4609 haeret.
3104 4568 3232 4624 cap.
3264 4553 3353 4620 5‘2,
3387 4551 3593 4606 haeres.

1947 4647 2044 4716 21,
2099 4663 2156 4700 n.
2212 4643 2338 4710 3'27,
2398 4645 2497 4700 ubi
2558 4644 2954 4712 blasphemiam
3012 4640 3288 4712 appellat,
3334 4663 3361 4690 ‹‹
3397 4655 3600 4695 eorum

1948 4735 2048 4806 qui
2109 4733 2502 4806 Cataphryaes
2553 4733 2918 4798 dicebantur,
2967 4730 3400 4798 haereticorum,
3462 4729 3602 4802 quia

1947 4825 2008 4879 in
2059 4821 2341 4896 apostolis
2391 4824 2627 4894 quidem
2678 4821 2950 4876 dicebant
3002 4819 3286 4891 Spiritum
3332 4824 3602 4874 sanctum

1949 4913 2156 4978 fuisse,
2189 4911 2551 4967 Paracletum
2611 4929 2724 4966 non
2787 4910 2984 4976 fuisse,
3018 4915 3074 4964 et
3135 4908 3274 4981 quia
3331 4908 3606 4963 dicebant

1947 5001 2314 5058 Paracletum
2357 5001 2414 5055 in
2454 4999 2725 5056 Montano
2759 4999 2926 5072 plura
2957 4999 3193 5068 dixisse,
3229 5015 3404 5070 quam
3439 4995 3603 5052 (thri-

1951 5097 2108 5147 stum
2141 5089 2198 5145 in
2232 5089 2612 5161 Evangelium
2645 5087 2962 5160 protulisse
2987 5103 3048 5154 ς»
3085 5093 3142 5143 et
3171 5093 3368 5144 tamen
3401 5085 3601 5156 miser,

1949 5179 2097 5235 forte
2128 5179 2197 5234 ab
2233 5177 2350 5233 illis
2383 5179 2682 5244 seductus,
2718 5178 2872 5249 quod
2908 5179 3196 5232 secundas
3227 5177 3461 5248 nuptias
3504 5174 3604 5228 ule-

1945 5273 2325 5334 tcstarentur,
2359 5271 2443 5324 tot
2471 5267 2614 5323 locis
2638 5269 2765 5339 jam
2815 5267 3012 5322 citatis
3041 5266 3399 5322 Paracletum
3429 5265 3603 5318 vocat

1950 5361 2283 5424 Montanum,
2316 5363 2372 5413 et
2415 5359 2664 5415 subinde
2695 5361 2870 5414 verba
2901 5358 3062 5412 illius
3101 5357 3380 5412 Paracleti
3431 5351 3599 5408 titulo

1950 5451 2110 5505 citat.
2147 5449 2269 5504 Imo
2301 5447 2607 5520 detorquet
2653 5447 2723 5502 ad
2757 5462 2925 5502 suam
2959 5445 3111 5499 hanc
3156 5441 3418 5498 haeresim
3449 5439 3595 5495 illud

1951 5541 2115 5595 Joan.
2139 5555 2230 5593 xvx
2256 5554 2268 5593 :
2293 5537 2480 5594 Adhuc
2528 5537 2706 5592 multa
2737 5536 2902 5590 habeo
2952 5535 3102 5606 loqui
3147 5535 3334 5600 vobis;
3365 5529 3458 5586 sed
3489 5547 3600 5586 non

1951 5627 2166 5700 potestis
2208 5629 2429 5700 portare
2458 5627 2639 5682 modo.
2677 5625 2810 5679 Cum
2839 5625 3050 5678 venerit
3094 5623 3190 5680 ille
3219 5621 3466 5693 Spiritus
3489 5636 3596 5676 ve-

1949 5719 2158 5786 ritatis,
2189 5717 2396 5774 docebit
2449 5731 2539 5772 vos
2582 5731 2796 5771 omnem
2841 5713 3148 5784 veritatem,
3193 5716 3244 5770 et
3294 5727 3420 5784 qua:
3466 5728 3595 5769 ven-
