4526 6344
649 387 762 446 251

1846 401 2277 465 PARADOXA
2321 404 2857 469 TERTULLIANI

3933 414 4050 473 252

645 523 771 616 tam
799 524 930 616 sunt
957 523 1317 581 annuntiabit
1351 527 1520 583 vobis.
1545 531 1706 595 Quod
1741 532 1936 605 ipsum
1968 540 2165 592 tamen
2196 554 2288 594 ca-
2319 539 2375 606 Α
2403 540 2604 596 Matth.
2664 556 2733 596 ex
2784 541 3228 598 circumcisione
3283 543 3569 615 Apostoli,
3602 543 4051 616 publicanorum

643 606 862 697 tholice
901 609 1323 682 interpretatur
1371 616 1525 673 dicto
1560 619 1661 674 lib.
1697 622 1760 677 de
1805 625 2123 697 Praescript.
2158 629 2287 682 adv.

643 696 828 752 flaret.
863 715 912 753 c.
946 701 1063 765 8,n.
1089 702 1181 768 62,
1205 703 1275 758 de
1306 707 1589 776 apostolis
1622 708 1865 780 loquens
1902 731 1914 768 :
1949 737 1978 764 «
2009 696 2294 770 (‘onsecu-

643 785 762 839 turi
797 803 928 841 mox
976 786 1261 858 Spiritum
1296 800 1565 850 sanctum
1619 798 1998 869 Paracletum,
2033 802 2130 874 qui
2162 803 2292 858 illos

642 874 1000 932 deducturus
1024 884 1178 933 esset
1201 879 1258 934 in
1283 898 1517 939 omnem
1543 887 1902 956 veritatem,»
1925 896 1981 946 et
2013 909 2246 947 rursum
2275 909 2288 947 :

641 963 986 1020 Nationibus
1029 967 1302 1026 destinati
1351 973 1618 1043 apostoli,
1654 975 1766 1046 ipsi
1817 995 2049 1051 quoque
2091 982 2288 1036 docto-

641 1066 761 1104 rem
829 1057 1200 1111 consecuturi
1267 1065 1432 1115 erant
1498 1062 1881 1120 Paracletum.
1921 1090 1941 1114 ι
2009 1067 2114 1124 Ubi
2186 1086 2289 1141 pro

639 1136 860 1194 eisdem
921 1142 1114 1210 habet,
1148 1145 1416 1216 Spiritum
1471 1155 1742 1223 sanctum,
1801 1159 1857 1209 et
1915 1136 2285 1227 Paracletum,

639 1243 772 1281 cum
824 1245 1127 1301 perperam
1165 1233 1248 1288 illi
1299 1237 1726 1307 distinguerent
1755 1243 1863 1312 (uti
1909 1244 1997 1299 vel
2045 1263 2112 1301 ex
2158 1247 2286 1318 ipso

640 1314 1001 1374 Tertulliano
1033 1320 1255 1377 dictum
1289 1326 1398 1396 est)
1427 1325 1695 1397 Spiritum
1722 1340 1994 1398 sanctum,
2026 1339 2084 1389 et
2112 1314 2284 1389 Para-

635 1403 834 1458 oletum
868 1423 887 1459 :
921 1411 977 1461 et
1010 1407 1150 1464 illud
1189 1411 1312 1481 ipse
1338 1419 1642 1472 contextus
1664 1419 2026 1490 evangelista:
2055 1422 2285 1477 convin-

634 1495 748 1561 cat,
784 1500 958 1565 atque
990 1498 1130 1553 adeo
1161 1500 1246 1553 sic
1281 1501 1469 1556 locum
1502 1503 1666 1560 illum
1695 1507 2152 1580 interpretantur
2188 1528 2282 1567 ve-

633 1583 787 1635 teres
821 1599 1046 1654 omnes,
1079 1604 1148 1642 ex
1199 1590 1460 1659 professo
1492 1610 1622 1649 vero
1654 1597 1779 1651 adv.
1816 1597 1966 1653 hanc
2012 1599 2282 1655 haeresim

632 1668 691 1722 S.
723 1673 872 1742 Aug.
906 1675 1255 1732 tractatibus
1289 1680 1476 1736 tribus
1509 1682 1567 1737 in
1601 1685 1973 1755 Evangelium
2006 1689 2279 1745 Joannis:

630 1773 745 1827 quo
776 1759 1050 1819 lectorem
1084 1769 1414 1838 compendii
1444 1772 1632 1842 gratia
1663 1775 2036 1834 remittimus.

626 1994 654 2060 §
683 1993 774 2050 27.
805 1994 880 2050 De
927 1999 1530 2077 Panilentia__mwc_his
1548 2006 1814 2075 neganda,
1849 2012 1990 2065 tom.
2025 2013 2091 2077 V,
2124 2012 2274 2070 inte-

1101 2085 1205 2140 gro
1234 2070 1379 2127 libro
1410 2074 1475 2130 de
1502 2070 1808 2135 Pudicitia.
2082 2070 2104 2098 ”

694 2243 855 2299 Sicut
902 2244 960 2300 in
1001 2245 1133 2302 Vita
1189 2252 1460 2307 Auctoris
1508 2254 1933 2326 adnotavimus,
1967 2278 2100 2318 cum
2147 2281 2273 2320 om-

621 2333 762 2388 nino
795 2334 948 2390 204
979 2337 1376 2406 pcenitentiam
1410 2359 1643 2399 omnem
1669 2347 1935 2404 tollerent
1961 2355 2273 2410 Montanus

620 2426 677 2477 et
708 2423 836 2492 ejus
882 2429 1198 2482 sectatores
1249 2427 1645 2503 Cataphryges
1690 2435 1797 2503 (vel
1827 2438 1889 2492 B.
1928 2441 2272 2514 Hieronymo

619 2513 769 2566 teste
799 2512 984 2582 Epist.
1019 2515 1131 2568 nod
1182 2517 1364 2572 semel
1416 2519 1590 2575 citata
1621 2523 1692 2577 ad
1739 2527 2093 2596 Marcellam,
2123 2512 2181 2586 et
2210 2533 2268 2588 S.

620 2599 872 2654 Paciano
925 2602 1116 2656 Tract.
1153 2605 1434 2660 adversus
1482 2612 1879 2686 Novatianos),
1931 2617 1991 2672 in
2045 2619 2149 2676 hoc
2198 2621 2270 2677 ab

620 2687 693 2741 iis
728 2687 1001 2743 dissentit
1049 2691 1472 2763 Tertullianus,
1507 2699 1657 2769 quod
1692 2701 1833 2758 solis
1885 2709 2102 2762 mazchis
2140 2727 2268 2766 eam

620 2778 930 2846 negandum
964 2781 1230 2846 senserit,
1266 2782 1532 2840 fortassis
1582 2788 1837 2859 primum
1888 2797 2165 2854 seductus
2196 2801 2270 2856 ab

622 2863 739 2954 illis
788 2882 912 2954 sum
960 2869 1148 2924 aetatis
1199 2870 1521 2944 Episc0pis,
1566 2878 1688 2947 qui,
1720 2885 1774 2934 S.
1808 2884 2092 2954 Cypriane
2121 2893 2269 2946 teste

617 2951 722 3007 lib.
755 2953 826 3009 de
880 2957 1094 3024 Lapsis,
1131 2958 1383 3016 dandam
1434 2965 1674 3022 mcechis
1706 2951 2104 3039 paeni—tentiam
2151 2995 2270 3036 non

626 3047 929 3137 putarunt.
970 3045 1176 3101 Verum
1229 3055 1612 3123 praeterquam
1660 3061 1814 3127 quod
1847 3077 1914 3116 ex
1955 3066 2270 3137 Scripturis

621 3129 717 3185 ille
749 3132 963 3188 ibidem
1014 3137 1367 3194 contrariam
1418 3146 1772 3202 sententiam
1805 3129 2161 3223 comprobet,
2196 3159 2268 3215 de

623 3221 888 3276 omnium
923 3229 1293 3294 peccatorum
1329 3231 1506 3285 veniaa
1555 3239 1837 3304 potestate
1884 3221 1953 3295 in,
1990 3221 2267 3316 Ecclesia,
2300 3273 2343 3340 ρ

623 3315 822 3340 sumen-
855 3311 1042 3340 ...λι-...η
1075 3314 1390 3340 --.L,.1:-.__
1424 3325 1533 3340 1-A_
1696 3324 1754 3340 ια.
1851 3329 1862 3340 .
1947 3337 1975 3340 _
2088 3337 2113 3340 ._

621 3315 822 3364 auctor
853 3311 1043 3367 adhuc
1073 3314 1392 3373 catholicus
1424 3325 1565 3376 tom.
1599 3341 1660 3390 ιι,
1696 3324 1798 3381 lib.
1827 3329 1894 3384 de
1936 3311 2271 3394 Pcenitentia

621 3413 793 3467 quem
848 3401 1062 3456 ibidem
1118 3403 1214 3459 ille
1262 3406 1527 3463 imitatur
1556 3412 1791 3470 disertis
1845 3421 2055 3486 verbis,
2084 3429 2266 3494 pleni-

619 3487 852 3542 tentiam
901 3490 973 3544 de
1025 3495 1280 3550 omnibus
1327 3497 1543 3553 delictis
1592 3507 1957 3564 necessariam
2007 3487 2263 3570 deducit.

615 3575 962 3674 Atqueﬁhoo
993 3585 1102 3648 est,
1135 3585 1286 3654 quod
1323 3587 1464 3641 dicit
1493 3587 1640 3644 libro
1669 3591 1734 3647 de
1775 3599 2015 3654 Pudicit.
2051 3617 2176 3674 cap.
2210 3605 2262 3671 1,

617 3679 780 3718 num.
813 3665 867 3731 9,
900 3689 928 3716 ‹‹
963 3669 1260 3728 Adversus
1310 3691 1451 3730 meas
1483 3694 1716 3750 quoque
1763 3689 2061 3744 sententiae
2111 3665 2263 3751 retro

613 3767 793 3822 penes
818 3753 948 3811 illos
981 3759 1315 3818 societatem
1343 3782 1356 3831 ;
1384 3786 1410 3814 »
1433 3774 1486 3820 et
1509 3765 1663 3823 haud
1697 3772 2046 3833 absimiliter
2072 3781 2262 3838 verbis

616 3841 792 3896 etiam
824 3843 964 3901 alibi
998 3864 1108 3902 non
1141 3851 1318 3905 semel
1347 3853 1538 3909 citatis
1570 3857 1623 3910 S.
1659 3858 1943 3920 Pacianus
1974 3867 2042 3922 ad
2081 3869 2262 3926 Nova-

615 3929 807 3987 tianos
854 3936 1030 3991 verba
1081 3938 1301 3995 faciens
1335 3957 1348 3994 :
1383 3943 1785 4005 Tertullianus
1836 3958 1968 4022 post
1994 3954 2258 4016 hisresim

612 4024 803 4118 vester
831 4027 938 4090 est,
973 4042 1109 4080 nam
1144 4029 1332 4084 multa
1363 4030 1499 4086 inde
1524 4037 1884 4107 sumpsistis.
1908 4047 2105 4114 Ipsum
2137 4049 2260 4118 epi-

613 4107 770 4200 otola
825 4126 951 4177 sua,
984 4119 1042 4168 et
1088 4132 1155 4171 ea
1211 4134 1390 4188 quam
1447 4122 1770 4182 catholicus
1827 4107 2029 4200 edidit,
2057 4107 2259 4195 audies

613 4197 988 4286 confitentem
1016 4245 1031 4270 ,
1095 4221 1250 4275 posse
1310 4211 1608 4266 Ecclesium
1669 4224 1896 4286 peccata
1961 4197 2256 4284 dimittere.

612 4285 754 4342 Item
809 4293 867 4343 ct
903 4293 958 4343 S.
996 4291 1380 4367 Hieronymus
1441 4299 1581 4355 dum
1638 4285 1778 4359 dicit
1832 4307 2257 4374 Tertullianum

613 4375 671 4429 in
704 4375 850 4432 libro
881 4395 1055 4450 quem
1087 4383 1153 4437 de
1198 4385 1482 4444 Pudicitia
1527 4391 1806 4452 adversus
1857 4402 2256 4469 pmnitentiam

613 4465 869 4537 scripsit,
913 4473 1268 4529 sententiam
1319 4482 1571 4534 veterem
1622 4497 1769 4540 nova
1816 4465 2088 4559 opinione
2136 4494 2256 4550 dis-

612 4554 881 4623 solvisse,
913 4558 971 4613 in
1005 4560 1112 4616 hoc
1144 4569 1408 4622 secutum
1438 4568 1680 4627 insanas
1706 4580 1761 4629 et
1784 4554 2158 4650 blasphemas
2182 4586 2257 4641 fe-

613 4643 819 4746 minas.
856 4663 1009 4704 suas.
1045 4648 1268 4715 Quibus
1299 4657 1511 4714 addere
1558 4660 1756 4719 licebit
1795 4643 1992 4724 lectori
2043 4673 2258 4746 scripta

607 4730 709 4787 illa
734 4737 992 4792 veterum
1027 4741 1222 4798 omnia
1252 4743 1318 4799 de
1357 4749 1703 4820 Pcenilentia,
1738 4770 1988 4825 quorum
2022 4777 2056 4816 a
2087 4730 2255 4820 nobis

608 4821 764 4877 facta
819 4829 909 4879 est
953 4830 1170 4885 mentio
1206 4850 1218 4888 :
1253 4834 1416 4891 Tom.
1471 4838 1538 4903 ll,
1583 4839 1719 4896 dict.
1756 4821 1900 4901 libr.
1936 4847 2001 4903 de
2056 4851 2251 4910 Pwnit.

606 4926 734 4982 cap.
769 4914 818 4981 1,
848 4918 905 4969 et
953 4931 1079 4987 quas
1110 4937 1144 4976 a
1175 4923 1343 4979 nobis
1394 4925 1549 4983 dicta
1600 4934 1757 4998 sunt,
1792 4935 1915 4989 tum
1967 4937 2038 4992 ad
2085 4939 2254 4998 illum

604 4998 844 5069 librum,
879 5008 1006 5063 tum
1039 5009 1108 5064 ad
1142 5011 1392 5069 alterum
1425 5015 1592 5071 illum
1627 5017 1690 5074 de
1719 5020 1989 5088 Pud.,ubi
2021 5029 2092 5083 ad
2126 5030 2253 5087 sin-

603 5088 741 5159 gula
773 5096 1028 5152 auctoris
1059 5097 1117 5153 in
1149 5103 1509 5160 contrarium
1541 5116 1884 5178 argumenta
1909 5113 2252 5191 plerumque

2405 645 2438 682 ο,
2482 633 2705 685 Joanne
2757 631 3206 702 baptizatorum,
3240 637 3295 687 et
3355 632 3650 704 publicani
3708 637 3931 690 orantis
3989 637 4048 690 in

2404 717 2643 789 templo,
2683 720 2880 790 Luc.v,
2911 738 2988 775 vn
3020 737 3084 776 ac
3113 738 3272 787 xvm,
3297 720 3419 792 qui,
3445 722 3494 778 si
3527 722 3745 778 ethnici
3777 723 4045 793 fuissent,

2402 822 2536 860 cum
2588 807 2705 862 illis
2755 808 3022 865 Christus
3073 827 3185 865 non
3247 810 3546 866 habuisset
3595 811 3940 879 convivium,
3978 829 4050 867 ne

2399 893 2584 965 legem
2635 896 2901 964 solveret,
2952 913 3140 969 neque
3189 898 3283 953 hic
3314 899 3370 954 in
3417 898 3701 971 templum
3753 901 4048 957 admissus

2399 981 2627 1039 fuisset.
2662 986 2728 1040 Et
2777 1003 2909 1042 vero
2941 986 3169 1058 quoties
3200 987 3257 1042 id
3305 988 3362 1042 in
3392 988 3618 1043 Christo
3671 988 4046 1058 denotabant,

2399 1073 2553 1142 quod
2587 1090 2724 1130 cum
2773 1075 3104 1146 publicanis
3146 1081 3360 1131 cretum
3411 1077 3895 1148 communicaret,
3931 1079 4049 1134 fere

2397 1159 2575 1215 simul
2607 1163 3047 1235 conjunguntur
3077 1169 3407 1236 peccatores
3438 1170 3494 1221 et
3522 1164 4048 1240 publicanizatque

2397 1249 2540 1304 adeo
2594 1253 2748 1322 quod
2807 1269 2941 1308 cum
3001 1253 3250 1309 ethnicis
3309 1255 3729 1322 convivaretur,
3779 1272 3895 1311 non
3957 1274 4047 1312 re-

2395 1337 2886 1408 prehendebatur,
2921 1342 3020 1396 sed
3070 1341 3206 1412 quia
3253 1359 3386 1398 cum
3445 1345 3869 1415 peccatoribus.
3921 1344 4043 1408 Quo

2394 1426 2647 1496 pertinet
2700 1428 2976 1484 Pharisaai
3029 1433 3443 1499 murmuratio,
3478 1432 3615 1488 Luc.
3648 1449 3752 1500 vn,
3784 1433 3854 1489 de
3903 1450 4042 1506 pec-

2394 1515 2608 1570 catrice
2667 1518 2905 1587 femina,
2939 1520 2996 1573 in
3051 1535 3169 1590 qua
3223 1522 3605 1588 paenitentiam
3664 1522 3930 1594 agnoscit
3987 1527 4045 1578 et

2392 1605 2610 1659 veniam
2662 1605 2786 1677 ipse
2837 1607 3056 1663 Tertul.
3102 1607 3202 1663 lib.
3252 1625 3330 1672 IV,
3362 1610 3484 1664 adv.
3529 1611 3719 1681 Mam,
3773 1628 3900 1683 cap.
3950 1612 4042 1678 18,

2391 1709 2554 1747 num.
2587 1694 2712 1760 265,
2734 1711 2909 1766 quam
2941 1701 3135 1752 tamen
3168 1696 3484 1766 ethnicam,
3511 1716 3802 1770 nusquam
3835 1705 4042 1756 auctor

2390 1780 2553 1836 audet
2583 1782 2796 1852 dicere,
2829 1783 2967 1855 quia
2997 1785 3122 1854 ejus
3155 1785 3461 1841 castellum
3505 1785 3922 1860 Hierosolymis
3953 1789 4038 1843 vi-

2305 1904 2352 1968 B
2388 1870 2588 1924 cinum
2621 1870 2800 1927 fuisse
2839 1879 3089 1944 constat,
3120 1875 3289 1929 Joan.
3322 1891 3401 1931 ιιι.
3438 1875 3635 1946 Neque
3666 1893 3767 1948 pro
3799 1883 4037 1935 auctore

2382 1958 2704 2030 quidquam
2755 1961 2889 2017 facit
2919 1962 3062 2017 illud
3100 1979 3112 2018 :
3144 1964 3261 2018 Non
3295 1966 3400 2020 erit
3443 1967 3672 2036 vectigal
3695 1966 3934 2037 pendens
3964 1983 4038 2022 ex

2379 2046 2522 2116 ﬁliis
2567 2050 2778 2106 Israel:
2813 2051 3206 2121 quia,eliamsi
3265 2069 3382 2108 non
3439 2054 3719 2110 deberent
3775 2056 4032 2127 pendere

2382 2137 2646 2208 vectigal,
2677 2144 3015 2210 antequam,
3053 2146 3163 2196 Deo
3214 2141 3296 2196 sic
3346 2142 3712 2214 disponente,
3746 2145 4031 2202 Romanis

2383 2226 2629 2296 subjecti
2663 2235 2896 2296 essent;
2932 2245 3267 2301 quanquam
3301 2232 3570 2288 odiosum
3621 2231 3801 2288 fuisse
3835 2234 4033 2306 publi-

2381 2330 2659 2370 canorum
2691 2317 3032 2372 exercitium
3065 2319 3210 2374 satis
3243 2326 3469 2376 constet
3501 2324 3556 2375 et
3585 2321 4032 2392 infame,tamen

2381 2403 2506 2459 sine
2558 2411 2793 2476 peccato
2841 2407 3014 2462 etiam
3065 2408 3327 2479 potuisse
3376 2410 3648 2478 exerceri,
3681 2410 3911 2467 videtur
3959 2429 4035 2470 ex

2379 2491 2497 2548 illis
2549 2495 2790 2550 Joannis
2841 2496 3110 2567 Baptista)
3163 2498 3233 2552 ad
3286 2497 3418 2554 illos
3470 2498 3658 2554 verbis
3708 2502 3855 2571 (Luc.
3888 2505 3976 2566 ιιι)
4018 2519 4032 2559 :

2377 2583 2534 2640 Nihil
2592 2586 2832 2656 amplius
2888 2587 3036 2642 205
3100 2604 3263 2657 quam
3319 2592 3677 2644 constitutum
3730 2594 3812 2645 est
3877 2592 4035 2648 vobis

2376 2673 2620 2742 faciatis,
2655 2673 2775 2729 sive
2808 2675 2890 2728 uti
2922 2691 2990 2729 ex
3019 2675 3212 2731 Graco
3241 2679 3772 2746 vertitur,exigalis.
3808 2678 3888 2734 De
3918 2697 4035 2735 cm-

2379 2760 2518 2815 teris
2550 2761 2736 2818 dictas
2767 2763 3186 2821 Adnotationes
3234 2770 3470 2822 nostras
3503 2766 3773 2824 consulat
3801 2769 4034 2826 studio-

2378 2867 2481 2907 sus
2512 2850 2710 2907 lector.

2377 3025 2525 3099 §287.
2579 3025 2652 3079 De
2701 3025 3135 3099 Psychicis,quo
3185 3027 3411 3083 nomine
3469 3026 3763 3083 Catholici:
3817 3027 4034 3082 calum-

2449 3098 2602 3150 niam
2631 3099 2782 3169 fecit,
2828 3103 2970 3153 tom.
3002 3098 3078 3154 Ill
3125 3099 3246 3154 adv.
3300 3101 3486 3167 Μαι-6.,
3523 3099 3620 3154 lib.
3656 3116 3732 3166 ιν,
3773 3115 3898 3169 cap.
3928 3101 4031 3169 22,

2450 3185 2508 3242 ιι.
2541 3169 2681 3236 325;
2715 3168 2927 3225 advers.
2965 3175 3142 3226 Prax.
3191 3187 3316 3242 cap.
3363 3174 3404 3236 l,
3439 3189 3496 3225 n.
3532 3172 3616 3240 17,
3650 3176 3790 3226 tom.
3826 3168 3886 3233 V,
3917 3168 4031 3229 lib.

2452 3239 2516 3314 de
2547 3243 2874 3314 Monogam.,
2925 3257 3053 3314 cap.
3089 3245 3138 3308 1,
3190 3239 3313 3297 ιι.”4
3343 3249 3398 3297 et
3425 3244 3495 3309 5;
3530 3239 3609 3298 ac
3645 3259 3769 3314 cap.
3823 3243 3909 3306 11,
3963 3259 4033 3300 n.

2450 3312 2540 3386 86_,
2572 3313 2661 3386 87,
2712 3313 2906 3386 887;,et
2936 3312 3061 3384 cap.
3120 3316 3205 3379 16,
3257 3332 3313 3368 n.
3370 3316 3515 3378 120;
3567 3314 3672 3386 lib.
3715 3312 3789 3369 Vde
3833 3315 4032 3386 Jejun.

2448 3384 2570 3438 adv.
2620 3384 2937 3458 Psychicos,
2999 3387 3269 3458 integro;
3329 3391 3384 3440 et
3437 3386 3535 3441 lib.
3598 3385 3664 3441 de
3716 3384 4034 3454 Pudicitia,

2449 3471 2574 3526 cap.
2609 3456 2663 3530 1,
2714 3473 2772 3511 ιι.
2802 3458 3034 3530 8‘;A_cap.
3068 3456 3215 3526 6,'n.
3270 3458 3375 3527 47;
3408 3474 3535 3530 cap.
3587 3459 3675 3526 10,
3723 3475 3781 3512 n.
3831 3458 3920 3526 83,
3973 3464 4036 3517 et

2447 3543 2574 3598 cap.
2606 3527 2695 3593 21,
2730 3544 2786 3582 n.
2824 3527 2945 3581 190.

2444 3697 2778 3770 Psyohicos,
2821 3698 3090 3753 animales
3122 3696 3390 3769 intelligi,
3424 3697 3568 3754 satis
3615 3698 4030 3770 comprobavi-

2373 3802 2528 3856 mus,
2578 3785 2664 3842 vel
2713 3805 2782 3842 ex
2830 3790 3030 3859 Apost.
3069 3789 3244 3844 ICor.
3297 3805 3360 3855 ιι,
3395 3788 3466 3843 ad
3517 3787 3751 3842 initium
3801 3787 3903 3843 lib.
3957 3790 4030 3846 de

2369 3877 2553 3948 Jejur.
2610 3878 2822 3934 advers.
2881 3878 3192 3949 Psychicos,
3252 3895 3417 3933 num.
3462 3881 3534 3946 2;
3593 3879 3746 3949 quod
3802 3895 4027 3936 nomen

2362 3965 2487 4036 jam
2521 3965 2578 4021 in
2611 3967 2878 4024 heresim
2921 3967 3148 4039 lapsus,
3191 3965 3493 4023 catholicis
3540 3967 3834 4040 impingit,
3877 3986 4024 4026 suos

2370 4055 2754 4112 Montanistas
2784 4073 2814 4112 e
2843 4057 3133 4112 contrario
3179 4057 3482 4128 spiritales,
3535 4057 3690 4129 quod
3739 4057 4024 4128 spiritum

2368 4143 2732 4200 Paracletum
2781 4149 3120 4200 Montanum
3173 4150 3579 4217 sequerentur,
3625 4162 4022 4217 nuncupans;

2367 4231 2483 4288 illis
2525 4232 2881 4289 calumniam
2932 4233 3152 4290 faciens
3197 4234 3365 4305 quasi
3416 4251 3658 4306 prorsus
3706 4236 4021 4306 animales,

2360 4324 2761 4394 passivitatem,
2797 4323 2854 4378 id
2909 4327 3017 4391 est,
3067 4323 3362 4379 licentiam
3419 4323 3548 4379 vita:
3608 4329 4022 4397 sequerentur,

2367 4416 2568 4483 utpote
2599 4413 2669 4467 ad
2699 4413 2987 4468 secundas
3017 4412 3256 4483 nuptias
3307 4417 3700 4478 transeuntes,
3735 4413 4026 4484 martyris

2353 4502 2506 4574 .fuga
2534 4502 2871 4558 vitantes.et
2892 4501 3123 4573 jejunia
3152 4501 3560 4556 Montanistica
3592 4501 4020 4574 improbantes.

2364 4590 2579 4647 Verum
2631 4594 2810 4648 miser
2857 4610 2972 4648 non
3028 4591 3462 4662 animadvertit,
3495 4591 3837 4649 Montanum
3887 4594 4022 4648 ani-

2365 4680 2580 4735 malem
2630 4681 2805 4736 vitam
2857 4681 3130 4752 gessisse,
3165 4685 3364 4752 utpote
3410 4697 3539 4738 cum
3573 4687 3766 4738 scorta
3815 4687 4023 4740 essent

2364 4768 2630 4824 Priscilla
2660 4777 2714 4825 et
2761 4770 3099 4841 Maximilia,
3133 4787 3282 4842 quae,
3316 4769 3536 4826 relictis
3575 4772 3822 4828 maritis.
3856 4775 4024 4830 Mon-

2363 4862 2568 4914 tanum
2615 4859 3030 4931 sequebantur,
3060 4863 3117 4916 et
3172 4876 3376 4916 earum
3434 4867 3669 4916 assectaa
3729 4862 4018 4936 martyris

2363 4946 2591 5003 Christo
2646 4954 2854 5022 negato
2907 4949 3233 5017 evaserint;
3268 4952 3324 5005 et
3369 4947 3416 5005 si
3469 4950 3608 5020 quid
3659 4951 3816 5022 passi
3865 4950 4012 5022 sint,

2362 5036 2434 5093 ob
2483 5037 2788 5094 latrocinia
2837 5045 2970 5095 ante
3021 5046 3150 5095 acta
3195 5039 3250 5093 id
3302 5038 3712 5108 toleraverint;
3754 5041 4016 5112 denique

2361 5126 2469 5182 etsi
2501 5131 2619 5183 tres
2650 5128 3143 5200 Quadragesimas
3177 5128 3271 5199 (de
3311 5144 3425 5199 quo
3459 5144 3593 5184 mox
3623 5127 3825 5202 latius)
3857 5128 4018 5187 cele-

816 5182 826 5192 .
1909 5180 1924 5184 _
2157 5180 2173 5191 .
2513 5180 2614 5183 7---
2658 5180 3140 5200 ,ηψνο---ήπ-
3179 5180 3265 5199 ,η
3319 5180 3418 5199 γε-
3460 5180 3592 5184 ----
3624 5180 3822 5202 --ηηη
3861 5180 3978 5187 η--

601 5195 670 5291 ξι
704 5180 947 5291 “Plano
999 5192 1447 5291 Γθεροοάῖωυερ.
1465 5194 1718 5291 adducta
1762 5201 1832 5254 ad
1867 5201 1922 5256 id
1974 5211 2252 5275 praeterea
2362 5213 2614 5286 brarent,
2648 5221 2845 5272 tamen
2879 5215 3102 5288 reliquo
3133 5215 3272 5271 anni
3317 5221 3580 5288 tempore
3611 5218 3778 5291 genio
3811 5218 4022 5275 indul-

710 5270 719 5279 .
1974 5270 1990 5275 -
2509 5270 2515 5271 κ
2600 5270 2614 5286 ι
2681 5270 2704 5272 η
3141 5270 3205 5271 κν
3354 5270 3362 5272 ~
3427 5270 3983 5291 τν--οτπ---ν-η-

600 5272 1032 5378 ῗοξψῒυνᾶξιξξη
1053 5277 1276 5376 ίξίίίίυοι
1298 5281 1683 5378 εξκριίοθοίίοηθ
1705 5303 1855 5359 εωρθ
1885 5293 2096 5365 exipso
2118 5299 2252 5354 Ter-
2359 5304 2597 5375 gebant.
2627 5305 2824 5376 Neque
2870 5310 3067 5362 tamen
3102 5321 3316 5360 novum
3350 5304 3406 5360 id
3460 5306 3767 5378 haereticis,
3804 5313 3868 5363 ut
3915 5324 4022 5363 ca-

599 5355 868 5468 :ulliano.
903 5363 1219 5468 C-itavimus
1244 5367 1424 5468 etiam
1457 5371 1528 5425 ad
1563 5355 1949 5468 cap.‘9,—num.
1983 5355 2053 5436 52
2081 5389 2137 5441 et
2155 5388 2245 5458 73,
2627 5355 3876 5468 llsgahicoramhdmine—appellarint,se,que
3898 5397 4021 5467 spi-

597 5445 651 5498 S'
691 5446 947 5556 Hieron,
980 5453 1151 5556 epist.
1183 5456 1254 5511 ad
1302 5457 1522 5556 Damus.
1559 5460 1630 5514 de
1667 5461 1907 5556 duobus
1955 5470 2111 5542 ﬁliis,
2147 5445 2246 5531 ubi
2357 5445 3548 5556 in
3575 5445 4016 5543 Valentiniaiiis

596 5549 671 5638 ei
696 5540 955 5638 Ρνοῖεῗεξο
1005 5547 1561 5638 ςρῐιῐῐίῡ.-ιι-ιξοΐοῐιθῐῐιΔ
1589 5550 1729 5638 agit,
1764 5558 1820 5609 et
1849 5555 2003 5617 inter
2041 5540 2247 5622 cratera
2355 5569 2457 5626 lib.
2490 5540 2681 5629 contra
2717 5540 2986 5630 Valente.
3019 5573 3090 5628 29
3119 5577 3176 5628 et
3205 5573 3295 5638 30,
3328 5574 3381 5628 8.
3415 5540 3708 5630 Irenaeum
3731 5540 4008 5631 secutus;

597 5615 773 5736 etiam
813 5627 1104 5736 defendit,
1143 5615 1766 5736 ιιιιὶιὶίοξιιιξιειβἰιὶξειεέ,⁸
1792 5661 1908 5702 non
1952 5615 2244 5726 ethnicos,
2721 5615 3030 5719 bosvetiam
3085 5615 3327 5733 scripsit
3357 5662 3418 5717 B.
3464 5662 3754 5736 Epiphan.
3803 5664 3904 5722 lib.
3938 5664 4014 5721 de

596 5714 752 5806 quod
809 5715 906 5774 ille
963 5719 1210 5794 volebat,
1262 5725 1362 5780 sed
1421 5726 1671 5802 Judaaos,
1711 5731 1883 5807 idque
1940 5714 2244 5817 exemplis,
