4526 6354
184 411 284 471 253

1364 414 1523 477 CUM
1570 416 1971 477 ANTIDOTO
2014 416 2366 479 PAMELII.

3462 418 3582 477 254

182 542 316 621 §2_9._
358 542 428 621 De
469 541 1203 621 Quadragesimis_duzbus,
1270 548 1535 621 tomsV,
1589 548 1688 621 lib.
1745 548 2135 618 (leAMonog.
2196 566 2323 621 cap.
2382 550 2435 617 9,
2493 566 2653 607 num.
2712 552 2802 618 70,
2856 555 2913 605 et
2959 566 3085 621 cap.
3141 551 3226 617 11,
3261 566 3425 605 num.
3485 549 3579 605 89.

237 615 449 681 Jejunio
478 616 683 669 advers
738 616 1052 687 Psychicas,
1086 616 1145 671 in
1176 634 1378 672 earum
1412 615 1810 675 defensionem

240 687 580 755 conscripto,
616 688 869 742 maxime
903 705 1025 759 cap.
1063 690 1148 756 15,
1184 707 1239 744 n.
1275 691 1367 744 90.

238 810 378 864 Cum
440 809 809 866 Montanista:
876 816 991 868 tres
1068 814 1442 869 observarent
1499 815 1817 885 quotannis

182 896 367 969 plenas
427 904 649 970 septem
703 900 1164 972 septimanarum
1208 904 1722 973 Quadragesimas,
1756 904 1813 958 in

180 986 269 1041 hoc
298 988 375 1042 ab
408 987 523 1043 illis
573 990 931 1046 dissenssive
959 992 1189 1047 videtur
1236 993 1649 1059 Tertullianus,
1682 1010 1815 1048 cum

179 1082 427 1147 separata
464 1078 535 1133 ab
578 1077 695 1133 illis
728 1080 897 1150 cmpit
946 1080 1157 1136 habere
1201 1081 1626 1146 conventicula,
1661 1082 1815 1153 quod

178 1165 305 1222 duas
338 1167 647 1235 duntaxat,
680 1168 765 1224 sic
795 1169 948 1223 enim
981 1168 1077 1224 ille
1111 1186 1123 1225 :
1159 1193 1185 1218 ‹‹
1220 1170 1511 1237 Quantula
1540 1177 1629 1227 est
1660 1170 1815 1242 apud

178 1271 267 1310 nos
296 1256 633 1311 interdictio
666 1257 929 1312 ciborum
954 1258 981 1312 ?
1038 1259 1185 1314 duas
1217 1259 1273 1314 in
1307 1277 1460 1314 anno
1494 1260 1813 1315 hebdoma-

176 1344 263 1399 das
317 1343 843 1417 Xerophagiarum,
904 1362 1007 1401 nec
1057 1352 1230 1417 totas,
1283 1348 1537 1419 exceptis
1595 1349 1817 1403 scilicet

175 1434 429 1489 Sabbatis
488 1439 545 1489 et
618 1434 959 1500 Dominicis,
1011 1436 1312 1491 offerimus
1368 1440 1498 1491 Deo.
1546 1461 1573 1487 »
1622 1437 1815 1508 Neque

177 1528 356 1577 tamen
394 1528 697 1594 propterea
726 1523 809 1578 illi
860 1524 1111 1580 haeretici
1157 1526 1422 1581 cessendi
1473 1530 1631 1581 sunt.
1666 1531 1811 1581 Nam

172 1612 554 1681 Amalaribus,
592 1611 691 1667 lib.
719 1630 734 1667 1
770 1614 840 1667 de
876 1613 1091 1669 Divinis
1124 1615 1306 1682 offic.,
1339 1631 1463 1687 cap.
1499 1616 1591 1679 36,
1623 1621 1679 1670 et
1710 1614 1809 1669 lib.

174 1718 238 1764 xv,
267 1718 395 1772 cap.
424 1702 512 1768 37,
547 1701 826 1756 describit
875 1703 1102 1773 piorum
1148 1704 1535 1776 quorumdam
1562 1704 1811 1775 jejunis,

175 1791 259 1861 qui
288 1796 434 1846 tres.
480 1790 973 1864 Quadragesimas
1003 1794 1382 1849 observarent
1418 1810 1431 1847 :
1465 1810 1643 1848 unam
1675 1798 1811 1848 ante

172 1879 406 1982 {’ascha,
429 1881 601 1950 juxta
629 1881 1005 1937 traditionem
1035 1881 1435 1954 apostolicam,
1469 1881 1711 1938 alteram
1744 1899 1811 1937 ex
1842 1917 1890 1982 B

174 1968 468 2024 devotione
500 1974 634 2024 ante
664 1973 719 2023 S.
751 1970 992 2026 Joannis
1041 1976 1143 2026 aut
1192 1971 1387 2042 potius
1442 1976 1574 2043 post
1606 1972 1812 2027 Pente-

171 2062 379 2122 costen,
408 2058 637 2113 tertiam
669 2075 799 2114 vero
831 2063 962 2114 ante
995 2059 1363 2115 Nativitatem
1400 2060 1659 2127 Domini;
1707 2076 1812 2115 nec

171 2146 510 2202 absimiliter
540 2149 855 2202 secundam
872 2148 1388 2220 Quadragesimam
1412 2166 1512 2221 pro
1535 2149 1815 2220 poeniten-

170 2234 311 2289 tibus
346 2241 615 2291 recenset
644 2236 991 2309 Micrologus
1024 2244 1222 2293 noster
1250 2238 1315 2293 de
1366 2239 1577 2293 Observ.
1612 2240 1807 2293 Eccles.

171 2325 523 2396 cap.35,quaa
540 2329 714 2380 etiam
732 2326 901 2381 hodie
919 2327 1272 2397 quibusdam
1290 2327 1594 2382 monachis
1619 2328 1675 2381 in
1701 2344 1810 2382 usu

172 2417 265 2468 est.
313 2417 443 2480 Quo
494 2414 747 2485 pertinet
795 2418 851 2470 et
900 2404 1042 2470 illud
1100 2418 1157 2470 S.
1218 2415 1448 2469 Hieron.
1504 2415 1682 2487 Epist.
1740 2416 1810 2469 ab

172 2501 458 2557 Amalario
491 2508 734 2557 eitatum
772 2520 783 2557 :
818 2503 1051 2558 Utinam
1077 2503 1236 2559 omni
1271 2509 1383 2558 tem
1399 2504 1813 2575 porejejunare

173 2592 485 2661 possimus,
552 2593 706 2664 quod
761 2592 818 2646 in
866 2593 1109 2647 Actibus
1158 2592 1557 2663 apostolorum
1604 2594 1811 2648 diebus

171 2682 555 2747 Pentecostes,
588 2688 645 2735 et
676 2681 827 2737 208
869 2682 962 2737 die
1018 2682 1313 2737 Dominico
1368 2681 1610 2736 Paulum
1660 2684 1809 2752 Apo-

172 2770 401 2837 stolum,
437 2774 492 2824 et
520 2787 653 2825 cum
688 2787 753 2826 eo
784 2772 1085 2827 credentes
1116 2771 1317 2826 fecisse
1346 2769 1635 2842 legimus;
1672 2772 1809 2825 item

163 2858 380 2929 jejunia
437 2858 536 2913 illa
584 2858 954 2915 strictissime
994 2859 1319 2932 priscorum
1367 2860 1808 2927 monachorum,

170 2951 274 3002 tam
308 2950 387 3003 ab
421 2947 519 3002 illo
551 2965 725 3020 quam
760 2965 792 3003 a
822 2949 1186 3004 Theodoreto
1224 2955 1279 3003 et
1326 2948 1648 3019 Nicephoro
1693 2948 1808 3004 late

171 3037 474 3109 descripta.
516 3036 726 3093 Verum
790 3038 894 3093 hoc
937 3054 1038 3109 pro
1074 3037 1279 3093 haeresi
1329 3038 1387 3092 in
1436 3038 1806 3093 Montanistis

171 3126 508 3182 damnatum
551 3131 659 3193 est,
696 3128 848 3198 quod
885 3127 1287 3182 necessitatem
1320 3126 1666 3181 observandi
1700 3128 1804 3181 has

171 3215 673 3286 Quadragesimas,
704 3232 801 3271 seu
837 3220 951 3270 tres
983 3232 1085 3269 seu
1118 3216 1285 3281 duas,
1310 3232 1495 3285 usque
1528 3215 1668 3269 adeo
1700 3232 1803 3269 ur—

172 3310 385 3375 gerent,
422 3310 485 3358 ut
514 3304 601 3359 vel
656 3320 721 3359 eo
772 3305 1006 3359 nomine
1046 3304 1361 3359 catholicos
1392 3306 1803 3375 Psychicorum,

174 3393 220 3447 id
253 3400 360 3464 est,
398 3394 573 3448 sicuti
599 3394 723 3463 jam
758 3394 976 3447 dictum
1012 3399 1120 3459 est,
1153 3394 1485 3447 animalium
1509 3394 1813 3449 hominum

176 3482 558 3554 appellatione
588 3481 1114 3550 calumniarentur,
1146 3484 1301 3553 quod
1336 3498 1535 3538 secum
1582 3498 1680 3537 eas
1710 3484 1811 3538 ob-

174 3588 397 3627 servare
433 3571 670 3627 nollent.
718 3577 909 3643 Atque
942 3572 1048 3627 hoc
1091 3578 1180 3627 est
1220 3572 1372 3642 quod
1421 3572 1589 3643 epist.
1622 3573 1691 3625 54
1744 3572 1815 3626 ad

174 3661 404 3719 Marcell.
440 3663 567 3718 adv.
617 3666 956 3718 Montanum
1010 3668 1177 3733 urget
1205 3666 1261 3717 S.
1317 3663 1545 3717 llieron.
1583 3679 1596 3717 :
1639 3681 1659 3709 ι
1694 3667 1809 3717 Nos

162 3750 387 3823 (inquit)
427 3768 603 3806 unam
635 3751 1157 3823 Quadragesimam
1189 3752 1513 3805 secundum
1546 3750 1813 3806 traditio-

165 3854 279 3895 nem
311 3839 737 3913 apostolorum,
785 3844 1046 3911 tempore
1094 3840 1263 3895 nobis
1295 3854 1551 3911 congruo
1574 3840 1812 3910 jejuna-

165 3944 303 4000 mus,
335 3930 428 3984 illi
456 3934 562 3984 tres
610 3932 670 3985 in
700 3944 844 3983 anno
889 3930 1103 4001 faciunt
1133 3930 1607 3997 Quadragesimas,
1642 3930 1810 4001 quasi

165 4020 266 4073 tres
297 4018 461 4091 passi
510 4022 630 4073 sint
676 4018 1024 4086 Salvatores,
1058 4035 1170 4073 non
1214 4018 1365 4089 quod
1400 4022 1457 4072 et
1489 4034 1591 4089 per
1620 4022 1809 4072 totum

165 4122 396 4175 annum,
450 4111 687 4179 excepta
731 4107 1088 4174 Pentecoste,
1133 4108 1406 4177 jejunare
1452 4123 1567 4161 non
1618 4105 1810 4176 liceat,

164 4198 249 4250 sed
304 4196 464 4268 quod
515 4196 671 4251 aliud
723 4197 800 4251 sit
865 4195 1237 4261 necessitate,
1304 4195 1463 4250 aliud
1515 4194 1811 4250 voluntate

166 4299 368 4340 munus
402 4285 627 4341 oll‘erre.
663 4307 691 4334 ››
723 4284 866 4340 Hinc
897 4291 953 4340 et
984 4285 1269 4340 Eusebius
1302 4285 1489 4355 (juxta
1533 4285 1807 4339 emenda-

163 4376 359 4429 tiorem
394 4390 462 4429 ex
491 4374 687 4430 Graeco
734 4374 1203 4438 translationem,
1254 4380 1426 4428 antea
1475 4379 1808 4444 corruptam

164 4477 192 4515 a
217 4464 594 4534 quibusdam,
613 4464 697 4517 uti
722 4465 779 4518 in
804 4464 1143 4519 universum
1162 4463 1391 4534 jejunis
1414 4462 1812 4519 ecclesiastica

162 4554 438 4624 tanquam
470 4551 794 4608 Montanica
836 4553 1211 4623 damnarent)
1242 4552 1342 4607 lib.
1377 4568 1429 4607 v.
1456 4553 1597 4607 Eccl.
1633 4554 1806 4608 Hist"

164 4655 279 4712 cap.
318 4641 425 4709 17;
455 4641 740 4696 Theodor.
792 4642 989 4698 Haeret.
1040 4642 1230 4697 Fabul.
1282 4640 1384 4697 lib.
1428 4657 1513 4705 III,
1546 4644 1616 4695 de
1648 4641 1808 4696 Mon-
1840 4654 1886 4718 D

164 4730 429 4797 tanistis;
458 4734 514 4785 et
556 4729 918 4802 Nicephorus
966 4730 1069 4786 lib.
1118 4747 1171 4785 1v
1216 4730 1354 4784 Hist.
1408 4730 1577 4798 Ecct.,
1618 4745 1668 4784 c.
1717 4730 1809 4797 22,

166 4817 498 4875 Montanum
534 4836 709 4875 novas
731 4821 1093 4890 jejuniorum
1119 4820 1273 4889 leges
1305 4824 1512 4891 prater
1540 4818 1809 4874 Ecclesia

166 4909 642 4966 consuetudinem
696 4908 1090 4965 introduxisse
1139 4914 1195 4965 et
1225 4908 1491 4965 sanxisse
1521 4907 1806 4964 scribunt.

168 5082 301 5149 §30.
338 5083 412 5137 De
462 5080 688 5152 repudio
735 5081 1065 5137 Christianis
1112 5079 1285 5151 licito,
1340 5081 1418 5135 ita
1468 5084 1529 5134 ut
1567 5079 1807 5135 alteram

230 5154 751 5281 gzcantsggulterii
778 5170 965 5222 causa,
1014 5157 1157 5209 tom.
1200 5153 1273 5221 ll,
1305 5152 1406 5207 lib.
1437 5168 1477 5206 ιι
1509 5152 1579 5207 ad
1614 5153 1805 5220 Uxor.,

306 5271 321 5295 ,
353 5244 411 5282 n.
554 5267 567 5281 .

234 5399 471 5455 Videtur
501 5399 738 5472 quidem
770 5398 961 5472 prima
992 5399 1134 5456 facie
1164 5399 1278 5456 tale
1310 5399 1448 5471 quid
1495 5397 1807 5455 Tertullia-

174 5502 275 5543 nus
333 5490 567 5557 sentire,
629 5506 765 5546 cum
823 5490 1118 5545 divortium
1185 5492 1488 5562 comparat
1563 5490 1811 5544 excessui

174 5580 376 5649 mariti,
398 5580 476 5636 uti
510 5580 703 5651 magis
730 5580 933 5650 probet
955 5583 1086 5652 post
1106 5579 1263 5635 hunc
1292 5596 1406 5635 non
1440 5578 1613 5634 licere
1643 5577 1809 5633 alteri

176 5668 400 5737 nubere,
432 5668 607 5728 sicuti
657 5684 772 5724 non
803 5667 937 5724 licet
973 5676 1103 5740 post
1133 5668 1446 5726 divortium
1478 5667 1591 5724 nisi
1640 5666 1806 5723 adul-

178 5756 298 5812 tcrii
327 5774 511 5819 causa.
561 5756 783 5815 Verum
830 5773 959 5817 sese
1002 5757 1250 5831 explicat
1296 5761 1441 5815 tom.
1481 5755 1550 5827 V,
1582 5755 1711 5827 lib.,
1741 5757 1807 5814 de

1926 638 2109 691 Priori
2144 639 2381 708 quidem
2414 638 2559 705 loco,
2611 642 2681 694 de
2717 640 3020 710 repudiata
3069 656 3244 694 uxore
3276 640 3359 694 sic
3390 638 3583 709 loqui-

1924 728 2021 779 tur
2055 742 2065 778 :
2102 749 2128 774 ‹‹
2168 726 2236 780 Ut
2270 727 2327 781 in
2362 733 2548 782 totum
2595 730 2713 782 sive
2766 746 2867 799 per
2918 728 3174 799 nuptias,
3212 729 3333 783 sive
3382 728 3578 797 vulgo,

1925 813 2165 869 alterius
2212 816 2317 870 viri
2369 817 2670 884 adtnissio,
2707 817 3058 872 adulterium
3103 815 3514 887 pronuntietur
3547 833 3580 871 a

1926 902 2080 970 Deo;
2118 928 2141 950 η
2172 910 2227 959 et
2260 924 2390 959 mox
2421 905 2635 960 clarius
2670 923 2682 959 :
2717 929 2741 954 ‹‹
2782 907 2883 960 Per
2918 912 3159 960 mortem
3195 907 3418 975 utique,
3461 922 3577 958 non

1924 1007 2027 1063 per
2058 994 2367 1063 repudium
2403 994 2552 1049 facta
2584 994 2892 1060 solutione,
2916 995 3053 1065 quia
3085 993 3431 1066 repudilatis
3464 1010 3578 1047 non

1924 1083 2283 1150 permitteret
2313 1085 2629 1153 Apostolus
2682 1084 2899 1138 nubere
2948 1086 3223 1139 adversus
3259 1082 3576 1153 pristinum

1925 1175 2300 1241 praeceptum.
2338 1194 2365 1219 ››
2393 1171 2636 1227 Valeant
2685 1172 2881 1243 itaque
2928 1172 3206 1226 Erasmus
3238 1176 3293 1225 et
3325 1172 3452 1240 ejus
3485 1188 3577 1225 as-

1923 1258 2089 1312 seclaa
2123 1259 2218 1329 qui
2257 1278 2356 1331 pro
2390 1276 2450 1316 se
2481 1265 2776 1315 auctorem
2811 1277 3107 1332 perperam
3161 1260 3362 1315 citant.
3414 1260 3577 1315 Certe

1924 1348 2285 1403 contrarium
2338 1350 2463 1419 jam
2526 1351 2833 1405 delinitum
2896 1356 2986 1405 est
3038 1350 3267 1405 concilii
3317 1349 3574 1404 'l‘rident.

1922 1451 2071 1491 sess.
2108 1438 2197 1505 31,
2232 1455 2358 1493 can.
2391 1439 2446 1493 9.

1920 1554 2066 1621 §31.
2130 1555 2289 1610 Circa
2340 1556 2683 1624 Trinitatem,
2738 1560 2882 1609 tom.
2930 1557 2969 1623 Ι,
3031 1556 3270 1625 ApoIOg.,
3314 1570 3440 1624 cap.
3486 1553 3575 1619 2|,

1995 1644 2052 1679 n.
2085 1626 2228 1691 316;
2266 1631 2322 1681 et
2354 1627 2453 1681 lib.
2489 1628 2698 1683 advers.
2752 1629 2996 1697 llermog.
3047 1644 3178 1695 cap.
3220 1628 3275 1691 3,
3308 1644 3366 1680 n.
3402 1627 3467 1679 15
3489 1642 3509 1697 ;7
3535 1625 3573 1679 1.

1993 1698 2205 1751 advers.
2239 1704 2418 1752 Prax.
2453 1716 2577 1770 cap.
2628 1701 2680 1763 3,
2717 1717 2771 1752 n.
2810 1702 2899 1760 29,
2934 1700 3002 1751 34
3037 1717 3048 1760 ;
3083 1715 3208 1768 cap.
3248 1700 3299 1761 4,
3365 1714 3421 1750 n.
3454 1696 3573 1770 39;

1992 1785 2117 1838 cap.
2150 1772 2202 1833 8,
2254 1786 2311 1823 n.
2358 1771 2447 1832 55,
2490 1768 2559 1823 59
2610 1777 2667 1825 et
2711 1772 2815 1838 60;
2866 1787 2990 1840 cap.
3041 1772 3094 1823 9.
3144 1787 3200 1823 n.
3252 1771 3321 1822 62
3370 1784 3435 1822 ac
3482 1768 3576 1835 63,

1991 1842 2141 1899 Item.
2174 1847 2317 1894 tom.
2378 1841 2446 1908 V,
2490 1844 2781 1897 Novatiau.
2837 1844 2936 1895 lib.
2970 1842 3036 1895 de
3080 1841 3271 1895 Trinit.
3324 1855 3451 1910 cap.
3491 1840 3572 1905 ll,

1993 1929 2051 1966 n.
2080 1914 2171 2038 fit/3,
2204 1929 2251 1967 c.
2285 1914 2374 1981 2‘3,
2410 1930 2465 1967 n.
2506 1916 2595 1981 98,
2630 1930 2758 1985 cap.
2808 1915 2899 1981 2-1,
2934 1931 2990 1967 n.
3044 1914 3165 1978 106,
3197 1918 3255 1967 et
3293 1928 3420 1981 cap.
3484 1911 3575 1979 31,

1994 2002 2051 2038 n.
2132 2004 2171 2038 ι.

1994 2002 2051 2040 Π.
2088 2002 2171 2038 111.

1992 2100 2071 2155 De
2129 2102 2408 2155 Trinitatis
2460 2100 2584 2170 ﬁde,
2645 2100 2700 2153 id
2761 2105 2868 2166 est,
2927 2099 3104 2153 trium
3165 2099 3574 2163 Personarum,

1920 2190 2130 2253 Patris,
2161 2198 2213 2243 et
2243 2190 2395 2255 Filii,
2427 2198 2478 2245 et
2505 2191 2745 2254 Spiritus
2774 2191 2975 2253 sancti,
3023 2188 3124 2243 sed
3170 2187 3346 2241 unius
3375 2203 3575 2241 essen-

1919 2278 2033 2343 tiai,
2064 2295 2175 2332 non
2208 2278 2511 2333 dubitasse
2552 2278 3003 2341 Tertullianum,
3053 2293 3121 2331 ex
3172 2275 3577 2345 compluribus

1922 2368 2050 2437 ejus
2082 2366 2222 2421 locis
2256 2367 2624 2422 manifestius
2656 2372 2744 2421 est
2795 2383 2971 2437 quam
3025 2370 3088 2419 ut
3126 2365 3467 2435 probatione
3500 2363 3577 2417 sit

1922 2472 2070 2527 opus
2128 2456 2381 2511 maxime
2428 2461 2547 2510 toto
2596 2455 2743 2511 libro
2791 2456 2919 2525 ejus
2958 2452 3314 2525 argumenti,
3366 2452 3483 2506 iano
3514 2457 3573 2507 et

1924 2545 2078 2601 tituli
2111 2546 2280 2615 juxta
2321 2545 2635 2601 editionem
2689 2548 2945 2599 nostram
2996 2543 3254 2597 adversus
3286 2542 3570 2606 Praxean,

1923 2635 2020 2689 ubi
2054 2636 2337 2690 adversus
2368 2634 2528 2688 illam
2553 2635 2798 2705 ejusque
2828 2636 3143 2687 sectatores
3168 2631 3573 2695 Montanistas,

1922 2724 2021 2795 qui
2052 2727 2348 2780 secundum
2372 2724 2684 2778 Eschinem
2709 2723 3074 2786 dicebantur,
3098 2737 3213 2775 non
3239 2720 3408 2773 modo
3442 2736 3575 2789 pro-

1919 2816 2021 2870 bat
2049 2816 2300 2871 eumdem
2330 2817 2477 2871 201
2522 2832 2629 2871 non
2672 2831 2823 2886 posse
2868 2814 2979 2869 dici
3008 2815 3229 2868 Patrem
3264 2817 3318 2867 et
3347 2812 3574 2879 Filium,

1919 2905 2021 2960 sed
2054 2906 2228 2959 etiam
2261 2904 2495 2959 disertis
2524 2904 2716 2958 verbis
2748 2902 2977 2971 asserit,
3011 2903 3263 2969 regulam
3290 2901 3425 2971 ﬁdei
3453 2914 3578 2969 quae

1918 2993 1991 3047 ab
2023 2993 2181 3047 initio
2222 2991 2514 3062 Evangelii
2559 2992 2869 3046 decucurrit
2911 2993 3179 3045 unitatem
3231 2992 3292 3043 in
3338 2990 3577 3043 Trinita-

1916 3090 2023 3137 tem
2069 3082 2354 3151 disponere
2391 3098 2409 3135 :
2460 3085 2701 3145 Patrem,
2751 3082 2975 3143 Filium,
3026 3083 3078 3134 et
3122 3080 3392 3149 Spiritum
3436 3094 3573 3132 san-

1913 3178 2081 3227 ctum.
2126 3170 2241 3225 Nec
2294 3169 2462 3224 aliter
2510 3168 2886 3234 Novatianus,
2948 3169 3095 3222 libro
3152 3168 3218 3222 de
3276 3168 3573 3221 Trinitate.

1920 3259 2175 3329 regulam
2206 3259 2333 3324 ﬁdei
2363 3258 2652 3329 proponit.
2687 3274 2735 3312 c.
2773 3259 2824 3324 1,
2848 3259 2900 3323 3,
2925 3274 2989 3311 88
3019 3258 3108 3321 29,
3144 3273 3258 3327 qua
3287 3255 3574 3310 credamus

1925 3352 1982 3404 in
2019 3351 2183 3404 Deum
2212 3352 2436 3403 Patrem
2477 3354 2527 3402 et
2578 3349 2868 3402 Dominum
2919 3349 3354 3411 omnipotentem,
3387 3361 3570 3399 rerum

1924 3440 2171 3494 omnium
2209 3437 2669 3508 perfectissimum
2722 3440 3044 3501 creatorem,
3075 3444 3125 3490 et
3155 3438 3213 3489 in
3240 3434 3446 3489 Filium
3476 3434 3571 3487 Dei

1920 3530 2105 3584 Jesum
2137 3527 2416 3583 Christum
2444 3528 2746 3582 Dominum
2787 3527 2959 3580 Deum
3005 3531 3280 3589 nostrum,
3306 3529 3358 3577 et
3401 3525 3572 3577 etiam

1922 3619 1981 3673 in
2012 3618 2286 3688 Spiritum
2333 3625 2607 3671 sanctum.
2657 3618 2873 3669 Verum
2922 3615 3063 3668 dum
3115 3612 3235 3668 illis
3284 3613 3578 3668 Paradoxa

1919 3708 2067 3762 circa
2098 3707 2422 3761 Trinitatem
2454 3704 2825 3771 ascribimue,
2876 3703 2984 3758 hoc
3036 3702 3227 3758 solum
3282 3700 3576 3755 volumus,

1922 3796 2172 3851 subinde
2227 3794 2409 3866 ipsos,
2444 3798 2645 3865 utpote
2696 3798 2830 3847 ante
2887 3808 3120 3847 omnem
3170 3792 3240 3845 de
3297 3790 3578 3844 Trinitate

1920 3882 2210 3948 haeresim,
2244 3882 2491 3936 obscure
2521 3880 2677 3952 loqui
2710 3880 2766 3934 in
2817 3880 2926 3935 hac
2977 3878 3217 3934 materia
3251 3903 3264 3944 ;
3322 3884 3380 3932 et
3413 3882 3475 3931 ut
3505 3894 3577 3934 ne

1922 3971 2051 4043 quis
2085 3970 2221 4025 inde
2253 3969 2515 4025 fortassis
2547 3969 2907 4024 occasionem
2949 3969 3041 4023 sui
3081 3968 3295 4023 erroris
3327 3972 3427 4020 aut
3459 3966 3573 4020 hes-

1919 4076 2115 4115 reseos
2148 4058 2413 4129 accipiat,
2449 4059 2742 4129 quomodo
2775 4074 2916 4112 sano
2961 4055 3254 4111 intellectu
3285 4055 3432 4110 tales
3462 4054 3572 4110 loci

1920 4148 2196 4220 explicari
2229 4148 2475 4220 possint,
2522 4146 2856 4217 adjicimus,
2906 4146 3241 4200 omittentes
3281 4145 3406 4215 jam
3460 4144 3571 4216 pri-

1921 4254 2083 4293 mum
2114 4235 2373 4291 Rhenani
2398 4235 2727 4290 calumnias
2752 4235 2806 4288 in
2833 4234 3213 4290 scholasticos
3245 4234 3569 4304 theologos,

1921 4344 2070 4399 quas
2101 4326 2274 4380 habet
2307 4326 2407 4379 illa
2464 4342 2569 4379 sua
2611 4325 2681 4379 ad
2737 4323 3012 4379 lectorem
3072 4322 3470 4379 admonitione
3500 4322 3573 4376 de

1921 4416 2271 4487 quibusdam
2320 4413 2663 4468 Tertulliani
2710 4414 3005 4483 dogmatis
3052 4428 3064 4466 :
3122 4413 3374 4465 maxime
3415 4410 3571 4480 quod

1920 4505 2277 4561 calumniam
2310 4504 2484 4559 faciat
2514 4503 2625 4574 ipsi
2677 4519 2908 4574 quoque
2956 4501 3318 4567 Tertulliani,
3350 4504 3476 4555 tum
3511 4500 3571 4554 in

1921 4595 2064 4650 locis
2094 4594 2449 4666 quibusdam
2483 4593 2770 4663 corruptis
2804 4597 2902 4646 aut
2950 4591 3099 4647 male
3130 4589 3468 4655 intellectis,
3500 4590 3572 4645 de

1919 4684 2133 4755 quibus
2180 4700 2314 4738 mox
2360 4682 2558 4748 latius,
2616 4686 2741 4735 tum
2775 4682 2833 4735 in
2884 4682 3036 4753 quod
3085 4680 3229 4736 falso
3274 4679 3361 4734 illi
3391 4679 3573 4735 haere-
3644 4692 3645 4695 ‘

1917 4774 2029 4829 sim
2090 4774 2383 4829 adscribat
2436 4773 2770 4843 putantium
2821 4772 2878 4825 in
2936 4769 3302 4826 Eucharistia
3358 4786 3572 4841 corpus

1918 4862 2135 4918 Christi
2165 4866 2395 4918 tantum
2445 4877 2574 4917 esse
2621 4862 2681 4916 in
2727 4861 2934 4933 ﬁgura,
2968 4878 3001 4917 a
3033 4877 3147 4933 qua
3179 4859 3345 4915 illum
3377 4858 3566 4915 vindi-

1918 4969 2122 5009 camus
2151 4953 2360 5007 Adnot.
2400 4951 2615 5006 nostris
2650 4950 2708 5005 in
2767 4950 2868 5005 lib.
2928 4968 2984 5005 1v
3039 4951 3161 5006 adu.
3216 4951 3405 5020 Marc.,
3437 4965 3565 5019 cap.

1917 5042 2005 5111 40,
2038 5060 2096 5097 n.
2118 5042 2263 5109 552;
2299 5045 2424 5096 tum
2457 5040 2612 5111 quod
2647 5040 2799 5095 inter
2830 5040 3103 5112 dogmata
3129 5040 3251 5094 sive
3274 5039 3567 5111 paradoxa

1916 5135 2115 5203 ponat,
2153 5147 2280 5202 quae
2310 5129 2409 5185 ille
2440 5128 2833 5200 pulcherrime
2879 5146 2991 5185 non
3022 5129 3213 5185 solum
3265 5129 3335 5183 de
3379 5127 3566 5199 paeni-

1916 5220 2098 5276 tentia
2129 5219 2383 5291 publica,
2424 5220 2523 5273 sed
2578 5220 2753 5275 etiam
2808 5220 2877 5275 de
2926 5220 3291 5275 confessione
3322 5222 3563 5279 secreta,

1914 5310 2006 5366 vel
2038 5309 2164 5380 ipso
2196 5310 2435 5375 fatente,
2468 5307 2582 5363 late
2627 5310 2864 5365 deducit
2907 5310 2964 5364 in
3015 5308 3165 5363 libro
3195 5307 3258 5361 de
3287 5305 3564 5361 Pa'niten-

1918 5401 2018 5465 tia,
2050 5400 2119 5454 de
2152 5416 2265 5471 quo
2297 5398 2473 5453 etiam
2507 5398 2775 5453 dubitare
2810 5415 2919 5454 non
2954 5403 3042 5452 est
3073 5396 3290 5451 veritus
3322 5409 3394 5448 an
3428 5394 3563 5447 Ter-

1916 5488 2145 5544 tulliani
2176 5492 2350 5558 esset,
2375 5503 2510 5542 cum
2543 5490 2737 5543 tamen
2756 5488 2812 5542 S.
2833 5486 3120 5542 Pacianus
3152 5501 3216 5540 ex
3247 5482 3345 5537 illo
3378 5480 3565 5537 multa

1918 5578 2312 5650 descripserit.
2344 5578 2466 5641 Quo
2500 5577 2687 5648 magis
2718 5576 2917 5642 miror,
2966 5591 3079 5630 non
3130 5572 3322 5628 solum
3373 5579 3561 5627 reten-

1915 5673 2035 5724 tam
2067 5668 2249 5725 fuisse
2278 5667 2337 5722 in
2370 5670 2665 5738 postrema
2715 5665 2853 5719 anni
2908 5666 3044 5720 1580
3091 5662 3343 5720 editione
3395 5662 3562 5718 Pari-

1914 5756 2093 5815 siensi
2125 5758 2339 5813 dictam
2389 5754 2553 5812 illam
2600 5753 3059 5812 admonitionem
3097 5753 3413 5827 integram,
3461 5751 3563 5810 sed
