4526 6358
607 360 728 420 255

1800 348 2230 411 PARADOXA
2271 346 2828 409 TERTULLIANI.

3893 349 4014 408 956

602 493 878 563 praeterea
909 489 1209 545 universos
1242 501 1465 544 errores
1520 482 1784 540 Rhenani
1829 479 2098 536 hazresim
2130 478 2249 550 ple-
2282 480 2330 545 Α
2365 495 2482 548 res,
2505 478 2645 533 dum
2675 478 2878 533 dicunt
2903 495 2915 532 :
2937 481 3108 534 Pater
3125 478 3548 550 plenitudinem
3575 478 3808 535 deitatis
3831 480 4018 550 possi-

604 597 853 650 rumque
875 578 1320 650 sapientes,sine
1345 575 1542 630 addito
1574 573 1837 628 antidoto
1863 588 1874 624 ε
1898 586 2083 640 usque
2105 569 2247 623 adeo

604 673 669 723 ut
717 667 1042 723 catholicus
1090 667 1270 720 lector
1319 665 1460 719 mihi
1506 663 1832 716 monendus
1865 660 1960 724 sit,
1996 676 2109 711 non
2145 657 2248 711 ini-

604 774 716 812 nus
749 757 877 810 illas
919 756 1000 809 illi
1044 757 1328 810 cavendas
1377 751 1801 815 adnotationes,
1836 748 1943 803 etsi
2002 746 2251 801 subinde

604 846 821 900 omisso
856 845 1112 898 Bhenani
1147 844 1403 908 nomine,
1439 857 1615 911 quam
1651 856 1748 893 eas
1781 854 1910 908 quae
1944 853 2042 907 per
2083 835 2250 888 Pium

603 935 676 988 IV
706 939 762 990 et
791 935 860 1004 ν,
913 935 1204 989 Romanos
1256 931 1576 1004 pontiﬁces,
1626 928 1944 983 interdictae
2005 929 2142 980 sunt
2194 923 2252 976 in

603 1024 959 1079 editionibus
1018 1023 1334 1094 prioribus,
1386 1022 1567 1075 donec
1626 1021 1951 1089 repurgatze
2019 1012 2250 1068 fuerint.

598 1112 813 1166 Verum
846 1113 916 1167 ad
951 1129 1070 1167 rem
1101 1111 1426 1167 veniamus.
1460 1108 1719 1162 Primum
1754 1105 1850 1160 ubi
1879 1104 1962 1159 sic
1995 1102 2256 1173 loquitur

600 1201 996 1255 Tertullianus
1047 1200 1105 1254 in
1161 1200 1378 1270 Apolog.
1426 1203 1482 1252 et
1529 1196 1648 1251 adv.
1697 1197 2002 1249 Praxeun:
2055 1215 2082 1242 «
2115 1193 2252 1246 Tres

600 1293 740 1343 sunt
774 1305 888 1344 non
941 1293 1120 1354 statu,
1173 1288 1270 1342 sed
1332 1287 1538 1359 gradu,
1589 1301 1693 1339 nec
1752 1281 2102 1346 substantia,
2152 1280 2250 1334 sed

599 1377 824 1443 forma;
869 1394 972 1431 nec
1023 1382 1333 1446 potestate,
1385 1375 1485 1430 sed
1535 1373 1797 1444 species;
1831 1371 2010 1426 unius
2057 1373 2251 1423 autem

597 1465 962 1534 substantiae,
1019 1470 1075 1520 et
1118 1467 1295 1519 unius
1343 1462 1690 1534 potestatis;
1726 1460 1864 1530 quia
1892 1476 2046 1513 unus
2082 1463 2250 1522 Deus,

599 1570 664 1608 ex
700 1571 814 1624 quo
846 1558 902 1608 et
931 1555 1150 1625 gradus
1189 1553 1282 1608 isti
1316 1557 1370 1607 et
1415 1552 1610 1606 formai
1643 1555 1699 1605 et
1730 1548 1991 1620 species;
2028 1569 2054 1594 »
2086 1551 2254 1601 vocat

594 1647 821 1709 statum,
865 1644 1014 1713 quod
1065 1641 1424 1705 scholastici,
1459 1646 1516 1694 et
1560 1639 1955 1710 ipse‘Tquoque
1985 1637 2252 1691 substan-

595 1734 775 1798 tiam;
815 1730 1070 1801 gradum,
1119 1733 1271 1802 quod
1325 1729 1408 1782 illi
1451 1728 1728 1783 notionem
1775 1725 2036 1797 formam,
2096 1725 2249 1794 quod

2361 568 2476 630 det,
2503 567 2561 621 in
2597 568 2786 638 primo
2819 567 2985 638 signo
3018 568 3281 640 originis,
3313 569 3447 640 quia
3477 587 3510 624 a
3540 585 3601 624 se
3630 585 3758 624 eam
3794 568 4008 624 habet:

2357 656 2541 710 Filius
2574 655 2632 708 in
2665 657 2919 710 secundo
2953 657 3120 728 signo
3152 657 3417 728 originis,
3467 658 3606 729 quia
3656 658 3728 712 ab
3761 674 3877 711 uno
3912 674 4015 728 per

2361 744 2794 813 generationem
2847 746 3344 800 communicatum
3399 763 3432 801 a
3479 747 3644 801 Patre
3687 771 3700 811 ;
3759 746 4014 817 Spiritus

2363 837 2603 888 sanctus
2647 833 2705 886 in
2738 833 2907 887 tertio
2948 834 3134 904 signo,
3169 835 3308 904 quia
3340 853 3371 890 a
3395 835 3626 890 duobus
3674 851 3777 907 per
3822 836 4012 905 spira-

2361 920 2578 975 tioncm
2613 922 2878 976 eamdem
2911 939 3154 977 numero
3184 923 3502 978 essentiam
3553 925 3783 996 accipit.
3822 929 4012 995 Atque

2363 1009 2473 1064 hoc
2520 1015 2610 1064 est
2657 1012 2811 1080 quod
2863 1011 2992 1067 aliis
3041 1012 3233 1066 verbis
3285 1017 3489 1084 postea
3525 1019 3728 1069 auctor
3757 1012 4007 1068 extulit:

2364 1122 2390 1148 ‹‹
2425 1099 2506 1152 Ex
2537 1115 2652 1154 uno
2684 1099 2848 1154 Patre
2879 1100 3095 1170 omnia,
3129 1117 3256 1171 qua:
3287 1103 3346 1155 in
3380 1102 3495 1156 Deo
3534 1119 3637 1174 per
3665 1101 4012 1156 substantias

2363 1187 2670 1255 unitatem,
2694 1188 2828 1243 etin
2862 1189 3084 1244 unitate
3105 1189 3362 1245 Trinitas
3394 1192 3568 1245 unius
3601 1191 4009 1246 substantiae.»

2364 1277 2564 1332 Item:«
2587 1277 2788 1332 Unitas
2807 1278 2862 1332 in
2879 1279 3193 1349 semetipsa
3222 1279 3489 1334 derivans
3517 1280 4012 1346 Trinitatem,non

2365 1365 2689 1420 destruitur
2718 1367 2790 1420 ab
2822 1366 2941 1433 illa,
2976 1368 3073 1422 sed
3101 1368 3560 1435 administrans;
3588 1391 3614 1417 ››
3638 1375 3700 1423 ut
3729 1375 3849 1424 tota
3881 1370 4014 1424 sub-

2362 1457 2583 1509 stantia
2614 1455 2689 1509 sit
2719 1456 2871 1510 idem
2916 1457 3067 1526 quod
3122 1475 3238 1510 una
3284 1458 3617 1512 substantia
3665 1457 3920 1512 indivisa
3951 1458 4012 1512 in

2365 1543 2575 1598 tribus.
2610 1543 2870 1614 Denique
2901 1545 3131 1599 videtur
3152 1547 3324 1600 Filius
3356 1547 3427 1601 ab
3460 1553 3692 1602 auctore
3733 1545 4014 1618 appellari

2361 1635 2556 1703 portio,
2591 1633 2728 1704 quia
2779 1651 2883 1688 nec
2932 1635 3120 1702 Pater,
3172 1653 3276 1690 nec
3323 1637 3578 1707 Spiritus
3624 1642 3864 1692 sanctus
3895 1641 4012 1703 est,

2362 1723 2620 1788 tametsi,
2653 1739 2806 1777 unus
2859 1723 3014 1778 Deus
3046 1724 3166 1778 sint
3213 1731 3328 1780 tres
3369 1742 3647 1796 personae,
3681 1732 3736 1780 et
3770 1743 3883 1780 non
3921 1726 4012 1779 Fi-

595 1819 679 1874 illi
713 1821 1072 1890 proprietates
1102 1837 1115 1886 ;
1161 1820 1415 1889 speciem,
1445 1817 1598 1886 quod
1630 1815 1712 1869 illi
1744 1813 1979 1869 habendi
2006 1812 2245 1867 modum.
2282 1841 2326 1904 Β
2362 1809 2498 1880 lius,
2559 1812 2656 1882 qui
2707 1815 2897 1882 Pater,
2932 1828 3036 1867 nec
3087 1818 3250 1868 Pater
3297 1814 3396 1884 qui
3443 1815 3694 1885 Spiritus
3743 1820 4007 1870 sanctus.

597 1908 814 1963 Deinde
855 1908 999 1962 illud
1053 1908 1154 1963 lib.
1198 1909 1320 1962 adv.
1373 1908 1616 1976 Hermog.
1672 1923 1693 1959 .·
1742 1927 1769 1955 ‹‹
1821 1904 1948 1957 Fuit
1985 1908 2241 1972 tempus,

595 2013 733 2051 cum
765 1996 1041 2052 delictum
1090 2001 1147 2051 et
1194 1995 1350 2050 ﬁlius
1393 2013 1508 2049 non
1543 1995 1670 2048 fuit.
1705 2015 1732 2043 »
1779 2011 1846 2048 ex
1877 1992 1994 2047 zelo
2043 2007 2245 2047 secun-

2357 1901 2498 1955 Cum
2532 1916 2664 1955 vero
2697 1901 2836 1955 dicit
2881 1902 3097 1956 ibidem
3133 1921 3146 1957 ε
3185 1906 3400 1957 Patrem
3450 1905 3710 1973 majorem
3757 1919 3886 1958 esse
3919 1904 4008 1957 Fi-

2353 1988 2451 2055 lio,
2504 1988 2749 2061 intelligi
2800 1990 2990 2056 debet,
3025 2008 3140 2046 non
3189 1994 3378 2062 quoad
3429 1992 3700 2047 deitatem
3753 2009 3880 2064 quas
3930 1993 4010 2047 sit

593 2085 734 2141 dum
765 2085 1066 2140 scientiam
1112 2086 1334 2139 dictum
1375 2090 1465 2143 est
1490 2083 1917 2149 vehementius,
1953 2084 2016 2135 ut
2046 2083 2243 2134 osten-
2350 2078 2542 2134 minor
2587 2079 2645 2132 in
2692 2094 2777 2143 eo,
2812 2080 2910 2133 sed
2960 2085 3250 2150 quatenus
3300 2081 3494 2150 (sicuti
3536 2082 3799 2136 indicant
3825 2083 4006 2137 verba

595 2175 760 2230 deret
815 2175 1122 2229 materiam
1178 2190 1293 2227 non
1351 2188 1479 2229 esse
1536 2176 1848 2237 aeternam;
1898 2169 2095 2224 volens
2144 2185 2247 2240 per

594 2262 704 2318 hoc
753 2263 1084 2334 signiﬁcare
1136 2263 1440 2327 duntaxat,
1477 2261 1628 2331 quod
1680 2260 1856 2314 habet
1903 2263 1956 2315 S.
1993 2257 2243 2313 Hilarius

593 2350 695 2405 lib.
727 2369 833 2418 x11,
863 2352 928 2407 de
962 2353 1156 2407 Trinit.
1191 2351 1380 2405 solum
1436 2355 1666 2404 Patrem
1698 2355 2002 2415 aeternum,
2035 2346 2246 2402 Filium

595 2443 788 2496 autem
824 2439 904 2495 illi
950 2444 1303 2494 coaaternum
1337 2455 1483 2505 esse,
1540 2444 1604 2492 ut
1650 2438 1912 2493 omittam
1947 2437 2101 2507 quod
2132 2435 2248 2488 ibi-

595 2529 728 2583 dem
763 2529 831 2582 ad
872 2527 1090 2583 similia
1122 2528 1315 2594 verba,
1350 2544 1476 2598 quae
1507 2526 1616 2581 sibi
1647 2542 1715 2582 ex
1754 2542 2005 2597 persona
2050 2525 2247 2580 Ariani

597 2617 874 2688 proponit
914 2617 1268 2686 respondeat
1322 2634 1336 2670 :
1389 2616 1505 2671 Hoc
1551 2615 1876 2670 humanum
1919 2630 2155 2670 sensum
2189 2619 2248 2668 et

595 2704 1044 2777 intelligentiam
1100 2706 1376 2759 excedere
1436 2703 1666 2773 mundi,
1722 2721 1836 2758 non
1897 2703 2004 2758 hoc
2043 2719 2246 2774 capere

598 2793 882 2848 rationem
920 2793 1188 2848 humanae
1238 2792 1659 2863 intelligentiae,
1691 2793 1790 2847 sed
1823 2791 2143 2863 prudentiae
2177 2791 2246 2845 ﬁ-

598 2881 745 2936 delis
789 2883 1208 2953 professionem
1260 2898 1407 2936 esse.
1450 2882 1716 2952 Seipsum
1764 2887 1958 2936 autem
1997 2879 2248 2952 explicat

597 2971 798 3025 eodem
834 2987 1006 3025 sensu
1043 2971 1194 3026 208
1235 2975 1437 3025 auctor
1487 2969 1586 3024 lib.
1618 2971 1740 3024 adv.
1773 2971 1966 3037 Prima,
1999 2986 2051 3039 c,
2098 2971 2152 3034 5,
2187 2987 2243 3024 n.

593 3061 662 3114 43
691 3063 747 3115 et
778 3076 901 3130 seq.
926 3063 982 3114 et
1010 3059 1188 3114 totius
1221 3076 1344 3130 cap.
1376 3061 1410 3112 5
1441 3076 1505 3113 ac
1535 3061 1588 3112 7-
1624 3060 1902 3130 Deinceps
1932 3059 2025 3114 his
2055 3059 2247 3113 verbis

595 3149 724 3203 eod.
758 3147 860 3221 lib.
894 3148 1016 3203 adv.
1049 3149 1217 3203 Prax.
1255 3163 1268 3202 :
1305 3170 1330 3197 ‹‹
1384 3147 1524 3202 Filio
1576 3153 1632 3203 et
1669 3147 1885 3218 Spiritu
1919 3152 2120 3202 sancto
2155 3163 2243 3202 se-

2353 2167 2680 2239 sequentia)
2712 2185 2744 2221 a
2789 2168 2955 2222 Patre
3001 2175 3272 2240 generato
3303 2171 3558 2241 genitus.
3595 2171 3769 2241 Atqui
3814 2188 4004 2241 quan-

2354 2275 2528 2328 quam
2558 2258 2650 2312 hic
2682 2257 2825 2312 satis
2849 2258 3094 2313 obscure
3127 2260 3356 2314 dicatur
3390 2277 3454 2314 :«
3492 2261 3685 2331 Ipsum
3721 2261 3873 2331 quod
3903 2261 4006 2314 Pa-

2353 2351 2441 2400 ter
2471 2351 2523 2400 et
2561 2345 2738 2400 Filius
2763 2347 3269 2411 dicuntur,nonne
3301 2347 3459 2402 aliud
3492 2365 3593 2420 pro
3625 2347 3779 2403 aliud
3815 2348 3951 2403 est?
3978 2371 4006 2397 ››

2355 2435 2597 2506 pulchre
2656 2436 2915 2506 seipsum
2984 2435 3232 2507 explicat
3299 2442 3518 2507 postea,
3588 2437 3668 2491 ita
3736 2442 3799 2491 ut
3869 2454 4004 2492 cum

2355 2522 2720 2578 scholasticis
2770 2524 2826 2578 in
2869 2540 2933 2578 eo
2985 2531 3310 2590 consentat,
3345 2527 3494 2597 quod
3531 2548 3560 2575 ‹‹
3592 2525 3742 2581 alius
3775 2526 4009 2580 dicatur

2355 2612 2542 2682 Pater,
2603 2611 2750 2666 alius
2813 2612 3008 2681 Filius,
3069 2613 3220 2668 alius
3268 2614 3520 2684 Spiritus
3579 2619 3838 2680 sanctus,
3902 2615 4006 2669 sed

2353 2717 2468 2757 non
2501 2701 2678 2763 aliud,
2716 2723 2743 2751 ››
2791 2719 2856 2756 eo
2887 2703 3038 2772 quod
3091 2721 3203 2758 non
3238 2704 3357 2758 sint
3401 2704 3553 2758 idem
3605 2704 3791 2770 Pater,
3825 2703 4007 2759 Filius

2354 2795 2410 2844 et
2439 2789 2690 2861 Spiritus
2727 2796 2984 2858 sanctus,
3019 2796 3073 2847 et
3113 2796 3306 2847 tamen
3339 2794 3602 2863 ejusdem
3636 2793 4005 2849 substantias.

2355 2878 2414 2934 Si
2447 2896 2572 2950 qua:
2606 2886 2879 2949 praeterea
2908 2886 3051 2935 sunt
3088 2881 3202 2936 alia
3231 2883 3385 2936 dicta
3419 2882 3520 2936 lib.
3552 2882 3674 2936 adv.
3714 2884 4005 2944 Praxean.

2357 2984 2483 3038 quis
2515 2968 2719 3023 durius
2766 2973 2898 3023 ante
2946 2970 3256 3025 obscurius
3296 2970 3450 3026 dicta
3481 2971 3620 3037 sint,
3671 2971 4009 3026 meminerit

2354 3055 2535 3112 lector
2567 3061 2756 3112 totum
2806 3057 2963 3113 hunc
3003 3059 3217 3114 librum
3275 3065 3441 3114 caute
3473 3059 3583 3131 legi
3616 3066 3670 3115 et
3700 3061 4008 3116 commode

2357 3145 2602 3216 intelligi
2637 3147 2864 3200 debere.
2901 3147 2978 3201 Ad
3021 3149 3313 3202 Novatiani
3360 3149 3663 3204 redeamus
3694 3148 3908 3203 librum
3941 3149 4011 3204 de

597 3219 855 3292 cundum
887 3242 944 3292 et
975 3239 1212 3292 tertium
1253 3237 1428 3291 sortis
1464 3236 1673 3300 locum,
1711 3205 1842 3290 .tam
1875 3237 2245 3290 consortibus
2277 3205 2319 3272 α
2361 3205 2650 3290 Τνίηίιίῖίθ.
2685 3234 2982 3306 Imprimis
3014 3237 3167 3307 quod
3202 3236 3379 3292 habet
3411 3238 3560 3294 209
3593 3253 3642 3292 c.
3678 3238 3765 3307 11,
3795 3237 4007 3294 divini-

597 3325 938 3380 substantiaa
973 3327 1200 3393 Patris;
1237 3348 1264 3375 ››
1305 3325 1363 3378 id
1418 3325 1542 3379 vult
1592 3326 1747 3397 quod
1781 3325 1986 3380 dicunt
2017 3325 2245 3380 schola-

598 3415 751 3481 stici,
793 3415 1026 3469 duabus
1070 3415 1543 3470 emanationibus
1586 3415 1898 3479 productos
1949 3413 2159 3469 Filium
2193 3416 2249 3467 et

596 3503 881 3573 Spiritum
907 3510 1177 3558 sanctum
1200 3520 1233 3557 a
1251 3507 1418 3558 Patre
1440 3503 1834 3574 improducto;
1862 3507 1963 3558 aut
1988 3524 2015 3553 «
2039 3503 2246 3558 Filium

597 3608 727 3648 esse
757 3593 1075 3647 secundam
1109 3608 1442 3663 personam,
1475 3597 1531 3647 et
1551 3593 1782 3646 tertiam
1804 3593 2084 3663 Spiritum
2113 3609 2248 3647 san-

599 3684 780 3746 ctum,
814 3702 842 3730 «
876 3681 1050 3735 sicuti
1085 3687 1285 3752 postea
1334 3698 1448 3736 non
1500 3683 1679 3736 semel
1719 3680 1999 3751 loquitur.
2034 3681 2248 3736 Verum

601 3785 902 3840 perperam
975 3769 1058 3823 illi
1108 3769 1342 3840 impigit
1398 3770 1615 3824 ibidem
1677 3770 2024 3835 Rhenanus,
2080 3771 2249 3842 quasi

599 3856 811 3911 Filium
831 3858 1178 3929 etSpiritum
1199 3864 1468 3913 sanctum
1493 3858 1745 3930 appellet
1765 3860 2246 3932 membra,priora,

597 3952 651 4001 et
681 3949 1066 4017 instrumenta,
1117 3964 1247 4002 cum
1281 3964 1347 4002 ea
1378 3947 1552 4002 verba
1602 3947 1928 4003 referantur
1973 3949 2041 4004 ad
2088 3966 2252 4020 ange-

601 4035 700 4103 los,
732 4037 939 4092 alienos
969 4054 1000 4090 a
1029 4037 1339 4092 substantia
1373 4038 1572 4106 Patris,
1621 4037 1722 4107 qui
1771 4042 1968 4093 tamen
2014 4055 2248 4094 monar-

604 4124 793 4178 chiam
831 4125 931 4179 Dei
967 4141 1081 4180 non
1127 4131 1413 4181 evertunt.
1447 4127 1726 4181 Similiter
1772 4143 1905 4181 cum
1965 4127 2248 4198 Spiritum

604 4216 875 4268 sanctum
911 4214 1145 4269 tertium
1189 4215 1437 4286 gradum
1478 4214 1639 4281 dicit,
1691 4217 1929 4286 gradum
1975 4217 2253 4289 intelligit

605 4301 911 4373 originem.
962 4302 1122 4366 Quod
1179 4320 1415 4358 rursum
1465 4303 1567 4358 lib.
1610 4303 1730 4358 adv.
1766 4306 1931 4360 Prax.
1964 4300 2248 4378 προϐολὴν

606 4407 723 4445 non
781 4390 971 4447 solum
1027 4391 1269 4463 Spiritui
1322 4397 1542 4458 sancto,
1603 4394 1702 4448 sed
1763 4394 1937 4448 etiam
1992 4395 2132 4450 Filio
2183 4412 2252 4450 ex

2358 3333 2472 3379 tate
2497 3326 2764 3379 sermonis
2796 3327 2856 3378 in
2890 3327 3007 3396 ipsa
3035 3329 3376 3382 concretione
3404 3329 3685 3398 permista,
3719 3326 3828 3382 etsi
3869 3327 4011 3398 quid

2357 3413 2471 3468 tale
2504 3413 2832 3468 inveniatur
2862 3415 2984 3484 jam
3038 3415 3189 3470 dicto
3221 3415 3320 3470 lib.
3355 3417 3478 3472 adv.
3517 3418 3794 3484 Praxean,
3830 3416 4008 3471 intel-

2359 3502 2457 3573 ligi
2491 3503 2696 3557 debere
2728 3504 2797 3558 de
2829 3521 2930 3575 per
2999 3502 3208 3559 istione
3254 3505 3507 3572 unionis,
3555 3522 3670 3560 non
3710 3522 3842 3561 vero
3875 3523 4008 3577 per-

2359 3592 2634 3647 mistione
2665 3597 3005 3647 naturarum
3056 3593 3261 3647 divina:
3293 3598 3345 3648 et
3387 3593 3678 3662 humanae,
3712 3595 3791 3650 ibi
3824 3595 4009 3650 adno-

2358 3681 2614 3736 tavimus
2645 3699 2700 3736 n.
2733 3682 2822 3747 56,
2855 3681 2911 3736 id
2954 3683 3400 3753 comprobantes
3449 3699 3515 3738 ex
3570 3684 3702 3740 aliis
3735 3684 4009 3756 pluribus

2357 3771 2486 3839 ejus
2531 3771 2662 3824 libri
2711 3769 2875 3825 locis.
2930 3771 3027 3826 Est
3075 3771 3219 3826 ﬁdes
3268 3777 3423 3827 recta
3472 3773 3655 3843 (juxta
3707 3774 4009 3829 Athanasii

2358 3859 2718 3931 Symbolum)
2744 3863 2807 3914 ut
2837 3860 3143 3914 credamus
3166 3868 3218 3915 et
3250 3862 3636 3916 conﬁteamur
3666 3863 3818 3933 quod
3849 3879 4013 3919 unus

2359 3947 2437 4003 sit
2488 3947 2774 4018 Christus,
2808 3966 2923 4003 non
2971 3949 3347 4005 conversione
3404 3950 3722 4006 divinitatis
3767 3951 3824 4005 in
3875 3968 4013 4006 car-

2361 4051 2516 4104 nem,
2551 4036 2650 4092 sed
2683 4039 3084 4108 assumptione
3110 4038 3493 4094 humanitatis
3525 4039 3585 4094 in
3617 4039 3824 4110 Deum,
3849 4057 4012 4097 unus

2361 4125 2599 4180 omnino
2651 4143 2765 4180 non
2821 4127 3163 4181 confusione
3211 4128 3577 4195 substantiae,
3633 4129 3730 4183 sed
3783 4128 4016 4185 unitate

2359 4230 2642 4284 persona}.
2676 4215 2895 4270 Deinde
2921 4215 3062 4270 illud
3097 4216 3312 4271 ibidem
3340 4233 3353 4271 :
3377 4219 3510 4272 Ante
3527 4233 3680 4288 quem
3702 4217 4017 4290 nihitprae-

2359 4305 2441 4359 ter
2469 4305 2705 4370 Patrem,
2741 4304 2944 4358 eodem
2988 4303 3284 4360 intellectu
3327 4306 3750 4377 accipiendum,
3784 4323 3894 4375 quo
3951 4309 4013 4363 id

2361 4393 2515 4463 quod
2541 4409 2718 4464 supra
2749 4393 3099 4449 adduximus
3129 4411 3196 4449 ex
3225 4393 3439 4449 Tertul.
3468 4395 3703 4451 lib.adv.
3728 4397 4010 4466 Hermog.,

605 4477 770 4533 Patre
801 4478 1091 4545 attribuit,
1118 4479 1345 4534 malunt
1375 4480 1455 4535 ita
1485 4480 1845 4552 distinguere
1873 4483 1969 4538 SS.
1993 4482 2251 4538 Hilarius
2351 4484 2522 4554 juxta
2551 4482 2702 4552 quod
2735 4482 3143 4538 adnotavimus
3175 4483 3244 4538 ad
3287 4484 3551 4540 eomdem
3603 4485 3704 4540 lib.
3747 4501 3873 4556 cap.
3915 4485 4013 4557 31,

607 4582 672 4621 ac
710 4571 956 4639 August.
989 4567 1089 4623 lib.
1123 4569 1186 4624 de
1218 4570 1410 4624 Trinit.
1445 4575 1502 4624 et
1538 4569 1637 4623 alii
1663 4575 1852 4625 Patres
1883 4573 2254 4642 posteriores,
2283 4577 2331 4643 D
2361 4588 2523 4627 num.
2573 4573 2696 4626 441.
2743 4576 2858 4625 Nec
2906 4573 3060 4626 210
3109 4571 3277 4627 aliter
3323 4589 3500 4643 quam
3541 4573 3666 4644 jam
3725 4574 4011 4642 diximus,

605 4659 672 4709 ut
727 4657 1159 4726 generationem
1227 4657 1391 4725 Filio,
1445 4658 1874 4727 processionem
1923 4661 2252 4716 attribuant

607 4742 848 4812 Spiritui
907 4750 1127 4800 sancto.
1190 4746 1349 4811 Quod
1398 4746 1613 4801 ibidem
1659 4764 1785 4802 eam
1839 4749 2255 4819 interpretatur

601 4833 968 4904 prolationem
997 4835 1085 4889 rei
1137 4835 1372 4890 alterius
1401 4851 1472 4890 ea:
1523 4837 1716 4908 altera,
1750 4836 2024 4909 intelligit
2052 4856 2256 4910 perso-

606 4939 714 4976 nas
744 4921 978 4978 realiter
1019 4939 1132 4978 non
1165 4925 1558 4980 essentialiter
1609 4925 1955 4996 disjunetas,
1989 4929 2256 5000 sequitur

605 5010 760 5066 enim
799 5027 811 5066 :
844 5034 873 5061 «
907 5011 1052 5075 Quia
1100 5012 1389 5084 prolatum
1437 5013 1692 5070 dicimus
1741 5015 1952 5071 Filium
1984 5035 2018 5072 a
2063 5022 2253 5085 Patre,

607 5101 708 5156 sed
745 5117 857 5155 non
891 5107 1249 5172 separatum.
1286 5125 1314 5152 ››
1348 5104 1661 5159 Commode
1698 5104 1870 5159 etiam
1903 5114 2043 5160 sunt
2071 5107 2253 5162 inter-

611 5191 904 5262 pretanda:
939 5193 1364 5261 propositiones
1417 5192 1531 5247 illte
1565 5209 1576 5246 :
1637 5216 1656 5241 α
1719 5194 1922 5248 Omnis
1963 5196 2122 5267 origo
2154 5213 2252 5267 pa-

609 5297 742 5335 rens
776 5284 884 5348 est,
920 5285 976 5334 et
1007 5297 1179 5335 omne
1211 5281 1367 5353 quod
1402 5297 1470 5335 ex
1505 5280 1729 5354 origine
1779 5283 2088 5355 profertur,
2122 5303 2254 5357 pro-

605 5369 803 5439 genies
859 5373 982 5436 est;
1026 5391 1053 5419 ››
1112 5369 1253 5424 item
1315 5385 1328 5423 :
1390 5369 1651 5425 Trinitas
1703 5387 1804 5440 per
1857 5388 2148 5428 connexos
2200 5379 2257 5430 et

605 5462 904 5514 consertes
962 5460 1179 5530 gradus
1236 5475 1268 5514 a
1326 5463 1494 5513 Patre
1535 5460 1865 5515 decurrens.
1903 5484 1930 5512 ››
1960 5462 2088 5518 Jam
2121 5481 2254 5520 vero

606 5548 685 5602 ibi
722 5564 734 5600 :
771 5571 799 5597 «
835 5551 1003 5602 Pater
1040 5553 1130 5603 est
1163 5552 1282 5604 tota
1312 5549 1664 5614 substantia,
1698 5549 1879 5606 Filius
1933 5569 2065 5608 vero
2105 5555 2255 5610 deri-

602 5636 756 5691 vatio
807 5637 986 5692 totius
1034 5643 1092 5692 et
1141 5640 1378 5709 portio;
1421 5641 1610 5694 totum
1658 5639 1869 5712 accipit
1925 5658 2028 5714 pro
2087 5644 2255 5716 pleno

607 5739 710 5781 seu
740 5723 1125 5796 plenitudine,
1152 5743 1267 5783 non
1299 5727 1468 5784 aliter
1487 5731 1661 5800 atque
1691 5728 2028 5788 scholastici
2059 5733 2256 5793 docto-

2362 4661 2514 4732 quod
2549 4660 2764 4715 ibidem
2808 4663 3078 4716 minorem
3119 4665 3282 4718 Patre
3311 4662 3454 4718 dicit
3478 4667 3540 4717 ut
3571 4662 3798 4719 Filium.
3831 4667 4014 4720 Caute

2361 4752 2537 4805 etiam
2594 4749 2764 4804 debet
2809 4747 2921 4820 legi
2968 4749 3135 4817 illud,
3176 4751 3364 4821 quodo
3392 4751 3659 4807 videatur
3686 4769 3800 4808 non
3831 4751 4012 4808 aliam

2362 4841 2634 4894 unitatem
2664 4841 2848 4895 Patris
2875 4846 2926 4895 et
2957 4841 3088 4895 Filii
3135 4840 3504 4911 interpretari
3555 4859 3730 4913 quam
3769 4844 4014 4897 societa-

2363 4934 2432 4984 tis
2461 4929 2825 4994 concordiam,
2858 4930 3105 4985 aﬁ'erens
3139 4946 3436 5002 perperam
3497 4931 3568 4986 ad
3620 4949 3782 4986 aaunc
3812 4931 4014 4987 locum

2362 5023 2387 5072 Ι
2418 5020 2545 5075 Cor.
2580 5036 2664 5088 in,
2698 5035 2800 5089 pro
2833 5036 2941 5074 sua
2984 5019 3310 5086 sententia;
3362 5021 3500 5091 quia
3548 5020 3832 5076 catholica
3862 5022 4014 5077 ﬁdes

2363 5115 2422 5165 et
2451 5109 2763 5179 Scriptura:
2810 5109 2987 5163 etiam
3019 5109 3320 5164 veritatem
3370 5110 3635 5164 essentia:
3684 5116 4021 5183 agnoscunt

2365 5199 2422 5252 in
2456 5199 2624 5253 Patre
2656 5204 2710 5252 et
2743 5197 2909 5263 Filio,
2949 5198 3213 5270 Denique
3253 5199 3406 5269 quod
3453 5200 3523 5254 de
3553 5199 3771 5270 Spiritu
3808 5206 4014 5256 sancto

2364 5304 2480 5342 non
2501 5286 2763 5341 videatur
2783 5287 3112 5342 consentire
3133 5287 3429 5344 catholicae
3449 5287 3685 5343 Patrum
3710 5289 4014 5344 traditioni

2364 5393 2431 5431 ex
2479 5377 2761 5448 Scriptus,
2818 5378 3033 5432 iactum
3076 5383 3377 5449 putamus,
3408 5393 3522 5432 non
3575 5379 3730 5449 quod
3771 5385 4015 5450 negaret

2365 5465 2645 5538 Spiritum
2704 5471 2972 5521 sanetum
3022 5465 3304 5538 azqualem
3346 5467 3496 5545 Patri
3554 5472 3609 5524 et
3664 5468 3846 5537 Filio;
3907 5470 4014 5524 sed

2363 5557 2627 5612 nondum
2674 5573 2734 5612 re
2772 5557 3033 5623 deﬁnita,
3063 5555 3372 5612 obscurius
3402 5556 3592 5612 solent
3619 5556 3777 5630 loqui
3811 5563 4012 5615 Patres

2361 5651 2586 5703 veteres
2617 5647 2688 5702 ob
2735 5646 2986 5702 materiae
3016 5661 3312 5702 summam
3343 5646 3781 5716 obscuritatem,
3812 5645 3895 5702 ita
3923 5653 4011 5704 ta-

2365 5752 2500 5794 men
2533 5739 2598 5792 ut
2626 5736 3002 5795 commodum
3021 5733 3272 5806 aliquem
3303 5751 3541 5793 sensum
3576 5735 3892 5808 patiantur.
