4526 6416
190 354 296 414 257

1349 351 1939 415 PROVERBIALES
1985 353 2411 419 FORMULE.

3469 363 3589 424 258

2195 489 2631 498 —_——_

1451 659 2308 747 PROVERBIALES

871 850 1696 984 FORMUL/E
1800 850 2253 983 ΤΟΤΟ
2368 852 2906 983 OPERE

487 1078 644 1138 HOC
685 1077 1314 1139 TEllTULLIANlCO
1359 1078 1824 1152 CONTENT/E,
1875 1078 2270 1140 BREVIBUS
2320 1080 2670 1140 SCHOLIIS
2716 1081 3254 1158 ILLUSTRA'I‘AE,

970 1260 1344 1305 AUCTORIBUS
1382 1260 1574 1305 ΒΚΛΤο
1615 1259 1900 1305 RHENANO
1943 1260 2021 1304 ET
2065 1260 2210 1304 AND.
2257 1260 2414 1306 HOYO
2459 1261 2777 1307 BRUGENSI.

181 1560 224 1616 l.
265 1559 405 1616 Abiit
424 1560 572 1631 jam,
604 1565 656 1632 et
687 1556 884 1632 reverti
913 1557 1088 1632 debet,
1111 1559 1253 1612 tom.
1287 1556 1464 1632 IA,Alib.
1501 1555 1565 1611 de
1597 1557 1812 1625 Testim,
1847 1559 1900 1626 Α
1933 1554 2223 1626 meliaque
2249 1557 2592 1612 eorumdem
2625 1559 3006 1629 gestantium,
3042 1560 3117 1616 sit
3147 1562 3478 1632 conjuncta,
3511 1569 3579 1622 ut

597 1631 834 1697 Animw,
867 1645 993 1701 cap.
1028 1631 1080 1699 4,
1110 1645 1274 1683 num.
1297 1629 1388 1683 22.

241 1737 531 1793 Proverhii
561 1737 765 1806 hujus,
797 1736 950 1807 quod
985 1735 1259 1791 Teutonis
1292 1733 1593 1806 Gallisque
1640 1733 1814 1789 etiam

180 1827 476 1896 usitatum,
507 1843 683 1881 usum
725 1825 849 1896 ipse
899 1824 1118 1880 Tertul.
1172 1824 1473 1880 l'usissime
1519 1822 1813 1894 explicat;

181 1921 249 1981 ut,
280 1916 501 1970 abiisse
531 1915 853 1981 hominem,
888 1914 985 1981 sit,
1018 1929 1048 1968 e
1079 1929 1321 1984 corpore
1350 1912 1670 1967 excessisse
1692 1911 1815 1966 ani-

180 2021 344 2070 mam,
376 2009 561 2075 atque
591 2004 672 2058 ita
703 2003 856 2058 inter
884 2002 1042 2057 vivos
1073 2019 1202 2058 esse
1231 2001 1495 2057 desiisse.
1518 2002 1609 2056 Sic
1639 2001 1816 2056 Graeci

179 2095 252 2148 uti
281 2094 371 2149 his
423 2092 627 2148 verbis
659 2093 871 2161 solent,
926 2086 1198 2165 οἷ’χεσθαι,
1232 2089 1597 2164 κατοίχεσθαι,
1650 2088 1815 2159 ἀπέρ-

177 2193 372 2254 χεσθαι,
436 2179 813 2254 ὑπογίνεσθαι,
847 2181 956 2236 hoc
1014 2184 1104 2236 est
1159 2180 1307 2235 mori
1360 2196 1372 2233 ε
1434 2197 1562 2250 qua:
1619 2179 1816 2234 omnia

175 2273 378 2326 abitum
402 2285 837 2340 excessumque
860 2269 1286 2340 significantJn
1303 2267 1813 2338 dictiunculajam,

172 2376 280 2430 quae
309 2361 558 2431 longum
591 2358 848 2430 spatium
879 2358 1092 2423 innuit,
1124 2362 1247 2414 tota
1287 2357 1580 2413 Proverhii
1612 2357 1697 2412 vis
1729 2357 1814 2410 vi-

174 2449 326 2504 detur
354 2448 706 2504 consistere.
740 2448 928 2503 Tanta
957 2447 1043 2502 vis
1074 2447 1183 2502 fuit
1211 2446 1484 2501 veritatis
1515 2447 1584 2500 de
1619 2461 1816 2501 resur-

173 2538 406 2594 rectione
439 2541 504 2592 et
522 2537 965 2591 immortalitate
983 2536 1285 2602 animae,ut
1314 2551 1381 2590 ea
1411 2550 1480 2589 ex
1507 2535 1814 2589 hominum

175 2626 387 2692 animis,
422 2643 504 2681 ne
557 2625 617 2680 in
649 2625 827 2679 tantis
858 2625 1096 2696 quidem
1134 2641 1420 2680 vanarum
1469 2623 1812 2695 Opinionum

174 2717 436 2783 tenebris,
477 2732 510 2770 a
557 2714 880 2785 majoribus
929 2713 1105 2769 veluti
1162 2730 1262 2784 per
1311 2730 1522 2768 manus
1576 2713 1810 2780 tradita,

178 2807 408 2877 potuerit
468 2804 662 2870 evelli,
695 2805 795 2860 sed
830 2804 960 2860 trito
1013 2803 1343 2874 usitatoque
1394 2803 1693 2874 proverbio
1738 2803 1815 2857 sit

177 2897 557 2960 frequentata,
591 2895 660 2949 de
691 2894 764 2948 iis
794 2895 890 2964 qui
915 2893 1270 2964 jamdudum
1303 2897 1501 2948 essent
1531 2891 1810 2957 defuncti,

1929 1661 2042 1698 non
2095 1643 2275 1708 laudi,
2331 1647 2431 1700 sed
2493 1647 2631 1701 vitio
2679 1653 2881 1703 vertat.
2929 1649 3074 1705 Huic
3133 1651 3514 1723 subjungitur
3559 1672 3572 1710 :

1926 1734 2112 1801 Digito
2143 1734 2438 1805 destinare,
2471 1735 2614 1790 Nutu
2648 1737 2883 1793 tradere.
2921 1742 2996 1792 De
3028 1739 3244 1810 quibus
3273 1739 3446 1798 inl‘ra.

1926 1850 1977 1904 4.
2015 1850 2163 1904 Acies
2192 1851 2484 1906 machaera:
2525 1854 2757 1926 exserta,
2790 1857 2928 1906 tom.
2968 1854 3026 1923 V,
3060 1853 3160 1909 lib.
3212 1855 3276 1911 de
3304 1857 3573 1926 Pudicit,

2494 1938 2621 1995 cap.
2659 1924 2744 1991 14,
2779 1941 2835 1978 n.
2873 1926 2994 1979 115.

1996 2031 2136 2082 Cum
2167 2028 2334 2097 quasi
2372 2027 2552 2100 plenis
2575 2029 2753 2099 juris,
2788 2031 3152 2087 auctoritatis
3182 2037 3239 2086 et
3269 2034 3576 2104 potestatis

1925 2117 2167 2171 habenae
2199 2117 2585 2172 effunduntur
2628 2118 2685 2172 in
2719 2123 2919 2189 aperta
2950 2121 3375 2192 objurgatione.
3407 2124 3573 2190 Apud

1924 2205 2162 2277 Virgil.:
2196 2207 2335 2260 Ense
2367 2207 2582 2262 incluso
2613 2207 2745 2262 ibat.
2782 2207 2883 2262 Cui
2919 2211 3275 2264 contrarium
3311 2216 3398 2266 est
3429 2211 3574 2268 illud

1924 2294 2035 2348 Cic.
2072 2311 2112 2363 ι,
2145 2294 2203 2348 in
2238 2294 2401 2348 Catil.
2433 2318 2460 2344 «
2492 2297 2564 2350 At
2595 2313 2701 2350 nos
2732 2297 3082 2368 vigesimum
3108 2298 3232 2367 jam
3265 2299 3420 2354 diem
3466 2318 3574 2372 pa-

1923 2382 2108 2438 timur
2148 2383 2458 2438 hebesoere
2489 2385 2667 2438 aciem
2701 2385 2911 2439 horum
2964 2387 3344 2442 auctoritatis.
3381 2389 3568 2444 Habe-

1925 2488 2058 2526 mus
2106 2471 2261 2526 enim
2308 2473 2440 2526 Sen.
2477 2472 2671 2538 Cons.,
2703 2478 3106 2528 verumtamen
3167 2474 3460 2530 inclusum
3509 2477 3568 2532 in

1921 2559 2162 2625 tabulis,
2193 2565 2472 2630 tanquam
2505 2561 2769 2632 gladium
2800 2562 2858 2615 in
2892 2563 3098 2633 vagina
3128 2565 3564 2621 reconditum.»

1922 2648 2017 2702 Sic
2049 2649 2105 2703 in
2141 2649 2285 2719 Apio
2320 2666 2332 2700 :
2371 2653 2576 2703 Dentes
2608 2650 2822 2704 exserti
2857 2651 2926 2704 ad
2959 2650 3204 2706 vulnera
3252 2652 3571 2724 inﬂigenda

1923 2737 2074 2792 acuti
2107 2741 2164 2792 et
2195 2742 2590 2810 erumpentes.

2004 2863 2057 2916 5.
2092 2863 2246 2917 Nihil
2274 2863 2342 2918 ad
2375 2863 2826 2933 Andromacham,
2858 2865 3016 2933 ibid,
3051 2881 3176 2938 cap.
3209 2867 3263 2935 8,
3299 2884 3356 2923 n.
3387 2868 3478 2924 65.

178 2953 325 3056 quasi
359 2953 938 3058 presumerent,lhoc
970 2989 1058 3038 est
1088 2985 1485 3055 praeciperent,
1517 2989 1574 3037 et
1604 2953 1812 3037 antici;
1845 2953 1890 3015 B
1989 2977 2261 3034 Alludcre
2290 2979 2519 3034 videtur
2550 2979 2619 3033 ad
2651 2979 2862 3034 veteris
2892 2979 3142 3051 alicujus
3177 2981 3376 3053 tragici
3409 2983 3571 3039 fabu-

179 3082 362 3144 parent
417 3074 685 3140 animis,
743 3089 1050 3144 corporum
1111 3072 1634 3138 resurrectionem,
1694 3072 1815 3126 sive

179 3166 502 3220 animorum
554 3162 652 3234 qui
684 3165 1074 3227 excesserant,
1108 3161 1179 3216 ad
1234 3177 1343 3214 sua
1373 3176 1618 3232 corpora
1667 3159 1816 3213 redi—

178 3259 308 3319 tum,
377 3250 750 3325 ἀναστροφὴν,
820 3248 1134 3317 ἀνάστασιν,
1206 3251 1313 3306 hoc
1379 3254 1487 3318 est,
1577 3250 1812 3314 Reverti,

177 3338 599 3417 ἐπαναστρέφειν,
631 3339 666 3408 ἢ
699 3332 978 3394 ἀναϐιοῦν.

178 3449 222 3500 2.
259 3450 560 3520 Abruptum
608 3446 1016 3517 amplissimum
1055 3445 1254 3520 salire,
1311 3448 1452 3520 tom.
1484 3443 1584 3511 III,
1619 3442 1722 3498 lib.
1755 3460 1812 3516 ν,

491 3519 612 3574 adv.
647 3523 847 3585 Marc.,
881 3534 1005 3590 cap.
1045 3518 1130 3586 14,
1165 3533 1324 3572 num.
1356 3517 1482 3570 231.

235 3627 430 3694 Salire,
474 3643 578 3697 pro
636 3624 930 3681 transilire
959 3622 1047 3678 vel
1098 3625 1250 3678 saltu
1289 3621 1710 3677 transmittere.
1743 3621 1815 3676 Ut

181 3715 245 3769 sit
270 3717 644 3784 omnino,aut
671 3714 846 3768 verba
878 3712 1086 3767 saltem
1114 3711 1462 3766 intermedia
1481 3710 1818 3779 praetermit-

177 3812 299 3860 tere.
338 3807 425 3860 Ab
487 3804 556 3859 iis
608 3807 912 3873 sumptum
967 3801 1066 3874 qui
1118 3799 1348 3856 malunt
1396 3799 1812 3871 compendium

178 3893 348 3951 facere
395 3895 652 3956 itineris,
686 3891 862 3957 saltu,
896 3907 1074 3962 quam
1127 3888 1503 3961 dispendium
1554 3905 1813 3944 commo-

179 3982 316 4040 diore
346 3981 770 4039 ambulatione.
804 3979 952 4046 Sic,«
985 3980 1302 4034 Maximum
1338 3994 1608 4049 campum
1642 3976 1814 4032 levis-

181 4072 311 4129 simo
360 4073 520 4128 saltu
572 4069 916 4138 transvolas,
953 4091 980 4118 »
1039 4056 1294 4139 Scaliger
1340 4068 1411 4122 ad
1461 4066 1812 4122 Cardanum.

180 4160 424 4232 Explicat
477 4175 541 4215 se
589 4175 722 4213 mox
768 4157 1211 4213 Tertullianus:
1255 4178 1282 4204 «
1317 4154 1602 4210 Ademisti
1653 4159 1816 4209 tanta

179 4249 235 4304 de
281 4250 628 4321 Scripturis,
660 4269 688 4298 »
741 4246 848 4302 hoc
896 4250 1008 4311 est,
1053 4243 1424 4312 intercidisti,
1481 4243 1730 4314 rejecisti
1760 4246 1817 4298 et

1923 3064 2304 3131 lam,nomine
2333 3067 2732 3123 Andromacha?
2764 3067 3202 3138 inscriptam.Et
3231 3086 3299 3124 ex
3328 3069 3567 3126 Tertull.

1921 3154 2194 3225 colligere
2215 3155 2478 3222 est,nibil
2507 3156 2661 3210 aliud
2689 3155 2876 3211 isthoc
2904 3157 3205 3227 proverbio
3229 3159 3570 3230 signiﬁcari,

1922 3261 2098 3314 quam
2132 3244 2292 3299 hisce
2326 3261 2339 3300 :
2375 3244 2530 3301 Nihil
2564 3246 2631 3300 ad
2667 3261 2922 3309 versum,
2955 3245 3100 3299 nihil
3146 3246 3213 3300 ad
3250 3247 3570 3317 Bacchum,

1921 3329 2073 3384 οὐδὲν
2132 3332 2265 3404 πρὸς
2321 3330 2466 3398 ἔπος,
2520 3330 2936 3406 ἀπροσδιόνυσα,
2971 3334 3079 3388 hoc
3137 3341 3244 3404 est,
3295 3336 3485 3392 aliena
3538 3355 3572 3393 a

1923 3437 2003 3476 re.
2037 3422 2179 3476 Nam
2211 3422 2512 3478 haereticos
2545 3440 2678 3478 eum
2729 3422 3120 3478 histrionibus
3152 3429 3470 3495 comparat.
3504 3425 3574 3482 Hi

1922 3510 2263 3579 allegoricos
2319 3515 2518 3582 gestus
2575 3511 3088 3566 accommodantes
3149 3513 3414 3579 canticis,
3458 3514 3574 3571 alia

1922 3598 2092 3670 longe
2123 3615 2155 3653 a
2185 3600 2456 3670 praesenti
2486 3603 2544 3654 et
2595 3599 2792 3654 fabula
2823 3602 2880 3654 et
2908 3615 3083 3654 scena
3121 3603 3456 3671 exprimunt
3485 3602 3576 3672 (ut

1920 3688 2185 3742 videatur
2203 3689 2276 3742 ad
2304 3705 2489 3759 graeca
2512 3689 2814 3759 proverbia
2835 3688 3182 3758 respexisse,
3215 3687 3366 3749 ἐκτὸς
3397 3693 3571 3764 χοροῦ

1922 3775 2227 3850 ὀρχεῖσθαι,
2258 3776 2346 3832 vel
2370 3778 2438 3832 ad
2464 3776 2523 3829 τὸ
2553 3775 2907 3851 ἀπορχεῖσθαι
2942 3778 3087 3832 211
3119 3779 3306 3849 (extra
3327 3779 3572 3835 chorum

1923 3866 2159 3931 saltare,
2184 3870 2240 3921 et
2269 3865 2582 3936 desaltare)
2611 3885 2624 3931 ;
2659 3865 3028 3932 illi,baeretici
3060 3867 3303 3933 scilicet,
3335 3869 3572 3924 easdem

1923 3954 2232 4027 parabolas
2279 3972 2392 4024 quo
2444 3955 2650 4010 volunt
2699 3955 2987 4022 tribuunt,
3022 3972 3136 4010 non
3191 3972 3304 4027 quo
3355 3955 3575 4012 habent

1923 4044 2226 4116 aptissime
2253 4043 2596 4098 excludunt.

1922 4161 1974 4215 6.
2012 4161 2088 4215 Ad
2116 4176 2356 4215 scamma
2397 4159 2722 4286 producereé
2746 4161 2993 4285 tomull,
3027 4159 3128 4215 lib.
3162 4159 3232 4215 ad
3279 4159 3572 4233 Martyres,

2529 4249 2656 4286 can.
2730 4273 2744 4286 .
2776 4249 2834 4286 n.
2945 4273 2956 4285 .

2529 4249 2656 4303 cap.
2689 4249 2744 4297 ό,
2776 4249 2834 4286 n.
2870 4249 2956 4285 44.

177 4339 470 4412 abrupisti,
505 4342 568 4392 ut
597 4336 819 4391 lacunas
853 4336 911 4390 in
942 4335 1224 4390 librorum
1250 4337 1519 4388 contextu
1576 4349 1804 4404 perma-
1838 4323 1880 4390 C
1989 4342 2323 4393 Rnsmsus.
2360 4343 2541 4394 Locus
2573 4338 2910 4393 certaminis
2939 4337 2999 4392 in
3032 4355 3146 4409 quo
3179 4337 3566 4410 congrediun-

177 4443 285 4497 gna:
335 4432 585 4485 exstent.
645 4425 760 4481 Lib.
820 4443 878 4494 v,
921 4425 1050 4480 adv.
1113 4424 1434 4479 eumdem:
1494 4423 1811 4485 «Quantas

176 4519 349 4575 foveas
378 4520 440 4575 in
475 4517 725 4590 epistola
771 4515 993 4585 fecerit,
1028 4513 1342 4570 auferendo
1378 4529 1506 4584 quis
1537 4511 1743 4566 voluit.
1781 4532 1810 4560 ››

179 4605 322 4681 Virg.
352 4609 524 4663 libro.
559 4623 616 4660 ιν
649 4621 662 4661 :

315 4715 404 4763 His
431 4712 670 4762 medium
702 4710 856 4759 dictis
891 4721 1194 4758 sermonem
1225 4707 1513 4770 abrumpit.

179 4818 221 4872 3.
254 4823 379 4877 Acie
409 4820 602 4890 ﬁgere,
630 4824 774 4874 tom.
811 4819 853 4886 Ι,
888 4816 989 4872 lib.
1045 4815 1109 4870 de
1155 4815 1332 4882 Pall.,
1383 4831 1510 4886 cap.
1541 4815 1593 4883 4,
1627 4831 1686 4867 n.
1719 4811 1808 4866 84.

243 4931 334 4983 Est
363 4931 550 4998 acute,
584 4925 822 4981 intentis
853 4929 910 4980 et
948 4922 1118 4996 quasi
1150 4921 1349 4977 deﬁxis
1378 4921 1437 4975 in
1471 4938 1592 4976 rem
1624 4921 1810 4976 oculis

180 5014 399 5089 intueri,
431 5015 609 5077 ἀτενὲς
647 5014 796 5090 ὀρᾷν.
828 5013 1034 5086 Virgil.
1072 5030 1084 5068 :

785 5121 978 5172 Oculos
1007 5118 1280 5169 horrenda
1313 5119 1369 5167 in
1399 5117 1608 5180 virgine
1655 5117 1812 5167 ﬁxus.

241 5241 308 5297 Ut
335 5243 434 5314 qui
480 5241 738 5298 vestibus
773 5257 806 5294 a
856 5242 1078 5293 naturae
1128 5234 1528 5291 moderatione
1579 5232 1808 5303 alienis,

187 5327 555 5403 hominesque
602 5338 969 5385 transversos
1001 5327 1071 5381 de
1120 5332 1276 5380 recto
1308 5330 1467 5379 statu
1499 5323 1809 5395 agentibus

187 5415 378 5484 induti,
413 5421 602 5492 palam
655 5417 1100 5490 conspiciendos
1149 5431 1230 5481 se,
1264 5420 1366 5468 aut
1417 5413 1611 5484 potius
1660 5413 1810 5467 deri-

190 5508 386 5563 Iiemlos
448 5511 724 5581 praebent,
759 5505 1025 5562 omnium
1057 5502 1254 5559 oculos
1288 5503 1345 5556 iu
1379 5520 1439 5556 se
1477 5506 1811 5556 convertere

188 5597 306 5651 velle
349 5598 674 5654 videantur.
737 5596 806 5651 Ut
855 5601 1048 5650 tamen
1102 5593 1440 5660 huiusmodi
1502 5591 1807 5662 inspectio,

190 5686 290 5741 sive
334 5689 631 5760 spectatio,
660 5701 837 5758 quam
888 5685 1144 5754 captant,
1179 5697 1311 5738 cum
1351 5680 1560 5752 probro
1592 5683 1800 5736 contu-

1921 4429 2018 4480 tur
2047 4426 2279 4481 athletae
2327 4424 2552 4497 σκάμμα
2600 4426 2816 4481 Graecis
2848 4425 3081 4492 dicitur,
3117 4426 3271 4496 quod
3323 4425 3372 4480 is
3419 4425 3574 4480 fossa

1923 4516 2077 4588 cingi
2138 4516 2370 4581 soleret,
2404 4514 2548 4590 παρὰ
2603 4515 2664 4568 τὸ
2725 4516 2999 4569 σκάπτειν.
3035 4515 3178 4570 Hinc
3234 4515 3572 4582 proverbia-

1921 4605 2052 4660 liter
2100 4603 2320 4659 dictum
2375 4609 2437 4659 D.
2489 4605 2721 4660 Hieron.
2774 4605 2844 4659 de
2879 4612 3164 4659 scammate
3199 4607 3256 4658 et
3288 4603 3413 4659 loco
3446 4619 3572 4659 cer-a

1921 4694 2162 4750 taminis
2209 4695 2443 4766 egredi;
2495 4711 2596 4766 pro
2646 4711 2712 4749 eo
2762 4695 2920 4765 quod
2972 4699 3061 4749 est
3108 4711 3121 4748 :
3176 4698 3222 4747 Α
3272 4693 3574 4765 proposito

1920 4785 2168 4856 digredi,
2203 4784 2323 4838 sive
2352 4783 2536 4838 lineas
2565 4783 2881 4838 transilire.
2915 4783 3006 4838 Sic
3037 4782 3192 4837 enim
3228 4785 3379 4854 apud
3415 4783 3573 4838 illun:

1920 4873 2257 4944 legendum,
2305 4873 2657 4928 scribentem
2709 4874 2992 4928 adversus
3044 4889 3270 4927 errores
3327 4872 3575 4928 Joannis

1921 4962 2220 5018 Hierosad
2252 4962 2868 5018 Pammachium.Cum
2903 4978 3039 5032 ergo
3074 4962 3185 5016 ista
3215 4967 3570 5032 quaerantur,

1921 5052 2133 5123 inquit,
2166 5068 2269 5105 cur
2297 5055 2383 5118 tu,
2416 5049 2652 5105 omissis
2687 5065 2863 5120 super
2892 5049 3110 5122 quibus
3142 5066 3339 5121 pugna
3370 5056 3478 5116 est,
3505 5051 3575 5105 de

1921 5144 2217 5197 scum-mute
2246 5144 2303 5194 et
2335 5141 2457 5194 loco
2490 5137 2828 5194 certaminis
2861 5140 3188 5210 egrediens,
3222 5140 3278 5192 in
3313 5138 3572 5210 peregri-

1922 5232 2014 5286 nis
2063 5235 2117 5284 et
2167 5229 2332 5300 longe
2381 5229 2589 5283 alienis
2639 5229 3140 5300 disputationibus
3192 5226 3574 5282 immoraris?

1923 5322 2093 5376 Porro
2126 5319 2383 5388 seipsum
2438 5317 2694 5388 exponit,
2728 5335 2861 5371 cum
2915 5317 3076 5372 addit
3110 5334 3122 5371 :
3160 5317 3223 5371 Et
3252 5316 3364 5369 loco
3396 5319 3572 5369 certa-

1919 5412 2112 5464 minis.
2150 5412 2239 5472 lit,
2270 5407 2424 5460 enim
2458 5406 2610 5460 idem
2643 5407 2816 5472 valet,
2842 5407 2996 5476 quod
3029 5405 3086 5459 Id
3115 5413 3208 5459 est.
3244 5407 3368 5457 Non
3401 5402 3572 5458 omit-

1924 5500 2159 5553 tendum
2194 5496 2360 5551 valde
2394 5497 2697 5568 signanter
2730 5494 2886 5565 loqui
2930 5492 3172 5548 Tertull.
3204 5491 3347 5546 Nam
3381 5490 3569 5546 athle-

1919 5597 1992 5644 tae
2021 5593 2077 5644 et
2128 5587 2478 5656 gladiatores
2529 5584 2768 5654 produci
2818 5580 3175 5636 dicunturin
3219 5581 3571 5651 spectaculis

1921 5678 1991 5734 ab
2026 5675 2169 5750 ipsis
2221 5672 2569 5728 munerariis
2617 5670 2714 5742 qui
2769 5669 2938 5726 ludos
2987 5670 3187 5726 edunt.
3241 5671 3334 5726 Sic
3385 5685 3564 5728 mox:
