4526 6346
659 288 780 347 259

1721 281 1827 343 EX
1869 278 2422 343 APOLOGETICO
2461 283 3004 350 TERTULLIANI

3943 293 4067 354 260

667 442 689 474 ι
725 425 801 476 Ut
828 421 898 475 ad
932 419 1185 475 stadium
1229 416 1538 472 tribunalis
1569 416 1716 471 bene
1746 413 2041 470 exercitati
2077 413 2306 469 incom-
2335 426 2387 492 Α
2419 416 2634 487 quibus
2689 421 3037 478 substractis
3099 426 3395 492 corruant,
3426 427 3486 478 et
3541 423 3656 480 ﬁde
3709 425 4064 500 fortunaque

663 511 854 565 modis
903 508 1178 563 omnibus
1225 506 1636 577 producamur.
1671 526 1697 554 »
1733 509 1810 558 Ex
1857 503 2148 558 sententia
2177 503 2318 557 Ter-

661 599 790 654 tull.
823 602 913 652 est
963 598 1018 651 in
1080 596 1398 660 theatrum,
1433 609 1695 659 arenam,
1748 591 1939 647 locum
2001 592 2307 663 publicum

663 686 997 743 certaminis
1056 685 1366 746 adducere,
1423 681 1752 737 ostentandi
1816 679 2309 752 periclitandique

665 783 872 840 artem,
923 775 1093 838 vires,
1145 772 1353 842 gratia,
1401 777 1456 826 et
1509 769 1809 841 praemium
1871 769 1992 824 sive
2055 761 2308 840 βραϐεῖον

666 862 984 930 auferendi,
1018 863 1074 915 in
1108 877 1343 915 arenam
1379 860 1749 914 descendere.
1773 857 1990 912 Paulus
2022 856 2306 926 Leopard.

663 955 763 1009 lib.
799 970 816 1007 1
846 952 1104 1016 MiscelL,
1139 966 1267 1021 cap.
1299 947 1554 1013 22,vocis
1585 947 1978 1018 signiﬁcatum
2011 945 2259 1016 explicat
2293 961 2306 998 :

662 1049 716 1097 et
771 1057 1011 1096 scamma
1060 1037 1281 1093 Erasmi
1338 1041 1394 1093 et
1449 1035 1600 1091 Caelii
1665 1035 1896 1090 refutat.
1933 1034 1993 1088 Β.
2035 1033 2304 1087 Ambros.

660 1131 760 1186 lib.
794 1147 811 1184 1
845 1129 1035 1200 0fﬁc.,
1071 1150 1096 1177 ‹‹
1131 1127 1334 1181 Adhuc
1365 1125 1594 1181 athletae
1643 1123 1704 1178 in
1743 1130 2054 1180 scammale
2083 1126 2242 1190 sunt,
2275 1143 2303 1171 »

659 1220 832 1274 etiam
883 1215 1338 1290 proverbialiter,
1391 1214 1558 1286 quasi
1598 1214 1798 1268 dicat:
1848 1213 2186 1266 Etiamnum
2236 1211 2308 1265 de

657 1307 894 1380 praemio
924 1310 1203 1369 certatur,
1235 1309 1291 1360 et
1322 1302 1518 1375 palma
1543 1302 1719 1357 dubia
1748 1305 1857 1357 est.

656 1435 714 1487 7.
745 1431 834 1486 Ad
864 1428 1004 1502 quod
1048 1428 1320 1492 venimus,
1375 1426 1472 1482 hoc
1515 1441 1660 1502 age,_
1689 1424 1964 1502 tom:_lll,
1997 1423 2099 1478 lib.
2135 1439 2188 1477 1v
2216 1422 2307 1477 ad-

1073 1515 1212 1555 vers.
1249 1504 1440 1568 Mam,
1471 1513 1597 1570 cap.
1625 1497 1680 1563 7,
1717 1514 1774 1550 n.
1800 1497 1890 1550 65.

732 1615 792 1663 In
822 1607 1005 1664 sacris
1037 1604 1309 1677 imperari
1345 1603 1584 1659 solitum
1621 1599 2044 1672 silentium,his
2074 1599 2304 1655 verbis:

659 1702 858 1752 Favete
907 1696 1147 1767 linguis,
1181 1698 1240 1749 et
1286 1697 1500 1762 Graece,
1536 1695 1674 1764 Σῖγα
1719 1695 1823 1752 πᾶς
1874 1686 2004 1742 ἴστω
2055 1685 2216 1755 λεὼς,
2249 1693 2307 1743 et

659 1787 858 1842 eadem
893 1787 963 1840 de
1016 1800 1191 1838 causa
1241 1781 1479 1836 clamari
1514 1781 1749 1836 solitum
1785 1797 1796 1834 :
1833 1781 1938 1834 Hoc
1967 1795 2086 1846 age.
2125 1779 2305 1849 quue
2336 1797 2383 1860 Β

660 1874 1008 1930 Plutarchus
1060 1873 1118 1926 in
1167 1875 1360 1926 Numa
1409 1870 1598 1924 dicere
1647 1869 1918 1923 videtur:
1953 1866 2025 1918 ὧν
2069 1863 2226 1939 ἴχνος
2254 1885 2306 1918 τι

667 1963 830 2034 μέχρι
886 1964 977 2013 νῦν
1035 1955 1411 2026 διασώζοντες,
1445 1957 1569 2010 ὅταν
1619 1953 1803 2030 ἄρχων
1853 1954 1988 2027 πρὸς
2034 1951 2237 2028 ὄρνισιν
2270 1953 2305 2020 ἢ

662 2049 868 2113 θυσίαις
925 2041 1195 2122 διατρίὸῃ,
1260 2046 1460 2120 βοῶσιν
1519 2042 1591 2097 ὧν
1653 2041 1764 2118 ἄγε.
1823 2047 2028 2099 Muret.
2090 2042 2306 2098 ναι-ίαν.

663 2141 820 2195 Leot.
855 2155 924 2193 xv
953 2137 1054 2191 lib.
1092 2135 1466 2191 Proverbium
1521 2135 1702 2206 igitur
1747 2134 1879 2196 erit,
1910 2149 2025 2202 quo
2072 2134 2142 2186 ad
2187 2147 2308 2186 rem

661 2230 996 2284 institutam
1045 2230 1329 2280 attentum
1384 2223 1638 2295 aliquem
1685 2239 1812 2277 esse
1835 2223 2117 2292 jubemus
2152 2226 2216 2276 ut
2248 2220 2307 2274 in

661 2334 786 2372 eam
839 2332 1012 2370 unam
1062 2319 1184 2369 tota
1235 2320 1426 2368 mente
1480 2313 1801 2377 incumbat,
1838 2315 1900 2365 ut
1955 2327 2059 2364 nec
2116 2308 2308 2365 verbis

661 2406 820 2461 aliud
855 2407 1118 2476 usurpet,
1149 2419 1252 2458 nec
1281 2402 1340 2456 in
1373 2401 1570 2456 animo
1605 2416 1803 2455 secum
1835 2398 2067 2471 cogitet.

663 2514 718 2568 8.
753 2515 834 2568 Ea:
889 2527 1002 2570 acre
1057 2508 1351 2574 collatiho,
1402 2514 1544 2562 tom.
1593 2508 1690 2573 Ill,
1742 2505 1842 2560 lib.
1892 2506 2017 2561 adv.
2073 2504 2305 2571 Valent,

1231 2598 1357 2652 cap.
1394 2583 1481 2644 12,
1515 2597 1572 2633 n.
1610 2580 1730 2632 136.

736 2690 1429 2757 Rnexmusﬂuanquam
1463 2685 1557 2739 hic
1589 2683 1866 2756 symbolae
1897 2687 1952 2738 et
1983 2681 2307 2738 collationis

665 2782 729 2834 fit
786 2778 1003 2833 mentio
1059 2780 1217 2845 (nam
1279 2774 1544 2841 Tertull.,
1602 2776 1920 2842 conferunt,
1980 2771 2188 2842 inquit,
2247 2772 2305 2824 in

661 2869 926 2935 medium,
959 2870 1017 2922 et
1066 2881 1220 2930 mox,
1253 2879 1426 2918 unum
1477 2878 1658 2918 omnes
1707 2862 1906 2916 bonum
1933 2860 2303 2930 con/arebant.

668 2958 810 3012 Item
863 2956 1114 3008 lrenaeus
1149 2969 1161 3007 :
1198 2953 1701 3022 Unumquemque,
1763 2951 1974 3021 inquit,
2035 2966 2101 3003 eo
2150 2948 2304 3019 quod

663 3043 916 3100 habebat
945 3043 1003 3096 in
1037 3057 1098 3096 se
1129 3041 1417 3112 Optimum
1467 3039 2069 3108 ﬂorentissimumque
2112 3037 2304 3091 confe-

2424 505 2566 562 fiant
2596 515 2879 580 expertes.
2914 511 3132 568 Divites
3164 512 3222 567 in
3254 529 3364 567 aere
3414 511 3624 580 alieno,
3657 513 3740 569 uti
3792 515 4066 573 Horatius

2420 595 2604 652 dixit:
2643 599 2770 653 Meo
2803 617 2932 654 sum
2969 618 3191 672 pauper
3222 603 3279 655 in
3310 619 3438 658 aare.

2580 688 2633 740 9.
2670 690 2855 760 Αἰδορί
2883 689 3167 757 graculus.
3202 691 3362 758 ΠΜ,
3397 708 3522 762 cap.
3557 693 3644 758 12,
3677 709 3735 747 n.
3770 693 3888 748 139.

2492 779 2824 834 Rnemxus.
2855 779 2932 833 De
2966 779 3070 834 hoc
3102 785 3288 835 exstat
3315 780 3608 852 Apologus
3640 781 3794 837 inter
3831 800 3930 839 eos
3962 784 4061 855 qui

2419 865 2610 935 /Esopo
2639 865 2809 937 vulgo
2845 867 3204 923 tribuuntur.
3238 869 3400 924 Unde
3432 870 3644 925 Gracis
3689 876 3890 926 natum
3923 889 4061 944 pro-

2417 953 2680 1008 verbium
2717 971 2728 1008 :
2766 953 3045 1016 Αἰσώπιος
3097 954 3341 1029 κολοιός,
3383 957 3438 1012 id
3472 965 3580 1028 est,
3612 961 3894 1031 rEsopicus
3933 978 4062 1032 gra-

2417 1042 2592 1097 culus.
2631 1042 2789 1098 Dicto
2821 1043 3059 1099 solitum
3109 1045 3163 1099 in
3199 1062 3295 1102 eos
3327 1045 3425 1118 qui
3465 1046 3654 1103 aliena
3684 1065 3785 1120 pro
3817 1049 3943 1104 suis
3974 1066 4064 1106 os-

2417 1131 2682 1188 tendant.
2717 1132 2914 1188 Horat.
2946 1133 3117 1205 epist.
3151 1135 3184 1189 3
3217 1135 3316 1190 lib.
3351 1153 3367 1190 1
3401 1152 3414 1190 ε
3517 1146 3524 1152 ’

2540 1237 2674 1306 Quid
2694 1238 2820 1286 mihi
2851 1239 3030 1288 Celsus
3059 1241 3210 1303 agit?
3227 1242 3821 1306 monitus,multumque
3842 1258 4066 1296 monen-

2542 1301 2776 1372 frivatas
2808 1301 3115 1372 utquaeraf
3131 1317 3278 1365 opes,
3311 1308 3363 1352 et
3391 1301 3610 1367 tangere
3640 1301 3772 1372 vitet
3831 1306 4002 1372 __[dus

2540 1363 2764 1433 _S_crip_ta_,
2796 1363 3064 1433 palatinas
3095 1363 3452 1433 quaecumque
3482 1363 3684 1433 recepit
3713 1363 3922 1433 Apollo.

2537 1426 2629 1489 Ne,
2661 1427 2705 1474 si
2735 1427 2868 1474 forte
2905 1441 3030 1476 suas
3062 1426 3748 1489 re‘petitum'venerit'olim

2539 1488 2670 1535 Grex
2702 1490 2878 1536 avium
2912 1488 3138 1550 plumas,
3174 1496 3386 1540 moveat
3415 1494 3686 1542 cornicula
3714 1495 3878 1544 risum

2541 1550 2764 1598 Furtivis
2793 1551 2998 1600 nudata
3026 1553 3315 1602 coloribus.

2485 1649 2706 1703 Gabrize
2770 1647 3077 1722 μυθολόγοι)
3132 1651 3193 1704 τὸ
3245 1649 3532 1723 ἐπιμύθιον
3597 1655 3668 1710 ad
3700 1657 4061 1712 sententiam

2414 1736 2655 1792 Tertull.
2692 1743 2780 1792 est
2812 1738 2980 1810 plane
3010 1743 3542 1798 accommodatum.

2561 1837 2902 1934 :é}).q"t.9l0‘tq
2927 1849 3201 1934 ῖττεροῖξςιν
3233 1844 3606 1934 ἠμφιεεζμένος

2560 1913 2737 1986 Ηύχεῖ
2766 1911 2986 1975 κολοιὸς
3017 1911 3214 1989 ὀρνέων
3252 1911 3590 2003 δ’πὲρφέρεινο

2563 1986 2600 2003 II
2653 1990 2675 1997 υ
2819 1982 2861 2003 θλ
2907 1983 2967 2003 δν
3121 1988 3133 2003 ο
3251 1984 3269 2003 Ν
3317 1985 3339 2003 Ν
3458 1988 3482 2003 η

2563 1986 2600 2038 ll
2647 1982 2684 1997 ’³
2815 1982 2861 2038 8‘
2907 1983 2967 2001 ’“”
3050 1982 3058 1989 ’
3317 1982 3410 2003 ’“’
3458 1982 3482 2008 θ’

2563 2060 2573 2062 ἓ
2611 2003 2781 2062 ρῳτρν
2827 2005 2872 2062 Δ,ε
2903 2001 3077 2060 οωρον
3102 1988 3143 2062 ᾗ
3180 1984 3420 2062 χελιοωγ
3451 2009 3683 2062 nonam.

2560 2055 2690 2134 μεθ’
2719 2055 2782 2134 ἦν
2819 2055 3051 2134 attonita;
3066 2055 3220 2134 sirm?
3239 2055 3689 2134 Yupvéﬁ‘gtlpéﬁ'l):

2561 2127 2901 2198 Ἐπιμῦθιοψ
2934 2129 3004 2182 Τὸ
3036 2128 3085 2198 ἐξ
3118 2127 3547 2203 ἐράνὸυ’κάλλοέ
3578 2127 3878 2188 διάλύεται.

2489 2234 2650 2300 Quod
2684 2234 2767 2289 sic
2798 2235 3082 2291 vertimus
3115 2253 3128 2292 :

2542 2341 2675 2406 1_)um
2700 2341 2870 2404 jactat
2896 2342 3085 2406 alienis
3117 2343 3314 2392 amicta
3342 2344 3596 2406 plumulis

2541 2403 2798 2468 Rraastare
2831 2405 3071 2454 volucres
3090 2411 3323 2468 crateras
3345 2403 3621 2456 cornicula
3642 2421 3655 2468 ;

2543 2466 2781 2530 l_1irundo
2811 2468 3038 2530 primum
3070 2467 3267 2530 deripit
3301 2483 3497 2518 munus
3529 2466 3706 2525 suum,

2541 2527 2739 2577 Exinde
2769 2527 3003 2592 reliquae,
3037 2534 3090 2580 et
3120 2527 3264 2581 nuda
3291 2533 3506 2582 tandem
3537 2533 3789 2582 cernitur.

2416 2623 2502 2678 10.
2539 2625 2611 2680 De
2639 2627 2824 2697 Αἰδορὶ
2849 2635 3007 2698 ραιεο
3033 2628 3249 2696 Asinus,
3296 2631 3440 2684 tom.
3473 2627 3569 2692 III,
3608 2627 3708 2684 lib.
3741 2645 3798 2683 1v
3837 2629 4066 2686 advers.

2871 2700 3059 2767 Mam,
3087 2715 3213 2770 cap.
3246 2701 3336 2767 23,
3371 2718 3427 2755 n.
3457 2700 3584 2754 349.

2486 2784 2556 2838 Ut
2587 2785 3019 2841 subaudiantur
3061 2788 3236 2842 verba
3264 2805 3277 2842 ε
3305 2788 3452 2843 Modo
3480 2789 3652 2855 venis,
3684 2788 3840 2844 modo
3878 2806 4064 2862 appa-

2413 2875 2598 2928 ruisti.
2658 2875 2718 2927 In
2768 2891 2898 2929 eum
2950 2875 3048 2946 qui
3098 2875 3334 2931 aliunde
3381 2877 3735 2949 incognitus,
3778 2877 4069 2948 nullaque

2414 2961 2746 3016 celebritate
2781 2963 3037 3018 nominis
3070 2963 3404 3034 praeclarus,
3437 2970 3494 3019 et
3523 2966 3691 3037 quasi
3731 2981 3800 3020 ex
3847 2967 4073 3038 angulo

2415 3051 2586 3105 modo
2617 3052 2886 3118 advenit;
2923 3053 3024 3123 qui
3055 3051 3246 3120 latuit,
3277 3053 3418 3121 sive,
3454 3058 3518 3109 ut
3546 3055 3718 3110 verbo
3749 3055 4071 3112 Horatiano

664 3141 878 3199 rentes,
913 3130 1282 3221 collationem
1339 3128 1565 3221 fecisse.
1600 3128 1853 3221 Rursum
1901 3143 2035 3180 mox
2213 3140 2300 3179 ΒΘ·
2335 3156 2377 3221 C
2415 3139 2778 3205 utar,fefellit
2807 3141 3348 3213 hactenus,quique
3378 3143 3572 3198 subito
3606 3159 3884 3216 magnum
3919 3147 4072 3216 quid

661 3221 835 3277 cundi
867 3219 1102 3282 Christi,
1135 3234 1304 3289 quem
1339 3217 1596 3272 Soterem
1643 3217 1866 3284 dicunt,
1899 3231 1966 3270 ex
1997 3212 2304 3269 collatione

659 3308 986 3381 composita
1045 3306 1391 3376 fabricatio),
1458 3305 1867 3370 nihilominus,
1929 3302 2164 3374 quando
2214 3300 2303 3356 vel

658 3396 1014 3468 exemplaria
1045 3400 1382 3449 constanter
1412 3393 1622 3448 habent
1657 3411 1670 3448 :
1703 3409 1815 3449 aere
1841 3391 2302 3458 collatilio,video

659 3503 775 3542 non
802 3491 923 3540 tam
944 3483 1210 3539 collatitia
1231 3482 1342 3554 legi
1376 3499 1562 3554 posse,
1583 3483 1737 3553 quod
1770 3482 2045 3536 omnibus
2066 3479 2302 3534 obvium

663 3583 958 3646 est,quam
984 3572 1445 3642 collocatilio,pro
1476 3586 1586 3624 aere
1619 3569 1954 3624 mutuatitio
1985 3573 2041 3623 et
2071 3567 2300 3632 alieno;

663 3665 817 3736 quod
877 3663 934 3716 in
993 3677 1174 3715 unum
1233 3661 1596 3714 conterentes
1660 3657 1795 3713 boni
1854 3657 1984 3728 viri,
2034 3661 2090 3712 et
2147 3656 2301 3728 apud

663 3753 915 3808 amicum
977 3749 1351 3820 negotiationi
1413 3749 1703 3802 intentum
1737 3748 1889 3802 212
1932 3745 2302 3813 collocantes,

663 3841 746 3896 sic
773 3839 940 3894 illum
975 3854 1155 3909 quum
1187 3841 1418 3904 ornant,
1451 3842 1575 3890 tum
1609 3837 1909 3906 adjuvant,
1943 3833 2105 3906 prius
2137 3834 2208 3888 ab
2237 3848 2304 3888 eo

661 3934 955 3986 caventes.
987 3926 1149 3982 Unde
1204 3926 1470 3980 fortassis
1501 3924 1671 3997 vulgo
1700 3924 1969 3978 Afrorum
2022 3923 2302 3978 usitatum

661 4019 716 4073 id
752 4017 1034 4088 temporis
1064 4014 1457 4085 proverbium,
1492 4018 1554 4068 ut
1581 4027 1694 4069 acre
1721 4012 2049 4068 collocatitio
2080 4010 2304 4082 aliquid

662 4107 785 4162 tieri
819 4106 1272 4167 disceretur,aut
1302 4103 1464 4157 dives
1496 4102 1792 4173 quispiam
1817 4118 1944 4156 esse
1960 4101 2306 4170 jactaretur,

664 4195 764 4267 qui
813 4191 1064 4265 prepriis
1103 4193 1314 4262 opibus
1363 4208 1478 4246 non
1529 4191 1788 4262 polleret,
1821 4191 1922 4245 sed
1972 4191 2306 4244 commoda-

664 4283 807 4339 titiis
839 4287 894 4338 et
925 4281 1154 4335 alienis.
1191 4280 1341 4335 Sane
1393 4281 1546 4350 apud
1598 4281 1880 4334 Irenaeum
1911 4277 2024 4333 alio
2072 4277 2196 4332 loco
2237 4278 2308 4332 de

663 4373 772 4428 hoc
823 4372 948 4441 ipso
996 4371 1195 4425 Sotere
1241 4370 1458 4440 legitur
1507 4386 1519 4424 :
1569 4369 1631 4423 In
1679 4385 1812 4423 eum
1861 4367 2306 4437 disponentibus

663 4463 820 4517 velut
846 4462 1044 4516 florem
1090 4475 1283 4527 suum,
1319 4464 1382 4514 ut
1429 4459 1843 4525 collocatilium,
1875 4456 1952 4512 sit
1982 4455 2074 4511 hic
2127 4456 2307 4527 depo-

2415 3233 2472 3284 et
2503 3229 2844 3300 praeclarum
2895 3230 3110 3286 audeat
3131 3231 3378 3301 jactare,
3409 3231 3527 3287 imo
3567 3233 3973 3288 auctoritatem
4013 3240 4076 3290 et

2412 3318 2837 3388 gratiam,cum
2872 3319 3025 3374 fama
3055 3318 3166 3374 sibi
3193 3319 3508 3375 vindicare.
3542 3321 3732 3384 Quum
3765 3321 4074 3393 Apologus

2411 3405 2565 3460 inter
2593 3406 2891 3478 :Esopicos
2925 3406 3018 3463 hic
3049 3423 3163 3462 non
3215 3412 3418 3476 exstet,
3453 3409 3619 3463 futile
3648 3414 3804 3465 esset
3836 3409 4070 3481 aliquid

2413 3494 2506 3549 hic
2537 3510 2604 3548 ex
2633 3496 2971 3564 conjectura
3000 3496 3227 3561 atl'erre,
3261 3497 3414 3552 unde
3442 3513 3646 3552 eorum
3691 3499 3770 3553 sit
3822 3515 4070 3569 prover-

2411 3583 2598 3649 bium,
2627 3583 2912 3655 quidquid
2962 3582 3060 3639 alii
3120 3590 3414 3657 augentur
3463 3583 3586 3658 περὶ
3631 3591 3730 3654 τῆς
3780 3589 3876 3639 τοῦ
3929 3581 4068 3642 ὄνου

2413 3690 2516 3744 παρ
2527 3669 2793 3743 ακύψεως.

2415 3779 2566 3834 218
2601 3778 2897 3854 11_._gtgi_ua
2942 3779 3142 3854 media,
3177 3796 3271 3835 seu
3301 3781 3478 3851 agina:
3523 3782 3844 3852 az'quilibrio
3889 3784 4074 3854 ferri,

2485 3855 2624 3927 tom.
2662 3849 2903 3927 Il[,_-tib_._
2943 3851 3156 3927 advers.
3181 3849 3464 3927 _Ilermog.,
3487 3849 3643 3927 _cap.
3678 3854 3766 3927 lit,
3801 3849 4063 3927 n.'142;'

2486 3925 2542 3976 et
2570 3926 2710 3975 tom.
2744 3919 2811 3985 V,
2849 3921 2945 3975 lib.
2980 3923 3046 3976 de
3075 3923 3292 3990 Pudim,
3323 3919 3456 3996 cap.
3479 3923 3533 3993 9,
3567 3919 3624 3979 ἡ.
3653 3926 3744 3979 73.

2489 4012 2547 4064 In
2581 4009 2681 4064 lib.
2713 4009 2777 4064 de
2805 4010 3044 4065 Pudicil.
3079 4012 3194 4067 Non
3245 4014 3395 4067 enim
3424 4013 3747 4069 admittetur
3787 4016 4072 4087 exemplo-

2419 4115 2542 4152 rum
2591 4098 2926 4168 adas’qualio,
2959 4100 3081 4154 licet
3127 4102 3187 4154 in
3232 4103 3400 4172 agina
3445 4105 3972 4173 congruentissima.
4023 4107 4077 4160 si

2413 4188 2582 4258 fuerit
2628 4186 2808 4241 saluti
2855 4191 3262 4244 nocentissima.
3316 4190 3398 4256 Si,
3455 4196 3519 4245 ut
3567 4191 3647 4246 ait
3696 4191 3961 4247 Rhenan.
4000 4210 4075 4249 ex

2415 4277 2604 4346 Festo,
2645 4277 2814 4346 agina
2863 4283 2952 4332 est
2998 4277 3259 4333 foramen
3308 4278 3454 4334 illud
3509 4279 3566 4334 in
3619 4297 3734 4351 quo
3783 4281 4077 4338 inseritur

2419 4381 2631 4435 scapus
2677 4365 2931 4430 trutinae,
2965 4365 3074 4421 hoc
3121 4372 3230 4433 est,
3259 4368 3316 4422 in
3346 4384 3461 4439 quo
3511 4370 3704 4441 agitur
3733 4369 3853 4426 sive
3882 4372 4077 4426 vesti-

2416 4456 2513 4507 tur
2570 4453 2808 4523 trutina,
2869 4460 2926 4510 et
2981 4460 3103 4510 tum
3154 4456 3213 4512 in
3274 4457 3465 4512 media
3522 4460 3692 4529 agina
3749 4458 4078 4517 consistere

662 4551 930 4606 sititium.
965 4549 1124 4604 Idem
1176 4523 1387 4603 sensus
1417 4548 1546 4617 erit,
1577 4549 1628 4600 si
1672 4523 1944 4602 collatitia
1994 4544 2173 4616 legas,
2204 4523 2310 4598 aut
2339 4523 2384 4587 Ι)
2418 4542 2638 4597 trutina
2692 4543 2944 4610 dicatur,
2977 4545 3206 4614 quoties
3253 4545 3464 4600 accidit
3505 4523 3971 4619 aequipondium,
4008 4556 4079 4606 ut

663 4643 818 4693 certe
876 4655 993 4692 non
1053 4652 1404 4706 magnopere
1463 4635 1750 4690 diversus.
1805 4633 2091 4705 Equidem
2152 4633 2305 4702 apud

664 4737 884 4782 veteres
934 4723 1118 4780 multa
1169 4725 1386 4780 fiebant
1431 4741 1538 4779 acre
1583 4725 1816 4784 collato;
1857 4722 2074 4794 quibus
2122 4720 2310 4792 operi-

668 4817 778 4870 bus
826 4814 1296 4868 inscribebantur
1323 4812 1410 4867 hae
1467 4818 1614 4867 nota
1649 4828 1662 4867 :
1695 4829 1821 4866 man
1849 4828 1970 4865 c01..
2007 4811 2090 4863 Ad
2135 4827 2308 4880 quem

667 4917 890 4958 morem
943 4902 1206 4956 fortassis
1257 4901 1350 4956 hic
1400 4900 1652 4972 respexit
1701 4898 2119 4955 Tertullianus.
2154 4899 2312 4969 Stips

668 4990 946 5047 collatitia
992 5006 1122 5060 quae
1171 4989 1228 5043 in
1279 5006 1602 5062 pauperum
1669 5006 1816 5044 usus
1872 4993 2144 5059 erogatur
2193 5005 2207 5053 ;
2256 4992 2314 5043 et

667 5080 888 5135 collatio
920 5078 1039 5134 sive
1070 5077 1329 5149 collecta,
1363 5094 1492 5150 qum
1522 5082 1578 5134 et
1609 5077 1871 5144 indictio,
1900 5075 2313 5148 pensitationis

667 5166 1020 5240 pecuniariae
1078 5182 1264 5237 genus
1314 5171 1423 5235 est,
1485 5174 1542 5221 et
1597 5160 1908 5237 σύμϐολον,
1966 5164 2196 5219 collatio
2253 5165 2312 5220 in

667 5275 842 5313 coenae
877 5263 1224 5328 apparatum
1287 5257 1406 5311 sive
1466 5256 1822 5326 pecuniaria,
1856 5254 1976 5310 sive
2012 5253 2313 5325 penuaria.

669 5348 830 5402 Unle
860 5347 1020 5401 Cwna
1051 5346 1322 5400 collatitia
1353 5345 1642 5401 sodalium
1675 5349 1777 5400 aut
1808 5342 2313 5398 contubernalium

668 5436 1012 5501 accubatio,
1083 5435 1182 5489 ubi
1251 5451 1390 5489 suas
1461 5434 1711 5505 quisque
1777 5433 2028 5486 afferunt
2091 5431 2315 5504 epulas,

671 5520 897 5597 Epavoc;
934 5524 1304 5595 proverbium
1352 5523 1410 5577 in
1465 5539 1564 5578 eos
1611 5521 1914 5578 conveniet
1957 5523 2056 5592 qui
2106 5539 2208 5593 per
2255 5539 2317 5578 se

671 5613 819 5668 nihil
875 5612 1090 5680 valent,
1131 5614 1231 5668 sed
1293 5612 1396 5668 toti
1447 5611 1656 5667 alienis
1716 5610 1831 5665 nixi
1887 5616 2026 5666 sunt
2080 5611 2316 5684 opinus,

2423 4637 2629 4686 neutra
2662 4647 2797 4702 pars
2828 4633 3385 4705 propendeatzidcm
3418 4635 3676 4690 eritcum
3696 4653 3836 4692 ansa
3861 4637 4078 4709 (quan-

2420 4726 2550 4775 tum
2603 4722 2671 4776 ad
2724 4724 3012 4794 proverbii
3063 4726 3280 4796 usum),
3315 4742 3440 4796 quae
3489 4731 3580 4781 est
3627 4719 3796 4795 λαςή,
3838 4728 3892 4781 in
3947 4745 4072 4800 quo

2419 4826 2658 4865 examen
2708 4813 2976 4880 vertitur,
3009 4814 3128 4868 sive
3159 4813 3217 4868 in
3267 4815 3437 4884 cujus
3488 4815 3816 4871 meditullio
3845 4815 4081 4889 lingula

2421 4901 2782 4966 obversatur,
2818 4902 3006 4958 ethuc
3028 4902 3166 4958 illuc
3192 4909 3382 4972 nutat,
3416 4903 3554 4958 dum
3577 4904 3844 4962 lancibus
3874 4923 4077 4978 aequa-

2421 4989 2496 5043 tis
2547 4991 2899 5060 respondeat
2957 5009 3182 5048 summo
3245 4996 3482 5064 puncto,
3525 4993 3634 5048 hoc
3689 4999 3800 5060 est,
3859 4999 4078 5053 neutro

2422 5076 2685 5144 inclinet,
2720 5079 2819 5134 sed
2873 5097 3037 5152 aequo
3068 5087 3365 5138 momento
3414 5081 3728 5138 discrimen
3759 5083 4079 5156 partiatur.
4161 5143 4173 5153 ,

2426 5166 2577 5222 Usus
2609 5169 2896 5239 proverbii
2946 5186 3074 5225 esse
3106 5170 3309 5242 poterit
3343 5171 3403 5226 in
3451 5187 3550 5226 eos
3582 5172 3681 5244 qui
3725 5177 4077 5230 neutrarum

2425 5257 2678 5327 partium
2713 5262 2872 5324 sunt,
2907 5259 2992 5314 sic
3021 5266 3086 5314 ut
3117 5274 3304 5329 neque
3335 5259 3462 5326 hos,
3497 5277 3687 5332 neque
3726 5261 3854 5317 illos
3887 5262 4079 5318 otl‘en-

2424 5345 2586 5399 dant.
2623 5347 2681 5400 In
2715 5363 2813 5402 eos
2845 5350 2943 5419 qui
2998 5349 3241 5403 virtutes
3291 5348 3747 5419 amplectuntur,
3780 5368 3906 5422 qua:
3947 5367 4082 5408 me-

2425 5433 2770 5490 diocricates
2801 5443 2940 5492 sunt
2969 5439 3237 5508 quaedam
3269 5436 3420 5492 inter
3449 5443 3704 5495 extrema
3733 5440 3872 5495 vitia
3903 5457 4086 5496 cons-

2424 5523 2633 5578 titutae.
2671 5525 2731 5578 In
2773 5526 3006 5593 judices
3060 5526 3340 5597 integros,
3379 5531 3436 5582 et
3483 5527 3722 5584 similia.
3756 5529 4086 5586 Videantur

2424 5618 2639 5668 Annot.
2675 5613 2932 5669 Pamelii.
