4526 6360
194 281 301 361 2δί

1371 299 1967 365 PROVERBIALES
2012 304 2450 369 FORMULE.

3495 323 3615 383 262

233 438 317 492 12.
350 436 671 492 Alexandro
713 402 1200 527 subliiniorﬁpm.
1236 441 1277 507 Ι,
1312 436 1529 509 Apolog.
1563 454 1689 509 cap.
1726 438 1813 493 11.
1882 439 1937 506 Α
1968 443 2225 497 montem
2257 443 2448 499 Athon
2481 443 2756 518 incolant,
2777 448 3044 519 viperinis
3069 452 3344 509 carnibus
3375 454 3610 527 aliquod

910 524 968 563 n.
1015 509 1138 562 173.

272 618 331 671 In
374 614 508 670 elati
563 613 893 687 excelsique
942 613 1121 669 animi
1168 614 1458 672 homines.
1496 616 1855 671 Decantatie~

198 706 349 759 sima
381 704 559 759 animi
594 704 652 758 in
694 703 1017 759 Alexandro
1068 704 1275 775 Magno
1325 704 1593 770 altitudo,
1630 722 1758 775 quae
1790 705 1850 759 in

198 793 371 849 dictis
410 796 572 863 juxta
602 810 669 849 ac
700 792 868 847 factis
919 792 1149 847 enituit.
1184 792 1289 855 Qui
1340 792 1484 846 nihil
1539 793 1649 847 sibi
1693 794 1849 863 quod

199 886 324 955 ipse
364 884 687 954 perﬁceret,
739 899 772 936 a
821 886 980 952 patre
1033 880 1303 951 relinqui,
1360 898 1505 952 puer
1558 881 1850 949 doluerit;

199 974 301 1043 qui
332 973 390 1026 in
420 971 706 1043 Olympiis
760 970 1013 1025 stadium
1046 970 1374 1036 decurrere,
1409 970 1521 1024 nisi
1562 987 1697 1026 cum
1749 988 1855 1026 an-

201 1062 512 1133 tagonistis
533 1060 791 1133 regibus,
811 1060 1123 1127 recusarit;
1148 1060 1247 1131 qui
1271 1060 1578 1114 asiaticum
1605 1076 1849 1131 regnum

202 1150 495 1223 dispertiri
528 1166 661 1205 cum
693 1148 891 1215 Dario,
923 1149 1096 1203 rebus
1128 1148 1396 1219 integris,
1432 1148 1713 1214 noluerit;
1748 1148 1851 1219 qui

202 1258 385 1312 quum
418 1240 490 1295 ab
521 1242 861 1309 Anaxagora
910 1238 1365 1293 innumerabiles
1414 1253 1542 1293 esse
1597 1239 1851 1294 mundos

202 1330 483 1398 audisset,
517 1326 912 1400 illacrymarit,
945 1326 1046 1399 qui
1097 1327 1315 1382 nedum
1357 1327 1533 1382 unius
1574 1326 1849 1383 dominus

201 1422 353 1475 esset
384 1418 592 1473 factus.

300 1527 385 1581 13.
418 1527 692 1580 Amazona
723 1522 1006 1589 audacior,
1042 1527 1183 1577 tom.
1217 1523 1311 1587 Ill,
1346 1521 1447 1577 lib.
1481 1539 1498 1577 ι
1529 1522 1745 1578 advers.

696 1595 882 1662 Mam,
915 1612 1043 1667 cap.
1081 1596 1132 1659 1,
1168 1612 1224 1651 n.
1262 1595 1346 1648 14.

268 1686 610 1751 Amazones,
643 1683 730 1739 vel
762 1700 1070 1753 amamus,
1102 1682 1401 1754 singulare
1440 1682 1705 1737 omnium
1739 1700 1843 1738 saa-

201 1774 466 1829 culorum
515 1773 832 1845 exemplar,
864 1772 1056 1843 inquit
1100 1772 1318 1827 Justin.
1354 1770 1456 1826 lib.
1491 1789 1552 1826 n.
1585 1774 1843 1837 Quarum

203 1863 458 1917 audacias
506 1862 635 1933 plus
683 1878 859 1932 quam
908 1861 1093 1916 virilis
1146 1860 1314 1933 plena
1363 1860 1641 1925 facinora,
1676 1860 1846 1928 bella,

203 1951 598 2022 expeditiones
620 1955 1173 2006 commemorantur.
1198 1952 1270 2004 At
1296 1949 1571 2020 quoniam
1606 1950 1851 2005 audacia

204 2039 263 2094 in
297 2040 569 2094 muliebri
611 2055 750 2094 sexu
792 2056 927 2095 cum
957 2038 1323 2109 impudentia
1372 2038 1716 2110 plerumque
1763 2041 1853 2093 est

203 2130 534 2199 conjuncta,
565 2128 934 2199 proverbium
964 2128 1020 2181 in
1054 2143 1151 2182 eos
1181 2127 1501 2195 conveniet,
1528 2128 1627 2198 qui
1657 2127 1849 2199 impu-

204 2219 409 2272 denter
440 2221 577 2272 sunt
607 2217 858 2271 audaces
884 2221 939 2271 et
960 2215 1277 2272 temerarii.
1303 2216 1624 2272 Videantur
1646 2218 1847 2272 Adnot.

207 2304 465 2360 Pamelii.

275 2412 361 2466 14.
394 2411 757 2484 Ανίιδίίηᾼηοδ
781 2414 1144 2484 temperatur,
1170 2426 1273 2484 quo
1302 2420 1600 2482 quassatur
1628 2427 1775 2479 caro,

321 2489 463 2537 tom.
499 2483 593 2547 III,
626 2482 725 2537 lib.
758 2483 822 2537 de
851 2498 1054 2537 resurr.
1088 2482 1269 2549 carm,
1302 2500 1431 2555 cap.
1462 2485 1517 2549 5,
1552 2501 1607 2537 n.
1644 2484 1730 2537 43.

272 2589 458 2655 Aries,
480 2589 641 2643 trabs
664 2588 903 2643 funibus
926 2593 1111 2652 tensa,
1137 2606 1446 2660 suspensa,
1470 2590 1641 2660 cujus
1673 2594 1851 2661 caput

204 2680 356 2734 ferro
385 2678 653 2743 vestitur,
686 2683 750 2732 ut
780 2677 1185 2746 durissimam,
1218 2678 1417 2733 arietis
1449 2678 1657 2746 instar,
1692 2680 1849 2733 fron-

204 2773 321 2824 tem
351 2767 615 2822 videatur
644 2766 877 2837 habere,
916 2770 973 2822 et
1022 2784 1182 2823 more
1225 2767 1403 2823 etiam
1455 2768 1653 2823 arietis
1704 2773 1850 2823 retro

207 2856 459 2920 ducitur,
496 2860 560 2910 ut
588 2856 809 2925 majore
839 2856 1061 2926 impetu
1104 2856 1291 2915 feriat.
1324 2858 1684 2926 subrtiatque
1718 2874 1851 2911 mu-

207 2964 321 3001 ros.
356 2945 501 3000 Hinc
530 2944 771 2999 verbum
818 2946 1140 3016 temperari,
1174 2946 1321 3017 quod
1376 2946 1435 3001 in
1482 2951 1766 3017 apparatu
1798 2952 1855 3001 et

205 3035 515 3089 libratione
566 3033 625 3087 in
673 3033 825 3089 ictus
877 3034 1190 3104 destinata,
1230 3039 1353 3089 arte
1403 3051 1550 3105 opus
1600 3040 1753 3089 esset
1799 3039 1855 3089 et

207 3128 363 3178 certa
392 3126 807 3193 temperatura.
842 3122 1158 3194 Subjungit
1187 3121 1580 3178 Tertullianus
1608 3124 1849 3178 verbum

1968 533 2123 585 certe
2172 538 2585 602 argumentum
2646 543 2735 592 est
2786 538 2986 593 veneni
3038 540 3234 596 minus
3282 544 3611 603 efficientis.

1965 617 2271 674 Proverbio
2292 622 2466 691 igitur
2484 624 2594 678 isto
2614 627 3039 690 significabitur
3062 631 3612 699 pestilentissimum

1966 724 1997 761 a
2030 706 2226 763 minus
2258 710 2409 765 malo
2442 712 2511 765 ad
2545 714 2866 783 nequitiam
2903 717 3149 772 edoceri.

1967 813 2051 866 17.
2085 815 2345 873 Αιίαίίειῖ)
2382 818 2615 886 divitiae,
2650 820 2891 945 tombg’,
2925 822 3023 877 lib.
3058 824 3121 880 de
3148 827 3328 898 Jejun.
3364 846 3488 902 cap.
3529 834 3614 899 15,

2698 909 2756 945 n.
2868 937 2876 945 .
3466 904 3467 907 “

2698 909 2756 945 n.
2788 904 2876 946 U3.
3466 904 3467 907 “

2034 990 2092 1045 Si
2160 992 2405 1050 Attalico:
2481 995 2725 1067 legatur,
2786 999 2927 1053 nihil
3005 1002 3401 1075 difficultatis;
3464 1013 3611 1065 notas

1960 1080 2149 1147 Attali,
2202 1082 2353 1153 regis
2405 1086 2764 1157 Pergameni,
2816 1088 3045 1158 divitias,
3078 1109 3220 1161 quas
3277 1112 3409 1167 pop.
3444 1098 3613 1155 Rom.

1961 1184 2028 1223 ex
2059 1169 2383 1226 hereditate
2416 1173 2646 1228 adierit.
2683 1175 2761 1229 De
2793 1194 2906 1247 quo
2938 1179 3133 1235 Horat.
3169 1182 3225 1236 in
3258 1184 3397 1239 Odia
3435 1202 3447 1241 :

2268 1295 2385 1361 Non
2419 1309 2550 1361 opes
2588 1310 2761 1361 neque
2791 1300 2962 1351 Attali

2269 1356 2492 1419 Ignotus
2523 1356 2696 1409 haeres
2730 1364 2928 1425 regiam
2961 1367 3237 1428 occupavi.

1959 1470 2029 1525 Et
2057 1472 2311 1527 Attalicis
2340 1474 2797 1533 conditionibus.
2832 1478 2904 1534 Ut
2935 1481 3257 1552 magnificas
3300 1488 3357 1539 et
3404 1502 3611 1558 super-

1958 1577 2218 1617 vacanea:
2251 1563 2361 1617 illa
2394 1565 2608 1621 divitia;-
2650 1571 2823 1637 atque
2856 1568 3095 1639 delicire,
3130 1573 3265 1642 pani
3314 1590 3611 1646 opponan-

1957 1653 2085 1715 tur;
2139 1650 2246 1706 hoc
2304 1657 2395 1706 est
2445 1654 2889 1724 simplicissime
2920 1658 3120 1713 victui.
3156 1662 3257 1715 Sin
3307 1664 3593 1722 Attellanae

1956 1746 2276 1810 personata
2310 1740 2420 1795 illa;
2452 1742 2509 1796 in
2544 1743 2706 1797 cultu
2739 1750 2795 1800 et
2834 1747 3092 1803 vestibus
3122 1749 3364 1807 lautitiae
3394 1724 3617 1810 intelli:

1955 1833 2186 1898 gentur.
2239 1830 2386 1884 Nam
2435 1832 2734 1887 Attellanis
2782 1835 2873 1904 (ex
2922 1838 3104 1892 Atella
3136 1838 3465 1910 Campaniae
3509 1862 3615 1915 op-

1963 1916 2121 1987 pido)
2143 1916 2530 1974 histrionibus
2562 1921 2981 1990 celeberrimis,
3006 1926 3112 1981 hoc
3138 1929 3239 1997 jus
3270 1946 3613 1988 concessum

1961 2010 2103 2072 erat,
2138 2010 2201 2060 ut
2233 2008 2543 2063 Personam
2578 2010 2635 2064 in
2666 2027 2840 2065 scena
2869 2014 3157 2084 deponere
3190 2034 3303 2073 non
3335 2036 3618 2090 cogeren-

1960 2097 2076 2149 tur.
2128 2094 2290 2150 Unde
2336 2097 2547 2153 fabulaa
2611 2107 2936 2170 personata:
2990 2121 3093 2173 pro
3150 2106 3442 2163 Atlellanis
3500 2124 3617 2164 κατ’

1961 2176 2180 2255 ἕξοχην.
2214 2185 2447 2240 Dicetur
2490 2186 2547 2241 in
2583 2189 2859 2243 vestitum
2908 2208 3427 2264 supervacaneum,
3459 2203 3516 2253 et
3545 2201 3617 2255 ad

1959 2273 2162 2329 luxum
2196 2276 2768 2348 ostentationemque
2797 2288 3222 2352 comparatum.

1962 2381 2045 2434 18.
2079 2381 2118 2434 A
2149 2385 2276 2447 toga
2304 2382 2374 2437 ad
2400 2384 2660 2466 pallium,
2688 2390 2827 2440 tom.
2862 2388 2902 2466 Ι,
2936 2386 3137 2466 lib._de
3167 2392 3369 2463 Pallio,
3400 2410 3528 2466 cap.
3555 2397 3615 2463 5,

2402 2472 2457 2508 n.
2489 2456 2579 2521 94,
2613 2462 2670 2511 et
2701 2474 2829 2529 cap.
2861 2460 2914 2528 6,
2950 2478 3006 2513 n.
3044 2461 3165 2515 116.

2033 2561 2368 2616 RHBNANUS.
2421 2564 2667 2618 Pallium
2697 2566 3024 2622 Graecorum
3075 2574 3197 2624 erat
3246 2575 3303 2625 et
3352 2573 3617 2643 philoso-

1962 2650 2234 2720 phorum.
2267 2650 2382 2705 Hoc
2427 2652 2601 2707 etiam
2638 2653 2903 2721 Romani,
2937 2664 3063 2723 toga
3110 2659 3346 2729 rejecta,
3379 2662 3617 2719 amicie-

1962 2740 2195 2793 bantur.
2230 2739 2373 2793 Hinc
2406 2740 2547 2795 illud
2600 2742 2945 2799 admirantis
2992 2746 3147 2817 vulgi
3202 2748 3511 2805 dicterium
3544 2754 3616 2808 de

1962 2828 2390 2899 potentioribus
2419 2830 2487 2883 ad
2512 2829 2895 2886 Christianam
2930 2832 3264 2904 religionem
3296 2842 3618 2910 transgres-

1963 2916 2065 2979 sis,
2098 2916 2135 2969 A
2189 2920 2313 2983 toga
2359 2918 2433 2970 ad
2487 2919 2744 2987 pallium.
2784 2920 2945 2975 Unde
3001 2927 3195 2978 motus
3253 2925 3497 2982 Tertull.
3552 2934 3617 2985 ut

1964 3005 2245 3059 scriberet
2280 3022 2383 3075 pro
2424 3005 2603 3076 pallio
2654 3006 2891 3062 librum.
2926 3011 3218 3066 Ammian.
3252 3012 3507 3070 Marcell.
3543 3018 3614 3073 de

1961 3091 2196 3147 Juliano
2258 3102 2505 3164 Aug.:-
2557 3094 2817 3165 Namque
2871 3098 2927 3151 in
2989 3116 3148 3169 pace,
3210 3099 3423 3173 inquit,
3484 3106 3615 3175 ejus

208 3173 765 3283 quassatuerirgila
793 3234 819 3261 ε(
855 3173 1173 3267 Pulsabznt
1205 3211 1381 3267 ariete
1415 3228 1634 3279 muros,
1671 3212 1852 3267 Labat
1883 3173 1925 3239 ρ’
1963 3198 2299 3283 mellam“?
2332 3182 2752 3283 ’ζθῃξλίίθῗηθνδδ
2798 3189 2951 3240 mete
2999 3189 3374 3283 mscewbus
3424 3194 3614 3248 admi'

210 3303 383 3357 ariete
444 3300 642 3356 crebro
690 3300 896 3371 janua,
943 3300 1167 3356 Arietat
1223 3301 1279 3355 in
1329 3304 1600 3372 portas.»
1633 3301 1850 3369 Cicero,

210 3390 431 3444 «Aries
492 3405 725 3443 murum
784 3390 1211 3460 percusserit.»
1244 3389 1683 3445 Proverbialiter
1741 3389 1853 3444 dici

211 3482 440 3550 poterit,
473 3495 574 3549 pro
618 3494 682 3533 eo
727 3479 881 3549 quod
914 3479 1170 3533 validum
1221 3484 1631 3550 argumentum
1682 3480 1853 3535 nobis

211 3567 503 3639 objicitur,
537 3567 688 3638 quod
740 3567 979 3622 difficile
1029 3568 1107 3623 sit
1154 3567 1491 3623 dissolvere.
1540 3573 1755 3640 Aperta
1801 3568 1855 3622 vi

211 3673 638 3728 oppugnamur.
659 3656 732 3710 Ut
761 3656 972 3712 arietes
1003 3661 1059 3712 et
1089 3656 1347 3713 cuniculi
1377 3657 1437 3712 in
1469 3658 1854 3729 argumentis,

212 3745 362 3799 inter
390 3759 455 3798 se
484 3748 877 3815 opponantur.

214 3852 365 3907 214
410 3852 495 3904 15.
528 3850 764 3905 Aristide
802 3851 1229 3977 justior,17130m.
1265 3852 1307 3918 Ι,
1341 3852 1558 3923 Apolog.
1605 3868 1731 3923 cap.
1768 3852 1858 3924 11,

922 3940 980 3976 n.
1134 3964 1146 3977 .

922 3940 980 3976 n.
1024 3940 1146 3977 116.

282 4013 423 4066 Tam
460 4009 703 4066 celebris
748 4011 899 4082 apud
932 4011 1182 4078 Graecos,
1213 4016 1270 4068 et
1316 4012 1639 4083 praesertim
1680 4011 1859 4067 Athe-

218 4102 468 4165 nienses,
491 4099 727 4171 justitia
753 4106 810 4155 et
838 4101 1081 4172 aequitas
1114 4102 1394 4169 Aristidis,
1422 4106 1485 4156 ut
1513 4103 1608 4153 τοῦ
1640 4098 1858 4154 Δικαίου

215 4192 667 4262 cognomentum
718 4190 1016 4244 meruerit.
1052 4191 1239 4245 Tanta
1272 4208 1387 4245 non
1434 4191 1631 4261 legum
1664 4191 1857 4259 modo,

215 4278 311 4332 sed
346 4278 493 4349 aequi
534 4278 672 4333 boni
703 4279 881 4333 etiam
934 4279 1045 4334 fuit
1091 4280 1150 4334 in
1204 4280 1441 4335 homine
1471 4280 1858 4351 observantia,

216 4372 279 4421 ut
307 4366 418 4422 hoc
462 4366 584 4422 solo
632 4366 867 4422 nomine
898 4368 956 4423 in
988 4368 1257 4423 exsilium
1319 4370 1389 4424 ab
1449 4370 1733 4441 improbis
1786 4370 1863 4425 sit

216 4456 459 4523 ejectus,
480 4459 535 4509 et
555 4454 804 4511 diversis
838 4456 1051 4511 studiis
1075 4473 1208 4511 cum
1232 4457 1626 4514 Themistocle
1656 4462 1857 4530 Remp.

216 4543 667 4599 administrarit.

290 4651 374 4704 16.
409 4650 561 4721 Aspis
591 4668 626 4704 a
655 4651 843 4720 vipera
874 4667 1139 4706 venenum
1178 4656 1483 4716 mutuatur,
1518 4656 1656 4707 tom.
1694 4652 1788 4719 III,

519 4721 621 4775 lib.
656 4739 717 4775 ιιι
748 4724 867 4777 adv.
904 4728 1101 4790 Marc.,
1135 4741 1261 4796 cap.
1291 4726 1345 4791 8,
1380 4742 1436 4780 n.
1468 4726 1556 4779 53.

292 4831 375 4883 De
404 4827 591 4898 aspide
630 4827 714 4883 sic
760 4827 907 4883 Plin.
938 4828 1039 4884 lib.
1069 4847 1189 4900 νιιι,
1220 4847 1346 4902 cap.
1376 4830 1447 4884 23
1480 4848 1492 4887 :
1528 4830 1687 4887 Colla
1713 4831 1863 4901 aspi-

217 4915 347 4971 dum
380 4916 769 4972 intumescere
802 4916 960 4972 nullo
1005 4919 1156 4974 ictus
1189 4919 1445 4975 remedio
1475 4924 1862 4991 praeterquam

217 5006 269 5061 si
328 5004 635 5061 confestim
690 5012 884 5077 partes
944 5013 1223 5063 contacta:
1280 5012 1705 5080 amputentur:
1742 5013 1863 5065 tam

220 5100 687 5167 prssentaneum
745 5095 966 5152 scilicet
1021 5103 1111 5153 est
1168 5114 1478 5153 venenum.
1524 5100 1598 5153 De
1656 5099 1863 5170 vipera,

140 5172 143 5177 ’
217 5186 421 5239 eodem
472 5182 573 5239 lib.
608 5200 734 5255 cap.
766 5186 834 5238 29
868 5201 879 5239 :
912 5189 1256 5258 Serpentum
1300 5189 1509 5258 vipera,
1542 5186 1666 5243 sola
1712 5191 1866 5243 terra

218 5272 435 5328 dicitur
464 5274 657 5340 condi,
690 5278 907 5330 czeterm
940 5276 1215 5330 arborum
1252 5282 1351 5332 aut
1381 5294 1651 5332 saxorum
1685 5277 1862 5333 cavis.

218 5363 324 5417 Sed
360 5362 596 5418 Aristot.
632 5363 733 5417 lib.
765 5380 819 5430 v,
847 5363 911 5418 de
939 5365 1151 5420 Natura
1180 5366 1425 5421 animat.
1458 5374 1661 5422 contra
1686 5367 1867 5421 tradit

222 5454 469 5521 viperam
522 5454 634 5508 sub
690 5454 869 5524 petris
930 5471 1057 5509 sese
1116 5456 1384 5521 condere,
1434 5456 1688 5528 reliquas
1746 5474 1867 5511 ser-

225 5549 423 5613 pentes
482 5544 539 5599 in
597 5549 755 5598 terra
811 5542 965 5613 abdi,
1016 5561 1221 5600 omnes
1279 5562 1546 5601 secessus
1604 5552 1866 5617 tempore

226 5644 441 5688 veneno
488 5631 641 5688 orbae
692 5630 1013 5688 dormiunt.
1068 5632 1194 5690 Lib.
1226 5649 1327 5705 vn,
1373 5650 1500 5705 cap.
1533 5637 1586 5703 2,
1639 5634 1719 5690 ait
1764 5632 1866 5704 qui

1962 3271 2166 3339 randa,
2198 3270 2355 3325 velut
2384 3271 2453 3325 ad
2484 3272 2723 3339 pallium
2756 3289 2886 3327 mox
2920 3277 3226 3333 reversuri.
3260 3301 3288 3327 »

2003 3377 2586 3461 19._C;rcus"in‘cazco
2634 3379 2989 3461 in‘camdem
3036 3383 3296 3461 deductus
3341 3389 3574 3461 foveam,

2106 3455 2248 3503 tom.
2284 3449 2377 3517 ΙΙΙ,
2412 3448 2513 3502 lib.
2540 3466 2622 3519 III,
2656 3452 2781 3505 adv.
2819 3457 3020 3519 Maron,
3054 3472 3182 3527 cap.
3205 3458 3259 3524 7,
3293 3448 3351 3512 nl
3383 3461 3470 3514 44.

2035 3554 2411 3610 Proverbium
2432 3556 2518 3610 vel
2554 3556 2665 3627 ipsi
2696 3560 2983 3615 Servatori
3007 3560 3313 3631 usitatum,
3337 3564 3472 3621 Luc.
3496 3584 3614 3635 xvr,

1967 3643 2194 3716 quoties
2228 3644 2500 3699 indoctus
2534 3645 2832 3700 indoctum
2864 3647 3068 3703 docere
3100 3655 3364 3717 conatur,
3393 3654 3482 3708 vel
3514 3655 3619 3710 im-

1967 3733 2224 3804 prudens
2275 3731 2631 3803 imprudenti
2660 3735 2797 3788 dare
2837 3736 3174 3808 consilium,
3207 3744 3380 3811 atque
3427 3742 3509 3797 ita
3558 3744 3617 3798 in

1966 3822 2202 3877 eosdem
2235 3837 2482 3888 errores,
2518 3826 2617 3877 aut
2655 3840 2861 3893 pravas
2910 3825 3214 3895 opiniones
3246 3845 3443 3884 secum
3474 3847 3619 3901 prte-

1968 3909 2190 3982 cipitat.
2217 3910 2365 3966 215
2390 3910 2735 3966 Tertullian.
2755 3911 2839 3967 sic
2865 3913 3300 3987 interpretatur,
3321 3918 3392 3973 ab
3413 3921 3616 3976 eodem

1965 4000 2251 4056 rationem
2284 4017 2545 4055 errorum
2580 4006 2637 4056 et
2667 4002 2945 4057 ducatum
2981 4007 3261 4062 mutuari.

1965 4108 2055 4162 20.
2093 4106 2269 4161 Caecus
2310 4108 2366 4162 in
2412 4110 2628 4183 petram
2683 4108 2931 4183 oﬂendit,
2966 4114 3105 4164 tom.
3140 4111 3236 4183 ΙΙΙ,
3270 4112 3369 4168 lib.
3405 4131 3459 4183 v,
3493 4115 3615 4172 adv.

2449 4179 2635 4247 Mam,
2672 4196 2798 4251 cap.
2832 4182 2886 4247 7,
2922 4198 2977 4235 n.
3014 4184 3135 4238 119.

2040 4284 2440 4340 Tertullianus
2485 4284 2793 4355 allegorice
2842 4287 2913 4342 de
2960 4288 3274 4355 Marcione,
3308 4291 3432 4361 qui,
3465 4309 3611 4348 erro-

1971 4389 2099 4427 rum
2155 4373 2436 4444 pravitate
2480 4378 2820 4440 excaecatus,
2856 4374 3006 4430 male
3056 4376 3124 4431 de
3175 4376 3402 4433 Christo
3434 4380 3623 4451 (petra

1972 4460 2243 4533 spiritali)
2302 4461 2561 4516 sentiret.
2624 4466 2746 4517 Non
2806 4463 3075 4519 absimile
3116 4484 3129 4522 :
3176 4466 3505 4539 Impingere
3561 4469 3621 4524 in

1892 4548 1937 4611 D
1968 4550 2299 4620 scopulum,
2333 4549 2434 4603 lib.
2477 4553 2547 4604 de
2595 4552 2879 4615 Trinitate,
2916 4569 3040 4621 cap.
3076 4554 3144 4607 28
3180 4570 3193 4610 :
3238 4556 3453 4611 Duobus
3502 4558 3625 4612 istis

1976 4640 2130 4707 locis,
2165 4638 2489 4709 quibusdam
2530 4640 2735 4711 effossis
2780 4641 3085 4696 luminibus
3116 4644 3360 4712 orbatus,
3393 4650 3533 4700 totus
3564 4648 3624 4701 in

1972 4729 2229 4783 doctrinae
2286 4745 2399 4782 suae
2454 4731 2697 4784 caecitate
2750 4740 3062 4801 superatus.
3121 4732 3509 4805 Usurpabitur
3564 4736 3623 4792 in
3683 4722 3693 4732 ’

1974 4834 2107 4871 eum
2142 4834 2315 4888 quem
2341 4817 2674 4889 opinionem
2707 4819 3058 4889 perversitas
3091 4822 3161 4876 ad
3191 4823 3448 4879 absurda
3478 4842 3631 4897 quaso

1975 4907 2331 4979 praecipitem
2359 4907 2499 4978 agit.

2008 5015 2097 5069 21.
2135 5012 2349 5069 Cadere
2397 5015 2665 5081 cominus,
2696 5018 2834 5070 tom.
2872 5015 2970 5085 ΙΙΙ,
3021 5014 3121 5070 lib.
3156 5034 3195 5072 11
3245 5018 3367 5074 adv.
3413 5025 3589 5077 Marc.

2150 5102 2269 5156 cap.
2304 5086 2430 5150 ult.,
2464 5104 2519 5140 n.
2543 5088 2668 5157 205,
2703 5092 2758 5142 et
2788 5086 2890 5140 lib.
2926 5105 2986 5157 11,
3020 5104 3147 5160 cap.
3175 5090 3228 5157 5,
3265 5108 3319 5144 n.
3358 5092 3443 5146 14.

2047 5192 2324 5247 Cominus
2390 5194 2613 5259 aedere,
2682 5196 2927 5249 cominus
2983 5194 3283 5261 dimicare,
3361 5192 3627 5267 συστάδην

1980 5277 2268 5352 μάχεσθαι,
2315 5279 2403 5332 καὶ
2460 5280 2708 5354 ἐγγύθεν;
2759 5283 2852 5336 cui
2902 5284 3285 5351 contrarium,
3318 5282 3623 5357 πὸῤῥωθεν,

1978 5366 2065 5422 διὰ
2096 5366 2336 5442 δορᾶτων
2391 5368 2424 5437 ἢ
2480 5369 2674 5444 βὲλων.
2708 5371 3081 5425 Translatum
3135 5389 3167 5426 a
3215 5371 3386 5442 bello,
3420 5372 3477 5426 in
3511 5388 3627 5442 quo

1979 5476 2133 5514 nunc
2165 5458 2418 5514 conserti
2466 5465 2729 5533 pugnant
2778 5459 3007 5532 gladiis,
3045 5465 3101 5514 et
3149 5476 3476 5526 conserere,
3510 5460 3630 5517 sive

1976 5550 2236 5603 conferre
2262 5565 2474 5603 manus
2497 5551 2796 5616 dicuntur,
2829 5566 2983 5603 nunc
3009 5548 3296 5603 machinis
3319 5553 3420 5603 aut
3450 5550 3627 5606 etiam

1978 5637 2229 5693 amentis
2262 5638 2463 5709 procul
2496 5638 2608 5696 tela
2639 5638 2695 5693 in
2730 5638 2959 5694 hostem
2995 5641 3350 5708 torquentes.
3385 5636 3631 5700 Utemur
