4526 6348
645 323 767 385 263

1710 321 1815 383 EX
1852 319 2399 384 APOLOGETIGO
2438 320 2974 386 TERTULLIANI

3376 369 3425 395 .-
3926 325 4053 385 264

643 472 730 523 eo,
765 471 899 511 cum
948 456 1278 528 signiﬁcem
1306 454 1665 511 voluerimus
1710 471 1818 510 nos
1864 470 1988 510 rem
2039 454 2281 528 propius
2310 463 2366 529 Α
2468 456 2530 510 Id
2562 460 2651 513 est
2684 474 2699 513 :

642 560 748 601 seu
790 546 861 600 de
912 545 1238 616 prepinquo
1271 544 1415 600 velle
1464 545 1808 616 expendere,
1841 544 2081 614 agitare,
2112 560 2289 615 argu-

642 638 840 689 menta
878 651 947 689 ex
991 634 1071 689 rei
1121 633 1309 705 ipsius
1358 636 1588 702 natura,
1621 650 1736 688 non
1786 634 2149 689 extrinsecus
2194 648 2288 687 as-

639 729 896 794 sumpta,
930 723 1000 778 ad
1053 722 1470 777 inﬁrmandam
1519 721 1770 793 alicujus
1820 721 2171 777 sententiam
2204 720 2287 777 at-

638 811 808 867 ferre.

688 918 775 972 22.
810 918 885 972 De
911 914 1161 972 calcaria
1188 915 1259 970 ad
1286 916 1691 983 carbonariam,
1726 918 1868 970 tom.
1904 914 2001 981 III,
2032 913 2135 970 lib.
2168 914 2231 969 de

1009 988 1184 1043 Carne
1216 987 1440 1055 Christi,
1475 1004 1603 1059 cap.
1633 988 1689 1055 6,
1724 1005 1781 1041 n.
1812 987 1903 1041 52.

708 1076 1041 1132 Rnanmus.
1076 1076 1330 1131 Calcaria
1378 1076 1619 1131 taberna
1663 1079 1770 1142 cst,
1806 1074 1904 1130 ubi
1936 1072 2061 1130 calx
2100 1090 2287 1129 asser-

632 1170 801 1220 vatur
848 1168 951 1220 aut
994 1164 1283 1220 venditur.
1317 1164 1407 1220 Sic
1433 1165 1773 1220 carbonaria
1825 1181 1859 1219 a
1905 1163 2282 1218 carbonibus.

633 1253 787 1309 Usus
841 1254 972 1319 erit,
1013 1270 1197 1325 quum
1248 1269 1339 1308 res
1387 1253 1627 1309 sordida
1671 1258 1774 1309 aut
1826 1251 2092 1318 molesta,
2123 1267 2286 1323 eaque

630 1342 866 1397 sordida
895 1347 997 1398 aut
1044 1342 1291 1397 molesta
1337 1346 1621 1397 mutatur.
1653 1342 1723 1397 Et
1753 1340 1992 1414 elegans
2049 1356 2281 1412 prover-

627 1430 793 1486 bium
825 1435 937 1500 est,
968 1431 1197 1502 quoties
1228 1432 1299 1486 de
1344 1432 1575 1502 impuro
1614 1430 1740 1487 loco
1771 1431 1842 1486 ad
1875 1428 2057 1485 nihilo
2088 1428 2284 1501 purio-

628 1535 753 1574 rem
786 1536 893 1576 nos
924 1520 1272 1592 recipimus;
1320 1536 1451 1574 cum
1505 1536 1573 1574 ex
1632 1535 1748 1575 uno
1807 1517 1960 1573 malo
2008 1517 2068 1573 in
2123 1516 2279 1571 aliud

628 1608 925 1664 diversum
974 1608 1312 1664 incidimus.
1347 1610 1665 1679 Postquam
1699 1606 2097 1663 Tertullianus
2127 1606 2281 1661 Mar-

629 1698 815 1753 cionis
846 1698 1249 1769 respondisset
1290 1698 1710 1768 impurissime
1753 1696 1975 1763 haeresi,
2008 1696 2076 1751 ad
2107 1692 2280 1766 Apel-

2400 563 2689 626 Annutabo
2714 561 2811 626 tibi
2838 561 3028 625 capite,
3062 565 3121 610 ut
3160 561 3297 626 bene
3328 561 3431 610 ﬁda
3458 562 3730 626 quiescas;

2396 628 2505 675 Hoc
2533 626 2575 673 si
2606 625 2819 688 quidem
2850 622 3103 684 magnum
3130 629 3210 673 est
3238 622 3888 688 dis_cumfimmortalibus
3908 642 3939 677 a
3961 641 4049 678 me

2393 686 2677 748 Judirium,
2708 701 2881 751 neque
2912 688 3055 735 enim
3082 686 3383 751 revocabile
3412 687 3503 747 mi,
3535 701 3711 750 neque
3743 689 3924 749 fallax,

2395 752 2654 814 Quodque
2685 750 2976 815 tibi_'cap_ite
3007 750 3301 815 annutabo,
3333 763 3517 815 neque
3538 751 3933 815 imperfectum.

2396 815 2543 863 Dicta
2568 812 2865 876 superciliis
2891 812 3172 860 Saturnius
3201 812 3394 861 annuit
3421 813 3568 861 atris.

2466 919 2628 975 Unde
2660 918 2904 995 Plinius,
2936 916 3035 973 lib.
3065 934 3103 985 ι,
3136 917 3307 989 epist.
3339 918 3408 974 ad
3457 918 3739 975 Octavium
3790 923 3993 994 Rufum
4024 942 4046 978 :

2392 1008 2536 1063 Vide
2591 1010 2651 1063 in
2694 1024 2809 1079 quo
2862 1023 2954 1063 me
3004 1006 3238 1078 fastigio
3294 1007 3621 1075 collocaris,
3654 1026 3838 1082 quum
3895 1012 4044 1068 mihi

2391 1098 2548 1155 idem
2606 1098 2943 1171 potestatis,
3002 1098 3276 1171 idemque
3331 1098 3496 1172 regni
3554 1101 3825 1171 dederis,
3882 1103 4043 1177 quod

2394 1188 2681 1244 Homerus
2709 1187 2859 1243 Jovi.

2391 1313 2502 1389 Ϊὶᾢ
2532 1309 2578 1366 δ’
2601 1308 2785 1383 ἕτερον
2818 1312 2911 1389 μὲν
2940 1306 3337 1389 ἔδωκενπατὴρ,
3368 1308 3548 1389 ἕτερον
3578 1312 3626 1369 δ’
3658 1314 3953 1373 ἂνὲνευσεν.

2392 1386 2564 1435 Unum
2596 1386 2858 1434 concessit
2884 1390 3009 1434 voto
3038 1388 3207 1448 pater,
3238 1386 3429 1435 abnuit
3456 1386 3647 1437 unum.

2391 1492 2537 1548 Nam
2568 1507 2674 1562 ego
2695 1507 2930 1562 quoque
2959 1489 3136 1547 simili
3169 1495 3316 1547 nutu
3349 1508 3415 1547 ac
3447 1498 3656 1550 renutu
3691 1496 4051 1566 respondere

2390 1586 2523 1636 voto
2551 1585 2652 1635 tuo
2684 1596 2945 1651 possum.
2977 1584 3099 1635 Huc
3131 1580 3419 1652 pertinere
3449 1598 3565 1637 non
3600 1588 3821 1639 temere
3851 1584 4053 1639 existi-

2391 1685 2542 1725 mem
2578 1684 2591 1724 :
2623 1670 2959 1723 Censorium
2994 1670 3370 1739 supercilium,
3403 1673 3572 1742 quasi
3605 1671 3705 1743 qui
3746 1674 4049 1744 supercilio

624 1785 700 1841 lis
729 1803 892 1857 azque
924 1788 1142 1857 impuri
1172 1786 1629 1841 confutationem
1681 1801 1806 1841 sese
1855 1784 2122 1855 accingit.
2155 1784 2236 1839 No

2277 1830 2357 1857 in
2388 1758 2514 1815 solo
2566 1757 2655 1813 vel
2704 1759 2963 1823 damnet,
2999 1757 3084 1812 vel
3138 1759 3365 1829 probet,
3418 1761 3572 1831 quod
3622 1760 3720 1817 alii
3771 1762 4043 1817 tetricsm

630 1873 902 1930 absimile
932 1891 944 1928 :
980 1876 1019 1930 E
1051 1875 1243 1947 Scylla
1272 1875 1329 1928 in
1362 1874 1747 1945 Charybdim;
1782 1889 1811 1928 e
1843 1874 2001 1928 fumo
2034 1872 2092 1927 in
2123 1876 2285 1927 llam-

628 1979 808 2018 mam.
838 1962 963 2019 Nisi
1002 1964 1153 2034 quod
1204 1961 1302 2018 illo
1336 1962 1642 2018 Proverbio
1675 1962 1943 2033 quaedam
1993 1959 2281 2016 malorum

626 2052 955 2122 diversitas,
989 2052 1157 2123 quasi
1210 2051 1600 2123 repugnantia
1648 2050 1964 2122 significari
1998 2050 2278 2119 videatur,

625 2141 710 2195 uti
746 2139 873 2196 calx
898 2145 956 2195 et
983 2140 1286 2206 carbones,
1310 2141 1532 2195 ratione
1557 2138 1985 2195 contrariorum
2017 2138 2277 2193 colorum

624 2233 975 2299 repugnant.
1011 2230 1443 2299 Sumptumque
1473 2233 1561 2284 est
1598 2229 1668 2283 ab
1702 2228 1795 2297 iis,
1829 2228 2045 2299 quibus
2077 2229 2276 2283 sordes

622 2317 857 2385 odiosae,
892 2333 1076 2387 neque
1108 2316 1272 2373 facile
1300 2317 1573 2373 vestitum
1607 2316 1992 2373 contaminari
2027 2316 2141 2371 sibi
2175 2332 2273 2388 pa~

621 2405 873 2470 tiuntur,
905 2406 1060 2477 quod
1096 2404 1276 2477 fuligo
1311 2411 1625 2478 utrumque
1656 2406 1857 2461 efﬁcit.

619 2513 709 2567 23.
746 2512 963 2583 Campis
991 2514 1105 2568 suis
1133 2512 1459 2583 diffundere,
1491 2518 1634 2568 tom.
1667 2513 1726 2581 V,
1758 2512 1859 2567 lib.
1891 2511 1956 2567 de
1982 2512 2268 2579 Trimlale,

1224 2600 1351 2655 cap.
1383 2586 1437 2652 6,
1479 2602 1534 2639 n.
1572 2586 1663 2639 26.

693 2670 841 2739 Haec,
891 2670 1044 2726 inter
1088 2687 1150 2727 se
1200 2674 1442 2743 opponit
1491 2670 1846 2727 Novatianus
1898 2687 1911 2725 :
1962 2671 2112 2725 Intra
2159 2676 2272 2727 hac

616 2761 858 2830 corporis
890 2761 1066 2815 nostri
1108 2762 1439 2816 lineamenta
1491 2761 1710 2817 modum
1762 2762 1856 2814 aut
1902 2759 2138 2827 ﬁguram
2171 2762 2267 2814 di-

616 2851 765 2905 vinae
791 2850 1097 2920 majestalis
1128 2849 1442 2917 includere;
1474 2852 1523 2904 et
1561 2852 1677 2903 suis
1708 2850 1865 2903 illam
1891 2850 2270 2906 interminata”

614 2938 1021 3008 magnitudinis
1049 2940 1257 3009 campis
1301 2940 1422 2994 sine
1452 2939 1568 2993 ullo
1616 2938 1725 3008 ﬁne
1755 2937 2090 3009 diffundere.
2120 2941 2267 2993 Nota

614 3034 753 3082 sunt
784 3027 1062 3098 patientia
1090 3044 1325 3098 aequora
1347 3043 1689 3099 camporum
1722 3032 1779 3081 et
1810 3026 2263 3097 immensitates,

612 3114 674 3170 in
706 3116 939 3187 propria
968 3115 1125 3171 vocis
1157 3115 1599 3186 signiﬁcatione.
1635 3116 1702 3170 Et
1731 3113 1874 3170 illud
1908 3114 2109 3188 Virgil.
2139 3133 2152 3173 :

1015 3222 1230 3283 Equites
1260 3223 1532 3283 Messapus
1562 3222 1615 3283 in
1651 3222 1831 3278 armis,

766 3283 829 3333 Et
856 3297 978 3333 cum
1008 3282 1167 3333 fratre
1200 3286 1379 3344 Coras,
1408 3285 1526 3333 latis
1556 3282 1845 3347 diffundite
1868 3285 2080 3348 campis.

610 3388 759 3442 Κατᾶ
781 3390 879 3458 τὴν
914 3388 1217 3465 μεταφορὰν
1252 3389 1409 3445 haec:
1445 3390 1760 3447 Rhetorum
1792 3391 1982 3463 campi
2009 3408 2022 3447 ε
2056 3391 2119 3448 In
2151 3391 2259 3447 ali-

611 3492 728 3548 quo
759 3494 965 3550 campo
992 3480 1289 3533 Oratorem
1323 3478 1537 3534 versari
1572 3495 1584 3533 :
1628 3483 1705 3534 Ex
1754 3479 1971 3549 ingenti
2002 3482 2257 3552 quodam

610 3568 1021 3638 immensoque
1069 3583 1273 3639 campo
1317 3567 1374 3622 in
1404 3568 1678 3639 exiguum
1710 3584 1916 3641 gyrum
1966 3574 2254 3626 oratorem

610 3654 986 3726 compellere;
1020 3659 1077 3711 et
1108 3671 1120 3708 :
1156 3655 1284 3710 Haec
1332 3654 1687 3710 latissimum
1719 3657 1948 3712 dicendi
1980 3673 2255 3729 campum

609 3743 826 3798 rhetori
860 3745 1013 3800 216
1049 3743 1237 3799 solent
1267 3745 1507 3813 aperire.
1546 3745 1617 3799 Ex
1653 3746 1867 3817 quibus
1898 3750 1954 3801 et
1995 3745 2172 3817 hujus
2202 3755 2255 3803 et

609 3832 909 3904 sequentis
940 3831 1227 3904 proverbii
1262 3849 1404 3887 usus
1442 3838 1613 3904 patet.

641 3938 731 3994 24.
766 3939 1000 4011 Campus
1032 3941 1188 4012 [usus
1218 3942 1269 3994 et
1298 3938 1743 4063 lgtuizgperitur,
1772 3938 1934 4007 Ibid.,
1967 3956 2094 4012 cap.
2125 3940 2217 4008 28,

1315 4027 1373 4064 n.
1419 4027 1540 4064 ῙΖΙ.

678 4097 780 4153 Cui
814 4097 1192 4167 contrarium,
1217 4114 1332 4153 non
1364 4096 1579 4152 habere
1610 4097 1755 4153 satis
1786 4114 2066 4171 magnum
2099 4116 2251 4155 cam-

606 4202 745 4259 pum
782 4185 838 4241 in
871 4203 987 4258 quo
1016 4191 1300 4256 versetur,
1326 4186 1480 4259 apud
1512 4185 1869 4243 Ciceronem.
1896 4188 2251 4246 Novatianus

605 4274 779 4330 etiam
813 4274 951 4331 alibi
986 4276 1186 4331 eodem
1220 4276 1367 4331 libro
1394 4293 1408 4331 :
1439 4298 1459 4325 αι
1490 4279 1621 4330 Haec
1651 4274 1903 4331 breviter
1931 4277 2052 4333 sint
2082 4278 2250 4335 nobis

604 4364 761 4419 dicta
790 4369 846 4419 et
875 4363 1125 4419 strictim
1158 4363 1365 4434 posita,
1398 4366 1453 4419 et
1499 4380 1611 4418 non
1648 4362 1821 4436 longa
1852 4364 2251 4434 disputatione

602 4456 885 4524 porrecta.
920 4453 1121 4508 Latius
1168 4453 1325 4508 enim
1377 4456 1693 4525 potuerunt
1736 4453 1973 4526 porrigi,
2007 4459 2063 4510 et
2110 4472 2245 4527 pro-

602 4543 871 4611 pensiore
899 4543 1299 4613 disputatione
1330 4542 1593 4614 produci.
1624 4564 1651 4591 ››

542 4667 551 4677 ·
600 4647 691 4700 25.
728 4646 942 4719 Capitis
979 4650 1278 4720 supercilio
1319 4649 1485 4719 loqui,
1520 4652 1660 4705 tom.
1695 4649 1787 4717 ΙΙΙ,
1820 4649 1920 4707 lib.
1963 4650 2085 4707 adv.
2120 4653 2243 4708 Her.

1096 4737 1235 4792 mag.
1271 4737 1398 4793 cap.
1428 4722 1519 4789 27,
1554 4738 1611 4776 n.
1642 4721 1736 4777 9|.

672 4806 735 4862 In
773 4810 1087 4878 superciliis
1135 4814 1370 4866 notatur
1400 4810 1604 4880 fastus,
1637 4826 1752 4881 qua
1783 4815 1949 4882 parte
1996 4815 2096 4867 aut
2142 4827 2245 4868 ne-

597 4911 811 4968 gamus
857 4905 960 4952 aut
1011 4896 1310 4953 anuimus.
1364 4898 1530 4952 Haud
1590 4899 1767 4953 dubie
1816 4902 2120 4954 mutuatus
2171 4900 2246 4955 ab

602 4985 847 5041 llomero
868 4985 1012 5041 illud
1034 4990 1121 5041 est
1145 4984 1384 5042 Tertull.
1407 4985 1592 5041 llliad.
1611 5004 1663 5041 α.
1683 4985 1885 5041 Thetis
1906 4986 1977 5041 ad
1999 4987 2198 5044 Jovem
2228 5004 2241 5044 :

739 5097 818 5160 Νη
830 5091 1019 5166 μερτές
1049 5088 1114 5161 δή
1152 5112 1248 5166 μοι
1282 5091 1553 5166 ὑπόσχεο,Δ
1577 5092 1664 5144 καὶ
1693 5088 2041 5145 κατάνευσον.

723 5165 873 5214 Haud
903 5164 1202 5215 dubitanda
1229 5164 1361 5213 mihi
1388 5164 1635 5227 promitte
1665 5169 1825 5227 atque
1859 5176 2060 5213 annue.

595 5265 929 5333 Respondet
956 5263 1192 5334 Jupiter
1222 5277 1234 5316 :

599 5364 665 5422 Ei
694 5362 740 5419 δ’
772 5368 869 5440 ἄγε
898 5388 981 5421 τοι
1012 5363 1224 5441 κεφαλῇ
1256 5362 1671 5441 κατανξῦσρμᾳι,
1700 5358 1838 5441 ὄφρα
1869 5362 2127 5441 πεποίθῃς
2154 5383 2166 5434 ;

596 5441 771 5492 Τοῦτο
802 5435 903 5512 ιίὰρ
938 5438 987 5507 ἐξ
1020 5435 1209 5510 ἐμέθεν
1235 5457 1297 5508 γε
1327 5437 1440 5508 μετ’
1473 5435 1782 5490 summa
1820 5436 2070 5523 μέγιστον

596 5510 657 5523 ._.
932 5509 943 5523 .
1024 5511 1035 5523 .
1116 5508 1128 5523 ς
1189 5510 1200 5523 .
1347 5508 1363 5523 ς
1452 5507 1461 5523 ι
1758 5504 1810 5523 n
1874 5507 1885 5523 ς
2048 5505 2066 5523 η

596 5504 950 5585 Τέίξμωρχὸῷ
1111 5504 1679 5585 ἐμὸνίπάλινάγρετογ,
1718 5504 1829 5561 ob?)6
1862 5504 2166 5585 ἀᾶτᾳτηλὸν,

598 5577 725 5655 938"
758 5577 1114 5655 ἁςὲελεύτῄτόν
1142 5577 1340 5655 γ’,ὅ-τι
1369 5600 1457 5655 »ξεν
1486 5577 1701 5655 usuali
1728 5578 2058 5655 κατανεύσω.

599 5651 690 5720 'H,
720 5650 809 5704 καὶ
839 5649 1116 5727 κυανέῂσιν
1148 5649 1231 5709 in"
1262 5651 1454 5730 ὀφρύσι
1483 5649 1631 5707 vsust
1659 5649 1926 5728 Κρονίων.

2312 1842 2359 1907 Β
2390 1848 2751 1903 severitatem
2780 1847 3260 1917 interpretantur.

2389 1956 2478 2009 26.
2512 1953 2883 2011 Catharlieum
2912 1951 3063 2022 dare,
3100 1958 3259 2081 1οτιί1
3272 1955 3323 2081 1l,
3355 1953 3457 2011 lib.
3488 1955 3556 2011 de
3585 1956 3788 2028 Pallio,
3821 1973 3950 2030 cap.
3981 1957 4049 2029 5,

3098 2042 3157 2081 n.
3308 2069 3321 2081 .

3098 2042 3157 2081 Il.
3198 2042 3321 2083 ιιι.

2458 2112 2789 2187 Καθαρτικὸν
2847 2111 2883 2181 ἢ
2939 2113 3300 2188 καθαρτήριον
3360 2115 3683 2190 φάρμακον,
3742 2113 3779 2185 ἢ
3834 2114 4050 2191 κάθαρ-

2386 2224 2491 2272 σις,
2525 2203 3015 2260 medicamentum
3047 2203 3450 2270 ventriﬂuum,
3484 2204 3605 2260 sive
3644 2206 3800 2277 quod
3841 2205 4045 2264 alvum

2385 2293 2602 2362 dejicit.
2635 2293 2778 2347 Hinc
2813 2287 3091 2359 ὑπήλατον
3124 2292 3346 2347 dictum
3380 2293 3737 2366 Hippocrati.
3771 2294 4050 2365 Explicat

2383 2398 2445 2437 se
2475 2380 2715 2437 Tertull.
2738 2398 2751 2435 :
2777 2379 3036 2436 Sermone
3059 2396 3143 2437 me
3169 2382 3403 2437 suasisti
3427 2381 3794 2439 medicamine
3820 2384 4048 2455 sapien-

2380 2471 2588 2527 tissimo
2617 2485 2636 2526 :
2667 2485 2735 2524 ex
2764 2484 2950 2541 graeco
2984 2469 3214 2524 senario
3251 2484 3264 2523 :

2554 2575 2719 2648 Λόγῳ
2753 2574 2808 2646 μ’
2838 2570 3054 2634 ἔπεισας
3083 2572 3354 2650 φαρμάκῳ
3384 2574 3706 2652 σοφωτάτῳ.

2379 2685 2683 2755 Καθαιροῦν
2732 2687 2823 2738 est
2870 2681 3120 2737 lustrare
3151 2686 3209 2737 et
3238 2681 3496 2755 expiare,
3528 2684 3597 2739 ad
3633 2684 3785 2755 quod
3820 2683 4045 2743 alludit

2377 2773 2571 2829 Horat.
2603 2770 2706 2826 lib.
2740 2788 2779 2837 ι,
2815 2769 2984 2841 epist.
3018 2770 3068 2838 1,
3102 2770 3348 2842 loquens
3380 2771 3452 2827 de
3480 2771 3639 2827 vitiis
3671 2772 3851 2828 animi
3889 2789 3902 2828 :

2438 2889 2574 2937 Sunt
2601 2887 2763 2937 verba
2795 2890 2847 2935 et
2874 2899 3051 2942 voces,
3081 2886 3279 2949 quibus
3310 2885 3453 2949 hunc
3482 2886 3650 2937 lenire
3686 2887 3929 2939 dolorem

2436 2950 2635 3011 Possis,
2666 2954 2717 2999 et
2744 2949 2914 2998 morbi
2949 2948 3198 3012 magnam
3228 2948 3495 3013 depellere
3526 2954 3749 3014 partem.

2373 3048 2481 3103 Et:

2438 3193 2449 3205 .
2516 3190 2530 3205 .
2599 3192 2613 3205 .
2679 3189 2722 3218 ,γ
2765 3192 2778 3204 .
2813 3157 2942 3204 sunt
2969 3158 3113 3203 certa
3146 3152 3379 3217 piacula,
3411 3167 3532 3218 qum
3559 3157 3612 3218 te

2286 3207 2330 3275 C
2427 3218 2527 3268 Ter
2554 3231 2686 3281 pure
2715 3217 2853 3267 lecto
2887 3207 3176 3280 potuerun‘t
3204 3207 3445 3267 recreare
3477 3216 3673 3268 libello.

2440 3331 2560 3381 Huc
2591 3323 2862 3398 pertinet,
2892 3321 3159 3380 Elleboro
3190 3340 3456 3396 purgare,
3488 3329 3545 3381 et
3573 3324 3812 3381 similia.

2436 3451 2527 3507 27.
2562 3450 2762 3506 Catone
2788 3443 3179 3522 sapientioret
3213 3449 3457 3522 grauior,
3492 3455 3631 3505 tom.
3666 3450 3692 3505 Ι
3721 3449 3944 3522 Apolog.

2932 3536 3062 3591 cap.
3099 3520 3185 3589 11,
3228 3536 3286 3575 n.
3323 3520 3445 3575 173.

2436 3610 2639 3665 Catum
2673 3608 2873 3665 Sabini
2924 3614 3165 3664 acutum
3215 3608 3509 3679 dixerunt,
3545 3610 3700 3665 unde
3748 3609 4022 3669 Catonum
4094 3674 4101 3685 ,

2364 3716 2598 3756 nomen.
2632 3699 2820 3769 Hujus
2860 3704 3055 3753 autem
3092 3698 3336 3767 Catonis,
3370 3698 3524 3769 apud
3568 3697 3809 3754 Tertull.
3840 3699 4023 3770 primi

2364 3798 2416 3845 et
2444 3786 2724 3857 Censorii,
2752 3785 3006 3859 elogium
3053 3786 3231 3842 habes
3265 3786 3420 3859 apud
3454 3785 3710 3841 Plinium
3752 3786 3878 3854 lib.,
3909 3805 4020 3859 vn,

2364 3896 2488 3952 cap.
2519 3880 2620 3945 2'7;
2653 3879 2801 3934 217
2857 3882 2913 3932 et
2962 3877 3119 3949 apud
3168 3876 3424 3933 Ciceron.
3458 3876 3559 3931 lib.
3594 3876 3661 3932 de
3708 3878 3880 3933 Amic.
3914 3879 4024 3935 ubi

2362 3969 2435 4025 de
2466 3970 2673 4024 Catone
2718 3965 2929 4023 Laelius
2962 3983 2975 4022 :
3009 3968 3122 4021 Aut
3169 3966 3325 4022 enim
3380 3982 3572 4035 nemo,
3606 3969 3709 4022 aut
3752 3965 3802 4022 si
3852 3966 4025 4039 quis-

2362 4074 2563 4130 quam,
2594 4055 2693 4112 ille
2743 4054 2978 4127 sapiens
3029 4054 3154 4109 fuit.
3204 4055 3273 4109 Et
3325 4053 3382 4108 in
3419 4053 3521 4110 lib.
3554 4052 3622 4111 de
3667 4054 3880 4112 Senect.
3911 4058 4029 4128 qui

2359 4148 2581 4204 Catonis
2610 4144 2789 4216 hujus
2821 4143 3058 4199 nomine
3087 4142 3451 4199 inscribitur.

2402 4253 2491 4308 28.
2528 4252 2769 4309 Caucaso
2797 4250 3108 4317 abruptior,
3122 4252 3280 4374 1tom.
3310 4247 3499 4375 lib.
3534 4249 3577 4320 Ι,
3610 4248 3733 4306 αάυ.
3767 4253 3966 4319 llarc.,

2962 4338 3086 4377 can.
3160 4365 3173 4377 .
3216 4338 3275 4377 n.
3384 4362 3397 4375 .

2962 4338 3086 4393 cap.
3122 4338 3173 4391 1,
3216 4338 3275 4377 n.
3310 4338 3397 4375 ιο.

2429 4412 2746 4480 Caucasus,
2789 4425 2957 4465 mons
3003 4408 3251 4481 Scythiae
3301 4406 3692 4479 vastissimus,
3724 4408 3913 4480 cujus,
3944 4415 4026 4468 ut

2358 4501 2440 4557 ait
2485 4499 2632 4555 Plin.
2669 4498 2766 4554 lib.
2799 4515 2876 4567 vx,
2912 4514 3039 4568 cap.
3070 4499 3127 4564 5,
3151 4498 3297 4569 juga
3325 4496 3385 4552 in
3417 4496 3680 4554 colcbica
3725 4497 3892 4555 Ponti
3924 4514 4028 4556 re-

2277 4567 2321 4631 D
2354 4590 2525 4662 gione
2558 4589 2627 4643 ad
2663 4587 2931 4660 Riphaeos
2960 4567 3189 4642 montes
3219 4567 3584 4659 torquentur,
3618 4585 3798 4643 altero
3828 4586 4023 4647 latere

2354 4677 2413 4732 in
2444 4674 2735 4732 Euxinum
2767 4680 2825 4731 et
2871 4675 3119 4731 Meotim
3156 4675 3390 4745 devexa,
3422 4673 3605 4731 altero
3635 4674 3693 4730 in
3728 4676 4017 4747 Caspium

2355 4770 2412 4821 et
2467 4764 2821 4836 Hyrcanium
2881 4780 3076 4834 mare,
3133 4762 3312 4819 variis
3378 4762 3719 4820 nominibus
3774 4764 4013 4824 VmGIL.

2353 4852 2607 4921 Δῖηεὶάη
2644 4850 2713 4908 IV
2742 4868 2755 4908 :

2760 4949 2916 4999 Duris
2938 4934 3135 5012 genuit
3160 4952 3212 4999 te
3241 4950 3486 4999 cautibus
3522 4948 3753 5000 horrens

2511 5013 2784 5074 Caucasus,
2818 5013 3202 5076 Hyrcanaeque,
3234 5017 3333 5061 etc.

2422 5121 2646 5185 Quibus
2677 5118 2870 5176 verbis
2897 5119 3191 5191 abruptum
3230 5117 3570 5191 explicatur.
3603 5118 3668 5175 In
3699 5117 4013 5180 hominem

2352 5215 2639 5284 agrestem
2655 5253 2667 5275 ,
2690 5213 2745 5265 et
2767 5209 3003 5277 durum,
3030 5206 3456 5264 intractabilem
3480 5213 3537 5264 et
3557 5206 3977 5281 inhospitalem
3995 5253 4013 5268 .

2349 5318 2438 5373 29.
2473 5317 2767 5374 Cerebrum
2798 5314 2884 5369 vel
2928 5329 3024 5368 cor
3071 5329 3182 5370 non
3230 5312 3449 5383 habere,
3479 5318 3620 5369 tom.
3655 5315 3753 5381 ΙΙΙ,
3784 5313 3885 5370 lib.
3918 5332 4009 5385 1v,

2721 5387 2862 5442 adv.
2901 5389 3097 5453 Marc.,
3129 5402 3257 5456 cap.
3291 5387 3377 5452 10,
3411 5402 3468 5439 n.
3505 5387 3625 5440 118.

2420 5476 2485 5532 In
2498 5474 3319 5546 bominisrerebro,spirituum
3331 5473 3590 5529 vitalium
3608 5474 4007 5547 receptaculo,

2350 5583 2623 5639 suprema
2654 5569 2712 5621 et
2757 5565 2925 5636 quasi
2962 5564 3121 5633 regia
3153 5562 3396 5619 rationis
3426 5566 3715 5635 potestas;
3749 5564 3809 5619 in
3839 5565 4010 5624 cordo

2346 5657 2507 5711 totus
2536 5654 2663 5727 ipse
2696 5654 2819 5709 vitae
2851 5654 2980 5710 fons
3010 5656 3068 5708 et
3097 5652 3398 5725 sapientiae
3430 5651 3618 5709 sedes.
3644 5651 3788 5710 Hinc
3809 5669 4010 5710 vecor-
