4526 6374
655 353 775 416 267
1724 349 1828 410 EX
1873 345 2399 408 TERTULLIANI
2444 346 2988 410 APOLOGETICO
3943 349 4066 412 268

653 489 744 544 38.
779 486 962 544 Cuneo
988 484 1301 553 extrudere,
1333 487 1483 540 tum.
1532 482 1776 556 III,rlt’b.
1829 501 1871 551 ι,
1929 481 2058 538 adv.
2107 481 2298 552 illam,
2327 480 2905 549 Ademonstratium
2961 483 3311 540 titillatur.»
3367 482 3468 539 Est
3525 482 3803 556 potentis,
3851 482 4061 556 digitis

1220 572 1348 628 cap.
1379 556 1470 627 21,
1511 573 1570 611 n.
1605 555 1727 611 150-
2410 569 2676 626 denotari
2707 575 2764 626 ct
2792 575 3007 628 monsti

2410 569 2676 626 denotari
2707 575 2764 626 ct
2792 571 3131 628 monstrari.
3165 572 3360 628 Horat.
3394 571 3499 627 0d.
3526 555 3580 640 3,
3614 571 3716 628 lib.
3749 589 3804 628 ιν
3836 588 3850 629 :

725 671 843 724 Hoc
870 681 1042 722 cuneo
1071 665 1316 720 veritatis
1358 664 1535 718 omni:
1566 661 1880 718 extruditur
1910 661 2150 718 ha’resis.
2187 662 2301 717 ϐα·
2655 678 2807 743 Quod
2837 683 3106 743 ωοῃειι-οι-
3141 678 3307 743 digno
3335 679 3797 742 praetereuntium,

651 773 806 824 neas,
839 757 1090 812 ferreum
1120 752 1208 809 vel
1242 751 1502 824 ligneum
1554 752 2020 808 instrumentum
2066 766 2202 821 quo,
2235 750 2302 802 ut
2654 741 2905 790 Romane
2939 741 3132 791 ﬁdicen
3163 741 3311 805 lyrae.

654 847 737 903 ait
772 844 1072 916 Virgilius,
1105 841 1486 898 scindebatur
1528 839 1708 896 fissile
1754 839 2016 911 lignum;
2049 856 2083 894 a
2128 838 2301 908 cuius
2479 837 2548 892 Et
2575 836 2676 893 lib.
2706 839 2810 910 Ep.
2851 839 2957 895 Od.
3001 840 3055 905 4,
3105 839 3354 912 explicat
3382 842 3653 896 nostrum
3685 838 4063 913 proverbium

656 937 845 992 forma
880 949 1084 988 cuneus
1135 933 1195 986 in
1245 932 1368 986 acie
1416 930 1640 1002 pedites
1687 929 1957 994 conferti,
1985 926 2300 999 quijuncti
2408 942 2476 982 ex
2511 927 2752 984 Tertull.
2787 927 3099 985 sententia.

655 1039 790 1081 cum
850 1023 993 1087 acie,
1043 1021 1232 1092 primo
1275 1019 1606 1092 angustius,
1647 1019 1857 1073 deinde
1886 1016 2062 1072 latius
2101 1033 2301 1087 proce-

654 1114 821 1181 dunt,
854 1115 913 1167 et
951 1108 1420 1166 adversariorum
1470 1107 1702 1162 ordines
1745 1112 2047 1177 rumpunt,
2077 1105 2214 1175 quia
2267 1120 2300 1160 a

651 1200 922 1274 pluribus
967 1199 1028 1254 in
1079 1213 1259 1252 unum
1311 1195 1505 1251 locum
1547 1195 1664 1250 tela
1706 1195 2041 1250 mittuntur.
2076 1193 2299 1259 Quibus

650 1290 966 1362 opponitur
1011 1286 1328 1355 ordinario,
1377 1300 1548 1355 quem
1599 1284 1856 1339 forficem
1907 1288 2132 1350 vocant,
2172 1297 2297 1352 quzs

646 1377 993 1434 lectissimis
1037 1375 1330 1431 militibus
1377 1373 1678 1443 confertis,
1711 1373 1768 1426 in
1823 1375 1869 1425 V
1916 1372 2122 1427 litteras
2177 1371 2298 1425 for-

648 1484 805 1523 mam
839 1465 1232 1537 componitur,
1276 1469 1336 1519 et
1373 1463 1542 1517 illum
1573 1477 1810 1517 cuneum
1854 1462 2086 1530 excipit,
2121 1465 2296 1530 atque

644 1572 712 1611 ex
743 1560 987 1625 utraque
1017 1558 1178 1625 parte
1209 1551 1526 1607 concludit.
1573 1551 1695 1615 Quo
1746 1551 1917 1616 facto,
1949 1548 2130 1603 aciem
2181 1564 2295 1602 non

643 1649 836 1716 potest
865 1657 1196 1713 erumpere.
1230 1645 1309 1696 Ex
1344 1641 1537 1711 priore
1582 1638 1912 1709 significato
1961 1641 2101 1692 sunt
2146 1635 2247 1691 illa
2278 1654 2291 1691 :

641 1734 790 1789 Malo
823 1733 998 1788 modo
1030 1730 1222 1786 malus
1244 1731 1594 1798 querendus
1623 1743 1825 1784 cuneus
1855 1744 1874 1782 :
1906 1744 1940 1783 a
1966 1726 2294 1782 sectoribus

643 1823 944 1891 roborum,
977 1837 1102 1892 pro,
1143 1819 1358 1874 Malum
1409 1818 1562 1876 malo
1613 1817 1945 1882 retundere,
1978 1819 2035 1870 et
2062 1814 2294 1871 clavum

644 1867 810 1966 ὲῖζηῖιξ
826 1867 2293 1980 gemini;1.52;.satagiseam:
2322 1867 2370 1931 Β

641 1999 708 2054 In
739 1997 1121 2070 sequentibus
1149 1996 1350 2051 ludere
1379 1995 1614 2051 videtur
1642 1994 1824 2053 altero
1872 1993 2220 2066 significato.

640 2105 735 2163 39.
776 2104 956 2162 Cuneo
985 2119 1294 2174 occurrere,
1326 2107 1470 2159 tom.
1503 2103 1599 2170 ΙΙΙ,
1634 2102 1732 2158 lib.
1767 2101 1833 2157 de
1864 2103 2083 2157 Resurr.
2111 2116 2291 2171 carm,

1255 2191 1382 2247 cap.
1415 2178 1469 2241 2,
1499 2191 1556 2230 n.
1591 2174 1679 2230 l8.

705 2269 1021 2338 Sumptum
1048 2281 1083 2321 a
1112 2280 1174 2321 re
1205 2263 1468 2319 militari.
1498 2263 1705 2335 Virgil.
1742 2278 1756 2319 :

2685 1043 2916 1093 Videsne
2947 1057 3152 1094 sacram
3180 1045 3433 1094 metiente
3462 1049 3513 1096 te
3543 1046 3687 1096 viam

2688 1106 2815 1170 Qum
2846 1107 2928 1155 bis
2956 1111 3035 1156 ter
3065 1107 3312 1170 ulnarum
3342 1112 3483 1170 toga,

2685 1169 2751 1217 Ut
2777 1183 2872 1218 ora
2899 1173 3069 1218 vertat
3099 1173 3152 1219 et
3179 1169 3285 1219 huc
3312 1169 3556 1220 euntium

2685 1232 2976 1282 Liberrima
3004 1233 3303 1295 indignatio
3323 1235 3347 1282 ?

2406 1336 2494 1390 44.
2555 1337 2829 1394 Dimieare
2892 1339 2963 1393 ad
3007 1347 3234 1406 certum,
3292 1343 3434 1394 tom.
3487 1338 3585 1406 Ill,
3645 1339 3748 1395 lib.
3809 1355 3871 1394 ιιι
3928 1338 4060 1395 adv.

2900 1409 3091 1481 Mam,
3122 1427 3249 1482 cap.
3285 1410 3343 1481 5,
3376 1428 3434 1466 n.
3469 1411 3554 1466 14.

2473 1496 2669 1552 Solent
2695 1497 3048 1569 gladiatores
3077 1503 3135 1554 et
3159 1499 3387 1571 pugiles
3420 1501 3576 1555 inter
3609 1515 3672 1555 se
3702 1513 4063 1570 congressu-

2405 1584 2474 1652 ri,
2509 1592 2822 1658 antequam
2853 1588 2923 1642 ad
2949 1605 3160 1643 manus
3183 1588 3449 1659 ictusque
3478 1589 3735 1656 veniant,
3757 1587 4061 1660 quoddam

2403 1673 2574 1745 quasi
2621 1676 2886 1746 praeludii
2935 1675 3231 1747 specimen
3282 1678 3474 1747 edere,
3519 1681 3598 1742 et,
3631 1681 3694 1732 ut
3741 1677 3806 1732 Β.
3840 1675 4064 1733 Paulus

2403 1762 2506 1830 ait,
2537 1779 2728 1820 aerem
2759 1764 3083 1822 verberare.
3116 1765 3325 1838 Virgil.
3355 1765 3462 1821 lib.
3486 1781 3521 1821 ν
3555 1790 3570 1821 :

2523 1869 2660 1934 Talis
2689 1871 2861 1932 prima
2889 1872 3049 1921 Dares
3077 1875 3238 1934 caput
3264 1872 3430 1922 altum
3459 1872 3514 1920 in
3546 1871 3733 1934 prtelia
3772 1871 3926 1933 tollit,

2523 1933 2868 2008 Qstenditque
2884 1933 3152 2008 humeros
3179 1933 3676 2008 latos,.alte_rnaque
3699 1935 3868 1998 jactat

2525 1994 2751 2045 Brachia
2778 1994 3127 2060 protendens,
3161 2002 3214 2048 et
3243 1999 3486 2048 verberat
3515 1994 3717 2048 ictibus
3737 2011 3912 2048 aurae.

2470 2091 2618 2148 Tum
2651 2095 2984 2165 postmodo,

2460 2198 2873 2265 lmmiscentquc
2894 2215 3087 2252 manus
3107 2203 3355 2254 manibus
3383 2216 3729 2269 pugnamque
3759 2205 4063 2256 lacessunt.

2469 2302 2536 2355 Et
2564 2298 2666 2355 lib.
2697 2316 2777 2355 xu
2811 2316 2828 2356 :

2923 2389 3225 2453 Ventosque
3281 2390 3523 2442 laccessit

2458 2449 2673 2511 Ictibus,
2705 2453 2758 2500 et
2787 2465 2973 2515 sparsa
3000 2454 3067 2501 ad
3097 2449 3331 2516 pugnam
3360 2454 3600 2518 proludit
3629 2467 3812 2505 arena.

2465 2547 2660 2605 Potest
2689 2553 2745 2605 et
2783 2549 2964 2606 videri
3010 2556 3316 2622 sumptum
3366 2568 3400 2608 a
3445 2552 3870 2622 jaculatoribus
3923 2553 4062 2625 qui,

2396 2652 2664 2708 scopum,
2694 2638 2766 2693 ad
2795 2655 2969 2710 quem
3001 2639 3322 2707 colliment,
3369 2640 3481 2696 sibi
3531 2645 3886 2714 preponunt.
3923 2644 4066 2701 Huc

2395 2725 2646 2797 pertinet
2672 2731 2735 2782 B.
2768 2727 2930 2783 Pauli
2965 2727 3132 2796 illud,
3190 2733 3216 2782 I
3263 2729 3394 2785 Cor.
3455 2745 3514 2785 ix
3561 2747 3575 2785 :
3608 2733 3728 2800 Ego
3759 2732 3940 2804 igitur
3968 2735 4068 2790 sic

2395 2831 2578 2880 curro,
2615 2832 2724 2872 non
2748 2817 2907 2887 quasi
2954 2820 3011 2873 in
3061 2819 3339 2875 incertum
3357 2839 3378 2888 ,-
3407 2821 3487 2875 sic
3512 2835 3716 2892 pugno,
3749 2837 3856 2877 :aon
3890 2825 4071 2893 quasi

2394 2921 2576 2960 aerem
2607 2906 2920 2962 verberans.

696 2399 919 2464 Agmina
945 2397 1242 2464 densentur
1275 2397 1486 2464 cuneis.
1521 2433 1533 2445 .
1573 2433 1584 2446 .
1620 2433 1633 2446 .
1679 2433 1690 2444 .
1725 2396 1792 2444 Et
1820 2408 2008 2464 omnes

696 2456 838 2512 Dant
864 2475 1089 2519 aureum,
1121 2460 1395 2523 densaque
1424 2459 1491 2508 ad
1522 2472 1702 2508 muros
1732 2457 1870 2507 mole
1901 2459 2166 2507 feruntur.
2203 2456 2285 2516 Et,

696 2525 812 2583 Qua
837 2525 1032 2588 globus
1062 2524 1149 2572 ille
1181 2524 1351 2572 virum
1385 2523 1738 2572 densissimus
1768 2524 1942 2584 urget.

707 2660 945 2730 Eritque
992 2657 1190 2715 valida
1235 2658 1609 2730 confertaqus
1660 2655 1912 2727 alicujus
1962 2655 2290 2712 rationibus

638 2752 988 2824 argumenta
1017 2762 1330 2820 opponere,

637 2859 724 2914 40.
762 2858 1009 2914 Cuneum
1035 2857 1278 2927 primum
1307 2854 1715 2927 congressionis_
1737 2855 1941 2927 armat,
1992 2855 2136 2908 tom.
2187 2852 2285 2922 III,

974 2925 1074 2983 lib.
1109 2927 1232 2982 adv.
1271 2927 1498 2994 Valent,
1532 2942 1658 2998 cap.
1690 2925 1746 2992 3,
1779 2943 1836 2979 η.
1867 2925 1956 2978 24.

703 3016 807 3072 Cui
855 3015 1160 3088 sbbjungit
1205 3013 1619 3070 Tertullianus.
1655 3037 1683 3064 ‹‹
1738 3013 2095 3068 Detectorem
2151 3029 2287 3068 con-

631 3103 889 3162 scientia;
921 3103 1156 3160 illorum
1189 3104 1437 3176 primam
1488 3103 1640 3159 hanc
1679 3103 1980 3158 victoriam
2015 3101 2286 3174 auspica—

632 3211 785 3300 mur.
813 3216 842 3244 ι»
873 3193 963 3300 Sig
1011 3192 1698 3300 autecursoresnequjites
1751 3190 2058 3300 prwmissi,
2092 3189 2283 3300 selegi;
2311 3233 2354 3300 C
2393 3191 2481 3246 46.
2514 3193 3069 3300 Bpieilarismiifgft
3114 3194 3406 3300 [alligaaqu
3433 3197 3578 3300 tam;
3626 3193 3721 3263 ΙΙΙ,
3780 3193 3884 3250 lib.
3915 3194 4059 3253 adv.

629 3284 896 3356 detegere
929 3281 1172 3337 hostiles
1203 3281 1422 3354 cepias,
1454 3281 1720 3346 insidias,
1755 3285 1811 3336 et
1842 3295 2178 3336 numerum.
2213 3280 2281 3334 Et
2311 3264 2354 3300 υ
2465 3355 2477 3356 7
2847 3264 3080 3356 Valent?
3114 3283 3220 3356 Ogap
3252 3266 3341 3336 33,
3374 3282 3433 3322 n.
3465 3267 3589 3356 367.

629 3353 824 3444 prima
852 3353 1288 3443 victoria,quasi
1313 3387 1486 3426 omen
1508 3374 1595 3426 est
1617 3369 2063 3442 pugnae.0mnia
2085 3373 2282 3422 trans-
2391 3439 2405 3444 _

2270 3397 2282 3408 .
2461 3355 2792 3408 Essemus.
2825 3356 2968 3409 Cum
3001 3353 3207 3409 tabula;
3255 3355 3712 3411 recensebantur
3759 3355 3900 3411 olim
3931 3373 4057 3428 pu-

631 3438 750 3515 lata
807 3476 841 3514 a
887 3438 1159 3515 conﬂictu
1211 3459 1419 3515 martio
1461 3438 1663 3530 praelii,
1696 3438 1768 3513 ad
1801 3457 2281 3529 disputationem,
2391 3439 2418 3496 1'-

2269 3499 2281 3522 '
2391 3438 2560 3512 blice,
2593 3444 2663 3496 ad
2719 3440 3137 3498 demulcendos
3185 3447 3582 3516 spectatorum
3634 3443 3885 3515 animos,
3938 3449 4056 3517 qui

633 3549 788 3620 quod
818 3551 909 3603 ρει
939 3551 1231 3603 certamen
1263 3527 1634 3603 ιίηθιιθξιίυω,
1898 3527 1913 3529 ⁷
2392 3527 2526 3620 ιωᾷί
2556 3527 2740 3602 longa:
2801 3531 3155 3620 narrationis
3203 3533 3330 3603 jam
3389 3532 3748 3604 languebant
3803 3534 3863 3589 in
3905 3533 4057 3606 fine,

707 3653 794 3708 41.
827 3653 1180 3710 Demosthene
1225 3654 1588 3778 ειεὲαῖιιέιξὲ
1631 3656 1773 3709 tom.
1807 3652 1850 3722 Ι,
1893 3653 2116 3725 Apolog.
2151 3669 2281 3725 cap.

2268 3693 2281 3707 .
2391 3618 2737 3689 priusquam
2765 3618 3221 3692 dimitterentur,
3235 3621 3584 3678 citharaedus
3606 3621 3821 3694 aliquis
3845 3625 4053 3694 prodi-

2392 3707 2510 3763 bat.
2533 3707 2732 3763 Solent
2751 3714 2806 3764 et
2825 3713 2961 3765 ante
2989 3714 3047 3765 et
3076 3714 3209 3778 post
3229 3711 3454 3778 justam
3485 3709 3742 3766 fabulam
3771 3712 4053 3778 quasdam

1345 3767 1364 3796 3

2395 3013 2480 3065 45.
2507 3012 2786 3068 Dimicare
2831 3016 3103 3082 cominus,
3137 3013 3286 3098 Ibid.
3329 3015 3475 3071 Vide
3525 3015 3734 3073 Cedere
3774 3019 4064 3090 cominus,

3077 3103 3370 3158 superius.

1397 3707 1608 3780 11,1773
1639 3707 1675 3709 θ’
1763 3707 1770 3709 ⁷
1837 3707 1850 3722 ’
1934 3707 1947 3725 ¹
1978 3707 1987 3709 ’
2012 3707 2113 3723 ⁷⁷’ί
2194 3707 2242 3725 “⁸
2392 3707 2510 3763 bat.
2533 3707 2732 3763 Solent
2751 3714 2806 3764 et
2825 3713 2961 3765 ante
2989 3714 3047 3765 et
3075 3714 3209 3782 post
3229 3711 3454 3782 justam
3485 3709 3742 3766 fabulam
3771 3712 4054 3783 quaedam

709 3813 869 3870 Nihil
927 3813 1338 3870 Demosthenis
1388 3815 1639 3870 oratoria
1684 3813 1740 3870 vi
1806 3813 2042 3882 clarius,
2095 3813 2286 3886 inquit
2392 3797 2519 3886 caui
2543 3796 2603 3852 in
2625 3797 3210 3866 odeoarealiena,ad
3233 3800 3816 3857 auditorumfastidia
3836 3801 4073 3873 dispel-

2391 3885 2564 3940 lenda
2593 3886 2897 3942 duntaxat.
2931 3888 3086 3944 224
3126 3888 3288 3944 Unde
3336 3888 3436 3944 illa
3480 3889 3847 3962 prooemium,
3881 3895 4068 3961 quasi

2394 3973 2726 4044 praecentio,
2756 3973 2860 4048 πρὸ
2892 3977 2989 4039 τῆς
3023 3973 3185 4047 οἷ’μου
3219 3982 3354 4033 ante
3390 3981 3629 4033 cantum
3663 3977 4069 4050 ordinarium,

2394 4064 2549 4134 quod
2583 4063 2842 4121 rhetores
2861 4083 2966 4137 per
2984 4065 3424 4122 translationem
3448 4083 3566 4123 suis
3588 4066 3867 4123 orationis
3887 4085 4070 4124 exor-

2392 4151 2547 4207 dium
2576 4153 2868 4208 dixerunt.
2902 4155 2963 4208 In
2997 4155 3183 4226 poesi,
3229 4157 3525 4227 prologue,
3559 4162 3620 4212 et
3662 4161 3888 4227 contra,
3928 4160 4070 4230 epi-

2393 4241 2582 4313 logus.
2616 4242 2678 4297 In
2724 4242 3002 4299 tibiarum
3054 4243 3404 4317 incentione,
3437 4245 3766 4317 proaulion.
3811 4246 4066 4308 Poterit.

2392 4333 2506 4388 dici
2538 4333 2911 4390 corollarium
2942 4335 3074 4392 vani
3107 4334 3360 4408 alicujus
3390 4337 3584 4410 coepti,
3617 4343 3722 4394 aut
3749 4353 4066 4398 commen-

2392 4427 2520 4478 tum
2551 4423 2841 4479 additum.

2392 4530 2478 4586 47.
2511 4533 2679 4588 Favet
2704 4534 2826 4603 post
2867 4531 3002 4604 [alia
3045 4541 3282 4603 gustare,
3333 4538 3474 4590 tom.
3528 4535 3598 4603 ΙΙ,
3650 4534 3753 4591 lib.
3804 4535 3868 4592 de
3914 4537 4057 4597 Cor.

2889 4605 3010 4660 mit.
3045 4621 3172 4678 cap.
3208 4608 3297 4674 14,
3332 4623 3390 4663 n.
3424 4607 3547 4661 196.

637 3903 830 3960 Valer.
883 3903 1035 3972 Max,
1083 3903 1185 3960 lib.
1231 3921 1308 3972 Iv,
1360 3920 1485 3975 cap.
1532 3903 1587 3969 5,
1628 3907 1686 3959 et
1729 3919 1854 3975 cap.
1885 3904 1938 3972 7,
1974 3903 2072 3958 lib.
2108 3921 2208 3959 vm
2269 3919 2282 3960 :

637 3993 1079 4061 Demosthenes,
1112 3995 1284 4064 cujus
1314 3993 1488 4060 220,
1523 3997 1978 4049 commemorato
2026 3993 2282 4062 nomine,

633 4083 899 4140 maximas
929 4082 1274 4155 eloquentiae
1304 4082 1733 4139 consummatio
1765 4083 2057 4139 audientis
2088 4084 2283 4139 animo

629 4171 912 4228 oboritur.
971 4171 1246 4237 Quincti].
1306 4171 1406 4228 lib.
1468 4187 1526 4226 ix
1572 4172 1837 4243 ejusdem
1864 4177 2287 4228 commemorat

626 4260 909 4334 elogium.

624 4369 712 4427 42.
744 4369 922 4440 Digiti
947 4375 1088 4424 nutu
1121 4365 1295 4439 loqui,
1337 4371 1481 4424 tom.
1534 4369 1632 4434 ΙΙΙ,
1682 4367 1783 4424 lib.
1835 4367 1959 4424 adv.
2007 4368 2281 4440 Hermog.,

1217 4456 1344 4496 can.
1385 4442 1474 4496 27.
1508 4457 1566 4496 n.
1598 4440 1685 4496 9|.

1217 4456 1344 4512 cap.
1385 4456 1474 4512 τι,
1508 4457 1566 4496 n.
1598 4456 1685 4496 Ui.

694 4529 755 4583 In
793 4528 1028 4602 Apolog.
1055 4528 1192 4585 Cum
1221 4529 1525 4600 digitorum
1556 4531 1954 4603 supputatorii:
1981 4530 2277 4602 gesticulis.

618 4616 836 4674 Priscis
863 4619 1082 4674 usitata
1112 4620 1474 4691 supputandi
1506 4621 1673 4688 ratio,
1706 4637 1833 4692 quae
1867 4621 2042 4676 fiebat
2072 4620 2278 4693 digito-
2313 4608 2356 4672 D

616 4721 749 4760 rum
781 4705 958 4763 ﬂexu.
991 4709 1058 4762 A.
1105 4708 1312 4764 Vener.
1345 4710 1501 4765 Beda
1544 4708 1774 4781 loquela
1802 4709 2273 4782 digitorum,sive

614 4807 716 4865 per
745 4799 980 4866 gestum
1000 4796 1863 4867 digitoruni,dicitur.Alexand.
1890 4801 1962 4854 ab
1984 4798 2267 4855 Alexaud.

2452 4700 2790 4758 Persuasus.
2828 4703 3118 4759 Proverbii
3151 4705 3408 4777 speciem
3440 4705 3637 4775 habet,
3670 4707 3742 4762 de
3770 4723 3836 4762 eo
3866 4706 4054 4780 vulgo

2379 4789 2492 4844 dici
2516 4789 2756 4846 solitum
2786 4792 2908 4863 qui,
2941 4791 3201 4849 toleratis
3231 4795 3512 4862 adversis,
3546 4795 3865 4851 laetioribus
3905 4800 4052 4853 tan-

615 4881 717 4937 lib.
745 4898 926 4954 r,cap.
955 4884 1051 4938 14:
1079 4907 1105 4933 «
1134 4885 1366 4941 Veteres
1389 4892 1561 4958 gestu
1584 4904 1816 4955 manus,
1838 4889 2010 4943 modo
2032 4890 2266 4957 dextrae,
2377 4878 2402 4932 ἀ

2377 4878 2510 4934 dem
2542 4879 2718 4936 rebus
2769 4882 3005 4952 potitur.
3053 4882 3176 4939 Huc
3225 4883 3448 4940 faciunt
3495 4883 3593 4940 illa
3642 4902 3655 4940 :
3707 4907 3736 4934 «
3784 4889 3862 4939 Ex
3894 4890 4055 4942 tem-

613 4972 789 5027 modo
821 4971 1095 5041 sinistrae,
1128 4978 1185 5028 et
1232 4975 1552 5046 digitorum
1601 4975 1977 5048 depressione
2024 4981 2125 5031 aut
2155 4977 2268 5032 cir-
2376 4985 2400 5039 IS

2255 5004 2268 5018 .
2376 4973 2598 5039 pestate
2629 4969 2688 5024 in
2716 4975 2972 5042 portum,
2995 4971 3132 5027 Post
3161 4989 3404 5044 agonem
3435 4989 3668 5029 corona.
3691 4995 3719 5022 ››
3739 4972 4000 5046 Vulgare
4027 4993 4042 5031 :

612 5060 1017 5129 cumﬂexione,
1052 5079 1202 5134 saepe
1231 5081 1416 5119 annos
1465 5065 1936 5132 dinumerarunt,
1979 5089 2001 5118 ι
2037 5071 2146 5120 ctc.
2177 5067 2263 5122 Ad
2375 5081 2399 5108 α

2262 5116 2263 5120 η
2375 5081 2402 5108 ‹‹
2431 5058 2517 5113 Ab
2549 5063 2672 5114 atro
2695 5077 2843 5131 pane
2865 5061 2933 5116 ad
2962 5061 3276 5117 candidum
3304 5080 3317 5131 ;
3349 5062 3599 5118 Virtutis
3622 5063 3852 5119 radices
3873 5079 4049 5120 ama-

609 5166 786 5222 quem
820 5167 1038 5206 morem
1072 5151 1281 5207 alludit
1328 5153 1570 5208 Tertull.
1622 5171 1754 5210 cum
1798 5155 1963 5210 addit
1996 5173 2008 5210 :
2047 5177 2068 5204 α
2104 5155 2262 5211 Nutu
2372 5163 2396 5201 Γ

1390 5153 1570 5208 muli.
1622 5171 1754 5210 cum
1798 5155 1963 5210 addit
1996 5173 2008 5210 ;
2047 5177 2068 5204 ι
2104 5155 2262 5211 Nutu
2372 5163 2469 5214 rae,
2505 5149 2730 5204 fructus
2761 5149 3120 5206 suavissimi.
3149 5172 3177 5200 ››

608 5240 1265 5308 accommodato;a1tius
1288 5241 1770 5315 tollene,etquasi
1795 5249 1943 5301 retro
1968 5245 2254 5315 jactans.n
2370 5254 2457 5307 1,8,
2509 5255 2770 5310 [fibulam
2833 5255 3030 5312 ιαωανε
3084 5273 3182 5312 seu
3255 5259 3534 5326 νειαχανε,
3579 5262 3721 5314 tom,
3784 5260 3860 5326 ιι,
3916 5259 4037 5319 ω),

611 5331 941 5404 Usurpatur
963 5331 1021 5386 in
1046 5331 1344 5387 hominem
1379 5333 1512 5404 plus
1545 5334 1727 5389 nimio
1760 5333 1871 5388 sibi
1904 5339 2257 5406 sumentem,
2689 5327 2752 5383 de
2785 5331 2912 5384 Cor.
2944 5330 3142 5398 θηίιὶἰο,
3173 5345 3300 5402 cap.
3327 5331 3416 5399 11,
3451 5348 3510 5387 n.
3546 5332 3669 5388 144.

603 5424 659 5474 et
690 5436 790 5491 pro
823 5421 1106 5476 arbitratu
1143 5437 1269 5488 suo,
1302 5422 1453 5491 quod
1491 5421 1672 5489 lubet,
1701 5429 2076 5478 statuentem.
2437 5423 2770 5482 Rusxaxus.
2829 5427 3275 5484 Proverbialiter
3324 5429 3571 5501 dictum,
3632 5446 3734 5500 pro
3796 5428 4036 5501 aperire

602 5525 690 5579 1.3.
722 5526 904 5596 Digito
933 5527 1230 5595 destinare,
1262 5534 1403 5584 tom.
1458 5528 1500 5597 Ι,
1539 5527 1641 5583 lib.
1697 5528 1761 5583 de
1799 5530 2002 5599 Pallio,
2036 5544 2164 5600 cap.
2195 5529 2250 5600 2,
2361 5510 2698 5583 fenestram.
2723 5520 2782 5572 et
2811 5533 3017 5573 ansam
3046 5517 3184 5573 dare
3215 5517 3479 5586 delictis;
3516 5536 3642 5591 quae
3666 5518 3871 5590 etipsa
3889 5535 4038 5590 Pro-

1348 5617 1405 5655 n.
1439 5600 1509 5654 81
2357 5606 2540 5660 verbii
2574 5608 2815 5664 schema
2854 5608 3091 5664 habent.
3145 5607 3288 5666 Huic
3334 5611 3650 5683 opponitur
3671 5611 3827 5682 quod
3859 5610 4028 5668 idem

679 5684 1068 5744 Tertullianus
1097 5688 1195 5743 lib.
1230 5691 1292 5745 de
1329 5691 1545 5747 Velund.
1590 5692 1729 5761 Virg.
1767 5707 1779 5745 :
1820 5712 1846 5744 α
1875 5689 2020 5746 Duiu
2051 5690 2247 5761 digitis
2356 5693 2458 5751 lib.
2485 5696 2550 5752 de
2577 5697 2919 5770 Monogamia
2959 5698 3105 5754 dixit
3156 5715 3166 5754 :
3217 5700 3471 5756 Fibulam
3508 5701 3813 5773 imponere,
3852 5700 4020 5770 quod
