4526 6338
657 351 772 413 271
807 411 813 416 .

1742 335 1840 395 EX
1888 328 2328 392 TERTULLIA
2342 327 2420 387 NI
2464 325 3010 388 APOLOGETICO

3957 329 4070 386 2'72

659 486 774 551 est,
807 494 936 538 esse
967 474 1291 552 principem
1321 475 1378 529 et
1409 473 1706 527 auctorem
1741 466 1996 538 alicujus
2026 466 2195 520 sectae
2222 485 2237 531 ;
2261 463 2317 517 et
2343 463 2399 531 Α
2428 473 2562 552 nem
2595 459 2842 552 satanas
2870 475 2986 552 no_n
3019 458 3211 516 solum
3236 457 3297 514 in
3326 474 3500 552 omne
3541 474 3731 532 genus
3762 459 4074 552 malorum,

662 573 861 630 Horat.
894 569 958 626 de
986 566 1247 630 Pecunia,
1281 561 1450 635 epist.
1481 561 1503 616 l
1547 575 1560 615 :

785 699 971 749 Totum
1003 694 1164 756 digna
1193 688 1342 752 sequi
1366 686 1566 750 potius,
1596 696 1758 747 quam
1789 681 1985 730 ducere
2012 678 2218 727 funem.

733 816 842 871 Sed
894 811 1032 885 quid
1086 809 1207 864 haec
1255 808 1326 862 ad
1375 803 1805 860 contentionem
1864 802 1920 854 et
1977 792 2312 885 certamen?

665 907 736 963 ad
768 884 1124 976 pertinacem
1168 896 1513 968 opinionum
1563 886 2002 946 defensionem?
2046 884 2316 976 Alludere

663 973 842 1067 igitur
874 990 1104 1046 videtur
1152 987 1223 1042 ad
1256 983 1415 1041 aliud
1463 983 1632 1037 lusus
1679 995 1886 1052 genus,
1921 976 1979 1032 in
2024 991 2135 1067 quo
2167 973 2316 1067 torte

661 1062 854 1157 funem
885 1078 1146 1136 medium
1198 1080 1446 1144 utraque
1478 1087 1614 1144 pars
1661 1071 1718 1124 in
1769 1068 1999 1123 diversa
2043 1062 2314 1120 obnitens

663 1189 729 1229 ac
759 1187 822 1226 se
871 1165 1208 1241 pertrahere
1258 1162 1572 1226 nitebatur,
1607 1162 1662 1214 et
1714 1157 1913 1214 alteris
1950 1157 2312 1241 extorquere.

663 1263 786 1327 Qua
840 1240 901 1313 in
953 1273 1014 1312 re
1064 1252 1432 1327 propositum
1480 1253 1605 1305 erat
1651 1245 1904 1302 victoriae
1958 1240 2312 1316 praemium:

663 1347 817 1422 quod
849 1361 964 1401 non
994 1343 1200 1416 paucis
1249 1339 1391 1396 locis
1427 1355 1460 1394 a
1486 1337 1682 1410 pueris
1732 1336 2075 1391 observatur
2120 1328 2312 1398 hodie,

662 1452 837 1510 quem
867 1437 1059 1505 funem
1089 1427 1487 1487 contentionis
1517 1425 1608 1482 vel
1641 1422 2082 1510 contentiosum
2115 1436 2148 1474 a
2178 1434 2314 1510 par-

660 1505 812 1582 tium
842 1521 1215 1579 contentione
1266 1521 1352 1588 (ut
1383 1515 1590 1588 Kyfbal
1640 1512 1897 1582 Flandri)
1929 1511 1987 1565 in
2017 1509 2151 1564 lusu
2185 1505 2316 1578 pilae

663 1611 985 1687 palmaria,
1017 1625 1150 1664 cum
1198 1606 1423 1662 luditur
1451 1603 1699 1659 datatim
1744 1597 2000 1672 appellat
2047 1593 2315 1662 Tertull.,

665 1705 767 1778 qui
799 1702 997 1760 addit:
1028 1701 1167 1756 Pari
1194 1700 1323 1755 hinc
1354 1696 1482 1752 inde
1507 1696 1640 1750 nisu
1669 1695 1975 1760 ﬂuctuante
1993 1688 2314 1752 ;fortasse:

665 1795 1047 1850 ﬂuctuantem
1081 1789 1191 1844 sub
1225 1788 1444 1842 funem.

662 1901 752 1954 57.
780 1899 931 1954 Fune
959 1893 1292 1952 contentiosa
1321 1891 1468 1946 diem
1497 1887 1567 1944 ad
1616 1902 1888 1963 vesperam
1918 1883 2308 1963 du_c_ere,._tom.

733 1951 914 2038 l,'lib.
941 1967 1063 2022 adv.
1092 1966 1240 2031 Jud.,
1275 1964 1484 2038 captl,
1520 1978 1577 2016 η.
1610 1951 1939 2038 _1_;_'ettcm.
1986 1955 2080 2023 111,
2116 1955 2215 2009 lib.
2249 1951 2314 2006 de

735 2031 956 2098 Ilesurr.
990 2039 1196 2105 carnis,
1233 2031 1363 2107 cap:
1393 2034 1482 2100 34,
1515 2050 1574 2088 n.
1606 2031 1732 2085 254.

739 2149 829 2206 Vel
857 2149 918 2203 in
947 2161 1226 2218 vesperam
1259 2141 1495 2198 trahere.
1524 2138 1624 2193 Cui
1658 2135 1821 2194 addit
1871 2131 2111 2190 Tertull.
2143 2131 2312 2186 alter-

661 2239 753 2294 nis
803 2237 1035 2303 vicibus,
1086 2238 1151 2289 ut
1197 2247 1422 2304 supra:
1458 2229 1596 2284 Pari
1642 2228 1771 2281 hinc
1813 2223 1938 2280 inde
1983 2222 2130 2277 nisu.
2181 2220 2303 2277 Cic.

665 2327 836 2400 epist.
884 2325 939 2393 2,
991 2323 1094 2379 lib.
1147 2338 1166 2378 1
1215 2320 1414 2378 Famil.
1466 2334 1479 2373 :
1535 2317 1653 2372 Hac
1677 2311 2071 2372 controversia
2125 2322 2314 2380 usque

668 2417 740 2472 ad
773 2418 1003 2470 noctem
1053 2413 1269 2477 ducta;
1304 2414 1360 2465 et
1409 2406 1580 2479 epist.
1612 2409 1669 2478 2,
1716 2404 1816 2458 lib.
1853 2419 1929 2468 1v,
1980 2400 2050 2455 ad
2097 2400 2261 2455 Attio.
2297 2413 2312 2452 :

666 2508 810 2562 Cum
841 2505 913 2560 ad
962 2502 1228 2558 Clodium
1278 2502 1517 2555 ventum
1549 2499 1656 2568 est,
1689 2495 1850 2566 cupit
1896 2492 2316 2556 diemjconsu-

665 2611 845 2652 mere.
899 2592 1171 2648 Plinius:
1211 2589 1507 2644 Actionem
1559 2600 1776 2649 meam,
1835 2585 1899 2636 ut
1949 2579 2149 2653 praelia
2205 2594 2318 2634 nox

669 2683 929 2750 dirimit;
963 2685 1020 2737 et
1051 2698 1064 2736 :
1099 2679 1254 2734 Dixit
1301 2677 1359 2731 in
1407 2679 1658 2740 noctem,
1692 2677 1867 2742 atque
1915 2670 2089 2725 etiam
2137 2667 2319 2724 illatis

669 2772 948 2828 lucernis.
981 2770 1149 2841 Apud
1197 2771 1441 2822 Roman.
1476 2780 1608 2818 cum
1665 2761 1804 2834 quid
1856 2759 2095 2828 differri,
2127 2757 2218 2812 vel
2258 2756 2319 2835 in

669 2862 825 2917 diem
877 2858 1106 2913 difﬁndi
1155 2855 1369 2910 vellent
1417 2853 1850 2910 intercessores.
1882 2847 2125 2903 dicendo
2165 2845 2319 2900 diem

671 2949 986 3018 ducebant,
1017 2963 1088 3001 ne
1119 2945 1255 3017 quid
1309 2959 1375 2998 eo
1427 2942 1518 2996 die
1568 2941 1696 3013 ipso
1729 2956 1761 2994 a
1792 2942 2002 2994 senatu
2047 2937 2319 2992 decerne-

671 3045 832 3096 retur
891 3054 904 3094 :
965 3036 1429 3104 dicebanturque
1484 3031 1641 3084 diem
1695 3027 2029 3093 extrahere,
2089 3030 2320 3096 tempus

669 3128 903 3185 trahere
950 3130 1006 3183 et
1054 3122 1345 3197 prolatare
1388 3119 1865 3188 consultationes,
1894 3116 2047 3188 apud
2098 3114 2317 3170 Salust.

669 3221 876 3289 Itaque
923 3212 1353 3286 signiﬁcabitur
1383 3207 1774 3265 contentionis
1823 3207 2111 3262 diuturnae
2141 3203 2315 3276 perti-
2349 3215 2392 3283 ρ

673 3306 858 3362 nacia.
896 3307 957 3360 In
991 3303 1092 3358 lib.
1123 3303 1190 3357 de
1217 3305 1438 3358 Resurr.
1470 3315 1656 3367 ca.rn.,
1690 3297 2027 3354 contentiosa
2057 3297 2193 3364 fune
2219 3292 2318 3347 de-

668 3397 884 3462 ducere,
917 3397 1027 3464 est,
1061 3389 1426 3462 argumentis
1470 3387 1710 3460 prolixis
1758 3383 2164 3458 perplexisque
2195 3397 2318 3437 rem

671 3484 916 3557 agitare.

668 3592 758 3646 58.
792 3592 993 3645 Funem
1039 3586 1434 3643 contentiosum
1491 3581 1712 3638 alterno
1771 3581 1938 3636 ductu
1991 3579 2056 3635 in
2101 3577 2320 3634 diversa

732 3661 1061 3788 distzeéidere,
1129 3664 1270 3714 tom.
1340 3661 1408 3727 V,
1477 3655 1578 3710 lib.
1644 3655 1710 3709 de
1770 3653 1995 3722 Pudic.,
2064 3666 2192 3722 cap.
2259 3652 2315 3719 2,

735 3752 794 3790 n.
906 3775 918 3789 .

727 3844 944 3895 Praeter
973 3854 1038 3894 ea
1073 3852 1198 3908 quze
1249 3850 1430 3906 supra
1455 3833 1634 3888 allata
1667 3835 1823 3899 sunt,
1857 3829 1965 3886 hoc
2010 3827 2314 3900 proverbio

654 3931 998 3994 admoneor,
1030 3926 1354 3982 Ductarium
1386 3925 1576 3994 funem
1600 3921 1736 3991 dici,
1757 3920 1854 3991 qui
1891 3937 1991 3990 per
2021 3917 2314 3973 orbiculos

649 4017 924 4075 trochleis
955 4017 1105 4088 (qua:
1138 4019 1226 4070 est
1283 4011 1556 4066 machina
1586 4009 1947 4074 tractatoria,
1982 4024 2116 4062 cum
2167 4022 2313 4061 aereo

651 4109 807 4166 224
841 4106 1104 4177 ligneove
1153 4101 1413 4158 orbiculo
1448 4099 1545 4171 qui
1581 4099 1802 4154 circum
1855 4098 2154 4152 axiculum
2186 4112 2310 4150 ver-

649 4201 834 4265 satur,
868 4194 987 4249 sive
1038 4191 1228 4247 rotula
1258 4190 1466 4245 striata
1515 4203 1695 4258 quam
1747 4185 1960 4240 Caterol
2011 4187 2070 4239 et
2122 4183 2312 4253 Mouﬂe

648 4284 833 4356 Belga:
888 4281 1211 4354 appellant)
1242 4278 1555 4348 trajicitur.
1590 4278 1714 4340 Qua
1763 4273 2036 4329 machina
2085 4272 2314 4328 utimur

646 4375 706 4431 in
762 4373 1060 4437 oneribus,
1096 4369 1376 4435 fascibus,
1428 4366 1616 4422 saccis
1665 4363 2069 4420 frumentariis
2115 4363 2175 4418 in
2227 4363 2310 4418 al-

641 4468 772 4521 tum
804 4461 1163 4527 atlollendis,
1198 4464 1254 4515 et
1287 4476 1389 4530 per
1422 4459 1707 4512 fenestras
1754 4453 2164 4510 immittendis.
2199 4451 2309 4519 Qui

645 4553 806 4610 funis
838 4552 1056 4607 dicitur
1085 4554 1290 4605 contra
1317 4545 1569 4602 demitti.
1601 4543 1762 4616 Virg.
1803 4559 1816 4599 :

927 4675 1226 4725 Demissum
1258 4672 1390 4736 lapsi
1422 4683 1518 4735 per
1543 4670 1744 4733 funem.

716 4796 938 4852 Aiterno
968 4791 1158 4857 ductu,
1200 4793 1268 4844 ut
1301 4804 1500 4858 supra,
1533 4785 1770 4840 Alternis
1811 4784 2038 4852 vicibus,
2065 4783 2196 4855 pari
2222 4783 2305 4839 ni-

645 4901 710 4940 su
737 4883 866 4938 hinc
896 4881 1044 4936 inde.
1082 4880 1355 4949 Idemque
1400 4874 1763 4949 significabit
1796 4889 1808 4928 :
1844 4873 2129 4946 Utrinque
2179 4889 2302 4928 ma-

644 4989 761 5046 gna
790 4986 926 5025 cum
959 4966 1281 5040 pertinacia
1311 4982 1434 5022 rem
1467 4964 1825 5037 disputando
1859 4962 2101 5035 agitare.

636 5081 726 5139 59.
761 5080 968 5136 Funem
1019 5077 1238 5145 longum
1293 5073 1590 5141 attrahere,
1645 5070 1896 5145 tom.lIr,
1945 5069 2049 5126 lib.
2100 5073 2180 5126 De
2207 5085 2298 5126 ve-

1020 5149 1171 5205 tanti.
1212 5147 1386 5218 Virg.,
1421 5164 1546 5218 cap.
1584 5145 1668 5210 14,
1705 5161 1762 5198 n.
1798 5144 1920 5199 115.

708 5243 922 5298 Notum
955 5243 1043 5294 est
1095 5237 1238 5292 illud
1287 5237 1346 5291 B.
1405 5233 1668 5306 Gregorii
1718 5231 2022 5288 litoralibus
2053 5249 2072 5286 :
2105 5253 2132 5281 ‹‹
2168 5229 2293 5286 Ori-

642 5337 742 5389 tur
770 5349 838 5387 ex
868 5327 1242 5402 suggestione
1291 5325 1586 5398 cogitatio,
1638 5339 1707 5378 ex
1752 5321 2100 5394 cogitatione
2129 5321 2296 5378 all‘ec-

2343 1841 2392 1907 B

2339 4591 2386 4657 D

2423 550 2524 606 sed
2580 549 2755 604 etiam
2815 548 2875 604 in
2933 549 3271 605 Tartaream
3331 550 3614 622 abyssum
3647 548 3992 622 praecipitat.
4046 570 4074 600 »

2423 639 2589 709 Apud
2625 639 2898 710 profanos
2941 644 3205 694 auctores
3237 655 3249 692 :
3285 638 3502 693 Catena
3551 639 3941 709 negotiorum,
3975 642 4075 694 Ca-

2422 727 2602 782 tenati
2635 726 2886 784 labores.
2922 728 3089 783 Pind.
3147 726 3434 804 Δυσφόρων
3476 727 3722 801 σχοινῖον
3779 730 4075 802 μεριμνῶν.

2421 834 2511 890 60.
2565 834 2750 892 Gtacie
2794 837 3082 906 fragilior,
3133 839 3275 892 tom.
3328 836 3426 902 ΙΙΙ,
3481 835 3584 891 lib.
3636 853 3654 890 1
3703 837 3834 892 adv.
3887 835 4074 905 Mare,

2971 924 3098 979 cap.
3134 909 3186 976 1,
3230 924 3392 963 num.
3431 908 3519 963 14.

2493 1013 2663 1082 Aliis,
2696 1015 2831 1070 Gelu
2876 1016 3158 1085 fragilior.
3193 1019 3270 1070 De
3321 1013 3555 1070 homine
3602 1013 3972 1070 inconstante
4017 1019 4074 1070 et

2424 1103 2745 1175 foedifrago.
2781 1104 2924 1159 Nam
2973 1104 3167 1176 frigile
3197 1103 3517 1177 opponitur
3567 1103 3736 1160 ﬁrmo
3767 1111 3819 1160 et
3849 1103 4070 1160 stabili.

2423 1191 2777 1264 Fragilitatis
2843 1194 2902 1248 in
2969 1192 3153 1265 glacie
3219 1209 3398 1249 causa
3463 1197 3576 1259 est,
3641 1191 3920 1264 partium,
3977 1209 4072 1248 ex-

2425 1286 2579 1337 creto
2609 1281 2820 1350 calore,
2854 1284 3005 1354 quod
3063 1282 3458 1356 conjungendi
3505 1281 3807 1340 vinculum
3839 1287 3946 1351 est,
3980 1298 4074 1338 ra-

2425 1370 2588 1426 ritas.

2423 1475 2536 1561 61._l
2565 1486 2749 1561 Gradu
2794 1487 2997 1556 cedere,
3023 1488 3104 1561 Ade
3148 1487 3331 1561 gradu
3358 1487 3580 1561 _cedere,
3631 1488 3745 1542 sive
3779 1487 4077 1561 paulisper

2496 1558 2769 1626 decedere,
2825 1565 2969 1614 tom.
3022 1558 3282 1625 Ill,'lib.
3337 1558 3402 1614 de
3459 1561 3662 1616 Prwsc.
3721 1559 3844 1614 adv.
3908 1558 4075 1628 lmen,

2497 1632 2725 1714 caput)“,
2781 1647 2838 1686 n.
2887 1632 2977 1714 64,
3030 1637 3086 1686 et
3129 1629 3344 1714 libuit,
3397 1633 3521 1714 adv.
3552 1630 3761 1714 “Marc”
3812 1647 3942 1702 cap.
3986 1633 4076 1714 1Q,

2499 1701 2744 1767 n.'256,
2805 1719 2870 1758 ac
2926 1710 3068 1758 tom.
3129 1702 3200 1772 V,
3258 1701 3359 1758 lib.
3417 1703 3486 1759 de
3541 1704 3759 1773 Pudic.,
3832 1701 3962 1776 cap.
4019 1704 4075 1772 7,

2497 1790 2662 1829 num.
2695 1774 2785 1828 53.

2494 1890 2708 1946 Omnes
2741 1889 3094 1962 metaphorae
3128 1889 3200 1945 ab
3232 1889 3468 1945 athletis
3499 1894 3748 1963 sumptis
3774 1891 3900 1962 jam
3941 1907 4076 1948 con-

2421 1981 2844 2054 gredientibus,
2878 1981 2998 2036 sive
3048 1981 3320 2054 gradum,
3354 1981 3582 2052 pedem,
3637 1997 3884 2036 manum
3935 1998 4074 2038 con-

2421 2071 2844 2144 gredientibus.
2879 2070 3003 2126 Lib.
3034 2070 3100 2126 de
3145 2071 3461 2142 Praescript.
3495 2070 3618 2126 adv.
3653 2070 3788 2126 her.
3825 2087 3838 2126 :
3880 2091 3902 2123 ι
3940 2071 4078 2130 Cedo

2420 2177 2569 2217 nunc
2596 2163 2783 2233 sponte
2811 2159 2878 2216 de
2921 2159 3099 2232 gradu
3128 2163 3248 2216 isto.
3287 2183 3307 2210 ι
3357 2160 3518 2224 Quod
3553 2164 3662 2229 est,
3694 2160 3820 2216 Non
3855 2161 4077 2233 impul-

2423 2265 2660 2321 sus,nec
2692 2250 3057 2322 argumentis
3089 2249 3333 2319 evictus,
3368 2249 3436 2303 de
3462 2249 3595 2320 jure
3623 2265 3750 2304 meo
3781 2249 4035 2306 concedo
4061 2267 4074 2306 :

2424 2338 2534 2395 hoc
2565 2340 2718 2395 dono
2748 2339 3104 2408 adversario,
3130 2339 3283 2410 quod
3318 2339 3630 2394 defendere
3662 2338 3806 2394 mihi
3840 2339 3919 2395 sit
3948 2355 4078 2412 pro-

2426 2429 2592 2497 clive,
2623 2433 2681 2486 et
2710 2429 2782 2485 ad
2816 2430 3104 2486 ﬁrmiores
3136 2428 3390 2484 rationes
3419 2444 3674 2484 recurro.

2424 2538 2514 2593 62.
2566 2536 2749 2592 Gradu
2797 2536 2978 2593 eodem
3024 2552 3332 2602 occurrere,
3381 2540 3523 2592 tom.
3574 2535 3671 2604 III,
3722 2534 3822 2591 lib.
3855 2553 3914 2594 xv
3958 2535 4078 2592 adv.

2889 2609 3079 2677 Marc.,
3109 2625 3235 2681 cap.
3268 2608 3356 2678 29,
3391 2625 3450 2663 n.
3485 2609 3612 2663 492.

2500 2716 2813 2787 Sumptum
2846 2731 2879 2769 a
2907 2715 3354 2787 gladiatoribus,
3390 2715 3490 2787 qui
3522 2731 3656 2770 cum
3707 2714 4084 2788 antagonista

2429 2804 2778 2860 decertaturi
2837 2804 3086 2876 gradum
3146 2803 3358 2876 figunt,
3419 2807 3476 2858 et
3532 2803 3684 2860 ictus
3745 2803 4081 2859 declinandi

2430 2910 2608 2949 causa
2655 2894 2948 2965 cedentes,
2982 2893 3196 2949 iterum
3252 2893 3595 2964 procedunt,
3627 2897 3684 2949 et
3711 2893 3919 2950 eodem
3952 2910 4082 2967 gra-

2429 2983 2506 3038 du
2537 2983 2890 3050 consistunt,
2925 2983 3154 3038 obviam
3185 2985 3392 3039 euntes
3422 2983 3776 3039 renituntur.
3811 2983 3961 3052 Erit,
3987 2999 4080 3039 eo-

2429 3072 2561 3127 dem
2595 3076 2940 3145 argumento
2972 3075 3028 3128 et
3054 3070 3168 3128 telo
3199 3071 3305 3127 uti.

2427 3189 2517 3243 63.
2578 3187 2768 3261 Gradu
2822 3187 3140 3261 excludere,
3165 3187 3460 3258 expellere,
3506 3187 3573 3243 de
3623 3187 3802 3259 gradu
3856 3189 4078 3261 pellere,

2499 3264 2641 3314 tom.
2673 3259 2794 3331 ΫΙΙΙ,
2843 3258 2946 3314 lib.
2997 3260 3062 3314 de
3107 3259 3314 3326 Anim,,
3349 3275 3474 3331 cap.
3506 3262 3560 3331 6,
3594 3258 3651 3314 η.
3695 3261 3803 3326 82;
3839 3258 3899 3317 et
3927 3260 4028 3316 lib.
4063 3279 4080 3315 ι

2499 3331 2629 3385 Adv.
2664 3330 2854 3400 Mare,
2901 3347 3026 3403 cap.
3058 3331 3147 3401 13,
3179 3348 3234 3386 n.
3267 3333 3359 3398 71,
3395 3330 3459 3387 ac
3509 3330 3613 3386 lib.
3645 3347 3702 3388 ιν
3731 3332 3862 3388 adv.
3894 3333 4080 3403 Mam,

2499 3419 2625 3474 cap.
2657 3403 2711 3469 9,
2747 3419 2806 3458 n.
2841 3404 2963 3457 104.

2499 3517 2668 3574 Libro
2698 3517 2764 3573 de
2792 3518 2998 3573 Anima
3027 3535 3046 3572 :
3078 3539 3106 3568 ‹‹
3139 3517 3310 3589 Hujus
3340 3517 3682 3588 deﬁnitionis
3709 3518 4082 3588 gradumm-

2425 3606 2672 3678 clusero;
2704 3627 2732 3657 »
2768 3606 2877 3662 hoc
2903 3610 3012 3674 est,
3046 3607 3368 3664 Ostendero
3418 3607 3817 3664 definitionem
3858 3608 4084 3666 consis-

2424 3701 2547 3752 tere
2578 3712 2698 3752 non
2740 3711 2935 3769 posse,
2970 3712 3160 3768 neque
3212 3712 3358 3765 rem,
3390 3695 3795 3753 definitionem
3854 3715 3988 3754 cum
4021 3713 4086 3753 ea

2424 3790 2576 3842 retro
2607 3802 2956 3855 commeare,
2989 3785 3145 3857 quod
3177 3789 3267 3841 est
3296 3784 3504 3840 vitium
3535 3785 3594 3840 in
3625 3785 3706 3842 rei
3737 3786 4080 3843 deﬁnienda

2423 3875 2650 3931 ratione
2681 3874 3049 3945 primarium.
3083 3897 3111 3924 «
3145 3877 3289 3931 Cum
3323 3878 3435 3930 Deo
3471 3874 3578 3930 hoc
3622 3875 3811 3946 gradu
3847 3875 4084 3948 expelli-

2425 3981 2578 4031 mus,
2615 3987 2635 4014 ν
2673 3964 2784 4021 hoc
2815 3967 2923 4034 est,
2957 3981 3088 4019 cum
3126 3969 3237 4020 Deo
3270 3963 3418 4019 banc
3452 3968 3831 4035 potestatem,
3866 3983 4076 4037 praero-

2421 4055 2700 4126 gativam,
2733 4054 2847 4108 vim
2884 4055 3033 4111 225
3069 4053 3303 4109 creandi
3350 4053 3686 4108 adimimus.
3721 4076 3749 4104 ‹‹
3785 4056 3867 4110 Te
3898 4056 4081 4128 gradu

2423 4143 2656 4215 pellam,
2695 4167 2714 4193 ι
2754 4143 2864 4198 hoc
2912 4149 3022 4209 est,
3054 4143 3394 4198 convincam
3429 4145 3483 4198 te
3531 4141 3685 4211 falsi,
3719 4147 3778 4199 et
3817 4148 3953 4200 tuas
3985 4160 4075 4199 ra-

2420 4232 2607 4289 tiones
2666 4231 2996 4288 infirmabo.
3065 4231 3193 4286 Haec
3245 4231 3445 4287 omnia
3501 4249 3537 4288 a
3593 4230 4082 4290 colluctatoribus

2423 4327 2680 4394 sumpta,
2715 4322 3055 4394 signiﬁcant
3102 4321 3505 4376 adversarium
3557 4321 3885 4391 confutare,
3919 4327 3977 4380 et
4019 4323 4078 4377 in

2421 4411 2740 4468 certamine
2770 4411 3186 4483 disputationis
3219 4427 3515 4482 superare.

2417 4520 2506 4574 64.
2559 4519 2634 4574 De
2682 4517 2857 4590 gradu
2888 4517 3073 4586 deiici,
3122 4525 3220 4592 aut
3269 4518 3494 4592 moveri,
3551 4522 3694 4592 tom.
3733 4519 3832 4592 Ill,
3881 4518 3986 4576 lib.
4018 4517 4084 4575 de

2774 4591 2993 4646 Resurr.
3025 4591 3236 4659 carnis,
3269 4605 3398 4662 cap.
3427 4590 3483 4660 2,
3517 4607 3576 4646 n.
3611 4591 3698 4647 l8.

2489 4698 2656 4770 Apud
2691 4697 2870 4753 Cicer.
2905 4698 3053 4768 Ofﬁc.
3089 4697 3190 4753 lib.
3223 4714 3262 4770 ι,
3297 4697 3370 4753 De
3399 4697 3573 4769 gradu
3604 4697 3806 4771 dejici,
3838 4703 3930 4754 est
3951 4697 4078 4754 ani-

2418 4803 2512 4842 mo
2543 4785 2925 4854 consternari,
2959 4791 3016 4842 et
3067 4785 3226 4842 velut
3257 4803 3290 4842 a
3321 4790 3477 4843 statu
3512 4785 3724 4843 mentis
3751 4787 4074 4859 demoveri,

2416 4891 2522 4932 nec
2554 4877 2858 4948 praesentis
2909 4875 3091 4930 animi
3141 4877 3227 4932 uti
3275 4876 3537 4933 consilio.
3580 4880 3704 4932 Huc
3755 4877 4073 4948 pertinent,

2412 4965 2624 5021 Moveri
2660 4965 2806 5034 loco,
2839 4965 3150 5022 Deturbari
3202 4967 3408 5038 gradu.
3441 4965 3544 5022 Cui
3579 4966 3878 5023 contraria
3913 4985 3926 5024 :
3963 4967 4078 5024 Re-

2411 5056 2546 5129 poni
2595 5056 2654 5109 in
2709 5056 2983 5127 gradum,
3016 5060 3073 5111 et
3119 5055 3365 5111 Restitui
3417 5054 3477 5111 in
3533 5055 3750 5113 locum.
3800 5055 4076 5125 Tertull.,

2405 5145 2653 5216 Dejectus
2700 5145 2789 5200 vel
2822 5146 2987 5202 Motus
3035 5144 3100 5200 de
3126 5144 3308 5216 gradu
3358 5145 3475 5217 ejus
3505 5147 3643 5216 spei,
3675 5145 3783 5201 hoc
3827 5149 3938 5216 est,
3971 5145 4074 5218 qui

2401 5234 2521 5304 jam
2555 5251 2720 5306 spem
2750 5235 2983 5308 abjecit,
3035 5233 3094 5289 in
3127 5250 3246 5306 qua
3278 5234 3660 5304 innitebatur,
3695 5233 3907 5291 alienis
3939 5251 4072 5307 per-

2402 5323 2782 5381 suasionibus
2813 5324 3118 5380 inductus.

636 5423 741 5492 tio,
777 5437 846 5476 ex
890 5419 1190 5474 affectione
1241 5413 1568 5483 delectatio,
1603 5428 1671 5469 ex
1721 5411 2104 5502 delectatione
2153 5428 2294 5467 con-
2399 5433 2487 5488 65.
2534 5432 2773 5489 gradum
2801 5433 2973 5488 aliam
3003 5433 3326 5499 ίηίνεῄοω.
3355 5432 3452 5502 ιη’
3485 5432 3586 5489 lib.
3622 5449 3676 5490 Iv
3707 5430 3828 5488 adv.
3862 5435 4064 5501 Nam,

638 5527 873 5580 sensus,
907 5515 1053 5577 etc.,
1089 5523 1276 5579 usque
1311 5507 1376 5560 ad
1409 5508 1626 5560 certam
1660 5501 2120 5557 damnationem.
2156 5504 2290 5567 Quae

635 5604 726 5656 est
756 5600 929 5672 longa
960 5598 1061 5654 illa
1090 5602 1147 5652 et
1181 5597 1470 5652 horrenda
1523 5595 1896 5666 peccatorum
1925 5596 2146 5649 catena.
2181 5592 2288 5659 Qui

631 5689 810 5747 funes
839 5693 1012 5759 atque
1065 5687 1396 5759 compedes,
1433 5683 1647 5758 quibus
1679 5679 2061 5741 constrictum
2096 5681 2286 5739 homi-

3003 5521 3131 5577 cap.
3160 5507 3217 5575 6,
3259 5523 3315 5560 n.
3349 5507 3438 5562 52.

2469 5597 2568 5652 Est
2596 5594 2713 5651 alia
2745 5595 2983 5668 aggredi
3031 5596 3148 5661 via,
3181 5597 3239 5651 et
3271 5612 3484 5652 novum
3537 5594 3685 5652 inire
3734 5597 4062 5674 certamen,

2395 5685 2484 5742 vel
2517 5685 2726 5743 saltem
2760 5701 2908 5743 novo
2960 5684 3156 5756 modo,
3189 5684 3302 5756 vel,
3334 5701 3396 5744 re
3427 5702 3546 5744 una
3568 5687 3693 5759 jam
3727 5682 4002 5756 improba
