4526 6344
611 368 730 427 279

610 503 703 558 97.
745 500 942 556 Lincas
969 499 1186 569 aliquas

720 573 872 642 dum,
903 561 1176 638 tomflll,
1207 561 1308 624 lib.
1341 566 1463 623 adv.
1496 561 1850 636 Maron—cap.
1881 563 1936 632 5,
1969 579 2026 617 n.
2062 561 2148 616 14.

1677 358 1778 417 EX
1825 351 2356 415 TERTULLIANI
2401 348 2942 410 APOLOGETICO

1225 495 1562 568 praeducere,
1591 491 1663 548 ad
1693 507 1830 563 quas
1851 490 1958 568 erit
1987 488 2255 568 dimican-
2283 486 2338 554 Α
2366 500 2517 541 mam
2548 483 2754 538 lineam
2784 481 2844 538 in
2879 482 3300 555 amore,ipsum
3331 482 3413 538 rei
3444 487 3648 540 amatae
3681 486 3785 540 aut
3809 499 4021 541 concu-

3892 349 4014 410 280

2369 574 2500 647 pilas
2551 576 2877 645 aspectum,
2929 572 3095 644 quasi
3142 572 3330 646 longis
3381 572 3581 643 lineis,
3633 573 3742 630 hoc
3786 577 3894 644 est,
3948 574 4020 629 de

684 683 804 736 Hoc
833 681 1134 751 sumptum
1183 677 1253 732 ab
1287 675 1360 731 iis
1409 674 1507 745 qui
1559 671 1775 742 duello,
1805 670 1925 726 sive
1972 665 2258 740 singulari
2366 663 2687 735 longinquo
2719 663 3225 719 amare.Erasmus
3257 663 3681 737 Hermogenem
3711 672 4020 720 extremam

615 770 932 827 certamine
961 766 1458 840 congrediuntur;
1486 763 1576 820 vel
1606 762 1678 818 ab
1710 761 1784 817 iis
1815 759 1917 832 qui
1964 759 2024 813 in
2069 756 2258 814 stadio

615 860 958 930 decurrunt,
1013 873 1116 929 pro
1163 872 1177 913 :
1229 859 1455 912 Certam
1514 851 1768 909 materias
1825 849 2015 922 legem
2070 845 2258 920 praeﬁ-

616 949 764 1005 nire.

613 1037 703 1093 98.
745 1037 931 1094 Lineis
979 1036 1142 1094 certis
1189 1033 1587 1101 determinare,
1633 1035 1778 1088 tom.
1809 1030 1852 1103 Ι,
1887 1028 1990 1086 lib.
2035 1027 2258 1084 advers.

1103 1106 1335 1177 Iudaeos,
1367 1123 1494 1178 cap.
1525 1107 1580 1173 2,
1617 1121 1679 1160 n.
1716 1105 1771 1158 6.

684 1197 864 1255 Addit
887 1195 1258 1255 Tertullian.:
1275 1218 1303 1247 «
1323 1196 1627 1251 Summam
1650 1189 1995 1265 qumtionis
2017 1187 2259 1262 ipsius.»

614 1287 704 1343 Ab
730 1287 940 1344 iisdem
971 1286 1324 1343 certantium
1374 1283 1567 1349 lineis,
1599 1283 1757 1339 intra
1804 1297 1951 1354 quas
2002 1280 2265 1335 decerta-

615 1377 733 1433 turi
763 1378 1112 1433 consistunt.
1166 1375 1230 1431 In
1265 1375 1366 1430 lib.
1397 1375 1464 1430 de
1499 1373 1738 1430 Pudicit.
1770 1389 1783 1428 :
1821 1393 1849 1422 «
1877 1370 2163 1427 Eumdem
2195 1366 2266 1422 li-

620 1468 823 1523 mitem
872 1465 1098 1523 liminis
1148 1464 1406 1536 figimus.
1445 1487 1466 1515 v
1501 1464 1612 1518 Ubi
1663 1464 1827 1519 limen
1861 1465 1950 1517 est
1996 1459 2169 1528 linea,
2205 1459 2269 1513 ut

619 1557 775 1628 apud
795 1555 999 1628 Virgil.
1028 1573 1042 1613 :
1065 1556 1371 1626 Limenque
1389 1553 1733 1626 relinquunt.
1765 1552 1962 1608 Certos
1983 1547 2267 1604 terminos

620 1649 928 1717 certasque
957 1644 1115 1716 leges
1146 1642 1821 1716 praetituereﬁnstitutte
1861 1637 2265 1711 disputationi.

618 1735 709 1790 99.
751 1737 936 1792 Lineis
983 1733 1266 1801 claudere,
1299 1737 1442 1859 torni
1499 1731 1728 1859 lIléilib.
1765 1750 1783 1786 ι
1813 1731 2031 1787 advers.
2079 1730 2265 1797 Mam,

1237 1822 1365 1859 can.
1437 1848 1450 1859 .
1480 1822 1539 1859 n.
1643 1847 1654 1858 .

1237 1822 1365 1877 cap.
1396 1822 1450 1873 τι,
1480 1822 1539 1860 n.
1565 1822 1654 1859 51.

2369 755 2568 810 lineam
2601 771 2636 810 a
2663 751 3020 809 Tertulliano
3063 753 3343 826 appellari
3393 758 3664 810 autumat
3695 753 3869 826 quasi
3923 769 4025 809 ex-

2367 847 2622 899 tremum
2653 846 2709 898 et
2752 845 3116 914 postremum
3147 842 3240 899 sui
3270 842 3554 916 temporis
3586 843 4021 910 hereticorum,

2370 931 2470 1006 qui
2501 937 2668 988 etate
2695 931 3034 988 Tertulliani
3065 938 3418 1006 superesset.

2372 1023 2494 1080 103.
2534 1021 2614 1078 Ad
2644 1022 2848 1078 lineam
2877 1021 3166 1150 dimicareé
3213 1027 3462 1150 tonggV,
3493 1022 3596 1080 lib.
3635 1022 3705 1080 de
3754 1022 4024 1093 Pudicit.,

2973 1111 3100 1150 can.
3173 1136 3187 1150 .
3219 1111 3278 1150 n.
3388 1137 3400 1149 .

2973 1111 3100 1166 cap.
3131 1111 3187 1164 ο,
3219 1111 3278 1151 n.
3311 1111 3400 1150 ne.

2447 1205 2476 1235 ‹‹
2505 1182 2588 1239 Ad
2619 1183 2771 1239 hanc
2797 1183 2922 1254 jam
2953 1183 3170 1239 lineam
3201 1183 3505 1240 dimicabit
3533 1188 3733 1241 nostra
3749 1198 4024 1258 congress

2375 1272 2520 1329 sio.»
2553 1273 2767 1328 Deinde
2798 1271 3047 1344 explicat
3076 1289 3138 1330 se
3176 1290 3242 1330 :«
3274 1273 3659 1330 Prasscribam
3691 1278 3886 1330 tamen
3917 1273 4030 1328 tibi

2377 1362 2624 1418 formam
2661 1375 2899 1417 necesse
2927 1366 3037 1431 est,
3058 1379 3130 1418 ne
3160 1363 3233 1418 ad
3264 1367 3464 1418 vetera
3493 1379 3735 1420 manum
3766 1364 4025 1433 emittas,

2376 1468 2448 1507 ne
2491 1450 2550 1505 in
2600 1454 2762 1523 terga
2812 1450 3111 1523 respicias.
3143 1473 3172 1504 ››
3203 1452 3305 1508 Est
3335 1452 3534 1526 itaque
3562 1452 3622 1508 in
3671 1453 4030 1526 disputando

2377 1558 2411 1596 a
2440 1556 2500 1596 re
2531 1540 2831 1612 proposita
2860 1557 2976 1595 non
3007 1542 3258 1612 evagari.

2380 1632 2501 1688 104.
2532 1632 2573 1687 A
2607 1632 2768 1687 lineis
2797 1632 3078 1701 excedere,
3105 1636 3246 1688 tom.
3283 1631 3490 1698 III,lib.
3521 1633 3650 1689 adv.
3682 1634 4032 1703 Hermogen.,

2948 1720 3075 1776 cap.
3109 1705 3199 1771 39,
3231 1721 3288 1759 n.
3324 1705 3446 1760 137.

2452 1793 2536 1848 Ab
2573 1792 2846 1848 instituto
2877 1797 2934 1848 et
2958 1793 3256 1865 proposito
3287 1793 3582 1863 aberrare,
3611 1809 3739 1866 quae
3771 1790 4034 1849 transla-

660 1907 670 1924 '~
696 1898 1041 1968 Quanquam
1074 1898 1198 1951 tota
1229 1867 1471 1951 materia
1501 1895 1570 1950 de
1602 1894 1830 1950 duobus
1862 1891 1985 1948 deis
2031 1888 2273 1945 dimice-
2305 1867 2352 1934 Β
2382 1881 2462 1938 tio
2495 1882 2723 1938 videtur
2744 1887 2984 1953 sumpta
3013 1883 3084 1938 ab
3118 1883 3190 1938 iis
3221 1883 3320 1955 qui
3341 1882 3513 1940 lineis
3530 1883 4037 1954 noninsistentes,

622 1989 740 2053 tur,
775 1985 864 2041 his
910 1985 1146 2040 interim
1175 1983 1347 2039 lineis
1399 2000 1529 2039 eam
1583 1983 1930 2050 clausimus,
1960 1979 2116 2035 intra
2163 1994 2270 2034 nos

623 2073 1196 2146 congredieniurEst
1225 2073 1405 2145 igitur
1434 2077 1591 2128 stata
1620 2071 1884 2144 quaedam
1923 2071 2271 2142 argumenta

623 2163 913 2235 praeﬁnire
942 2164 1096 2219 intra
1127 2180 1254 2235 qua:
1285 2179 1390 2218 ceu
1423 2162 1705 2219 cantellos
1727 2160 2014 2233 quosdam
2046 2174 2270 2216 coerce-

622 2257 756 2310 atur
782 2253 1021 2309 liberior
1049 2252 1332 2309 orationis
1362 2252 1644 2326 evagatio.

871 2343 993 2398 100.
1039 2344 1220 2399 Lineis
1249 2343 1541 2410 deducere,
1575 2341 1735 2411 ibid.,
1769 2357 1892 2412 cap.
1926 2341 2016 2396 25.

691 2433 887 2490 Cicero
921 2450 934 2488 :
965 2431 1087 2488 Huc
1119 2449 1298 2489 causa
1347 2432 1674 2488 deducitur.
1725 2436 1864 2486 Rem
1897 2431 1967 2486 de
2015 2429 2129 2484 huc
2169 2427 2266 2483 de-

620 2521 781 2588 duxi,
813 2521 873 2577 id
902 2525 993 2578 est
1040 2521 1098 2577 in
1131 2521 1289 2577 hunc
1339 2525 1586 2588 statum,
1617 2520 1812 2577 locum
1856 2518 2093 2575 adduxi.
2126 2519 2266 2573 Ter-

620 2610 755 2667 tull.
791 2627 805 2666 :
845 2630 866 2658 ι
900 2611 1063 2674 Quod
1094 2611 1306 2666 attinet
1341 2611 1410 2665 ad
1447 2610 1727 2666 bonitatis
1759 2605 2270 2681 quaestionem,his

621 2699 795 2756 lineis
826 2699 1177 2755 deduximus
1210 2716 1339 2755 eam
1373 2698 1615 2754 minime
1638 2703 1749 2755 Deo
1771 2696 2136 2770 adaquari,»
2161 2696 2270 2751 hoc

623 2792 717 2846 est
748 2806 762 2845 :
795 2789 953 2845 Infra
982 2787 1157 2846 hosce
1187 2789 1470 2845 terminos
1493 2789 1888 2845 tractavimus.

627 2889 752 2944 101.
794 2889 995 2944 Lineas
1023 2898 1210 2943 certas
1237 2887 1554 2960 praeducere
1583 2890 1640 2943 in
1657 2903 1844 2960 Annam
1878 2885 2273 2960 congressionis

675 2963 928 3034 speciem,
962 2964 1106 3016 tom.
1143 2957 1248 3027 IlI,
1274 2960 1459 3032 Scorp.
1483 2959 1605 3016 adv.
1639 2958 1848 3028 Gnosl.,
1881 2975 1930 3014 ο.
1960 2959 2014 3026 4,
2047 2975 2103 3012 n.
2137 2957 2223 3012 32.

699 3049 980 3106 Praecedit
1010 3050 1164 3122 apud
1215 3049 1462 3106 Tertull.
1496 3066 1509 3104 :
1545 3071 1574 3100 «
1607 3049 1722 3105 Nos
1753 3047 1890 3104 alibi
1921 3049 1992 3104 de
2021 3046 2134 3102 Deo
2181 3046 2274 3101 di-

627 3138 937 3196 micantes.
977 3161 999 3190 ι
1035 3140 1232 3195 Certae
1281 3137 1440 3211 leges
1470 3139 1580 3195 sibi
1610 3138 1984 3211 praescribere
2014 3153 2160 3210 quas
2190 3136 2273 3191 in-

623 3232 717 3285 tra
748 3229 817 3285 de
847 3246 968 3286 una
998 3229 1323 3302 eademque
1354 3246 1415 3284 re
1445 3229 1717 3284 decurrat
1745 3226 2086 3301 disputatio.

629 3327 753 3383 102.
783 3327 954 3384 Linea
995 3332 1266 3393 extrema,
1311 3331 1454 3382 tom.
1488 3327 1583 3393 ΙΙΙ,
1631 3325 1732 3381 lib.
1783 3325 1871 3380 ad.
1926 3327 2270 3395 Ilermogen.,

701 3415 828 3468 cap.
860 3401 916 3465 2,
950 3415 1012 3453 n.
1046 3399 1131 3465 19,
1167 3403 1224 3454 et
1253 3414 1380 3470 cap.
1414 3399 1502 3466 38,
1539 3415 1596 3454 n.
1635 3399 1756 3468 132,
1791 3398 1913 3467 135,
1945 3402 2000 3452 et
2025 3395 2125 3452 lib.
2149 3395 2271 3450 adv.

700 3471 896 3540 Praua,
929 3486 1053 3541 cap.
1090 3471 1175 3538 16,
1209 3486 1268 3525 n.
1301 3469 1427 3524 100.

703 3559 1021 3614 RHENANUS
1055 3575 1068 3614 :
1100 3557 1163 3613 In
1195 3558 1403 3630 spatiis
1435 3557 1659 3627 olim,in
1693 3557 1909 3631 quibus
1937 3574 2147 3614 cursus
2169 3573 2275 3629 pu-

631 3646 784 3705 blice
813 3647 1008 3718 fiebat,
1042 3646 1280 3702 initium
1313 3652 1370 3703 et
1399 3646 1533 3703 linis
1560 3647 1732 3703 lineis
1764 3646 2096 3703 notabatur.
2135 3646 2276 3702 Hine

637 3735 884 3809 quiquid
936 3740 1295 3808 postremum
1327 3741 1435 3808 est,
1467 3740 1711 3792 extrema
1763 3737 1910 3793 linea
1942 3736 2278 3808 proverbia-

633 3827 768 3882 liter
805 3823 919 3881 dici
969 3826 1160 3898 coepit.
1193 3826 1342 3897 Ergo
1391 3842 1525 3881 cum
1567 3825 1807 3883 Tertull.
1855 3827 2277 3900 Hermogenem

635 3915 733 3971 hic
761 3919 928 3971 vocat
957 3932 1072 3972 non
1103 3914 1535 3987 intelligentiam
1549 3923 1847 3973 extremam
1868 3917 2280 3989 lineam,impe-

633 4003 985 4060 ritissimum
1021 4002 1518 4078 accipe.Horatius
1546 4005 1864 4079 Epistolam
1895 4007 1967 4065 ad
2000 4007 2278 4073 Quintum

636 4093 723 4150 sic
753 4091 973 4150 claudit
1006 4111 1020 4149 :

888 4183 1032 4233 Mors
1055 4181 1246 4233 ultima
1273 4183 1418 4234 linea
1446 4197 1628 4235 rerum
1658 4189 1756 4236 est.

635 4270 768 4328 Haec
812 4271 990 4329 etiam
1040 4272 1298 4329 Turneb.
1331 4273 1557 4330 Advers.
1587 4275 1689 4332 lib.
1721 4293 1822 4345 xu,
1874 4293 2000 4350 cap.
2036 4277 2122 4332 10.
2174 4274 2284 4335 Ubi

642 4359 898 4418 similem
932 4362 1165 4418 Terent.
1199 4362 1391 4418 locum
1424 4363 1691 4436 explicat,
1725 4370 1782 4420 et
1809 4365 1937 4422 calx
1983 4367 2286 4424 dicebatur

639 4451 794 4522 quod
826 4449 1051 4507 scilicet
1079 4449 1235 4507 calce
1264 4457 1322 4508 et
1348 4457 1542 4509 creata
1573 4455 2066 4512 notaretur.Ultra
2087 4461 2283 4513 autem

641 4539 860 4596 calcem
890 4540 1040 4596 nihil
1091 4546 1358 4614 superest
1385 4560 1496 4614 quo
1530 4559 1737 4601 cursus
1784 4546 2075 4602 tendatur.
2108 4546 2284 4618 Atqui

643 4645 778 4685 cum
799 4629 954 4686 Deus
977 4631 1403 4700 universitatis,
1429 4631 1529 4688 lib.
1563 4634 1774 4690 advers.
1809 4637 2008 4704 Prae,
2028 4637 2284 4693 Extrema
2316 4621 2363 4686 D

643 4720 792 4774 linea
849 4719 1084 4791 dicitur,
1113 4720 1372 4778 alludere
1431 4724 1622 4793 potius
1672 4723 1902 4781 videtur
1959 4731 2159 4782 auctor
2212 4727 2284 4782 ad

643 4807 792 4864 illud
823 4811 1003 4880 Apoc.
1037 4827 1054 4864 ι
1098 4815 1155 4866 et
1184 4829 1299 4868 xxn
1335 4830 1347 4868 :
1380 4813 1487 4884 Ego
1515 4829 1634 4868 sum
1667 4832 1698 4867 α
1729 4819 1780 4870 et
1810 4835 1876 4884 ω,
1907 4817 2026 4874 sive
2068 4818 2288 4888 princi-

641 4898 804 4970 pium
850 4903 907 4953 et
953 4899 1102 4969 ﬁnis.
1153 4901 1275 4956 Lib.
1312 4917 1325 4958 :
1357 4901 1568 4959 advers.
1621 4905 1938 4976 Hermogen.
1975 4922 1988 4961 :
2026 4907 2146 4964 «Si
2189 4907 2286 4962 de-

643 4987 1016 5058 terminatur,
1047 4989 1224 5046 habet
1249 4990 1464 5048 lineam
1518 4997 1875 5064 extremam;
1909 4996 2061 5053 232
2106 5012 2284 5068 quam

644 5083 937 5150 quantum
970 5079 1202 5152 proprie
1232 5081 1438 5152 pictor,
1464 5084 1732 5156 agnoscis
1762 5085 1938 5142 finem
1967 5102 2096 5142 esse
2126 5085 2287 5142 omni

637 5167 721 5223 rei
754 5169 926 5239 cujus
957 5168 1111 5225 linea
1139 5175 1398 5226 extrema
1428 5177 1532 5227 est.
1571 5195 1599 5223 »
1629 5174 1799 5245 Apud
1828 5176 2167 5232 Terentium
2197 5193 2286 5232 ex-

639 5261 822 5314 trema
851 5260 1007 5315 linea
1038 5275 1256 5326 amare,
1283 5265 1372 5316 est
1391 5261 1829 5333 impensissime
1876 5264 1910 5332 ἡ
1943 5260 2080 5337 ἄκρα
2105 5284 2287 5340 γραμ-

641 5345 718 5420 μὴ
752 5365 989 5406 summa
1010 5349 1163 5406 linea
1184 5355 1241 5406 et
1270 5355 1565 5406 extremus
1597 5352 1906 5424 terminus,
1930 5359 1993 5410 ut
2018 5355 2097 5411 ibi
2119 5371 2285 5413 sum-

639 5453 775 5494 mus
806 5455 969 5494 amor
1018 5439 1397 5509 significetur.
1433 5440 1730 5503 Quomodo
1775 5442 1973 5515 Eurip.
2009 5461 2140 5500 cum
2187 5463 2284 5503 ex-

638 5530 895 5584 tremum
925 5529 1242 5585 terminum
1275 5529 1564 5586 malorum
1588 5534 1645 5586 et
1676 5530 2046 5590 miseriarum
2075 5535 2286 5592 intelli-

642 5620 824 5686 geret,
853 5615 975 5673 Ἐπ“
1003 5613 1167 5689 ἄκραν
1216 5615 1422 5689 ἥκομεν
1458 5619 1723 5694 γραμμὴν
1767 5624 1875 5675 τῶν
1906 5626 2086 5678 κακῶν
2117 5625 2282 5684 dixit.

643 5703 770 5760 Non
804 5709 999 5762 tamen
1030 5705 1223 5777 inepte
1254 5709 1408 5779 apud
1439 5712 1666 5768 Terent.
1700 5710 2056 5772 intellexeris
2103 5719 2286 5774 extre-

2381 1971 2679 2039 excidunt,
2712 1976 2814 2027 aut
2861 1973 3167 2040 excedunt,
3201 1971 3310 2028 hoc
3340 1977 3448 2044 est,
3483 1973 3638 2030 ultra
3676 1971 3892 2030 lineam
3925 1988 4040 2044 pe-

2379 2062 2512 2118 dem
2543 2060 2694 2116 intcr
2724 2060 3126 2116 dimicandum
3159 2061 3429 2117 ell'erunt.

2822 2159 2944 2214 105.
2990 2160 3150 2216 Ultra
3183 2159 3413 2227 lineam,
3446 2159 3583 2215 ibid.

2453 2245 2612 2304 Ultra
2642 2245 3034 2319 praestitutum
3068 2246 3487 2320 disputationis
3518 2247 3776 2304 limitem.

2379 2335 2504 2391 106.
2550 2336 2715 2392 Linea
2747 2351 2861 2392 una
2891 2338 2988 2405 est,
3022 2339 3183 2409 tom.
3211 2335 3309 2405 ΙΙΙ,
3339 2337 3620 2409 Scorpiac.
3658 2337 3786 2394 adv.
3821 2335 4035 2408 Gnosl.,

2965 2424 3093 2479 cap.
3130 2408 3214 2478 11,
3249 2424 3313 2464 n.
3341 2409 3432 2465 84.

2450 2496 2614 2552 Unus
2646 2501 2735 2553 est
2765 2513 3001 2569 scopus,
3037 2498 3108 2553 ad
3157 2513 3333 2569 quem
3379 2498 3560 2554 totius
3608 2497 4030 2572 disputationis

2377 2603 2614 2644 summa
2644 2590 2732 2642 est
2760 2586 3086 2658 dirigenda.

2381 2685 2506 2742 107.
2539 2685 2616 2759 Ad
2631 2685 3046 2759 lineamentum
3065 2686 3470 2759 congressionis
3498 2685 3902 2759 dirigere,tom.
3923 2687 4032 2752 III,

2602 2755 2703 2812 lib.
2737 2758 2808 2812 de
2836 2757 3016 2813 Carne
3047 2755 3269 2814 Christi.
3305 2775 3432 2830 cap,
3468 2758 3553 2827 17,
3588 2755 3644 2815 n.
3681 2760 3802 2816 135.

2452 2847 2515 2902 In
2548 2863 2608 2902 re
2642 2863 2759 2902 una
2803 2847 3097 2916 insistere,
3129 2853 3184 2904 et
3231 2863 3359 2904 eam
3394 2847 3588 2904 allatis
3638 2849 3914 2919 utrinque
3947 2865 4051 2904 ra-

2383 2935 2646 2991 tionibus
2677 2936 3005 3008 disputare,
3038 2941 3103 2992 ut
3155 2954 3334 3010 supra
3365 2953 3379 2994 :
3414 2959 3442 2987 «
3475 2937 3695 2994 Eodem
3729 2937 3911 3010 gradu
3943 2937 4050 2993 di-

2385 3043 2624 3082 micare.
2660 3048 2688 3076 >)

2387 3117 2518 3173 108.
2564 3119 2741 3173 Linea:
2789 3118 3067 3187 insistere,
3117 3120 3262 3190 tom.
3301 3117 3417 3190 III,
3455 3116 3555 3174 lib.
3591 3134 3645 3174 IV
3673 3116 3798 3175 adv.
3848 3118 4054 3190 Marc.,

2953 3206 3079 3261 cap.
3116 3189 3204 3256 16,
3236 3207 3294 3245 n.
3327 3189 3452 3246 250.

2305 3242 2348 3310 Ο
2458 3277 2561 3334 Cui
2593 3277 2865 3350 superius
2895 3278 3253 3335 contrarium
3285 3283 3374 3334 est
3405 3297 3419 3336 :
3452 3301 3482 3329 ‹‹
3515 3281 3561 3334 Α
3587 3277 3759 3335 lineis
3799 3279 4052 3337 excede-

2383 3385 2444 3425 re
2476 3392 2498 3422 ι
2537 3373 2654 3438 Est,
2688 3369 2748 3424 in
2796 3368 3070 3425 instituto
3121 3384 3486 3440 permanere,
3537 3385 3727 3441 neque
3777 3371 4045 3441 evagari.

2384 3457 2550 3525 Quia,
2603 3461 2667 3513 ut
2713 3457 2795 3513 ait
2851 3457 3132 3525 Turneb.,
3165 3456 3249 3512 sic
3296 3457 3592 3514 interdum
3647 3456 3858 3514 collato
3890 3459 4050 3529 pede

2386 3547 2869 3618 pugnabatur,{ut
2899 3545 3063 3602 lineae
3094 3545 3279 3602 ductae
3310 3547 3520 3618 pedem
3551 3563 3784 3618 semper
3811 3551 4052 3620 oporte-

2386 3639 2475 3690 ret
2505 3634 2793 3706 insistere,
2828 3650 2933 3691 nec
2965 3634 3100 3690 inde
3130 3633 3352 3691 referri.

2388 3725 2510 3781 109.
2555 3725 2734 3780 Lineis
2779 3724 2985 3798 eisdem
3029 3724 3318 3798 dimicare,
3352 3729 3498 3798 tom.
3549 3725 3647 3798 ΙΙΙ,
3669 3724 3774 3781 lib.
3819 3741 3875 3797 v,
3909 3723 4046 3782 adv.

2882 3797 3067 3867 Mam,
3101 3813 3228 3869 cap.
3263 3797 3311 3867 1,
3345 3813 3404 3852 n.
3440 3797 3526 3852 12.

2460 3886 2620 3941 Intra
2649 3889 2806 3942 certa
2835 3889 3318 3958 argumentorum
3349 3890 3515 3958 septa
3544 3885 4051 3958 permanere,sive

2389 3974 2542 4031 intra
2565 3975 2798 4032 eosdem
2825 3973 2971 4031 ﬁnes
3002 3974 3062 4032 in
3095 3975 3449 4048 disputando
3474 3976 3716 4032 versari.

2393 4065 2517 4122 110.
2558 4065 2654 4120 Ad
2686 4063 2866 4122 lineas
2892 4081 3138 4132 rursum,
3168 4068 3312 4120 tom.
3353 4064 3455 4134 ΙΙΙ,
3484 4063 3588 4120 lib.
3621 4081 3662 4132 ι,
3691 4064 3816 4122 adv.
3847 4065 4051 4137 Marsa,

3003 4153 3130 4210 cap,
3161 4137 3216 4204 9,
3249 4154 3307 4192 n.
3339 4137 3429 4192 55.

2463 4226 2581 4282 Hoc
2610 4229 2722 4296 est,
2756 4225 2828 4283 ad
2881 4226 3247 4300 propositum
3291 4229 3468 4298 atque
3516 4225 3860 4283 institutum
3908 4231 4058 4299 post

2392 4315 2819 4388 digressionem
2877 4316 2998 4372 sive
3044 4308 3373 4390 παρέκϐασιν
3433 4315 3668 4375 reverti.
3725 4320 4054 4388 Sumptum

2393 4406 2590 4475 abiis,
2644 4407 2743 4478 qui
2794 4422 2925 4461 cum
2958 4422 2991 4461 a
3021 4404 3191 4461 lineis
3231 4405 3358 4477 jam
3408 4405 3750 4477 exciderint,
3802 4422 4053 4464 rursum

2393 4496 2642 4568 gradum
2676 4493 3125 4566 colligunt.Vide
3146 4493 3454 4567 supra:«In
3480 4495 3728 4568 gradum
3743 4511 4054 4550 rursum.»

2396 4585 2517 4639 111.
2558 4589 2627 4641 In
2673 4585 2844 4657 lineas
2890 4582 3108 4657 easdem
3154 4582 3386 4657 gradum
3414 4583 3703 4657 colligere,
3744 4588 3886 4640 tom.
3941 4583 4050 4657 IlI,

2733 4655 2835 4710 lib.
2869 4653 2934 4711 de
2960 4653 3179 4722 Anima,
3207 4671 3334 4726 cap.
3364 4655 3457 4721 26,
3488 4671 3546 4710 n.
3566 4653 3706 4709 345.

2468 4745 2621 4802 233
2672 4745 2735 4800 B.
2769 4743 3027 4812 Hieron.,
3059 4743 3120 4799 in
3168 4745 3384 4814 Dialog.
3416 4743 3538 4800 adv.
3589 4746 3829 4818 Lucifer.
3866 4760 3879 4800 :
3915 4766 3944 4796 «
3977 4746 4053 4803 In

2395 4836 2644 4908 gradum
2677 4850 2912 4890 rursum
2945 4850 3010 4890 ac
3040 4832 3225 4890 lineas
3254 4835 3577 4907 regredere.
3613 4856 3641 4884 »

2397 4925 2520 4981 112.
2570 4926 2726 4999 Intra
2777 4926 2993 4999 lineam
3041 4928 3345 4980 extremam
3400 4924 3894 4999 includere,_tom.
3939 4924 4056 4999 III,

2625 4998 2730 5054 lib.
2763 4998 2886 5054 adv.
2918 4999 3268 5067 Hermogen.,
3303 5013 3431 5070 cap.
3462 4997 3553 5067 38,
3585 5015 3642 5052 n.
3678 4997 3799 5053 134.

2465 5088 2585 5145 Hoc
2617 5093 2921 5161 sumptum
2971 5087 3201 5144 videtur
3231 5085 3420 5160 magis
3451 5105 3484 5143 a
3513 5085 3847 5160 geometris,
3898 5102 4058 5159 quo-

2395 5195 2529 5236 rum
2577 5180 2842 5235 tractatio
2891 5181 2981 5234 est
3024 5179 3096 5233 de
3145 5177 3496 5248 quantitate,
3529 5175 3676 5246 loco,
3709 5175 4057 5251 superﬁcie,

2393 5272 2451 5325 et
2480 5267 2651 5324 linea.
2690 5268 2976 5341 Loquitur
3019 5268 3090 5323 de
3121 5266 3369 5323 materia
3416 5267 3660 5324 Tertull.
3695 5283 3869 5339 quam
3903 5269 4058 5323 Her-

2394 5375 2672 5431 mogenes
2697 5376 2936 5431 corpore
2957 5357 3254 5414 infinitam
3277 5356 3611 5425 faciebat,et
3631 5357 3823 5414 locum
3846 5361 4053 5415 tamen

2393 5450 2445 5506 ei
2475 5450 2829 5518 ascribebat,
2864 5465 2978 5522 quo
3028 5447 3298 5516 ambiret,
3333 5446 3441 5503 hoc
3473 5452 3578 5517 est,
3610 5450 3855 5503 extrema
3889 5444 4057 5504 linea

2389 5538 2811 5596 includeretur.
2866 5537 3238 5611 Significabit
3290 5536 3473 5610 igitur
3530 5535 3934 5610 proverbium,
3992 5537 4055 5593 si

2391 5626 2602 5702 placet,
2634 5627 2808 5686 certis
2857 5627 3146 5686 limitibus
3198 5626 3419 5700 aliquid
3466 5625 3958 5699 comprehendere
3984 5629 4056 5682 et

2394 5715 2583 5774 finire.
