4526 6394
193 369 292 427 281

1353 360 1950 422 PROVERBIALES
1998 362 2423 424 FORMULE.

3469 361 3586 423 282

228 497 338 553 113.
375 495 567 551 Ltneas
597 493 821 563 dueere,
852 500 996 549 tom.
1032 494 1131 560 ΙΙΙ,
1165 492 1267 549 lib.
1302 493 1367 551 de
1394 496 1616 565 Anima,
1648 509 1774 565 cap.
1856 496 1910 562 Α
1940 493 2157 549 Eadem
2190 510 2423 567 semper
2452 494 2722 551 oberrare
2753 495 2962 563 corda;
2996 495 3263 551 eamdem
3312 494 3586 550 incudem

829 567 916 633 36,
950 584 1008 623 n.
1044 567 1165 621 432.

245 676 453 733 Graecis
510 671 656 751 ἄγειν
716 673 752 743 ἢ
804 671 1028 748 γράφειν
1089 673 1348 748 γραμμήν
1390 717 1402 729 .
1458 674 1527 728 Et
1584 670 1825 729 linearis

186 767 403 839 pictura
432 768 466 835 ἡ
495 763 717 842 γραφίς,
750 764 895 819 Hinc
928 764 1073 819 illud
1111 781 1123 818 :
1158 786 1185 813 «
1220 764 1445 818 Primas
1474 762 1658 819 lineas
1716 764 1823 817 du-

186 872 319 926 cere,
384 878 413 905 »
474 854 729 928 eleganti
796 854 1139 926 metaphora
1184 871 1217 909 a
1248 853 1590 925 pictoribus,
1625 870 1728 925 pro
1760 868 1825 909 eo

186 946 327 1018 quod
360 950 472 1013 est,
504 947 774 1001 umbram
807 947 1036 1001 tantum
1084 943 1333 1014 alicujus
1390 944 1468 999 rei
1529 944 1826 1012 exhibere,

186 1039 349 1107 atque
380 1034 573 1090 obiter
604 1035 759 1106 quod
792 1033 1044 1105 intelligi
1076 1033 1277 1105 cupias
1308 1032 1621 1090 delineare.
1656 1032 1828 1088 Ducit

186 1129 235 1180 et
262 1124 483 1196 primas
514 1124 722 1194 lineas,
758 1124 859 1195 qui
893 1124 1208 1179 formulam
1241 1122 1581 1178 exordiendi
1614 1120 1828 1193 negotii

184 1214 516 1285 praescribit.
567 1214 638 1270 Et
685 1214 914 1270 mittere
960 1212 1198 1281 lineam,
1233 1230 1335 1285 pro
1370 1228 1384 1269 :
1419 1216 1559 1268 Rem
1593 1216 1825 1267 tantum

185 1304 548 1375 adumbrare,
582 1306 637 1359 et
668 1302 1022 1374 oonjecturis
1052 1302 1411 1376 quihusdam
1464 1302 1827 1374 investigan—

185 1394 303 1448 dam
364 1408 713 1465 proponere.
786 1391 1089 1463 Siquidem
1155 1409 1219 1447 ex
1288 1390 1577 1447 linearum
1647 1392 1825 1447 ductu

177 1482 385 1552 justum
420 1483 599 1539 etiam
646 1481 885 1554 pictura:
934 1481 1249 1538 artiﬁcium
1300 1481 1608 1537 discimus.
1666 1480 1828 1537 Unde

184 1571 501 1629 versiculus
533 1588 548 1630 :

255 1708 414 1758 Linea
446 1720 569 1771 quas
598 1711 833 1757 veterem
862 1706 1018 1770 longe
1047 1705 1281 1755 fateatur
1311 1706 1571 1769 Apellem.

1936 588 2111 640 noctu
2143 584 2361 655 diuque
2392 585 2835 657 tundere.Apud
2868 584 3026 657 Virg.
3064 601 3076 639 :
3110 588 3341 657 Argutae
3373 584 3594 639 lamina

1934 689 2126 743 serrw,
2160 674 2356 730 innuit
2388 674 2925 746 reciprocationem.
2961 675 3053 731 Sic
3084 674 3334 731 fullones
3392 673 3591 729 dicun-

1934 766 2068 819 tur:
2102 765 2367 833 Argutari
2392 766 2637 836 pedibus,
2661 766 2771 823 hoc
2802 771 2909 835 est,
2944 765 3166 821 alterno
3197 768 3253 821 et
3292 764 3585 838 reciproco

1936 854 2081 926 pede
2113 854 2413 910 exculcare
2444 860 2501 910 et
2530 855 2721 911 lavare
2752 873 2996 928 pannos.

1975 963 2095 1018 118.
2131 965 2448 1037 Lucifugae,
2484 967 2621 1019 tom.
2656 962 2755 1037 ΙΙΙ,
2786 962 2887 1018 lib.
2922 962 2986 1037 de
3025 964 3328 1019 Resurrect.
3367 978 3550 1028 eam,

2190 1085 2201 1095 .
2339 1035 2348 1037 ⁷
2504 1052 2632 1107 cap.
2668 1035 2755 1103 47,
2792 1053 2848 1090 n.
2884 1036 3009 1089 341.

2007 1124 2289 1197 Lucifuga
2342 1128 2399 1181 et
2454 1126 2774 1196 Luci/agas,
2832 1125 3048 1179 infame
3108 1139 3340 1179 nomen.
3400 1121 3585 1178 Homo

1937 1212 2220 1269 nimirum
2281 1218 2503 1269 naturae
2559 1214 2891 1269 contrarius
2949 1218 3005 1269 et
3035 1211 3586 1285 praaposterusluce

1937 1303 2177 1371 dormit,
2212 1308 2387 1359 noctu
2420 1302 2642 1376 vigilat,
2676 1320 2847 1377 quem
2875 1301 3259 1375 jureconsulti
3290 1300 3589 1374 appellant

1934 1393 2429 1466 vespertilionem,
2465 1394 2619 1465 quod
2674 1398 2873 1449 exacto
2917 1394 3041 1465 jam
3100 1393 3213 1448 diei
3272 1390 3585 1459 curriculo,

1938 1485 2047 1540 sub
2103 1490 2351 1553 noctem,
2406 1484 2841 1557 vespertilionis
2900 1483 2958 1539 in
3018 1499 3239 1538 morem
3294 1483 3585 1553 prorepat.

1936 1575 2129 1631 Graece
2196 1567 2541 1648 λυχνόϐιος,
2613 1574 2973 1646 quibusdam
3041 1571 3345 1639 tenebrio,
3415 1569 3584 1642 quasi

1937 1682 2144 1721 amans
2200 1666 2596 1721 tenebrarum.
2657 1663 2855 1719 Cicero
2914 1663 2973 1717 in
3032 1662 3193 1717 Catil.
3228 1661 3588 1718 dormientes

1938 1753 2212 1825 appellat,
2246 1770 2380 1809 cum
2412 1752 2791 1825 vigilantibus
2826 1751 3086 1823 opponit.
3145 1751 3365 1806 Tertul.
3424 1748 3580 1804 Luci-

183 1842 417 1909 Plinius,
455 1841 557 1898 lib.
590 1858 754 1909 xxxv,
788 1859 837 1897 o.
871 1841 963 1909 10,
993 1840 1263 1897 meminit
1311 1840 1600 1896 linearum
1652 1839 1822 1911 Apel-
1863 1875 1910 1939 B
1936 1846 2071 1916 fuga
2124 1845 2557 1915 scripturarum,
2591 1841 2692 1913 qui
2724 1842 2782 1896 in
2815 1858 3051 1897 summa
3081 1840 3437 1911 scriptorum
3468 1838 3583 1894 ola-

186 1932 267 1989 lis.
300 1932 505 1987 Solent
535 1932 691 1987 enim
725 1931 999 2003 pictores,
1032 1930 1118 1986 uti
1148 1930 1324 1985 etiam
1358 1930 1537 1985 Rhen.
1586 1931 1823 1985 adnota-

186 2022 278 2087 vit,
309 2019 584 2093 penicillo
615 2019 802 2076 lineas
861 2020 1094 2087 ducere,
1156 2019 1494 2091 priusquam
1557 2019 1827 2075 umbram

187 2111 298 2166 sine
326 2110 523 2167 colore
553 2109 810 2166 colorare
842 2110 1147 2182 incipiant.

188 2217 296 2274 114.
330 2219 531 2275 Linea:
561 2225 738 2274 rectas
767 2217 981 2283 ducere,
1012 2221 1154 2273 tom.
1192 2218 1289 2286 ΙΙΙ,
1322 2216 1424 2273 lib.
1459 2216 1587 2274 adv.
1622 2218 1825 2287 Herm,

745 2307 874 2362 cap.
916 2290 1006 2361 36,
1040 2307 1099 2347 n.
1133 2289 1257 2346 126.

251 2397 498 2470 Adaptat
530 2398 648 2453 hanc
679 2398 1005 2470 proverbia,
1037 2414 1070 2453 a
1098 2396 1347 2470 pictoria
1375 2400 1497 2453 arte
1554 2396 1825 2466 deducta,

196 2485 554 2560 Hermogeni,
585 2487 685 2560 qui
716 2490 852 2543 ante
889 2486 1159 2543 haeresim
1207 2486 1515 2558 pictoriam
1555 2502 1828 2542 exercue-

194 2581 314 2632 rat:
346 2598 368 2627 ι
403 2576 532 2633 Nisi
565 2577 718 2648 quod
758 2576 949 2632 sitam
982 2580 1168 2633 rectas
1198 2575 1381 2633 lineas
1437 2576 1628 2644 ducis,
1687 2580 1828 2631 Her-

197 2683 483 2739 mogenes,
548 2682 725 2738 quam
786 2666 932 2721 ratio
977 2665 1113 2731 ista,
1147 2666 1333 2739 pictor
1361 2670 1415 2721 te
1445 2666 1682 2721 bardior
1713 2682 1827 2720 non

195 2760 322 2810 est.»
344 2755 568 2811 Referri
590 2759 779 2828 potest
800 2757 871 2811 ad
895 2771 1028 2811 eum
1053 2756 1153 2827 qui
1177 2756 1435 2811 ofﬁcium
1459 2772 1628 2811 suum
1651 2756 1829 2826 probe

199 2844 350 2913 facit;
377 2844 485 2918 qui
514 2844 586 2899 ab
616 2843 942 2900 honestatis
974 2845 1274 2917 praeceptis
1305 2862 1419 2900 non
1452 2844 1828 2915 discedit;qui

198 2946 302 2985 sua:
359 2930 513 2987 artis
564 2932 790 3004 peritus
835 2936 941 2990 est.
973 2933 1075 2988 Cui
1107 2940 1437 3005 opponatur
1464 2934 1639 2989 etiam
1675 2950 1687 2989 :
1728 2954 1748 2983 ι
1781 2935 1827 2988 Α

197 3019 347 3076 lineis
376 3020 665 3078 excidere.
699 3044 728 3073 »

227 3127 334 3183 115.
366 3129 731 3185 Lineamenta
760 3128 1004 3200 ductare,
1036 3134 1179 3186 tom.
1212 3135 1313 3202 ΙΙΙ,
1346 3130 1447 3186 lib.
1488 3129 1555 3186 de
1592 3134 1783 3185 Resur.

808 3218 985 3271 cana,
1020 3220 1077 3258 n.
1112 3203 1200 3259 35.

252 3288 444 3346 Cicero
482 3305 497 3346 :
533 3291 783 3362 Aspersa
839 3296 1057 3347 temere
1114 3292 1415 3364 pigmenta
1468 3291 1529 3346 in
1588 3290 1824 3362 tabella,

197 3379 296 3435 oris
348 3379 708 3436 lineamenta
765 3381 1043 3451 efﬁngere
1101 3386 1368 3453 possunt.
1428 3381 1640 3437 Graecis
1690 3386 1829 3437 sunt

197 3467 508 3544 περιγραφαὶ
540 3473 597 3525 et
635 3465 1003 3547 σκιογραφίαι.
1060 3471 1205 3527 Item
1258 3472 1371 3527 Cic.
1430 3472 1492 3525 in
1549 3471 1698 3526 Orat.
1757 3469 1829 3525 ad

201 3561 335 3614 Brut.
366 3579 384 3615 :
417 3559 715 3615 Numerus
747 3559 913 3632 quasi
946 3561 1265 3631 quamdam
1297 3561 1627 3633 palmstram
1651 3565 1709 3616 et
1739 3578 1831 3617 ex-

199 3650 367 3705 trama
395 3649 758 3706 lineamenta
780 3650 1027 3706 orationi
1056 3651 1269 3721 attulit,
1315 3650 1424 3708 hoc
1483 3654 1592 3722 est,
1648 3667 1829 3707 venu-

199 3741 390 3795 statem
423 3739 501 3795 ad
533 3740 990 3796 ostentationem
1025 3740 1376 3808 adhibitam,
1406 3744 1463 3795 et
1509 3744 1829 3796 extremam

199 3829 345 3897 quasi
372 3830 668 3901 lmenum.
719 3829 1114 3886 Tertullianus
1148 3847 1161 3885 :
1198 3832 1517 3902 Exprimere
1544 3830 1829 3902 interpre-

199 3919 356 3988 tatur,
386 3919 565 3974 lineas
594 3919 809 3974 ducere.
844 3920 982 3975 Rem
1015 3919 1236 3976 scilicet
1269 3919 1484 3977 clarius
1515 3921 1587 3977 ob
1631 3918 1831 3976 oculos

199 4021 505 4079 proponere
536 4013 591 4064 et
623 4010 1049 4066 demonstrare.

246 4116 358 4172 116.
390 4116 432 4173 Α
467 4118 633 4175 lineis
661 4116 871 4185 excide,
904 4120 1045 4174 tom.
1079 4119 1177 4184 ΙΙΙ,
1206 4116 1308 4173 lib.
1341 4118 1467 4174 adv.
1500 4119 1779 4190 Hermog.,

751 4205 879 4262 cap.
912 4190 1000 4258 39,
1038 4208 1094 4245 n.
1140 4191 1262 4245 137.

258 4275 465 4333 Preter
487 4278 850 4350 superiorem
893 4279 1436 4351 interpretationem
1471 4279 1543 4335 ab
1601 4277 1836 4334 athletis

202 4363 443 4436 ductam,
503 4367 830 4439 pictoribus
887 4367 997 4425 hoc
1056 4369 1252 4441 potius
1306 4369 1369 4424 in
1408 4374 1833 4441 Hermogenem

202 4459 356 4512 antea
385 4458 670 4530 pictorem
702 4458 896 4514 refert.
946 4458 1203 4515 Pictores
1260 4475 1516 4531 namque
1571 4476 1606 4515 a
1662 4458 1835 4513 lineis

202 4545 460 4614 penicillo
486 4547 756 4602 deductis
816 4549 1168 4617 excidentes,
1224 4548 1378 4605 ultra
1433 4548 1651 4604 lineam
1712 4548 1835 4619 pic-

1856 3246 1899 3313 C
1936 3216 2006 3271 Et
2062 3215 2236 3287 paulo
2294 3213 2565 3287 superius
2626 3229 2639 3268 :
2700 3213 2803 3268 Cui
2852 3213 3048 3265 lumen
3082 3213 3442 3279 ademptum,
3476 3213 3535 3306 et

1935 3305 2069 3361 Telo
2098 3306 2295 3360 lumen
2326 3305 2714 3360 terebramus.
2746 3301 2890 3355 Vide
2922 3316 3101 3371 supra
3133 3316 3145 3354 :
3184 3318 3211 3349 ς(
3269 3298 3466 3353 Caecus
3522 3298 3584 3348 in

1939 1933 2129 2004 ritate,
2163 1938 2220 1987 et
2251 1932 2309 1986 in
2341 1932 2435 2000 iis,
2470 1938 2535 1987 ut
2563 1930 2754 1987 verbis
2782 1929 3027 1985 Tertull.
3060 1934 3215 1999 utar,
3247 1951 3275 1979 ‹‹
3325 1946 3449 2000 qua)
3498 1928 3588 1983 vel

1936 2021 2125 2094 ipsius
2165 2022 2305 2078 solis
2339 2022 2499 2077 radio
2533 2021 2766 2093 scripta:
2798 2020 3040 2091 clarent,
3070 2041 3097 2070 »
3134 2018 3497 2091 impingunt,
3532 2021 3590 2073 et

1940 2115 2003 2167 ut
2033 2111 2265 2180 dicitur,
2295 2112 2353 2166 in
2387 2110 2507 2167 sole
2539 2110 2812 2181 caligant.

1938 2218 2060 2274 119.
2094 2220 2404 2274 Lucernam
2431 2219 2661 2274 meridie
2687 2219 3068 2285 circumferre,
3100 2219 3243 2271 tom.
3278 2216 3375 2286 ΙΙΙ,
3406 2214 3511 2270 lib.
3544 2231 3584 2285 ι,

2363 2292 2487 2346 adv.
2519 2291 2708 2357 Mam,
2741 2306 2868 2361 cap.
2895 2290 2945 2358 1,
2976 2306 3033 2343 n.
3070 2288 3155 2343 19.

2008 2378 2457 2437 Proverbialiter
2511 2380 2665 2435 idem
2723 2377 3083 2449 signiﬁcabit
3142 2376 3335 2448 quod,
3394 2375 3585 2430 lucer-

1939 2486 2075 2525 nam
2110 2469 2384 2525 adhibere
2413 2468 2500 2525 vel
2533 2468 2847 2524 accendere
2880 2467 2938 2521 in
2971 2465 3233 2532 meridie,
3267 2465 3421 2536 quod
3472 2467 3582 2531 est,

1938 2560 2124 2615 facere
2177 2559 2396 2631 aliquid
2458 2576 2569 2614 non
2634 2575 2740 2614 suo
2773 2562 3053 2629 tempore,
3087 2555 3174 2611 vel
3205 2571 3224 2609 :
3252 2555 3310 2609 in
3345 2569 3404 2608 re
3436 2552 3592 2608 clara

1939 2650 2356 2706 obscuritatem
2404 2649 2705 2721 aucupari.
2740 2651 2950 2703 Natum
2986 2664 3019 2702 a
3049 2646 3330 2716 Diogene,
3361 2642 3462 2716 qui
3493 2659 3587 2698 ac-

1939 2757 2115 2797 censa
2144 2739 2386 2796 lucerna
2416 2738 2656 2795 meridie
2682 2737 2980 2792 hominem
3016 2734 3331 2805 quaerebat.

2007 2848 2133 2905 420.
2163 2847 2489 2906 Luminibus
2517 2846 2723 2917 eﬂossis
2752 2844 2996 2917 orbatus,
3030 2846 3173 2897 tom.
3204 2840 3273 2908 V,
3314 2839 3416 2895 lib.
3450 2838 3514 2894 de

2402 2916 2623 2985 TriniL,
2655 2935 2782 2989 cap.
2812 2916 2900 2987 28,
2936 2934 2993 2971 n.
3027 2917 3117 2969 27.

2008 3007 2208 3079 Virgil.
2240 3008 2341 3064 lib.
2376 3025 2461 3075 m,
2494 3007 2557 3062 de
2585 3009 2776 3078 Polyp.

2061 3116 2300 3166 Luminis
2330 3114 2503 3165 eﬁ‘ossi
2534 3114 2755 3164 ﬂuidum
2788 3113 2918 3161 lavit
2946 3111 3071 3160 inde
3102 3122 3363 3159 cruorem.

2700 3210 2803 3268 Cui
2852 3210 3048 3265 lumen
3082 3209 3442 3279 ademptum,
3476 3208 3533 3260 et
3566 3221 3578 3259 :

1938 3401 2163 3467 petram
2196 3394 2455 3450 offendit.
2494 3416 2521 3443 »
2551 3392 2833 3464 Adjungit
2860 3388 3350 3458 Novatianusper
3378 3400 3584 3457 epexe-

1938 3486 2103 3559 gesin
2138 3501 2150 3540 :
2186 3508 2214 3535 «
2245 3485 2427 3541 Totus
2456 3484 2532 3539 sit
2563 3483 2619 3538 in
2652 3481 2926 3538 doctrina:
2957 3496 3076 3535 suae
3110 3476 3365 3534 caecitate
3410 3491 3584 3547 supe-

1939 3580 2123 3632 ratus.
2160 3598 2188 3626 »
2247 3576 2319 3633 Ut
2372 3573 2808 3647 proverbialiter
2864 3572 2934 3626 de
2978 3586 3044 3625 eo
3077 3569 3189 3624 dici
3224 3567 3431 3640 possit,
3488 3564 3585 3635 qui

1941 3666 2341 3722 doctrinarum
2390 3664 2477 3720 vel
2526 3679 2789 3719 errorum
2821 3660 3106 3732 pravitate
3135 3662 3449 3714 excaecatus
3476 3659 3586 3724 est,

1941 3759 1997 3811 et
2026 3755 2120 3811 cui
2151 3753 2297 3811 nihil
2328 3771 2481 3811 sanae
2524 3752 2740 3808 mentis
2792 3748 3261 3821 intelligentiasve
3317 3745 3395 3801 sit
3452 3742 3585 3799 reli-

1943 3861 2149 3918 quum.
2195 3844 2299 3900 Vel
2354 3845 2425 3900 ad
2456 3840 2763 3899 Novatiani
2794 3838 3145 3895 sententiam
3174 3836 3415 3908 propius
3449 3850 3461 3887 :
3494 3832 3590 3890 cui

1920 3934 2087 3991 ‘nihil
2136 3933 2486 4005 subterfugii
2545 3935 2746 4001 restat,
2804 3946 2920 4001 quo
2979 3925 3342 3999 argumentis
3400 3924 3587 3978 victus

1942 4029 2223 4095 recurrat,
2257 4023 2524 4096 nihilque
2556 4038 2756 4079 secum
2787 4023 2979 4092 potest
3008 4016 3320 4089 dispicere,
3351 4030 3466 4085 quo
3498 4029 3588 4069 er-

1943 4132 2131 4172 rorem
2163 4117 2421 4171 tueatur.

1942 4224 2067 4281 121.
2101 4225 2141 4280 Α
2173 4223 2384 4280 lamiae
2415 4221 2732 4277 exorbitare
2759 4216 3027 4287 caligine,
3061 4218 3207 4271 tom.
3251 4212 3317 4280 V,
3371 4211 3473 4267 lib.
3526 4209 3593 4265 de

2432 4293 2655 4361 Pudic.,
2684 4307 2810 4362 cap.
2842 4290 2896 4355 8,
2930 4306 2989 4343 n.
3019 4288 3109 4342 59.

2013 4386 2098 4441 Ab
2128 4385 2338 4449 orbita,
2390 4383 2544 4454 quod
2602 4384 2692 4435 est
2746 4378 3056 4449 vestigium
3115 4370 3478 4430 decurrentis
3532 4370 3592 4424 in

1942 4475 2036 4531 via
2064 4478 2225 4542 rotae,
2256 4476 2345 4528 est
2367 4471 2610 4526 verbum
2637 4469 2967 4533 exorbitare,
3000 4463 3169 4536 quasi
3201 4480 3235 4518 a
3262 4461 3354 4517 via
3383 4459 3591 4515 deﬂec-

1944 4568 2085 4635 tere,
2119 4580 2233 4636 pra
2263 4576 2524 4618 errorum
2549 4559 2808 4613 czecitate
2834 4571 3029 4611 veram
3063 4551 3412 4619 doctrinam,
3465 4565 3592 4621 qua:

199 4633 379 4727 turam
411 4637 769 4709 protendunt
798 4653 988 4706 suam,
1026 4642 1089 4693 ut
1118 4638 1197 4694 sit
1228 4655 1240 4693 :
1276 4638 1612 4694 exh’obitare
1642 4638 1714 4694 ab
1746 4636 1841 4692 in-
1871 4640 1918 4704 D
1949 4633 2077 4727 per»
2106 4633 2170 4710 ge
2245 4651 2420 4720 lucet,
2497 4666 2610 4704 non
2679 4663 2850 4719 posse
2916 4642 3262 4717 perspicere.
3328 4639 3453 4695 Lib.
3523 4640 3598 4694 ad

206 4724 512 4795 stituto,vel
543 4727 742 4798 etiam,
763 4727 834 4784 ab
866 4729 1057 4785 ofﬁcio
1087 4730 1403 4799 discedere,
1423 4734 1483 4786 et
1513 4728 1632 4784 falli
1662 4732 1837 4799 atque

205 4828 383 4873 errare
391 4861 405 4874 .

206 4921 500 4981 234117.
533 4930 639 4983 Per
667 4926 876 4984 lineam
922 4928 1168 4984 eamdem
1214 4943 1424 4985 serram
1470 4928 1838 4997 reciprocare,

321 5002 463 5055 tom.
497 5003 567 5070 ΙΙ,
600 4998 703 5054 lib.
735 4999 799 5056 de
833 5000 1030 5057 Coron.
1060 5002 1252 5068 milit.,
1284 5018 1411 5074 cap,
1443 5001 1496 5069 3,
1529 5018 1587 5056 n.
1618 5000 1709 5054 28.

267 5104 575 5163 Rhenanus
608 5123 621 5162 :
655 5106 839 5163 Habet
869 5109 1157 5180 proverbii
1199 5109 1454 5181 speciem
1515 5108 1584 5163 de
1641 5105 1841 5162 inutili

207 5196 444 5263 etﬁvano
503 5196 721 5254 labore.
782 5198 1120 5270 Metaphora
1178 5196 1839 5271 sumptaasectoribus

207 5278 484 5355 lignorum
520 5304 533 5343 :
565 5287 667 5359 qui
698 5286 781 5343 sic
811 5288 1031 5345 ducant
1058 5305 1294 5361 serram,
1328 5294 1395 5346 ut
1425 5292 1524 5344 aut
1578 5304 1695 5344 non
1748 5285 1842 5342 di-

211 5373 453 5444 mittant,
488 5381 589 5433 aut
636 5377 695 5432 in
748 5380 950 5433 eadem
1002 5382 1232 5435 tantum
1266 5379 1418 5435 linea
1449 5380 1839 5451 perseverent,

212 5461 343 5520 nihil
376 5470 566 5539 agent,
599 5466 686 5523 vel
717 5474 867 5523 certe
906 5485 1022 5525 non
1081 5469 1335 5526 multum
1395 5475 1584 5542 agent.
1644 5467 1844 5523 Innuit

215 5554 349 5610 Tert.
375 5556 641 5615 inutilem
689 5556 948 5614 laborem
1010 5558 1165 5617 circa
1219 5574 1399 5617 unam
1458 5558 1842 5628 eamdemque

217 5656 348 5711 rem,
379 5647 497 5703 utii
519 5646 621 5720 qui
643 5646 702 5702 in
726 5647 930 5703 eodem
971 5656 1315 5722 argumento
1346 5646 1647 5706 immodici
1678 5651 1839 5719 sunt,

221 5734 271 5785 et
294 5733 444 5793 velut
468 5751 812 5810 cupressum
845 5736 1291 5798 simulanLHee
1319 5737 1523 5800 eodem
1552 5739 1840 5811 spectant:

1946 4744 2133 4801 Gnost.
2165 4760 2183 4800 :
2222 4764 2244 4793 α
2275 4742 2361 4798 Ab
2416 4739 2517 4796 illo
2576 4738 2738 4811 (Deo)
2792 4737 2852 4793 in
2883 4733 3213 4793 idololatria
3243 4729 3599 4789 exorbitave-

1946 4838 2106 4890 runt.
2141 4856 2169 4883 »

1949 4942 2100 5000 285
2134 4942 2256 4998 122.
2289 4940 2504 4997 Malum
2535 4940 2704 5009 foms,
2736 4940 2877 4991 tom.
2908 4935 3008 5009 ΙΙΙ,
3041 4932 3145 4989 lib.
3178 4932 3299 4989 adv.
3354 4931 3596 4999 Valent.,

2522 5007 2648 5083 cap.
2685 5010 2770 5077 10,
2805 5026 2863 5063 n.
2899 5007 3021 5062 119.

2021 5106 2378 5175 Detestantis
2408 5105 2465 5158 et
2495 5097 2866 5157 abhorrentis
2896 5114 3025 5168 vox,
3057 5099 3116 5153 et
3146 5094 3365 5153 malum
3418 5091 3597 5149 infor-

1950 5198 2303 5268 tuniumqne
2334 5191 2724 5265 deprecantis.
2758 5188 2963 5261 Virgil.
2999 5204 3040 5243 ιι
3070 5203 3083 5241 z

2169 5328 2320 5389 Quod
2354 5328 2406 5377 di

2077 5394 2501 5445 Convertant.....
2533 5391 2600 5440 Et
2630 5404 2641 5438 :

2074 5441 2140 5507 Di
2156 5441 2388 5506 iustiora
2417 5455 2543 5518 piis,
2569 5463 2905 5518 erroremque
2936 5446 3181 5518 hostibus
3210 5441 3374 5518 illum.

2077 5522 2137 5570 Di
2167 5509 2445 5584 prohibete
2476 5509 2666 5577 minas,
2697 5515 2757 5563 Di
2790 5509 2948 5562 talem
2970 5509 3190 5560 avertite
3220 5516 3421 5555 casum.

2437 5327 2585 5390 prius
2614 5338 2775 5374 omen
2807 5325 2863 5373 in
2893 5324 3068 5386 ipsum

1952 5646 2108 5704 Solet
2137 5646 2293 5720 apud
2322 5647 2545 5701 veteres
2575 5640 2633 5695 in
2666 5635 2971 5695 vestibulis
2997 5633 3208 5691 aedium
3241 5627 3420 5720 statui
3452 5627 3596 5684 Her-

1955 5736 2116 5795 cules
2146 5718 2484 5807 ἀλεξίκακος,
2514 5728 2626 5787 hoc
2681 5730 2790 5798 est,
2850 5724 3139 5784 malarum
3185 5718 3486 5795 depulsor,
3541 5722 3599 5774 et
