4526 6346
621 375 741 434 283

621 506 836 562 ascribi
863 507 1181 574 interdum,
1210 506 1347 562 boni
1379 506 1596 563 ominis
1626 523 1822 575 causa,
1858 502 2043 575 Μηδὲν
2102 503 2263 559 κακὸν
2290 506 2348 573 Α

618 593 821 649 εἷ’σίτω.
883 596 1036 652 Nihil
1099 595 1237 650 mali
1285 596 1666 667 ingrediatur.
1698 598 1745 651 A
1776 595 1961 652 sacris
1987 600 2266 668 praeterea

618 685 759 741 mali
788 686 1133 756 profanique
1163 684 1435 742 homines
1467 686 1866 743 sacriﬁcorum
1924 701 2056 742 voce
2112 684 2261 741 sole-

618 775 763 831 bant
793 775 996 831 arceri.
1029 774 1232 847 Virgil.

735 883 924 932 Procul
952 883 1097 942 hinc,
1127 882 1317 945 procul
1347 886 1456 933 este
1486 883 1716 947 profani.

614 989 821 1046 Theoc.
855 990 914 1045 in
945 988 1091 1062 Idyl.
1128 1006 1141 1046 :

766 1094 965 1167 ᾊιίσω
998 1099 1285 1167 σονετοῖσι,
1320 1096 1485 1173 θύρας
1515 1094 1561 1152 δ’
1592 1095 1837 1162 ἐπίθεσθε
1869 1089 2115 1172 βὲϐαλοι.

610 1203 729 1261 Ηοο
758 1207 850 1262 est
882 1222 897 1263 :

730 1312 976 1376 Expertis
1006 1315 1253 1377 cantabo,
1282 1316 1424 1366 fores
1454 1316 1678 1379 operite,
1712 1315 1939 1380 profani.

684 1414 806 1469 123.
838 1414 1002 1469 Manu
1030 1416 1239 1482 iniecta
1264 1416 1524 1481 detinere,
1556 1419 1695 1470 tom.
1732 1415 1831 1484 III,
1858 1413 1960 1469 lib.
1994 1431 2030 1483 ι,
2062 1413 2183 1468 adv.

1105 1488 1294 1556 Mam,
1323 1503 1449 1559 cap.
1481 1489 1535 1557 6,
1573 1505 1634 1542 n.
1667 1488 1754 1541 44.

684 1573 919 1644 Iniicere
946 1591 1196 1642 manum,
1228 1574 1457 1647 proprie
1489 1575 1729 1647 antiquo
1760 1574 1930 1630 verbo
1962 1573 2138 1644 juris,
2170 1575 2259 1628 est

612 1663 842 1733 quoties
875 1663 1281 1735 nullajudicis
1339 1670 1676 1738 exspectata
1730 1664 2077 1721 auctoritate
2132 1679 2253 1717 rem

610 1751 778 1808 nobis
836 1754 1112 1825 debitam,
1147 1759 1248 1810 aut
1282 1755 1458 1811 etiam
1485 1760 1747 1811 nostram
1777 1754 2167 1823 vindicamus,
2199 1757 2255 1808 et

611 1841 898 1898 Dominus
942 1842 1003 1898 in
1051 1844 1337 1916 praedium
1368 1845 1806 1901 beneﬁciarium
1840 1843 2252 1913 manum,inji-

611 1944 742 1985 cere
801 1932 1118 1987 consuevit.
1182 1933 1437 2003 Inficitur
1467 1938 1659 1990 autem
1680 1950 1878 1988 manu:
1909 1932 1967 1987 in
1999 1932 2255 2003 aliquem

612 2019 861 2090 ejusque
891 2021 1044 2076 bona
1074 2038 1386 2091 mercesve,
1420 2040 1554 2079 cum
1584 2022 1721 2079 inde
1777 2023 1935 2079 abire
1984 2020 2073 2077 vel
2132 2037 2255 2076 mo-

611 2109 735 2163 veri
793 2112 1139 2167 auctoritate
1195 2112 1391 2184 aliqua
1449 2113 1569 2169 sive
1624 2113 1810 2168 edicto
1840 2116 2131 2168 vetantur.
2164 2110 2256 2168 Sic

610 2199 867 2271 recipere
898 2217 1107 2256 manus
1137 2201 1628 2272 injectionem,est
1652 2202 1900 2259 retinere
1920 2200 2255 2259 facultatem

606 2288 1099 2360 reprehendendis
1131 2291 1213 2346 rei
1245 2291 1526 2348 alienatae.
1556 2292 1715 2364 Virg.
1753 2309 1767 2349 :

979 2379 1203 2442 Injicere
1235 2394 1454 2431 manum
1486 2382 1674 2441 Parce,

606 2466 665 2521 id
721 2472 810 2523 est
870 2470 1045 2523 morti
1104 2470 1499 2527 destinarunt.
1556 2470 1815 2543 Explicat
1870 2487 1932 2527 se
1980 2470 2251 2527 Tertul.:

607 2576 637 2605 ‹‹
667 2560 845 2611 Porro
878 2560 935 2612 et
967 2556 1057 2613 hic
1086 2559 1287 2615 eadem
1320 2560 1520 2632 regula
1555 2560 1773 2615 summi
1806 2558 1998 2630 magni
2057 2562 2253 2630 patro-

606 2645 904 2700 cinabitur
932 2646 1123 2716 nobis,
1155 2653 1354 2720 utpote
1384 2666 1513 2721 qum
1542 2653 1727 2707 totum
1761 2652 1982 2706 statum
2002 2648 2256 2705 vindicet

608 2732 950 2790 divinitatis.
984 2758 1012 2786 »

611 2840 733 2895 124.
770 2840 989 2917 Manum
1029 2844 1330 2914 porrigere,
1387 2849 1529 2901 tom.
1590 2846 1686 2915 Ill,
1745 2845 1848 2902 lib.
1912 2847 1975 2902 de
2030 2846 2249 2917 Anima,

678 2929 805 2989 cap.
867 2916 1048 2989 2_3,n.
1085 2917 1223 2989 408;
1250 2921 1304 2972 et
1335 2917 1435 2972 lib.
1468 2918 1533 2972 de
1568 2919 1876 2974 Resurrect.
1908 2935 2087 2985 eam,
2122 2916 2249 2989 cap.

676 2985 1033 3111 I513,63‘3382;
1068 3004 1157 3044 ac.
1190 2987 1290 3045 lib.
1343 3005 1401 3044 ιν
1453 2991 1671 3046 advers.
1732 2991 1921 3060 Μαῖα,
1983 3007 2108 3063 cap.
2162 2985 2250 3056 41,

680 3162 830 3218 Satis
858 3162 1319 3238 vulgatum,pro
1377 3185 1391 3223 :
1452 3169 1679 3225 Auxilio
1730 3186 1879 3226 esse.
1939 3169 2131 3226 Cicero
2189 3170 2249 3224 in

1688 377 1794 437 EX
1838 373 2368 437 TERTULLIANI
2411 373 2949 436 APOLOGETICO

3902 374 4020 433 284

2497 506 2617 560 127.
2650 510 2804 562 Inter
2832 522 3031 561 manus
3063 512 3266 574 tenere,
3300 504 3433 561 ibid.
3467 520 3594 577 cap.
3629 505 3682 573 1,
3714 522 3772 561 n.
3802 504 3893 560 95.

2443 595 2543 649 Est
2574 598 2797 650 certum
2831 594 2971 666 quid
3004 594 3238 663 habere,
3274 594 3347 649 ob
3404 594 3603 650 oculos
3661 594 3830 666 quasi
3887 610 4025 665 pro-

2370 684 2629 754 positum
2662 683 2994 740 babere.Sic
3023 682 3622 741 dicimus:Victoriam
3655 682 3715 738 in
3745 682 4020 739 manibus

2370 774 2590 844 tenere,
2625 772 2767 844 Virg
2792 789 2805 828 :

2491 880 2690 929 Caetera
2720 894 2823 944 qua
2852 894 3029 929 rerum
3051 881 3268 944 jaeeant
3294 880 3541 943 perculsa
3566 880 3760 929 ruina.’

2492 943 2626 992 Ante
2657 942 2841 992 oculos
2870 942 3114 1007 interque
3147 942 3341 993 manus
3370 949 3497 994 sunt
3524 944 3705 993 omnia
3731 944 3927 991 vestra.

2440 1040 2617 1106 Quasi
2646 1041 2828 1111 zdicat
2860 1059 2873 1098 :
2908 1042 3252 1100 Narratione
3313 1058 3429 1098 non
3488 1046 3683 1113 egent,
3742 1040 4020 1097 omnibus

2366 1134 2567 1200 patent
2598 1128 2869 1202 claraque
2899 1135 3058 1187 sunt.

2368 1236 2489 1291 128.
2522 1236 2718 1309 Mappa
2745 1239 2936 1306 missa,
2966 1242 3110 1364 ῐοὲἓ.
3144 1236 3265 1364 111,3
3269 1236 3379 1365 éi‘b.
3424 1238 3551 1295 adv.
3609 1237 3839 1307 Valent,
3886 1251 4018 1308 cap.

3096 1354 3108 1365 .
3141 1326 3198 1364 n.
3344 1350 3357 1363 .

2436 1396 2553 1453 Hoc
2585 1401 2690 1465 est,
2724 1398 2903 1454 veluti
2935 1354 3108 1471 sign},
3132 1354 3410 1471 ato'lkt'm
3443 1398 3596 1455 dato.
3634 1396 3855 1452 Alludit
3878 1396 4018 1452 Ter-

2363 1483 2468 1539 tul.
2494 1485 2565 1540 ad
2601 1501 2818 1541 morem
2851 1485 3219 1541 Circencibus
3258 1486 3457 1540 Romae
3504 1484 3662 1540 ludis
3711 1487 4013 1555 receptum

2366 1590 2479 1645 quo
2498 1590 2705 1645 mappa
2726 1575 3007 1646 tragoedis
3035 1574 3248 1629 usitata
3271 1591 3304 1628 a
3324 1578 3567 1646 praetore
3610 1572 4022 1628 dimittebatur

2364 1661 2423 1716 in
2456 1663 2691 1734 signum
2725 1663 3111 1734 aurigationis
3141 1666 3197 1718 et
3244 1662 3587 1720 certaminis
3646 1659 4017 1733 auspicandi.

2363 1752 2543 1816 Quem
2576 1768 2797 1807 morem
2828 1752 3063 1824 attingit
3091 1752 3293 1808 Joven.
3324 1757 3447 1809 Sat.
3477 1767 3519 1808 ιι
3552 1768 3565 1806 :

2456 1859 2663 1922 [nterea
2694 1858 3058 1922 Megalesiacis
3088 1858 3397 1922 spectacula
3425 1871 3633 1922 mappa:

2458 1920 2656 1970 Idaeum
2688 1922 2926 1971 solemne
2956 1920 3197 1971 colunt...

2366 2017 2433 2073 Et
2463 2019 2688 2074 Martial
2723 2036 2736 2073 :

2456 2127 2714 2175 Cretatam
2744 2125 2829 2189 (al.
2888 2131 3111 2183 caream)
3168 2130 3360 2190 praeter
3413 2140 3534 2176 cum
3592 2125 3743 2178 vellet
3801 2126 4015 2175 mittere

2425 2203 2665 2253 mappam
2684 2204 2704 2252 ;

2362 2287 2433 2342 Et
2460 2292 2694 2344 Sueten.
2729 2287 2786 2341 in
2818 2287 3041 2343 Nerone
3074 2305 3087 2345 :
3123 2311 3150 2339 ‹‹
3210 2288 3416 2360 Aliquo
3477 2287 3687 2343 liberto
3746 2288 4021 2345 mittente

2361 2392 2639 2448 mappam.
2674 2399 2703 2427 »
2734 2377 2879 2433 Vide
2910 2378 3116 2433 Adnot.
3148 2377 3390 2434 Pamelii
3424 2378 3495 2433 ad
3519 2377 3623 2436 lib.
3683 2377 3751 2435 de
3806 2377 4018 2450 Spect.,

2363 2482 2490 2538 cap.
2526 2467 2611 2534 16,
2646 2482 2703 2521 n.
2740 2466 2860 2536 143,
2895 2471 3038 2524 tom.
3074 2468 3145 2523 ll.

2426 2573 2547 2627 129.
2581 2572 2885 2643 Maseageta
2915 2573 3292 2642 inhumanior,
3327 2578 3466 2628 tom.
3505 2573 3603 2641 ΙΙΙ,
3635 2573 3737 2629 lib.
3771 2590 3789 2629 ι
3818 2574 3940 2629 adv.

2858 2645 3052 2716 Mare,
3085 2662 3213 2716 cap.
3249 2646 3298 2710 1,
3334 2662 3388 2699 n.
3426 2645 3512 2700 13.
3990 2690 3995 2691 κ

2434 2732 2755 2788 Videantur
2820 2733 3026 2789 Adnot.
3086 2732 3328 2789 Pamelii
3362 2774 3375 2788 .
3446 2733 3795 2806 Scytharum
3853 2732 4020 2789 natio

2360 2825 2528 2877 trans
2561 2838 2720 2877 mare
2752 2821 3107 2894 Hyrcanum.
3136 2821 3562 2895 Alani,Abasgi,
3595 2827 3653 2878 et
3680 2822 3829 2894 Augi
3858 2827 4025 2894 post-

2360 2926 2428 2966 ea
2459 2911 2622 2978 dicti,
2666 2915 2723 2966 et
2781 2912 2852 2966 ab
2910 2911 3166 2967 Hebraeis
3222 2913 3469 2983 Magogi,
3528 2910 3863 2983 hospitibus
3922 2911 4020 2966 in-

2360 3000 2883 3072 festissimi,neque
2912 3017 3045 3056 cum
3063 2999 3310 3056 vincinis
3330 3000 3561 3072 populis
3578 3000 3858 3056 diuturna
3872 2999 4027 3056 ami-

2360 3089 2508 3145 citias
2542 3090 2781 3157 foedera,
2810 3106 2999 3161 neque
3047 3090 3223 3145 ﬁdem
3284 3094 3533 3163 possunt
3590 3106 3839 3146 servare.
3899 3090 4025 3147 Lac

2360 3195 2644 3249 equorum
2694 3180 2985 3251 sanguine
3032 3179 3274 3235 mistum
3302 3179 3551 3248 bibunt;
3586 3183 3860 3251 praterea
3888 3182 4024 3235 tam

606 3250 767 3341 Grai-
824 3257 953 3322 [308t
1008 3255 1176 3310 Γϐἀίῑι
1208 3273 1222 3312 ἓ
1257 3256 1363 3322 Olli
1398 3258 1542 3313 mihi
1574 3259 1801 3330 primus
1831 3259 2045 3315 afﬂicto
2077 3263 2133 3313 et
2155 3259 2249 3329 ,ἱει-
2281 3252 2324 3318 C
2364 3268 2707 3341 prodigiosa:
2729 3250 3128 3341 immanisque
3152 3274 3394 3339 naturas,
3428 3274 3493 3324 ut
3513 3250 3676 3325 senio
3718 3268 4025 3325 confectos

607 3340 765 3395 centi
796 3341 1166 3397 consularem
1202 3345 1375 3401 fidem
1407 3347 1789 3419 dextramque
1834 3346 2107 3418 porrexit.
2165 3347 2256 3403 Sic

608 3432 760 3484 Deus
791 3428 1010 3484 dicitur
1039 3448 1073 3485 a
1100 3432 1345 3489 Tertull.
1381 3457 1409 3484 «
1442 3435 1679 3491 Manum
1711 3436 2192 3509 porrigereuﬁdei.
2227 3460 2248 3489 ι

608 3516 721 3572 hoc
750 3524 859 3581 est,
894 3519 1260 3593 confirmare,
1292 3526 1350 3578 et
1408 3523 1465 3578 in
1526 3542 1634 3581 sua
1690 3526 1964 3582 firmitate
2018 3542 2259 3582 conser-

606 3622 761 3662 vare.
793 3604 981 3678 Virg.,
1016 3607 1120 3663 lib.
1155 3626 1216 3664 m
1252 3626 1265 3665 :

704 3704 806 3753 Dat
834 3703 1254 3770 dextram,atque
1284 3709 1521 3760 animum
1544 3714 1793 3774 praesenti
1822 3714 2043 3777 pignore
2066 3713 2261 3763 ﬁrmat.

617 3801 896 3858 Manuum
928 3805 1289 3875 porrectione
1318 3808 1495 3864 etiam
1527 3810 1727 3867 alienae
1758 3812 2057 3869 sententiae
2104 3828 2264 3868 com-

620 3891 884 3963 probatio
934 3893 1043 3950 fuit
1100 3894 1446 3969 signiﬁcata,
1482 3915 1607 3971 quae
1657 3902 1888 3974 Graecis,
1930 3899 2261 3976 χειροτονία,

617 3978 681 4035 τὸ
712 3985 1066 4053 χειροτονεῖν.

627 4087 749 4142 125.
781 4089 1003 4147 Manum
1030 4091 1269 4163 tradere,
1299 4098 1541 4171 tomiV,
1573 4097 1675 4154 lib.
1705 4099 1774 4155 de
1800 4099 1962 4166 Pud.,
1996 4115 2120 4171 cap.
2175 4099 2263 4170 15,

696 4230 803 4287 Pro
860 4234 1064 4290 eodem
1097 4251 1230 4293 cum
1291 4167 1590 4312 οὗ,ροἓὲιῶ
1648 4246 1916 4315 usurpat,
1965 4241 2262 4315 Virgilius,

620 4318 723 4375 lib.
757 4337 855 4377 vm
888 4338 902 4377 :

715 4429 1039 4495 Accepitque
1067 4446 1250 4495 manu,
1282 4435 1633 4501 dextramque
1665 4438 1939 4502 amplexus
1968 4438 2200 4489 inhaesit.

619 4527 871 4584 Tradere
902 4531 972 4585 de
1004 4547 1182 4587 manu
1215 4532 1271 4588 in
1304 4550 1568 4605 manum,
1601 4536 1803 4606 Cicer.,
1837 4541 1928 4594 est
1952 4538 2160 4595 dedere
2206 4541 2265 4594 et

621 4618 1047 4675 commendare.

620 4722 747 4779 126.
778 4729 978 4782 Manu:
1001 4726 1153 4800 dare,
1190 4734 1331 4786 tom.
1365 4731 1562 4860 V,5li5b.
1593 4732 1659 4791 de
1689 4735 1941 4803 Τενεῖαι,
1989 4751 2117 4807 cap.
2170 4736 2260 4803 11,

1353 4821 1411 4859 n.
1520 4847 1532 4859 .

1353 4821 1411 4859 n.
1441 4821 1532 4859 DD.

692 4883 888 4941 Cicero
916 4885 974 4942 in
1003 4888 1237 4957 Amicit,
1271 4907 1284 4948 :
1314 4914 1343 4943 «
1395 4900 1438 4950 Δ
1489 4898 1812 4952 extremum
1869 4896 1969 4951 det
2024 4904 2260 4967 manus,

620 4972 891 5046 vincique
920 4993 981 5033 se
1012 4980 1287 5051 patiatur.
1317 5004 1345 5035 »
1378 4983 1581 5058 Virgil.
1617 5004 1631 5044 :

743 5082 926 5147 Neque
957 5087 1099 5137 enim
1129 5088 1462 5155 ipselmanus
1487 5090 1694 5143 feritate
1723 5093 1973 5144 dedisset.

618 5189 721 5247 Est
749 5191 927 5264 igitur
957 5210 1019 5250 se
1047 5196 1269 5251 victum
1302 5215 1636 5271 agnoscere,
1668 5205 1725 5257 et
1782 5201 2111 5257 adversario
2168 5218 2262 5258 ce-

619 5279 774 5336 dere.
836 5283 989 5339 236
1041 5284 1187 5341 Nam
1244 5288 1345 5357 qui
1376 5305 1439 5344 se
1470 5288 1671 5344 victori
1703 5291 1925 5345 dedunt
1955 5307 2026 5346 ne
2062 5290 2263 5346 interi‘

619 5374 878 5439 mantur,
910 5372 1063 5429 ultro
1090 5392 1303 5432 manus
1333 5377 1404 5432 ad
1435 5376 1673 5433 vincula
1730 5380 2000 5435 offerunt.
2056 5378 2258 5452 Virgil.

618 5458 795 5515 etiam
820 5462 1055 5535 tendere,
1089 5469 1146 5521 et
1173 5466 1497 5533 protendere
1526 5465 1675 5522 dixit
1704 5466 1806 5523 lib.
1838 5484 1919 5524 χιι
1952 5487 1967 5527 :

685 5583 782 5657 git:
794 5585 1370 5657 _humilissupple;que
1386 5591 1940 5657 ocu_los,dextramque
1952 5600 2258 5657 precantem

685 5644 1037 5723 Protendens,
1069 5644 1122 5702 et
1142 5644 1336 5715 'vicisti,
1368 5658 1420 5705 et
1446 5644 1646 5708 victum
1674 5644 1897 5708 tendere
1928 5644 2135 5723 palmas

684 5708 906 5760 Ausonii
936 5712 1219 5766 videre.....‘

2363 3356 2423 3412 in
2455 3358 2642 3413 frusta
2671 3360 2912 3424 caedere,
2943 3358 3294 3429 illorumque
3324 3358 3599 3415 carnibus
3650 3374 3784 3415 cum
3831 3373 4023 3430 pecu-

2367 3448 2541 3504 dibus
2571 3449 2841 3504 admistis
2867 3449 3025 3520 pasci
3049 3449 3630 3506 consueverint.Hinc
3653 3449 3847 3506 nobile
3865 3448 4023 3505 illud

2366 3538 2818 3595 inhumanitatis
2849 3555 3083 3595 nomen.

2458 3645 2581 3702 130.
2613 3646 2703 3714 Μὴ
2738 3650 3056 3720 θεομαχεῖν,
3087 3647 3307 3773 ῒοωέ2ῐ,
3339 3646 3442 3703 lib.
3475 3646 3752 3720 adScap.,
3785 3662 3835 3702 c.
3869 3647 3923 3717 4,

3104 3736 3165 3773 n.
3272 3758 3284 3771 .

3104 3736 3165 3774 Π.
3194 3736 3284 3773 I626.

2443 3805 2569 3863 Noli
2625 3824 2759 3864 cum
2816 3807 2932 3864 Deo
2986 3807 3223 3875 bellare,
3274 3807 3469 3864 Cicero
3498 3807 3559 3863 in
3588 3806 3629 3864 1.
3662 3807 3727 3863 de
3751 3811 3959 3865 Senect.
4011 3827 4025 3865 :

2372 3896 2521 3960 Quid
2551 3900 2640 3952 est
2666 3896 2822 3952 enim
2856 3896 3014 3951 aliud
3046 3896 3358 3969 Gigantum
3400 3913 3561 3953 more
3606 3896 3823 3953 bellare
3881 3913 4026 3954 cum

2373 3984 2508 4053 diis,
2568 3985 2680 4040 nisi
2743 3989 2965 4041 natura:
3017 3984 3389 4059 repugnare?
3434 3986 3546 4042 Hin
3590 3985 3880 4060 θεομάχοι,
3917 3987 4025 4044 Dei

2373 4071 2567 4129 hostes
2597 4075 2685 4130 vel
2717 4074 2816 4146 qui
2845 4078 2955 4130 Deo
3005 4074 3399 4130 obluctantur.
3453 4076 3730 4130 Tractum
3787 4074 4028 4133 videtur

2374 4178 2408 4219 a
2463 4163 2775 4219 notissima
2830 4164 3144 4236 Gigantum
3202 4163 3260 4219 in
3317 4163 3518 4219 Jovem
3546 4162 4026 4236 belligerantium

2374 4251 2593 4308 fabula.
2627 4251 2911 4324 Usurpari
2970 4251 3203 4326 poterit,
3264 4252 3365 4307 ubi
3422 4252 3554 4325 quis
3610 4252 3833 4309 viribus
3892 4257 4027 4311 suis

2373 4342 2555 4398 fretus
2582 4346 2799 4398 temere
2827 4358 2921 4398 res
2948 4358 3061 4397 non
3094 4342 3408 4398 tentandae
3438 4342 3697 4410 molitur,
3713 4346 3770 4398 et
3799 4341 3884 4398 uti
3916 4344 4027 4401 ad-

2374 4447 2720 4488 moneamus
2752 4430 3062 4487 infeliciter
3089 4432 3320 4487 credere
3352 4448 3708 4504 quaecunque
3737 4432 4028 4492 adversus

2371 4521 2569 4577 divina
2599 4520 2978 4594 humanaque
3002 4522 3139 4593 jura
3164 4522 3301 4593 jura
3332 4537 3432 4594 per
3458 4521 3574 4578 vim
3627 4520 4030 4580 instituuntur

2292 4624 2341 4690 D
2370 4614 2570 4667 Horat.
2601 4610 2663 4665 in
2694 4610 2791 4667 0d.
2824 4627 2846 4667 :

2496 4708 2631 4767 Quid
2653 4709 2866 4758 internis
2895 4709 3159 4759 minorem

2493 4772 2737 4822 Consiliis
2768 4772 3001 4823 animam
3030 4774 3259 4836 fatigans

2369 4861 2579 4935 Virgil.
2618 4879 2631 4918 :

2495 4959 2660 5012 Crede
2696 4960 2867 5012 Deo...

2370 5054 2483 5108 Et:

2497 5159 2611 5208 Heu
2643 5158 2776 5209 nihil
2808 5158 2989 5209 invitis
3017 5158 3096 5209 fas
3125 5172 3446 5223 quemquam
3480 5157 3645 5209 ﬁdere
3674 5158 3829 5209 divis.

2372 5265 2470 5323 Bis
2500 5267 2559 5321 in
2589 5267 2713 5322 Act.
2775 5270 3017 5339 Apost:
3072 5266 3149 5339 μὴ
3207 5266 3685 5341 θεομαχῶμεν.....
3749 5266 4026 5341 θεομάχοι

2373 5355 2654 5428 captiin-re.
2686 5354 2848 5413 Plato
2878 5356 3167 5429 ejusmodi
3199 5355 3469 5413 homines
3516 5372 3546 5414 e
3593 5356 3867 5414 Titanum
3924 5372 4031 5429 ge-

2375 5462 2514 5503 nere
2545 5446 2711 5502 dixit.

2373 5554 2499 5611 131.
2531 5553 2699 5611 Micas
2728 5556 3015 5628 infercire,
3049 5555 3332 5682 tomhéll,
3356 5554 3457 5612 lib.
3489 5554 3796 5626 deAnima,
3828 5557 4027 5628 cap.6,

3098 5644 3157 5682 n.
3263 5666 3278 5682 .

3098 5644 3157 5684 Β.
3186 5644 3278 5682 δῦ.

2446 5714 2530 5772 Ex
2553 5715 2923 5776 contentione
2957 5716 3220 5779 Platonis
3249 5719 3307 5773 et
3327 5715 3679 5788 Aristotelis,
3710 5733 3885 5792 quam
3922 5714 4024 5772 in-
