4526 6396
182 409 285 468 285

1332 409 1929 472 PROVERBIALES
1978 410 2398 471 FORMULIE.

3454 398 3573 459 286

184 537 357 595 stituit
400 536 645 594 Tertull.
680 540 898 612 aliquid
949 542 1159 613 poterit
1205 541 1355 598 elici.
1400 543 1562 599 Plato
1592 543 1811 614 varius,
1842 543 1897 609 Α
1927 541 2189 597 irridere.
2225 542 2301 597 Ex
2322 540 2565 596 naribus
2594 538 2769 594 etiam
2804 534 3088 591 indicium
3121 531 3457 597 iracundia,
3485 532 3571 586 uti

184 625 469 698 multiplex
495 628 643 683 231
684 632 740 683 et
767 629 1059 702 copiosus,
1082 632 1368 704 singulari
1391 631 1728 705 eloquentia
1757 637 1814 689 et

184 716 450 771 suavitate
483 716 792 787 orationis,
824 719 883 773 in
926 720 1095 790 cujus
1144 720 1402 794 Dialogis
1434 721 1669 791 locutio,
1704 723 1811 778 etei

184 804 325 860 absit
354 822 386 860 a
413 811 815 877 versu,tamen
841 809 994 880 quod
1020 809 1318 866 incitatius
1351 811 1592 879 feratur,
1615 816 1671 866 et
1701 811 1813 867 cla-

183 894 418 950 rissimis
443 896 750 952 verborum
785 897 1112 954 luminibus
1143 904 1361 972 utatur,
1381 901 1574 972 potius
1606 916 1814 972 poema

182 985 428 1055 putanda
474 1002 652 1057 quam
701 986 1060 1045 comicorum
1106 993 1431 1061 poetarum.
1473 989 1813 1046 Aristoteles

182 1073 449 1130 brevitate
495 1075 726 1132 dicendi
775 1078 1063 1150 prastitit,
1104 1078 1191 1135 vel
1239 1081 1434 1151 potius
1482 1079 1809 1136 siccitatem

185 1164 486 1235 quamdam
515 1166 980 1241 tenuitatemque
1016 1167 1075 1224 in
1107 1167 1373 1238 dicendo,
1405 1170 1515 1226 hoc
1540 1174 1648 1239 est,
1681 1186 1809 1226 ora-

184 1252 386 1309 tionem
444 1260 780 1327 angustam,
810 1274 1073 1329 pressam
1123 1262 1179 1316 et
1228 1260 1522 1317 concisam
1556 1260 1704 1333 (qua
1750 1260 1810 1315 in

186 1341 406 1399 Platone
435 1349 523 1400 est
565 1345 783 1417 ampla,
815 1347 1072 1420 copiosa,
1104 1350 1465 1424 redundans)
1498 1351 1811 1408 adamavit.

187 1431 315 1487 Huic
386 1432 488 1489 illa
528 1451 541 1489 :
590 1436 764 1491 Mulsa
808 1453 951 1508 aqua
999 1439 1069 1494 de
1117 1438 1347 1511 eloquio
1397 1439 1673 1511 Platonis,
1707 1444 1805 1497 et:

186 1520 311 1576 Mica
366 1522 440 1577 de
498 1523 910 1596 minutiloquio
964 1527 1317 1597 Aristotelis,
1379 1529 1814 1601 proverbialiter

186 1609 349 1681 accipi
407 1618 672 1683 possunt.
706 1613 778 1669 Ut
837 1615 941 1671 hoc
998 1616 1236 1689 quidem
1292 1634 1477 1687 genus
1533 1619 1814 1675 orationis

186 1698 414 1770 siccum,
446 1705 503 1755 et
549 1702 639 1757 cui
693 1703 838 1758 nihil
883 1709 1102 1761 temere
1133 1706 1360 1762 detrahi
1408 1709 1615 1779 possit,
1666 1707 1812 1763 illud

189 1796 359 1843 autem
391 1791 751 1861 redundans,
782 1797 839 1848 et
867 1809 935 1849 ex
982 1811 1096 1866 quo
1145 1796 1196 1851 si
1244 1796 1384 1868 quid
1433 1798 1636 1853 demas
1683 1814 1813 1853 mu-

186 1884 343 1985 tesve,
384 1881 459 1980 de
498 1882 790 1938 sententia
837 1884 981 1939 nihil
1040 1886 1382 1943 detraxeris.
1416 1887 1814 1943 Nihilominus
1841 1920 1889 1985 B

186 1968 343 2023 Micas
372 1970 661 2041 inim-circ,
694 1972 1061 2045 interpretari
1094 1976 1267 2031 etiam
1302 1976 1625 2048 poterimus
1658 1994 1670 2033 :
1703 1976 1807 2031 Te-

188 2057 361 2113 nuiter
391 2064 451 2115 et
475 2077 607 2115 cum
634 2062 910 2134 parcitate
932 2065 1071 2136 quid
1104 2065 1453 2122 distribuere
1485 2071 1548 2122 ut
1575 2066 1815 2123 malsam

184 2163 366 2218 aquam
396 2151 715 2223 infundere,
747 2151 985 2225 largiter
1011 2159 1068 2211 et
1098 2155 1368 2229 benigne.

440 2258 559 2315 132.
592 2259 819 2315 Mulsam
847 2278 1046 2334 aquam
1078 2262 1391 2334 infundere,
1418 2263 1554 2319 ibid.

243 2364 387 2435 Aqua
440 2367 639 2438 mulsa,
675 2363 959 2441 ὑδρόμελι,
992 2367 1027 2437 ἢ
1064 2368 1412 2445 μελίκρατον,
1447 2389 1601 2445 aqua
1643 2372 1815 2429 melle

188 2451 359 2509 mista.
396 2454 473 2511 Ut
501 2455 724 2512 alludat
756 2475 870 2515 non
899 2458 1093 2515 solum
1133 2462 1205 2517 ad
1253 2462 1573 2533 cepiosam,
1609 2464 1711 2518 sed
1742 2464 1812 2518 ad

184 2541 452 2599 mellitum
476 2545 595 2601 sive
618 2546 888 2604 melicam
910 2550 969 2603 in
994 2549 1228 2607 Platone
1249 2550 1662 2623 eloquentiam.
1686 2553 1812 2608 Lib.

183 2630 244 2685 de
271 2634 452 2688 Anim.
485 2635 555 2689 de
610 2636 813 2691 eodem
870 2637 1129 2706 Platone,
1174 2640 1238 2695 ob
1292 2640 1458 2696 mella
1514 2642 1811 2709 facundiae.

184 2717 308 2776 Cum
340 2727 545 2779 contra
566 2726 722 2795 quod
756 2726 944 2781 sicum
976 2734 1085 2794 est,
1109 2728 1387 2785 facillime
1417 2730 1643 2799 frietur,
1670 2736 1727 2787 et
1755 2731 1815 2786 in

186 2809 349 2865 micas
381 2811 723 2869 minutatim
753 2814 1127 2872 dissolvatur.
1156 2818 1367 2875 Eodem
1398 2820 1619 2875 faciunt
1642 2822 1815 2876 verba

184 2899 543 2971 in]undere,et
579 2904 868 2973 infarcire.
902 2906 1172 2963 Fortasse
1215 2912 1273 2963 et
1316 2910 1493 2965 micas
1523 2911 1810 2981 infarcire,

185 3002 301 3042 cum
328 2989 622 3061 Tulliano,
655 3009 1047 3064 pramansum
1080 2995 1139 3051 in
1187 3012 1252 3051 os
1301 2996 1577 3069 inserere,
1609 3016 1811 3055 conve-

185 3078 308 3144 niet,
341 3081 500 3150 quod
551 3086 657 3149 est,
693 3098 814 3139 rem
842 3082 901 3139 in
943 3083 1202 3142 docendo
1259 3086 1438 3143 nimis
1495 3088 1812 3157 enucleate,

184 3164 483 3239 minusque
514 3168 874 3227 frustulatim
918 3174 1163 3241 tradere,
1197 3179 1254 3231 et
1284 3193 1480 3233 orasse
1506 3176 1813 3249 explicare,

184 3252 355 3308 GPECB
401 3274 415 3308 ζ
473 3256 857 3308 Μικοολονεῖν-
911 3257 1282 3308 λεπτολογεῖν.
1340 3265 1459 3308 niam
1510 3271 1575 3308 nt
1621 3266 1813 3308 ninam

227 3272 355 3312 race
401 3274 415 3312 ζ

184 3344 245 3397 ad
282 3347 456 3403 Attic.
510 3346 638 3421 Περὶ
693 3348 860 3425 μικρὰ
915 3348 1256 3424 σπουδάζειν,
1308 3358 1462 3427 quod
1512 3360 1623 3428 est,
1673 3357 1817 3413 Cura

183 3435 452 3492 minutula
481 3440 716 3494 anxium
744 3455 878 3496 esse.

230 3542 341 3598 133.
374 3545 883 3621 Μαιωηλᾴε-αδίηο
904 3565 1167 3621 pungere,
1196 3555 1338 3608 tom.
1373 3553 1468 3619 III,
1500 3552 1602 3610 lib.
1633 3554 1759 3611 adv.

614 3618 842 3687 Valent.,
877 3618 1004 3692 cap.
1026 3618 1127 3693 719,
1154 3618 1218 3679 'n.
1248 3624 1376 3679 237.

244 3701 400 3772 Muli,
438 3720 583 3774 quos
615 3706 767 3763 asini
799 3713 856 3764 et
884 3725 1045 3782 equa
1077 3717 1379 3783 generant,
1408 3715 1561 3771 unde
1590 3714 1816 3788 ἡμίονοι

187 3793 336 3861 quasi
367 3794 663 3851 dimidiati
712 3796 885 3865 asini,
918 3816 951 3855 a
981 3800 1269 3871 patribus.
1301 3803 1566 3875 Hinnuli,
1597 3805 1684 3862 vel
1716 3823 1816 3878 po-

186 3878 287 3936 tius
323 3899 389 3938 ex
441 3882 775 3942 Columella
824 3890 1131 3958 sententia,
1165 3890 1354 3962 hinni,
1388 3910 1421 3948 a
1450 3894 1635 3965 patris
1683 3895 1819 3966 equi

187 3966 422 4041 hinnitu,
477 3989 630 4045 equo
687 3980 743 4030 et
798 3976 965 4033 asina
1012 3979 1219 4051 geniti.
1251 3980 1443 4054 Gigni,
1477 3998 1610 4039 cum
1668 4000 1821 4056 equa

187 4060 313 4114 muli
344 4062 504 4117 coitu
559 4063 697 4119 nati.
733 4065 878 4122 Hinc
925 4069 1318 4139 proverbium,
1353 4087 1422 4127 ex
1466 4073 1616 4129 asini
1649 4074 1821 4129 muli-

187 4160 302 4217 que,
332 4150 390 4207 id
423 4154 535 4223 est,
568 4153 858 4212 dimidiati
903 4157 1075 4227 asini,
1109 4175 1176 4215 ex
1220 4161 1573 4234 etymologia
1600 4163 1815 4233 Graca,

186 4237 580 4326 similitudine,
614 4245 849 4314 quando
891 4247 1186 4319 exemplar
1215 4253 1274 4305 et
1302 4264 1396 4306 res
1435 4253 1671 4309 affectas
1702 4270 1817 4311 non

186 4325 440 4385 multum
471 4335 610 4386 sunt
638 4330 903 4403 discreta,
936 4334 1025 4391 vel
1056 4338 1291 4407 quando
1322 4339 1550 4411 ineptia
1580 4341 1819 4414 ineptiis

185 4422 680 4493 reprasentantur,
712 4422 799 4477 vel
844 4425 1149 4483 mendacia
1180 4428 1503 4485 mendaciis
1546 4435 1821 4487 astruun-

185 4506 287 4561 tur.
316 4506 661 4580 Cujusmodi
692 4510 889 4568 farina
920 4516 978 4569 et
1018 4513 1121 4571 illa
1152 4533 1166 4573 :
1199 4521 1325 4573 Non
1358 4522 1478 4575 tam
1509 4535 1681 4576 ovum
1713 4537 1817 4577 ovo

187 4593 382 4664 simile,
409 4599 661 4655 armenti
692 4602 978 4673 ejusdem,
1010 4620 1141 4661 cum
1172 4605 1356 4679 Bytho
1385 4608 1693 4665 Bacchius.

188 4700 295 4759 134.
326 4709 530 4763 Narem
572 4708 1091 4788 contrahere,_tpm.
1127 4712 1229 4788 III,
1260 4712 1363 4771 lib.
1397 4733 1436 4785 1,
1465 4716 1589 4773 adv.
1621 4718 1815 4788 Mam,

764 4798 894 4855 cap.
928 4784 1013 4851 13,
1047 4801 1104 4839 n.
1136 4786 1226 4842 71.

249 4862 308 4922 In
336 4883 481 4925 naso
528 4868 819 4928 irrisionis
850 4873 1038 4930 sedes.
1071 4873 1217 4932 Hine
1257 4877 1477 4947 nasuti,
1510 4882 1570 4936 et
1607 4896 1819 4938 nasum

186 4949 407 5025 habere,
468 4958 739 5017 irrisores
795 4961 1089 5020 dicuntur.
1136 4966 1282 5023 Plin.
1334 4966 1439 5024 lib.
1488 4986 1568 5037 x1,
1618 4987 1669 5027 c.
1701 4973 1769 5027 37
1803 4989 1816 5029 :

186 5039 390 5186 ﬁssum
450 5048 582 5106 novi
637 5067 829 5109 mores
887 5053 1149 5111 subdola
1205 5055 1466 5114 irrisioni
1512 5056 1816 5120 "dicavere.

230 5149 289 5186 01'
320 5153 333 5186 ζ

230 5149 333 5192 οῐ⁵ζ

325 5225 464 5277 Naso
494 5228 705 5281 adunco
738 5233 1083 5298 suspendere.

248 5312 492 5374 Martial.
528 5336 542 5375 :

252 5491 289 5551 Ρ
323 5405 386 5455 Et
418 5411 573 5472 pueri
600 5423 790 5467 nasum
818 5412 1169 5468 rhinocerotis
1196 5416 1416 5469 habent.

292 5510 404 5551 era.
438 5514 454 5551 :

292 5510 404 5555 era.
438 5514 454 5555 ;

441 5668 473 5679 ,,
586 5609 782 5679 ,Βξάςιδ
818 5613 907 5675 ait,
944 5616 996 5665 et
1025 5614 1185 5667 nimis
1214 5618 1366 5670 uncis

330 5667 558 5721 Naribus
584 5667 845 5739 indulges.

256 5760 320 5819 Et
345 5767 526 5824 Graci
561 5769 932 5847 μυκτηρίζιιν,
965 5773 1070 5829 ἀπὸ
1108 5779 1205 5832 τοῦ
1255 5783 1554 5854 μυκτῆρος,
1588 5795 1622 5836 a
1649 5794 1815 5849 naso,

1847 4669 1895 4735 D

1923 630 2074 687 288
2109 630 2433 686 animantes
2481 628 2746 701 quadam
2796 625 2943 681 iram
2994 622 3223 678 narium
3258 620 3397 677 ﬂatu
3431 638 3570 693 pro-

1922 721 2091 777 dunt.
2124 722 2335 777 Theoc.
2371 721 2428 774 in
2462 718 2671 791 Thyrsi
2706 734 2718 772 :

2279 827 2381 883 Kal
2416 827 2467 880 oi
2500 826 2578 880 ἀεὶ
2611 822 2829 899 δριμεῖα
2867 820 3015 899 χολᾲ
3043 820 3164 899 ποτὶ
3202 816 3309 899 divi
3338 817 3566 888 κάθηται

2263 903 2462 964 Aspera
2491 902 2538 949 ei
2570 891 2778 961 semper
2807 891 2955 946 sedet
2982 896 3062 944 ira
3089 894 3146 942 in
3175 891 3414 941 naribus.

1992 990 2154 1046 Unde
2194 1006 2503 1062 corrugare
2552 991 2609 1043 et
2654 985 2994 1043 contrahere
3050 998 3219 1039 nares
3267 980 3565 1049 dicuntur,

1923 1079 2025 1152 qui
2057 1078 2452 1137 offenduntur.
2485 1077 2664 1134 Horat
2697 1094 2709 1131 :

2481 1186 2555 1235 Ne
2584 1183 2803 1235 sordida
2829 1194 3027 1246 mappa

2107 1251 2362 1313 Corruget
2393 1262 2570 1299 nares.

1995 1349 2117 1405 135.
2148 1351 2289 1406 Naso
2320 1364 2497 1422 agere,
2522 1351 2662 1403 tom.
2699 1343 2921 1472 Ililﬁlib.
2945 1340 3068 1399 adv.
3101 1338 3287 1407 Mam,
3314 1352 3440 1409 cap.
3472 1336 3563 1405 25,

2636 1436 2695 1472 Π.
2845 1458 2858 1471 .

2636 1436 2695 1475 Il.
2738 1436 2858 1472 116.

1992 1510 2173 1566 Cicer.
2208 1508 2476 1565 Ridicule
2506 1505 3003 1574 scommaticoque
3032 1498 3274 1557 dicterio
3303 1497 3529 1552 ladere.

1921 1599 2045 1655 136.
2079 1605 2225 1657 Naso
2272 1598 2537 1668 deridere,
2570 1600 2712 1651 tom.
2845 1592 2945 1647 lib.
2987 1590 3054 1646 de
3105 1587 3320 1656 Pudic.,
3353 1601 3479 1656 cap.
3511 1585 3567 1649 6,

2658 1685 2716 1720 Π.
2825 1707 2837 1719 .

2658 1685 2716 1722 Π.
2754 1685 2837 1720 115.

1996 1764 2056 1817 Β.
2092 1762 2304 1817 Paulus
2351 1761 2421 1815 ad
2472 1758 2596 1815 Gal.
2628 1760 2662 1813 6
2703 1774 2717 1812 :
2762 1754 2890 1815 Θεὸς
2935 1750 3000 1806 οὗ
3053 1747 3458 1823 μυκτηρίζεται,
3508 1747 3567 1802 id

1924 1857 2032 1917 est,
2064 1868 2172 1907 non
2222 1851 2510 1916 irridetur,
2545 1865 2660 1904 non
2707 1847 2901 1918 agitur
2946 1859 3119 1909 naso;
3175 1837 3359 1911 μύζειν
3410 1836 3566 1891 enim

1923 1941 2078 2013 apud
2135 1944 2385 2006 Gracos,
2434 1939 2492 1993 id
2553 1942 2661 2005 est,
2696 1935 2940 1991 missare
2984 1931 3071 1986 vel
3130 1943 3419 1995 mussare,
3451 1941 3569 1980 non

1924 2031 2081 2086 aliud
2116 2033 2230 2086 fere
2251 2031 2469 2101 signat,
2491 2043 2668 2099 quam
2700 2024 2873 2080 labiis
2904 2019 3155 2077 occlusis
3183 2033 3394 2073 sonum
3418 2014 3573 2069 nari-

1922 2121 2034 2177 bus
2064 2119 2272 2175 elicere
2302 2119 2459 2173 unde
2492 2115 2724 2189 μυκτήρ.
2750 2116 2937 2169 Sonus
2968 2114 3163 2166 autem
3198 2104 3414 2179 μυγμή,
3442 2103 3571 2158 irri~

1923 2210 2075 2267 sioni
2106 2210 2449 2281 plerumque
2480 2205 2729 2273 dicatus,
2763 2208 2938 2273 atque
2973 2200 3132 2263 hinc,
3167 2197 3267 2269 qui
3299 2196 3445 2251 citra
3476 2208 3568 2249 re—

1923 2298 2330 2373 prehensionis
2348 2313 2610 2352 morsum
2629 2293 2771 2365 agit,
2785 2289 3049 2363 ἆμύγμων
3069 2287 3303 2353 dicitur,
3320 2285 3568 2340 Homero

1922 2388 2143 2461 passim
2189 2383 2445 2458 ἀμύμων.
2474 2384 2652 2439 Addit
2697 2379 2942 2438 Tertull.
2972 2378 3342 2442 adulantium,
3377 2377 3442 2429 ut
3489 2372 3567 2428 si-

1922 2477 2515 2551 gniﬁcarivideantur
2543 2472 2762 2544 postica
2784 2486 2990 2533 sanna,
3008 2484 3132 2539 qua
3160 2470 3249 2521 est
3268 2463 3568 2519 clancula-

1924 2569 2009 2624 ria
2057 2573 2113 2624 et
2160 2571 2313 2622 tecta
2358 2564 2552 2619 irrisio
2583 2580 2617 2618 a
2652 2565 2815 2632 gestu
2870 2557 3190 2613 ridentium
3248 2553 3504 2624 aliquem
3537 2570 3571 2609 a

1922 2660 2085 2727 tergo
2115 2655 2235 2711 sive
2265 2652 2553 2725 occipitio,
2572 2654 2637 2705 ut
2667 2649 2780 2704 sit:
2814 2646 3127 2703 obtrudere
3156 2643 3395 2715 palpum
3426 2641 3564 2696 Deo.

1996 2766 2118 2820 137.
2150 2762 2527 2835 Naufragium,
2561 2754 2968 2835 inextricabile,
3008 2757 3150 2835 tom.
3186 2751 3257 2815 II,
3299 2748 3400 2804 lib.
3432 2746 3499 2803 de

2361 2825 2572 2902 ldolol.,
2603 2846 2722 2901 cap.
2754 2829 2886 2896 ult.,
2918 2844 2977 2881 n.
3013 2825 3134 2880 169.

1995 2926 2209 2981 Uracis
2242 2941 2256 2980 :
2290 2922 2547 2995 ναυάγιον
2587 2916 2843 2995 ἄφυκτον,
2878 2915 3030 2987 quod
3082 2911 3255 2967 vitari
3303 2927 3417 2966 non
3467 2927 3569 2981 po-

1922 3020 2057 3072 test.
2090 3015 2199 3078 Qui
2241 3014 2300 3067 in
2341 3010 2614 3083 secpulos
2660 3008 3000 3078 impingunt
3047 3016 3369 3069 navemque
3416 3000 3574 3054 fran-

1924 3110 2089 3177 gunt,
2123 3119 2252 3159 sese
2299 3101 2581 3158 extrioare
2612 3097 2734 3152 sive
2763 3094 3035 3166 expedire
3083 3109 3117 3147 a
3166 3087 3423 3162 periculo
3453 3104 3570 3145 non

1925 3199 2191 3269 possunt.
2225 3192 2385 3265 Virg.
2422 3191 2492 3246 de
2535 3185 2907 3259 Labyrintho,
2939 3180 3344 3239 inextricabilis
3387 3194 3567 3234 error.

472 3256 858 3359 IlI-txp‘oltoye‘iv‘,
911 3257 1286 3359 λεπτολογεῖν,
1339 3265 1459 3359 sive
1510 3271 1575 3323 ut
1621 3266 1817 3359 Cicera
1846 3291 1888 3359 ρ
1924 3256 2070 3342 ἣίάθ
2100 3288 2252 3357 Ηῃρο

763 3263 858 3359 εῖν,
911 3257 1286 3359 λεπτολογεῖν,
1339 3265 1459 3359 sive
1510 3271 1575 3323 ut
1621 3266 1817 3359 Cicere
1846 3291 1888 3359 ρ
1924 3256 2070 3342 .Vide
2100 3256 2550 3357 Hypobrichium.

1984 3378 2106 3433 138.
2139 3377 2410 3445 Navigare
2438 3374 2585 3428 inter
2611 3369 2856 3445 scopulos
2883 3367 3140 3445 etAsinus,
3168 3379 3270 3437 per
3301 3360 3438 3419 vada
3466 3368 3518 3416 et

2501 3446 2666 3514 freta,
2700 3440 2839 3497 ibid.
2872 3440 2995 3494 168.

1997 3540 2118 3609 Est,
2165 3535 2386 3593 versari
2432 3533 2492 3589 in
2542 3530 2782 3603 ancipiti
2830 3525 3107 3601 periculo.
3151 3525 3299 3581 Nam
3346 3521 3575 3594 scopuli,

1925 3630 2036 3685 hoc
2077 3634 2183 3696 est,
2216 3629 2448 3681 montes
2495 3622 2674 3690 saxei,
2707 3620 2828 3677 sive
2875 3634 3051 3691 rupes
3078 3633 3107 3672 e
3134 3614 3282 3671 mari
3314 3612 3575 3670 eminen-

1925 3723 2036 3789 tes,
2068 3723 2126 3774 et
2174 3715 2523 3788 quandoque
2572 3711 2683 3767 sub
2731 3726 2896 3782 aqua
2944 3722 3172 3778 aquore
3218 3705 3486 3770 latentes,
3520 3705 3576 3757 et

1926 3809 2101 3878 sinus,
2132 3805 2331 3861 littora
2375 3802 2617 3859 incurva
2647 3814 2806 3855 mare
2855 3794 3286 3868 amplectentia,
3321 3797 3377 3848 et
3404 3791 3574 3859 vada,

1928 3897 2127 3953 minus
2157 3894 2449 3968 profunda
2480 3890 2659 3948 maris
2698 3889 2843 3960 loca,
2877 3892 2932 3943 et
2973 3885 3265 3941 undarum
3297 3881 3572 3938 brevibus

1925 3986 2159 4054 infesta,
2192 3991 2250 4041 et
2291 3987 2454 4057 freta,
2487 3980 2669 4038 maris
2718 3976 3023 4049 angustia,
3057 3974 3156 4029 ubi
3206 3972 3379 4044 quasi
3427 3974 3573 4026 astu

1925 4074 2197 4133 fervescit
2238 4090 2420 4142 mare,
2453 4068 2865 4143 navigantibus
2915 4070 2972 4123 et
3017 4063 3300 4120 insidiosa
3329 4065 3387 4117 et
3417 4059 3572 4133 peri-

1927 4171 2130 4223 culosa
2159 4167 2318 4222 sunt.
2352 4162 2477 4219 Lib.
2510 4178 2530 4219 ι
2557 4159 2772 4217 advers.
2812 4157 2979 4214 Marc.
3003 4172 3023 4212 :
3050 4175 3071 4205 α
3104 4153 3264 4209 Duas
3313 4148 3571 4223 Symple-

1926 4257 2109 4329 gadas
2142 4252 2431 4326 naufragii
2465 4251 2578 4307 sui.
2608 4271 2635 4299 »

1929 4347 2051 4404 139.
2083 4344 2280 4402 Nubila
2319 4334 3057 4484 obscuﬁcégptoimhllhlib.
3090 4350 3109 4390 I
3138 4331 3350 4388 advers.
3383 4330 3573 4398 Mam,

1996 4505 2322 4562 Videantur
2346 4503 2557 4560 Adnot.
2596 4497 2833 4555 Pamelii
2866 4499 2933 4552 de
2964 4492 3295 4553 Cimmeriis
3315 4489 3574 4548 tenebris

1927 4612 2055 4669 qua
2088 4597 2147 4652 in
2180 4596 2332 4652 idem
2366 4592 2635 4648 incidunt
2664 4586 3059 4660 proverbium.
3092 4584 3375 4640 Nubilium
3408 4581 3576 4636 nubes

1925 4687 2162 4744 densior
2217 4685 2335 4742 sive
2392 4684 2860 4739 crassamentum
2914 4674 3373 4740 exhalationum,
3411 4689 3577 4743 aqua

1930 4776 2235 4851 gignenda
2266 4773 2579 4831 fecundam
2610 4769 2725 4825 vim
2758 4768 3004 4824 habens.
3038 4765 3199 4821 Unde
3232 4763 3442 4819 coelum
3477 4778 3576 4818 ne-

1929 4867 2205 4923 bulosum
2237 4882 2339 4922 seu
2370 4862 2665 4920 nubilum.
2688 4856 2945 4914 Nebulae
2966 4854 3055 4913 vel
3074 4855 3367 4914 Nubilium
3397 4853 3580 4910 offun-

1930 4960 2181 5029 dere,est
2200 4957 2531 5013 obscurare.
2556 4952 2665 5009 Sed
2690 4966 2822 5007 cum
2855 4945 3180 5004 Tertull.ad
3215 4962 3408 5001 mores
3429 4948 3578 5001 Mar-

1929 5048 2115 5106 cionis
2146 5045 2388 5117 alludat,
2408 5042 2648 5101 tristitia
2677 5045 2733 5096 et
2764 5039 3063 5096 recondita
3084 5035 3268 5092 animi
3299 5036 3577 5093 severitas

1928 5138 2075 5212 signi
2087 5138 2458 5205 ﬁcabitur,ut
2490 5133 2645 5207 apud
2671 5131 2974 5188 Comicum
2999 5128 3264 5185 (iracum
3295 5120 3573 5193 διασκεδᾷν

1926 5229 1989 5285 τὸ
2031 5229 2187 5307 νέφος
2233 5229 2329 5282 τοῦ
2381 5224 2656 5299 μετώπου,
2686 5222 2980 5278 discutere
3028 5216 3236 5273 frontis
3283 5214 3578 5307 nubilum,

1929 5302 2207 5394 quodest
2236 5316 2539 5374 tristitiam
2583 5314 2840 5386 abigere,
2872 5310 3185 5379 latumque
3228 5304 3453 5394 vultum
3486 5302 3574 5356 in-

1928 5392 2158 5468 ducere.
2184 5411 2251 5465 Et
2282 5405 2663 5481 supercilium
2690 5401 2953 5459 nubilam
2976 5397 3140 5473 ὀορρυς
3172 5392 3445 5465 ξυννεφής,
3472 5406 3573 5463 pro

1925 5501 2096 5558 tristi.
2129 5500 2329 5558 Horat.
2360 5517 2381 5547 ε
2416 5502 2592 5552 Deme
2620 5490 2934 5565 supercilio
2964 5488 3203 5543 nubem.
3232 5507 3261 5535 »
3292 5484 3454 5555 Virg.
3484 5498 3498 5538 :

2021 5598 2125 5651 Sed
2152 5597 2303 5650 frons
2333 5597 2457 5648 lata
2482 5607 2694 5659 parum,
2727 5594 2780 5642 et
2806 5588 3015 5652 dejecto
3041 5584 3245 5636 lumina
3270 5581 3462 5644 vultu;

1997 5691 2113 5747 Et:

2020 5788 2125 5840 Sed
2151 5801 2258 5839 nox
2294 5789 2410 5838 atra
2434 5786 2593 5848 caput
2620 5780 2758 5834 tristi
2786 5776 3135 5832 circumvolat
3163 5777 3371 5829 umbra.
