4526 6350
584 359 702 418 28⁸7

1653 356 1754 416 EX
1803 349 2336 414 TERTULLIANI
2379 348 2923 411 APOLOGETICO

3877 350 4000 411 388

588 492 741 549 289
775 492 898 548 140.
931 494 1078 549 Nutu
1117 491 1335 548 tradere
1363 489 1500 562 (nisi
1541 488 1828 562 traducere
1856 485 1990 562 quis
2021 481 2233 555 malit.)
2261 483 2317 551 Α
2347 497 2418 538 ne
2448 481 2589 554 quid
2626 481 2716 540 vel
2763 484 2966 551 tentet,
2997 481 3084 539 vel
3115 481 3321 554 possit,
3350 481 3440 538 vel
3469 481 3788 554 imperium
3835 498 3999 539 exer-

851 571 992 620 tom.
1025 567 1070 630 Ι,
1103 564 1204 620 lib.
1237 563 1302 620 de
1332 559 1506 619 Pall..
1540 579 1667 634 cap.
1704 561 1758 629 4,
1791 577 1850 615 n.
1880 559 1970 613 84.

656 670 900 728 Vide:«
948 671 1082 728 Acie
1129 671 1325 744 figere,
1378 675 1436 727 et
1495 669 1675 742 digito
1732 666 2103 723 destinare.»
2132 663 2235 718 Est

587 760 977 818 deridentium
1009 766 1064 817 et
1113 760 1575 834 improbantium
1627 758 1848 830 aliquid
1899 753 2232 811 clanculum

584 848 740 904 inter
780 867 862 916 se,
895 850 1050 922 quod
1102 850 1296 922 palam
1346 851 1533 906 facere
1584 866 1700 904 non
1749 847 1826 902 sit
1873 846 2114 917 impune
2144 841 2231 898 vel

584 937 796 994 decens
827 955 840 994 :
874 955 1009 995 cum
1044 956 1232 1012 neque
1263 939 1543 1010 conjectis
1591 938 1650 993 in
1695 936 1988 993 hominem
2039 948 2232 988 remve

584 1026 791 1096 oculis,
849 1044 1039 1101 neque
1087 1030 1374 1102 protentis
1432 1028 1633 1102 digitis
1686 1027 1746 1082 id
1803 1027 1990 1082 facere
2043 1022 2227 1078 licet:

583 1118 711 1172 tum
744 1115 1099 1178 clanculario
1129 1118 1340 1177 saltem
1382 1136 1448 1176 ac
1494 1122 1644 1176 nutu
1694 1112 2083 1174 demonstrari
2127 1128 2230 1184 po-

579 1208 714 1262 test.

584 1311 707 1368 141.
738 1315 930 1372 Oculis
979 1317 1207 1381 clausis,
1257 1319 1400 1372 tom.
1450 1316 1494 1383 Ι,
1545 1313 1649 1370 lib.
1702 1313 1767 1370 de
1813 1311 1981 1379 Pall.,
2015 1327 2140 1380 cap.
2171 1311 2227 1383 2_,

654 1401 714 1461 [ι.
749 1386 848 1454 20;
895 1387 1140 1460 Apolog.,
1191 1405 1318 1461 cap.
1361 1390 1414 1456 3,
1465 1381 1544 1461 τι.
1573 1388 1662 1461 36,
1708 1390 1850 1442 tom.
1884 1384 1981 1453 ΙΙΙ,
2011 1383 2114 1438 lib.
2165 1381 2232 1436 de

652 1456 876 1513 Resurr.
910 1456 1279 1533 carnis,'cap:
1311 1461 1401 1528 51,
1435 1477 1492 1516 n.
1527 1460 1650 1514 361.

649 1564 710 1619 Si
741 1566 1063 1624 subaudias
1103 1567 1374 1636 verbum,
1409 1567 1602 1639 liquet,
1637 1581 1726 1621 res
1756 1568 1847 1620 est
1875 1560 2226 1630 clarissima,

577 1652 708 1710 luce
741 1656 1068 1712 meridiana
1097 1656 1326 1723 clarior,
1360 1662 1426 1712 ut
1457 1656 1660 1712 nolens
1688 1654 2005 1724 volensque
2035 1649 2228 1722 quivis

577 1743 664 1799 vel
691 1745 886 1802 videre
919 1747 1104 1818 possit
1133 1747 1219 1802 vel
1253 1746 1597 1818 intelligere.
1625 1745 1684 1801 Si
1715 1743 2035 1800 subaudias
2062 1756 2228 1812 agere

583 1834 736 1904 quid,
770 1839 860 1891 est
907 1837 1174 1909 abrupte,
1208 1841 1445 1907 temere,
1474 1836 1600 1892 sine
1648 1833 1987 1890 discrimine
2018 1832 2224 1886 facere.

586 1921 661 1977 Ut
690 1923 1029 1997 impingunt
1075 1925 1133 1980 in
1166 1925 1364 1981 odium
1394 1925 1650 1982 nominis
1677 1919 1993 1978 Christiani
2023 1921 2228 1976 clausis

580 2010 779 2082 oculis,
815 2017 872 2068 et
901 2014 1155 2070 caecitate
1186 2013 1304 2070 odii
1348 2016 1406 2070 in
1457 2013 1851 2085 naufragium,
1885 2011 1986 2083 qui
2017 2009 2100 2066 rei
2129 2025 2226 2064 ve-

578 2099 812 2157 ritatem
845 2119 1033 2174 neque
1062 2104 1365 2176 explorant
1394 2119 1582 2176 neque
1611 2101 1909 2174 explorare
1939 2099 2227 2169 laborant,

581 2190 683 2246 sed
719 2191 1022 2249 affectibus
1055 2194 1179 2250 suis
1209 2193 1584 2266 iniquissime
1614 2191 1951 2264 indulgent;
1983 2193 2040 2246 et
2060 2189 2231 2260 juxta

583 2279 814 2339 Terent.
841 2298 854 2338 :

651 2407 831 2518 Neque
855 2407 945 2471 jus
973 2422 1146 2472 neque
1185 2409 1386 2458 bonum
1417 2413 1576 2472 atque
1608 2420 1821 2471 aequum
1853 2407 2043 2456 sciunt.

653 2469 733 2520 Me
759 2470 858 2530 ius,
893 2471 1063 2534 pejus,
1097 2472 1282 2536 prosit,
1314 2471 1449 2520 nihil
1487 2471 1689 2533 vident,
1727 2470 1829 2519 nisi
1863 2471 2006 2533 quod
2037 2465 2200 2516 lubet.

663 2586 726 2641 B.
758 2588 1004 2659 August.
1033 2605 1046 2643 :
1074 2608 1104 2639 α
1133 2588 1268 2652 Quae
1316 2587 1552 2644 tandem
1598 2587 1708 2657 vis,
1739 2585 1854 2642 nisi
1903 2586 2133 2642 caecitas
2179 2587 2236 2640 et

589 2674 818 2730 vanitas
863 2675 1044 2730 animi
1092 2676 1248 2749 cogit
1295 2676 1590 2732 hominem
1621 2675 1859 2744 clausis,
1893 2678 1958 2730 ut
1998 2673 2234 2741 dicitur,

591 2762 796 2830 oculis,
829 2768 1111 2835 tanquam
1153 2765 1212 2821 in
1265 2765 1509 2821 alterum
1551 2766 1767 2836 jacere,
1801 2764 1953 2836 quod
2006 2779 2138 2819 cum
2173 2763 2234 2817 in

592 2867 728 2907 eum
777 2853 1004 2923 jecerit,
1061 2855 1338 2911 continuo
1393 2854 1631 2910 redeat?
1667 2876 1695 2903 ››
1745 2853 1804 2909 Β.
1858 2853 2229 2924 Hieronym.:

596 2960 619 2990 ι
639 2942 797 2998 More
815 2943 1249 2999 Andabatarum
1271 2944 1331 2998 in
1354 2943 1611 3000 tenebris
1625 2941 1886 3015 gladium
1905 2941 2233 2998 ventilant»

591 3035 649 3087 et
680 3050 694 3088 :
721 3054 749 3084 «
781 3031 990 3089 Melius
1011 3037 1100 3090 est
1128 3037 1324 3090 tamen
1355 3035 1561 3090 clausis
1592 3033 1766 3104 (quod
1797 3031 2031 3103 dicitur)
2062 3031 2235 3087 oculis

589 3121 1033 3179 Andabatarum
1091 3139 1252 3180 more
1301 3140 1580 3196 pugnare,
1617 3139 1794 3195 quam
1843 3121 2063 3178 directa
2112 3121 2233 3193 spi-

589 3210 722 3267 cula
756 3211 959 3284 clypeo
1008 3230 1123 3268 non
1170 3213 1451 3285 repellere
1496 3213 1774 3270 veritatis.
1800 3235 1828 3263 »
1859 3216 1927 3268 Et
1956 3213 2017 3268 B.
2051 3209 2226 3267 Baeil.

588 3300 960 3375 νυκτομαχίαν
1005 3302 1166 3370 dixit,
1201 3309 1548 3359 nocturnam
1599 3319 1880 3376 pugnam,
1912 3301 1971 3358 in
2003 3318 2101 3359 eos
2131 3299 2233 3373 qui

589 3389 752 3445 nullo
775 3390 1001 3460 judicio
1027 3391 1393 3448 insectantur
1421 3392 1666 3464 aliquid.

591 3496 714 3552 142.
746 3497 937 3554 Oculis
978 3498 1296 3567 Homericis,
1328 3501 1484 3624 10Ἐό
1508 3500 1552 3566 Ι,
1584 3497 1686 3554 lib.
1719 3497 1784 3553 de
1821 3497 1990 3566 Pall.,
2023 3513 2148 3569 cap.
2178 3499 2234 3565 2,

1321 3587 1382 3624 n.
1491 3611 1503 3623 .

1321 3587 1382 3625 Π.
1412 3587 1503 3624 ZU.

664 3655 988 3713 Videantur
1015 3659 1229 3714 Adnot.
1262 3657 1527 3714 Pamelii.
1560 3659 1722 3714 Idem
1752 3675 1884 3716 cum
1915 3658 2236 3731 superiore.

593 3745 906 3815 Homerus,
960 3751 1132 3805 antea
1189 3747 1570 3820 Melesigenes
1627 3748 1840 3816 dictus,
1901 3765 1934 3805 a
1987 3749 2240 3806 caecitate

593 3835 752 3906 (nam
786 3835 858 3891 ab
889 3836 1127 3893 ineunte
1159 3842 1328 3893 aetate
1371 3836 1698 3894 luminibus
1739 3841 1945 3910 captus
1975 3837 2243 3909 proditur

592 3926 689 3976 τοῦ
719 3923 970 4000 Ὀμήρου
1002 3943 1214 3983 nomen
1246 3927 1489 3984 sortitus
1519 3931 1626 3984 est.
1656 3925 1818 3983 Unde
1848 3925 1948 3983 illa
1976 3927 2239 3983 omnium

595 4012 927 4086 admiratio,
959 4015 1228 4071 omnium
1272 4031 1468 4071 rerum
1511 4015 1900 4072 humanarum
1929 4014 2245 4072 simulacra

595 4117 872 4173 expressa
900 4104 1070 4160 nobis
1117 4109 1250 4160 ante
1299 4103 1498 4162 oculos
1529 4105 1806 4162 constitui
1856 4105 2119 4178 potuisse
2169 4105 2244 4161 ab

596 4207 664 4246 eo
695 4191 796 4261 qui
827 4209 1131 4264 nunquam
1163 4210 1231 4249 ea
1259 4192 1444 4250 oculis
1473 4199 1807 4266 usurparet.

601 4299 722 4355 143.
757 4299 924 4356 Palos
975 4301 1293 4357 terminales
1341 4301 1524 4428 ﬁere,
1555 4305 1700 4426 tlozm.
1732 4301 1801 4372 V,
1836 4301 1935 4357 lib.
1969 4301 2038 4358 de
2063 4303 2244 4374 Jejun.

1188 4390 1314 4428 080.
1426 4417 1438 4428 .
1472 4391 1530 4428 n.
1639 4412 1651 4427 ο

1188 4390 1314 4445 cap.
1351 4390 1438 4437 11,
1472 4391 1530 4428 n.
1572 4390 1651 4427 re.

665 4459 1018 4517 Terminalia
1047 4459 1225 4534 lapis,
1249 4465 1305 4517 et
1325 4461 1640 4532 aliquando
1657 4462 1842 4534 palus,
1867 4461 1967 4533 qui
1997 4461 2057 4519 in
2085 4478 2246 4535 agro-

596 4564 728 4604 rum
761 4549 980 4606 ﬁnibus
1013 4550 1270 4623 ponitur,
1303 4557 1361 4606 et
1387 4555 1452 4606 ut
1478 4551 1682 4622 Virgil.
1716 4553 1788 4608 de
1816 4556 1960 4608 Saxo
1994 4571 2008 4622 ;

1000 4659 1198 4720 Campo
1229 4657 1336 4722 qui
1353 4658 1489 4707 forte
1513 4657 1722 4722 jacebat

689 4717 862 4768 Limes
891 4733 1020 4783 agro
1051 4717 1275 4783 positus,
1306 4721 1451 4771 litem
1481 4717 1540 4772 ut
1577 4722 1901 4774 discerneret
1930 4723 2088 4774 srvis.

595 4819 667 4874 Et
700 4816 759 4872 in
792 4816 979 4889 Georg.
1006 4837 1024 4874 :

692 4924 802 5037 gs:
816 4925 1040 5038 :ligtnare
1069 4926 1302 4990 quidem,
1332 4930 1424 4978 aut
1451 4927 1634 4992 partiri
1664 4929 1834 4980 limite
1863 4942 2110 4993 campum

877 5004 907 5038 a
936 5026 948 5038 .

877 5004 948 5038 οι.

665 5087 836 5144 Palas
889 5091 1084 5144 autem
1136 5088 1258 5146 loco
1316 5089 1578 5162 lapidum
1629 5094 1731 5147 aut
1777 5107 2052 5147 saxorum
2110 5089 2248 5163 poni

597 5179 978 5234 consuevisse
1036 5179 1256 5235 indicat
1313 5196 1550 5245 nomen,
1589 5180 1776 5251 palen,
1828 5181 2096 5236 Flandris
2145 5197 2248 5252 pro

597 5283 873 5338 agrorum
908 5267 1176 5324 terminis
1207 5268 1512 5323 usitatum.
1535 5267 1637 5323 Vel
1669 5268 1879 5324 alludit
1905 5269 2146 5326 Tertull.
2175 5269 2248 5326 ad

599 5357 942 5413 dromonem
992 5358 1114 5414 sive
1161 5359 1420 5414 stadium
1469 5361 1768 5429 equestre;
1813 5359 1912 5414 ubi
1961 5359 2250 5415 terminus

600 5452 724 5503 erat
757 5449 857 5503 ubi
890 5454 1123 5520 peracto
1169 5466 1342 5504 cursu
1377 5447 1780 5521 quiescebant,
1811 5453 1869 5504 et
1899 5454 2054 5506 meta
2080 5451 2251 5522 palus

602 5541 727 5592 erat
757 5539 1133 5595 acuminatus
1164 5539 1223 5594 in
1255 5538 1429 5595 stadii
1465 5538 1580 5594 ﬁne
1608 5537 1856 5609 positus,
1889 5541 2045 5597 circa
2075 5557 2247 5613 quem

599 5625 877 5697 girabant
907 5644 1168 5684 cursum.
1189 5629 1286 5683 Est
1306 5627 1510 5700 igitur,
1530 5627 1686 5698 palos
1705 5631 2029 5687 terminales
2057 5631 2250 5703 ﬁgere,

617 5716 754 5769 ntra
791 5721 1073 5786 angustos
1103 5718 1160 5770 et
1187 5719 1379 5773 certos
1423 5715 1568 5774 ﬁnes
1595 5713 1852 5788 aliquem
1882 5717 2252 5788 concludere,

2343 576 2470 628 ceat
2500 571 2765 629 ulterius.

2343 681 2497 736 240
2535 680 2654 736 144.
2688 681 2750 736 In
2776 683 2989 750 partem
3038 695 3202 734 unam
3257 679 3596 745 incumbere,
3629 683 3772 736 tom.
3805 697 3863 750 v,
3890 679 3995 736 lib.

2747 751 2812 807 de
2841 753 3058 818 Trinit.,
3093 769 3218 824 cap.
3246 753 3337 819 23,
3373 770 3430 808 n.
3465 753 3587 807 102.

2414 843 2727 914 Sumptum
2760 860 2792 898 a
2815 841 3046 909 militia,
3067 842 3167 897 ubi
3191 843 3248 897 in
3273 843 3541 900 dextrum
3565 841 3652 899 vel
3686 842 3996 900 sinistrum

2341 931 2497 990 latus
2545 935 2666 990 sive
2715 951 2896 990 cornu
2947 933 3067 991 sive
3122 939 3347 1007 partem
3395 936 3618 1006 majore
3663 934 3889 1006 impetu
3939 939 4000 990 et

2340 1023 2662 1094 pertinacia
2719 1041 2995 1080 conversa
3051 1025 3312 1096 undique
3370 1024 3538 1096 signa
3604 1024 3997 1081 inferentibus

2340 1112 2692 1170 adversariis
2747 1113 3131 1170 incumbitur.
3184 1107 3406 1180 Quibus
3463 1114 3706 1186 dejectis
3753 1117 3813 1170 et
3863 1113 3994 1170 loco

2343 1203 2635 1260 submotis
2668 1203 2939 1276 proclivis
2971 1203 3049 1261 sit
3081 1203 3574 1272 victoria.Caasar,
3604 1221 3646 1259 ιι
3676 1203 3791 1260 Bel.
3823 1205 3948 1260 Gal.
3972 1220 3994 1258 .-

2341 1293 2531 1348 Caasar
2560 1293 2630 1348 ad
2663 1293 2963 1348 dexterum
2997 1309 3179 1349 cornu
3229 1294 3525 1365 profectus
3574 1292 3673 1349 ubi
3725 1309 3864 1348 suos
3894 1309 3993 1348 ur-

2338 1381 2482 1454 geri,
2508 1385 2618 1438 etc.
2643 1381 2744 1437 His
2765 1382 2957 1438 verbis
2980 1399 3041 1439 se
3061 1382 3310 1456 explicat
3329 1385 3543 1440 Auctor
3562 1382 3663 1438 lib.
3681 1382 3747 1438 de
3768 1383 3994 1438 Trinll.:

2336 1471 2770 1539 Inclinaverant,
2797 1471 3033 1542 trahere,
3063 1488 3343 1545 superare,
3376 1489 3504 1544 quae
3525 1489 3559 1529 a
3581 1470 3792 1528 militia
3814 1472 3994 1528 ducta

2337 1564 2498 1615 sunt.

2339 1668 2461 1722 145.
2497 1672 2706 1739 Pepone
2733 1670 2916 1738 magis
2945 1669 3208 1737 insulsus,
3237 1672 3379 1724 tom.
3416 1669 3515 1740 ΙΙΙ,
3537 1668 3636 1724 lib.
3661 1669 3734 1725 de
3763 1669 3986 1738 Anima,

2915 1757 3040 1813 cap.
3069 1741 3158 1809 32,
3193 1758 3252 1796 n.
3284 1742 3409 1796 387.

2408 1825 2640 1888 Πέπονες
2690 1827 2900 1884 molles
2947 1833 3005 1884 et
3054 1829 3251 1885 faciles
3299 1830 3596 1897 dicuntur,
3643 1828 3992 1900 metaphora

2336 1934 2370 1972 a
2399 1915 2650 1974 maturis
2695 1918 2983 1975 fructibus
3013 1919 3217 1987 ducta;
3249 1920 3336 1975 vel
3385 1919 3560 1975 etiam
3595 1935 3629 1975 a
3658 1919 3991 1974 cucumeri-

2335 2006 2471 2075 bus,
2503 2006 2601 2078 qui
2631 2023 2868 2078 pepones
2898 2007 3052 2078 quod
3088 2007 3454 2077 mollescant,
3486 2012 3565 2074 et,
3596 2007 3774 2064 simul
3807 2010 3986 2078 atque

2339 2096 2755 2165 maturuerint,
2810 2095 3177 2166 ﬂaccescant,
3225 2097 3616 2170 appellantur.
3649 2097 3789 2152 Inde
3829 2095 3980 2152 illa:

2337 2182 2736 2248 Μαλακώτεθος
2790 2182 3020 2247 πέπονος
3067 2183 3251 2257 σύκου,
3298 2186 3514 2244 Mollior
3566 2185 3674 2257 ﬁcu
3727 2193 3984 2248 malum;

2340 2273 2668 2348 Πεπαίτερος
2723 2274 2944 2347 μώρων,
2996 2278 3268 2332 maturior
3312 2278 3506 2333 moris.
3538 2276 3608 2331 Et
3654 2273 3986 2332 convivium

2340 2363 2702 2437 proverbiale
2753 2381 2852 2436 per
2909 2364 3379 2435 translationem,
3409 2362 3658 2432 πέπονες,
3711 2359 3985 2418 τουτέστιν

2342 2449 2542 2508 ἁπαλυί
2599 2451 2686 2506 καὶ
2747 2450 3002 2513 ἀσθενεῖς.
3037 2454 3138 2509 Est
3193 2459 3250 2509 et
3309 2454 3604 2510 interdum
3661 2453 3878 2510 blanda
3934 2457 3995 2508 et

2342 2543 2532 2598 amica
2589 2559 2714 2609 vox,
2764 2541 2830 2594 Ὦ
2888 2540 3084 2611 πέπον,
3131 2542 3374 2597 τουτέστι
3425 2539 3873 2620 προσφιλέστατε,
3927 2539 3990 2610 ἢ,

2343 2631 2728 2704 προσηνίτατε,
2776 2648 2809 2686 a
2858 2632 3107 2688 maturis
3163 2632 3527 2705 placidisque
3584 2633 3866 2702 moribus,
3899 2629 3994 2687 vel

2343 2722 2499 2793 quod
2528 2719 2594 2774 τὰ
2619 2718 2844 2790 πέπονα,
2869 2721 2978 2777 hoc
3003 2726 3112 2794 est,
3135 2722 3333 2778 mollia
3355 2728 3700 2794 matureque
3721 2737 3996 2779 amemus

2341 2828 2566 2869 omnes.

2343 2919 2466 2975 146.
2499 2917 3000 2991 Peponem_cordis
3053 2916 3170 2974 loco
3216 2918 3434 2988 habere,
3478 2923 3621 2974 tom.
3654 2919 3752 2988 ΙΙΙ,
3798 2917 3900 2975 lib.
3932 2935 3999 2975 ιν

2732 2989 2854 3046 adv.
2887 2991 3078 3057 Mam,
3105 3008 3230 3064 cap.
3259 2993 3344 3061 40,
3380 3009 3438 3047 n.
3469 2992 3595 3047 666.

2411 3079 2735 3136 Videantur
2763 3079 2873 3135 hoc
2920 3079 3046 3136 loco
3094 3081 3352 3137 adnotat.
3387 3079 3646 3149 Pamelii,
3679 3084 3736 3136 et
3782 3080 4000 3136 Fevar-

2341 3169 2524 3225 dentii
2572 3168 2643 3224 ad
2693 3167 2836 3224 illud
2879 3170 2938 3224 Β.
2972 3169 3168 3225 Ireneei
3215 3169 3316 3225 lib.
3346 3187 3385 3237 ι,
3420 3187 3547 3242 cap.
3582 3171 3636 3239 3,
3670 3185 3833 3225 num.
3871 3169 3934 3222 10
3975 3187 3991 3225 :

2261 3239 2305 3308 (ἶ
2345 3259 2383 3316 0
2409 3273 2642 3332 pepones
2669 3256 2940 3330 sophista:
2962 3259 3398 3330 vituperabiles,
3432 3239 3633 3316 et_non
3662 3259 3799 3327 viri;
3833 3259 3996 3330 quod

2344 3366 2413 3404 ex
2443 3349 2674 3404 Homer.
2704 3347 2865 3417 Iliad,
2899 3349 3275 3420 desumptum
3307 3354 3396 3405 est
3427 3367 3441 3404 :

2344 3442 2410 3492 Ὤ
2438 3437 2691 3508 πέπονες,
2742 3435 2864 3491 κάκ’
2908 3434 3138 3512 ἐλέγχε’,
3173 3435 3468 3513 Ἀχαιΐδες,
3516 3437 3614 3494 οὐκ
3661 3435 3730 3493 ἔτ’
3767 3437 4001 3512 Ἀχαιοὶ

2345 3529 2405 3584 id
2435 3532 2524 3585 est
2557 3546 2569 3584 :

2439 3637 2480 3748 2
2508 3635 2716 3748 ltilioliles,
2748 3635 2887 3687 mala
2917 3636 3132 3700 probra,
3165 3639 3219 3686 et
3247 3636 3544 3699 Achaidos,
3581 3635 3728 3688 haud
3757 3635 3900 3687 enim

2486 3714 2512 3748 Ο
2555 3714 2604 3747 ιν
2632 3735 2642 3746 .

2486 3714 2642 3748 CDIVI.

2350 3797 2514 3864 Quod
2544 3795 2746 3867 Virgil.
2780 3795 3047 3854 imitatus
3079 3814 3094 3855 :

2445 3905 2485 3953 Ο
2515 3917 2637 3954 vere
2668 3904 2929 3968 Phrygiae,
2961 3918 3135 3969 neque
3168 3905 3310 3955 enim
3339 3905 3592 3971 Phryges.

2421 4011 2726 4084 Significat
2781 4011 2979 4084 itaque
3035 4013 3406 4086 proverbium
3441 4031 3453 4070 :
3485 4014 3788 4070 excordem
3844 4028 4004 4081 esse,

2353 4101 2440 4158 vel
2469 4101 2640 4158 corde
2695 4117 2824 4157 esse
2880 4101 3127 4159 insulso.
3159 4104 3221 4160 In
3275 4105 3446 4160 corde
3491 4103 3648 4160 enim
3705 4101 4011 4174 primariae

2355 4190 2532 4246 animi
2563 4190 2735 4246 vires.
2768 4190 2914 4246 Hinc
2960 4192 3205 4261 cordati,
3237 4194 3453 4265 quibus
3493 4209 3592 4250 cor
3639 4197 3794 4249 recte
3822 4191 4009 4248 affec-

2351 4285 2480 4338 tum
2531 4285 2621 4336 est
2675 4283 2733 4336 et
2787 4281 3120 4338 robustum.
3154 4283 3461 4352 Excordee,
3504 4273 3743 4354 quibus"
3771 4283 4016 4355 peponis

2354 4370 2564 4438 instar,
2607 4369 2804 4442 molle,
2853 4371 3185 4444 ﬂaceidum,
3219 4372 3462 4430 minime
3506 4371 3691 4430 virile.
3721 4371 3868 4429 Vide
3895 4389 4014 4428 su-

2354 4477 2461 4534 pra
2487 4477 2501 4516 :
2527 4483 2556 4511 «
2588 4460 2903 4518 Cerebrum
2932 4460 3023 4518 vel
3053 4478 3154 4520 cor
3180 4478 3296 4519 non
3327 4462 3542 4520 habere
3565 4484 3594 4515 »
3623 4480 3636 4532 ;
3667 4466 3725 4519 et
3757 4480 3808 4520 :«
3839 4463 4013 4518 Cervi

2356 4550 2417 4606 in
2448 4550 2666 4623 proelio.
2695 4572 2724 4601 »

2277 4616 2324 4682 Β
2359 4616 2482 4715 147..
2511 4663 2814 4716 Personam
2862 4676 3044 4732 agere,
3087 4663 3229 4716 tom.
3263 4661 3366 4727 ΙΙΙ,
3400 4624 3598 4718 ΙΙΙ).ιιιι
3644 4659 3768 4718 adv.
3803 4665 4011 4731 Maria,

2945 4749 3072 4806 cap.
3108 4735 3195 4801 11,
3229 4751 3284 4789 ιι.
3317 4734 3407 4790 77.

2425 4819 2557 4877 Vidi
2589 4819 2742 4877 infra
2774 4837 2787 4879 :
2823 4821 3021 4880 Senam
3064 4823 3369 4880 decurrere.
3402 4828 3667 4890 Persona,
3717 4841 3822 4898 pro
3869 4839 4014 4881 mu-

2356 4926 2493 4968 nere
2549 4909 2671 4967 sive
2726 4912 3013 4983 partibus.
3063 4913 3246 4971 Cicer.
3278 4931 3293 4970 :
3325 4913 3441 4970 Has
3489 4917 3686 4986 partes
3744 4913 4014 4972 lenitatis

2357 5015 2590 5072 semper
2618 4999 2729 5072 egi,
2749 4999 2911 5058 illam
2932 5003 3236 5076 gravitatis
3264 5019 3553 5075 personam
3583 5020 3697 5060 non
3729 5004 4012 5077 appetivi.

2355 5091 2444 5144 Ab
2500 5089 2854 5146 histrionum
2911 5110 3183 5165 persona.
3227 5095 3524 5150 Hersen-am
3579 5111 3799 5167 gerere,
3829 5098 4014 5169 tueri,

2358 5180 2668 5250 sustinere,
2703 5198 2894 5254 agere,
2927 5184 3000 5240 ab
3039 5184 3402 5241 histrionicis
3429 5183 3788 5242 auctoribus.

2431 5289 2551 5344 148.
2584 5291 2863 5362 Physcone
2913 5293 3204 5366 impurior,
3254 5297 3398 5366 tom.
3434 5293 3480 5366 Ι,
3516 5293 3618 5349 lib.
3650 5295 3716 5350 de
3755 5295 3932 5364 Pall.,

2959 5365 3090 5438 cap.
3122 5367 3176 5434 4,
3213 5383 3272 5421 n.
3305 5365 3398 5420 79.

2428 5451 2508 5507 De
2539 5451 2776 5509 homine
2814 5454 2914 5527 qui
2965 5473 3027 5512 se
3077 5456 3137 5512 in
3181 5473 3354 5512 omne
3401 5454 3575 5512 luxus
3621 5456 4013 5532 libidinisque

2358 5557 2544 5614 genus
2604 5541 2945 5617 ingurgitat.
2977 5544 3110 5603 Fuit
3157 5545 3312 5602 enim
3358 5546 3708 5603 Ptolemaeus
3754 5549 4014 5623 Physcon

2357 5647 2483 5700 vm,
2513 5633 2738 5704 Βαγρῐί
2781 5651 2902 5706 rex,
2926 5635 3026 5707 qui
3056 5651 3190 5692 cum
3219 5635 3452 5709 Cyrene:
3481 5635 3797 5709 imperaret
3841 5640 4012 5697 fratri

2361 5719 2644 5792 Evergeta
2673 5721 2947 5781 defuncto
2987 5723 3296 5797 successit,
3327 5724 3428 5798 qui
3457 5741 3638 5798 supra
3680 5726 4008 5787 belluinam
