4526 6406
251 418 351 478 289
1402 378 2002 448 PROVERBIALES
2047 374 2475 436 FORMULE.

3524 375 3642 434 290

248 546 526 607 libidinem
556 542 617 598 et
646 538 795 595 341
828 528 1236 591 crudelitatem
1269 522 1417 595 (quis
1441 515 1698 607 facinora
1726 526 1881 607 com-
1908 511 1963 579 Α
1992 508 2147 607 Quae,
2176 505 2261 607 uti
2290 504 2793 607 'l‘ertullianicum,
2825 504 3269 578 proverbialiter
3300 504 3481 577 accipi
3513 520 3646 578 pcs'

251 638 519 697 memorat
537 629 756 687 Justin.
790 624 892 680 lib.
911 617 1144 688 Lxxxm)
1176 612 1382 685 sagina
1410 604 1653 669 ventris,
1685 606 1742 657 et
1762 618 1884 657 cor-

248 689 732 803 ;iri—sﬁvultusque
775 711 1143 770 deformitate
1190 702 1399 801 belluas
1434 712 1627 793 quam.
1659 689 1884 803 homini

249 779 499 878 similior.
532 779 669 875 Qud:
701 805 932 862 fmditas
963 801 1021 855 in
1054 814 1119 854 eo
1153 790 1456 868 pellucida:
1487 784 1665 878 vestis
1697 779 1886 837 subti-

249 873 411 972 litate,
445 873 612 976 quasi
638 901 708 955 de
738 891 1051 959 industria,
1084 886 1207 943 sive
1238 880 1436 954 potius
1483 892 1553 932 ex
1600 873 1887 942 intempe-

1994 601 2152 655 sunt.
2184 595 2553 651 Contrarium
2584 596 2694 651 erit
2722 612 2791 651 ex
2812 597 3018 651 eodem
3048 595 3149 650 lib.
3187 611 3200 650 :

2059 704 2280 754 Labitur
2308 704 2413 752 alta
2446 718 2648 766 secans,
2682 705 2954 768 ﬂuctuque
2984 708 3225 767 aestuque
3261 704 3517 754 secundo.

2070 804 2222 859 242
2258 805 2437 857 {Emis
2486 807 2681 857 autem
2723 803 3038 873 aliquando
3071 803 3358 875 accipitur
3388 821 3492 875 pro
3523 804 3652 877 ipsa.

2000 893 2181 948 maris
2213 892 2528 947 crescentis
2566 894 3069 964 decrescentisque
3101 893 3511 960 commotione,
3543 894 3654 949 hoc

255 996 426 1055 rantis
478 990 823 1063 augebatur,
864 982 1082 1037 infame
1124 971 1421 1063 Ρθιυδεοῗξίδ
1468 980 1681 1063 non?”
1732 974 1891 1063 (ξι-το
1999 988 2107 1053 est,
2144 998 2379 1039 accessu
2412 982 2531 1037 sive
2561 982 2937 1052 incremento,
2971 983 3057 1037 vel
3090 1000 3322 1038 recessu
3349 982 3471 1038 sive
3503 984 3653 1039 reci-

253 1051 392 1157 tdlit,
420 1051 590 1156 quasi
618 1051 931 1134 ventricosi
988 1073 1045 1126 et
1092 1060 1400 1157 aquarioli,
1426 1060 1660 1157 propter
1708 1051 1890 1154 abdo-

258 1136 736 1232 minisjstudium.
791 1158 1017 1215 Φύσιιων
1059 1154 1217 1211 enim
1263 1151 1291 1205 ὁ
1339 1147 1584 1223 γάστρων
1622 1140 1656 1209 ἢ
1688 1136 1892 1213 παχὺς,

258 1264 348 1319 ἀπὸ
402 1264 502 1329 τῆς
560 1254 769 1331 φύσκης
822 1250 978 1322 quod
1033 1249 1145 1314 est,
1204 1238 1552 1297 intestinum
1610 1243 1892 1288 crassum.

259 1353 348 1411 Cui
374 1356 431 1408 et
460 1345 693 1406 Persius
725 1342 807 1398 ait
838 1357 854 1396 :

337 1465 556 1530 Pinguis
588 1454 920 1525 aqualiculus
963 1460 1232 1517 prepenso
1264 1439 1583 1507 sesquipede
1614 1436 1804 1487 exstat.

262 1578 373 1632 149.
407 1574 596 1644 Plaga
629 1578 935 1629 occurrere,
961 1563 1103 1686 togi.
1128 1553 1435 1681 lllésscorp.
1469 1542 1898 1607 advers.Gnou.,

856 1650 981 1686 caD.
1060 1672 1072 1686 .
1105 1646 1165 1684 n.
1285 1666 1297 1679 .

856 1650 981 1704 cap.
1014 1646 1072 1698 5,
1105 1646 1165 1684 n.
1207 1646 1297 1681 oo.

317 1737 629 1806 Sumptum
652 1746 686 1785 a
708 1700 1157 1800 gladiatoribus,
1183 1715 1284 1788 qui
1306 1711 1395 1769 vel
1419 1705 1735 1806 adversarii
1759 1700 1904 1806 peti-

2002 1074 2355 1147 procatione.
2389 1073 2718 1145 Aliquando
2752 1090 2852 1146 pro
2886 1091 3061 1129 arena
3089 1074 3188 1130 illa
3216 1074 3500 1147 instabili,
3523 1094 3650 1149 quas

2003 1165 2277 1221 absorbet
2305 1169 2363 1219 et
2390 1164 2588 1218 haurit
2619 1164 2838 1219 omnia.
2870 1162 3077 1236 Virgil.
3116 1181 3129 1220 :

2316 1271 2463 1320 Furit
2493 1271 2640 1319 cslus
2669 1270 2925 1322 arenis....

2006 1352 2124 1408 Et:

2318 1440 2464 1489 Eslu
2492 1441 2784 1489 miscentur
2812 1452 3006 1489 arente.

2008 1539 2230 1595 Similis
2258 1538 2402 1596 illa:
2440 1538 2665 1594 Haerere
2708 1538 2768 1593 in
2817 1538 3029 1594 iisdem
3081 1539 3360 1613 scopulis,
3396 1541 3456 1596 in
3488 1559 3662 1614 aqua,

2013 1631 2072 1685 in
2102 1630 2267 1696 vado,
2300 1628 2360 1683 in
2394 1628 2641 1684 salebra.
2668 1627 3021 1700 Metaphoraa
3054 1646 3087 1684 a
3122 1630 3535 1702 navigantibus
3558 1633 3664 1687 du-

2014 1725 2139 1790 ctae,
2175 1718 2275 1791 qui
2301 1719 2445 1774 vado
2475 1717 2630 1773 illisa
2661 1717 2792 1773 navi
2825 1734 3065 1773 cursum
3095 1719 3436 1775 institutum
3465 1725 3663 1777 tenere

260 1828 473 1883 tionem
507 1818 767 1892 corporis
785 1808 1172 1870 declinatione
1193 1802 1502 1901 eﬂugigat.
1522 1796 1610 1853 V31
1637 1790 1907 1901 Parmuja
2016 1826 2130 1864 non
2161 1790 2431 1880 possunt.
2466 1806 2557 1861 Sic
2589 1807 2730 1861 dum
2765 1806 2927 1861 navis
2958 1810 3093 1862 cestu
3125 1808 3418 1881 reciproco
3448 1810 3563 1865 huc
3611 1814 3669 1866 et

261 1915 565 1987 excipiunt,
593 1881 658 1964 dt
689 1906 769 1962 sit
799 1904 1015 1958 frustra
1044 1891 1484 1987 conatus._Vide
1516 1901 1704 1987 supra.
1726 1901 1745 1937 -°
1839 1881 1902 1987 Ῑῐξ
1935 1894 1981 1959 Β
2012 1898 2154 1954 illuc
2184 1895 2526 1968 impellitur,
2559 1910 2744 1967 neque
2786 1896 3054 1968 progredi
3088 1902 3296 1969 potest,
3348 1902 3412 1953 ut
3442 1898 3668 1972 signifl~

261 1973 437 2062 aliain
469 2001 648 2056 ictum
680 1992 1073 2051 considerare.
1110 2008 1138 2036 »
1173 1990 1234 2039 Β.
1271 1981 1417 2037 Hier.
1453 1981 1644 2033 contra
1673 1973 1851 2029 Jovin.
1886 1985 1900 2025 :

267 2116 287 2145 ι
314 2090 491 2159 Quasi
520 2090 591 2143 de
631 2086 757 2142 loco
803 2081 1071 2137 videmur
1101 2075 1321 2140 cedere,
1372 2073 1428 2125 et
1460 2062 1790 2123 adversario
1822 2060 1903 2114 fe-

2016 1993 2181 2045 cetur
2242 1987 2504 2060 proverb.
2563 1989 2634 2040 Se
2705 2002 2819 2040 non
2872 1986 3156 2042 extricare
3207 1992 3311 2043 aut
3378 1989 3667 2061 expedire,

2016 2095 2134 2134 non
2193 2076 2529 2133 satisfacere
2586 2078 2955 2147 argumento,
3019 2076 3120 2132 sed
3195 2078 3398 2134 eodem
3466 2077 3669 2134 relabi.

262 2181 447 2239 riendi
477 2174 843 2235 occasionem
887 2170 1045 2225 dare-
1088 2186 1117 2215 »
1156 2164 1227 2219 Et
1264 2187 1279 2226 ς
1332 2182 1359 2212 (ί
1409 2158 1641 2212 Οίτθοῖθι
1683 2148 1907 2224 Spicula
2017 2168 2164 2222 Vide
2196 2184 2209 2223 :
2244 2188 2273 2217 «
2309 2165 2547 2221 Fluctus
2578 2164 2873 2237 utrinque.
2908 2187 2937 2216 ›)

266 2272 460 2345 clypeo
492 2265 751 2324 refellere
772 2256 1053 2318 veritatis.
1090 2276 1113 2306 ι

269 2382 382 2436 150.
431 2373 713 2434 Plaudere
759 2371 823 2426 in
864 2367 1070 2491 δίπαωᾴ
1118 2365 1285 2487 tonji.2
1307 2356 1377 2428 V,
1420 2354 1524 2411 lib.
1574 2352 1638 2408 de
1691 2348 1909 2419 Pudic.,

869 2455 996 2491 θαι).
1078 2451 1182 2491 .n.
1290 2472 1303 2485 .

869 2455 996 2510 cap.
1036 2451 1091 2502 υ,
1123 2451 1182 2489 n.
1214 2451 1303 2487 ιιι.

332 2564 361 2593 ‹‹
396 2540 461 2597 Si
482 2553 599 2610 qua
619 2531 781 2590 vobis
812 2509 1077 2599 exempla
1094 2523 1155 2578 in
1178 2521 1376 2578 sinum
1400 2514 1684 2610 plaudent
1717 2528 1729 2567 ε
1756 2532 1777 2560 ιι
1804 2509 1915 2607 hoc

266 2635 372 2701 est,
406 2596 531 2684 tam
562 2627 729 2697 grata
755 2618 922 2676 vobis
952 2596 1240 2678 accidant,
1274 2622 1400 2679 qum
1443 2603 1821 2658 informatam
1854 2596 1914 2650 in

266 2719 478 2777 animis
506 2712 719 2770 vestris
748 2706 1087 2781 opinionem
1115 2700 1425 2755 videantur
1455 2691 1822 2758 conﬁrmare,
1854 2690 1919 2741 ut

266 2810 397 2864 inde
421 2805 662 2861 tacitam
693 2780 849 2872 apud
873 2812 973 2851 vos
993 2790 1354 2862 voluptatem
1385 2781 1677 2846 sentiatis,
1698 2780 1916 2834 vestro-

268 2914 374 2971 que
423 2892 657 2953 alfectui
703 2867 1076 2957 indulgeatis.
1125 2878 1297 2971 Apud
1353 2874 1584 2971 llomer.
1616 2871 1704 2924 Ἑν
1731 2867 1918 2939 ιθυμῷ

268 2963 507 3063 ᾖαίρειν.
539 2982 663 3037 Tib.
696 3001 726 3030 ‹‹
758 2979 819 3032 In
845 2974 1019 3031 tacito
1048 2968 1301 3042 gaudere
1337 2963 1493 3020 sinu.
1533 2982 1554 3009 ι

432 3093 555 3147 151.
589 3086 857 3145 Plaudere
885 3081 1052 3155 parti,
1083 3076 1223 3133 ibid.
1263 3088 1391 3144 cap.
1424 3071 1513 3140 16,
1545 3085 1603 3122 n.
1640 3066 1760 3121 160.

337 3182 579 3256 Legitur
611 3175 766 3250 apud
796 3151 1041 3229 Tertull.
1076 3183 1091 3224 :
1121 3187 1150 3216 «
1182 3164 1431 3219 Diversae
1460 3155 1609 3231 parti
1632 3151 1923 3256 .supplau-

2021 2295 2142 2350 155.
2175 2294 2237 2351 In
2262 2294 2674 2365 praerumptum
2704 2291 3002 2365 imponere.
3036 2294 3175 2365 tom.
3211 2292 3303 2362 ΙΙΙ,
3338 2292 3440 2349 lib.
3462 2310 3519 2351 IV
3549 2294 3669 2350 adv.

2478 2364 2670 2432 Mam,
2706 2379 2835 2435 cap,
2878 2364 2967 2431 37,
3002 2381 3061 2419 n.
3092 2364 3219 2419 607.

2094 2474 2482 2543 Prmruptum,
2515 2470 2897 2537 substantive,
2941 2474 2997 2525 et
3026 2471 3342 2543 abruptum
3373 2472 3663 2545 quidquid

2025 2564 2211 2621 altum
2261 2565 2319 2617 et
2367 2577 2642 2633 praeceps,
2693 2576 2833 2615 saxa
2856 2569 3163 2632 prwrupta,
3213 2564 3272 2616 et
3322 2578 3492 2617 mons
3534 2579 3676 2634 prae-

2026 2657 2249 2725 ruptus,
2278 2651 2453 2707 altus.
2479 2649 2627 2705 Plin.
2697 2649 2908 2704 Graacis
2965 2649 3027 2702 τὸ
3088 2648 3465 2725 ἀπόκρημνον,
3526 2654 3681 2708 unde

2030 2741 2283 2816 proclive
2328 2738 2737 2812 praecipitium.
2791 2737 3053 2811 Explicat
3096 2756 3159 2795 se
3210 2739 3608 2797 Tertullianus
3670 2759 3683 2797 :

2032 2854 2059 2883 ‹‹
2101 2831 2303 2888 Sciens
2362 2844 2619 2901 prmceps
2668 2828 2855 2883 ituros
2912 2827 3204 2898 homines,
3258 2828 3384 2900 ipse
3436 2829 3567 2885 illos
3624 2830 3684 2885 in

2030 2923 2391 2993 praeruptum
2439 2916 2759 2989 imposuit:
2806 2938 2833 2966 ‹‹
2867 2920 2932 2971 ut
2963 2917 3041 2972 sit
3091 2933 3105 2973 :
3155 2919 3365 2988 Aperto
3425 2918 3683 2990 periculo

2031 3024 2339 3082 exponere,
2387 3023 2494 3062 nec
2539 3006 2683 3061 satis
2731 3005 2987 3076 provide,
3040 3023 3111 3062 ne
3150 3007 3287 3077 quid
3346 3006 3487 3062 mali
3544 3024 3685 3063 con-

2032 3101 2240 3169 tingat,
2272 3096 2417 3152 utsi
2446 3094 2670 3151 homini
2704 3111 2875 3150 avaro
2925 3099 2984 3150 et
3032 3095 3145 3150 furi
3194 3095 3450 3166 pecuniae
3492 3096 3683 3152 admi-

2035 3187 2302 3245 nistratio
2342 3185 2764 3253 committatur,
2806 3184 3161 3241 adolescenti
3209 3184 3461 3242 libinoso
3509 3187 3685 3258 pudi-

272 3244 455 3341 dere:
464 3268 553 3326 vel
582 3244 997 3337 subplaudere,
1039 3278 1067 3305 »
1113 3244 1649 3348 quasbsu-f-l‘ragari
1680 3248 1736 3299 et
1767 3244 1923 3348 ‘s‘ub-
1959 3270 2002 3337 Ο
2043 3244 2177 3335 εἰῶ
2204 3275 2521 3348 virginum.

270 3332 531 3419 scribere
581 3332 828 3412 aliorum
877 3345 1196 3406 sententiae.
1264 3340 1345 3397 Ab
1402 3339 1476 3394 iis
1524 3336 1625 3409 qui
1678 3332 1923 3407 pedibus

267 3450 587 3524 strepitum
621 3445 826 3509 edunt,
854 3438 947 3495 vel
975 3448 1256 3493 manuum
1292 3426 1687 3501 complosione
1716 3438 1924 3496 appro-

263 3513 429 3597 bant.
466 3538 663 3594 Cicero
697 3551 711 3591 :
747 3554 775 3585 «
807 3530 1021 3588 Pedem
1071 3539 1245 3582 nemo
1284 3522 1344 3576 in
1392 3517 1493 3575 illo
1536 3513 1759 3587 judicio
1792 3529 1928 3584 sup-

268 3628 515 3704 plausit.
550 3647 579 3677 »

268 3739 389 3794 151.
440 3734 736 3805 Polycrate
784 3726 1025 3852 felicior;1
1071 3726 1218 3851 ιῗξὲ.
1269 3720 1311 3787 Ι,
1353 3714 1608 3790 Apolog.,
1658 3730 1785 3786 cap.
1839 3713 1925 3783 11,

340 3897 697 3971 Polycrates,
754 3888 911 3947 Sami
956 3891 1266 3961 tyrannus,
1306 3896 1519 3939 aureus
1547 3878 1793 3933 fortuna:
1825 3874 1930 3931 foe-

269 3993 385 4059 tus,
411 3967 514 4043 cui
546 3985 618 4041 ad
650 3985 861 4038 nutum
891 3978 1364 4046 voluntatemque
1395 3969 1593 4027 omnia
1614 3967 1929 4022 ﬂuxerunt.

2036 3398 2159 3454 156.
2190 3393 2541 3467 Profundum
2570 3390 2972 3467 inenarrabile,
3006 3393 3151 3467 tom.
3185 3390 3257 3462 ΙΙ,
3288 3390 3390 3446 lib.
3424 3391 3498 3448 dc
3525 3391 3687 3462 Idol.,

2594 3481 2723 3536 cap.
2758 3462 2886 3533 ult.,
2922 3480 2979 3529 n,
3014 3464 3134 3518 169.

2108 3577 2216 3643 Qui
2248 3573 2382 3631 navi
2413 3571 2644 3629 excussi
2676 3572 2736 3627 in
2780 3571 2961 3627 maris
3004 3571 3364 3643 profundum
3413 3570 3694 3627 delabun-

2039 3672 2156 3733 tur,
2188 3664 2487 3721 natatione
2515 3662 2609 3717 vix
2656 3677 2921 3732 unquam
2968 3664 3274 3732 emergunt
3323 3661 3393 3716 de
3432 3659 3689 3734 periculo

2038 3754 2377 3813 in‘eluctabi.
2403 3753 2543 3807 Vide
2575 3750 3046 3823 Hypobrychium,
3071 3754 3127 3805 et
3156 3750 3694 3823 Naufragium.Con~

2038 3846 2286 3903 trarium
2318 3842 2427 3899 erit
2455 3841 2601 3896 illud
2630 3839 2837 3912 Virgil.
2870 3839 2972 3895 lib.
3004 3857 3075 3895 v:

2288 3951 2477 4002 Fundo
2511 3949 2601 3998 vix
2630 3947 2851 3998 tandem
2880 3947 3123 3997 redditus
3152 3947 3258 3997 imo
3295 3950 3412 4009 est;

265 4052 383 4134 Sed
409 4076 515 4150 qui
548 4079 744 4129 tamen
776 4083 1123 4143 prosperum
1155 4066 1226 4121 ad
1259 4061 1539 4118 invidiam
1585 4074 1774 4129 usque
1801 4057 1931 4111 vitae
2041 4058 2099 4110 et
2129 4052 2230 4108 lib.
2258 4067 2316 4105 vr
2365 4065 2379 4105 :

268 4148 519 4224 cursum
550 4159 871 4220 miserabili
900 4157 1055 4215 exitu
1087 4156 1149 4211 in
1179 4151 1526 4226 Mycalensis
1560 4148 1778 4204 montis
1806 4163 1932 4203 ver-

266 4257 381 4312 tice
436 4270 615 4312 cruce
664 4250 908 4309 sufﬁxus
959 4244 1270 4305 conclusit.
1326 4241 1454 4297 Val.
1502 4244 1650 4295 Max.
1697 4237 1800 4293 lib.
1852 4252 1929 4308 vx,

270 4363 400 4419 cap.
446 4347 534 4401 1L
659 4431 780 4489 153.
812 4428 1067 4501 Pompeio
1096 4425 1406 4488 sublimior,
1432 4420 1567 4477 ibid.

2289 4156 2565 4208 Adnabam
2593 4159 2765 4213 terrae,
2797 4157 2851 4203 et
2873 4153 2983 4217 jam
3009 4156 3125 4203 tuta
3152 4153 3421 4204 tenebam.

2046 4276 2167 4333 157.
2190 4273 2267 4330 Ad
2288 4270 2515 4345 regulas
2532 4270 2853 4345 perducere,
2877 4269 3146 4345 tom.__l_lI,
3173 4269 3277 4326 lib.
3300 4288 3319 4327 ι
3341 4269 3465 4327 adv.
3494 4274 3696 4341 Mam,

2615 4359 2743 4415 cap.
2776 4342 2869 4410 2'2,
2900 4360 2960 4399 n.
2996 4342 3120 4398 153.

2117 4453 2360 4528 Regula,
2394 4451 2539 4509 alias
2587 4466 2813 4518 norma,
2848 4453 2938 4505 est
2983 4450 3449 4506 instrumentum
3499 4448 3704 4506 fabrile

340 4540 619 4643 Pompeii
662 4535 1150 4643 elogiu‘mnbab‘e‘s
1198 4533 1352 4605 apud
1401 4530 1579 4586 Cicer.
1643 4528 1793 4643 ρζαι.
1838 4541 1935 4599 pro
2046 4564 2121 4620 qu

1915 4541 1935 4582 θ
2046 4563 2162 4620 quo
2194 4546 2503 4601 structurae
2534 4539 2989 4611 longitudinem,
3029 4556 3104 4595 an
3154 4539 3530 4609 respondeat,
3582 4539 3702 4595 exi-

267 4636 399 4707 Leg-
441 4626 636 4688 Μαηίί·
664 4647 685 4693 ἶ
717 4628 872 4719 δρα-(ί
899 4625 1047 4719 ΡῙίῖξο
1072 4623 1183 4719 _1i_b_-
1208 4640 1308 4719 ναξ
1338 4624 1460 4677 τοίο
1493 4635 1619 4690 caP-
1640 4619 1732 4719 ‘26:
1755 4634 1799 4719 ξι
1821 4632 1935 4688 (1υο
1971 4654 2016 4719 D
2048 4619 2194 4710 gunt
2227 4633 2393 4701 fabri,
2426 4635 2482 4687 et
2513 4630 2698 4685 utitur
2746 4628 2988 4684 Tertull.
3021 4630 3194 4684 verbo
3230 4628 3423 4684 fabrili
3467 4630 3539 4684 ad
3572 4646 3705 4685 exa-

268 4725 355 4780 ait
388 4740 514 4779 non
550 4720 722 4777 modo
773 4714 1086 4774 Alexandri
1118 4712 1311 4785 Magni
1344 4725 1537 4765 rerum
1566 4707 1939 4779 splendorem

266 4818 607 4887 aequatum,
666 4809 767 4866 sed
826 4807 1002 4863 etiam
1062 4802 1323 4859 Herculis
1375 4815 1553 4873 prope
1611 4814 1675 4853 ac
1736 4796 1940 4851 Liberi.

267 4903 751 4977 Cognomentum
800 4894 991 4969 Magni
1043 4909 1179 4948 cum
1227 4890 1552 4946 Alexandro
1610 4902 1940 4955 commune,

267 4976 662 5051 communem
694 5001 924 5060 quoque
964 4980 1345 5039 sublimitatis
1383 4977 1622 5033 titulum
1654 4976 1834 5033 dedit.

270 5102 399 5157 154.
437 5102 503 5156 In
553 5098 707 5170 ponti
750 5091 1109 5170 (θείᾳ-τηθάίο
1160 5090 1388 5170 haerere,
1431 5090 1585 5170 tom.
1637 5086 1734 5154 ΙΙΙ,
1778 5083 1877 5141 lib.
1926 5101 1945 5139 1

705 5170 829 5224 adv.
863 5165 1051 5237 Maron,
1088 5180 1217 5235 cap.
1249 5163 1304 5228 7,
1338 5178 1395 5216 n.
1428 5160 1519 5215 50.

342 5258 636 5333 Vigilius,
672 5258 772 5314 lib.
803 5273 840 5311 v
872 5273 886 5312 :

328 5369 501 5435 Bayis
527 5369 583 5418 in
613 5364 1055 5433 procurrentibus
1087 5361 1261 5412 haesit.

274 5470 396 5525 Et:

334 5566 403 5618 In
437 5563 663 5629 scopulo
694 5564 986 5616 luctantem
1017 5558 1376 5621 brevibusque
1410 5556 1575 5607 vadis.

274 5680 345 5733 Et
374 5676 497 5731 lib.
536 5691 573 5731 ι
598 5691 618 5730 :

340 5772 584 5827 Infﬂicta
610 5772 764 5825 vadis
793 5771 954 5823 dorso
986 5769 1112 5819 dum
1146 5763 1347 5830 pendet
1374 5762 1579 5825 iniquo,

2055 4723 2395 4781 minandam
2444 4719 2544 4775 Dei
2592 4717 2938 4774 bonitatem.
2981 4718 3124 4774 Hinc
3173 4716 3275 4773 illa
3313 4735 3324 4773 :
3360 4719 3571 4789 Regula
3620 4735 3679 4775 re

2055 4815 2237 4881 otior,
2303 4808 2541 4866 Amussi
2598 4807 2896 4875 exactior,
2976 4808 3047 4864 ad
3108 4807 3595 4880 perpendiculum
3653 4813 3713 4865 et

2055 4901 2364 4960 amussim.
2416 4903 2558 4954 Rem
2608 4897 2919 4970 diligenter
2950 4898 3300 4970 expendere,
3335 4901 3400 4954 ut
3432 4898 3711 4955 omnibus

2056 4994 2181 5050 suis
2214 4990 2477 5064 partibus
2508 4988 2888 5061 numerisque
2929 4987 3196 5045 absolute
3228 4992 3534 5045 tractetur.

2058 5112 2180 5168 158.
2238 5106 2621 5179 Sardanapalo
2678 5104 2933 5174 mollior,
2992 5110 3134 5161 tom.
3184 5107 3228 5177 Ι,
3282 5105 3385 5161 lib.
3435 5107 3501 5162 de
3546 5106 3714 5177 Pall.,

2673 5195 2799 5249 cap.
2836 5179 2886 5248 4,
2921 5195 2958 5233 n
2986 5179 3084 5233 79.

2127 5295 2563 5368 Sardanapalus
2612 5300 2946 5367 postremus
2996 5294 3365 5369 Assyriorum
3399 5310 3516 5363 rex,
3544 5315 3572 5343 «
3607 5291 3711 5349 Vir

2060 5388 2305 5445 muliere
2334 5385 2685 5458 corruptior,
2722 5408 2749 5436 »
2798 5386 2991 5460 inquit
3036 5389 3187 5441 Just.
3225 5384 3329 5439 lib.
3363 5401 3403 5451 ι,
3435 5382 3533 5453 qui
3564 5382 3717 5438 inter

2060 5482 2386 5537 scortorum
2436 5491 2639 5548 greges
2686 5476 2979 5544 inventus,
3019 5490 3339 5548 purpuram
3388 5470 3511 5527 colo
3558 5488 3715 5544 nere,

2061 5574 2117 5625 et
2148 5565 2421 5623 muliebri
2450 5565 2675 5635 habitu,
2708 5583 2839 5622 cum
2888 5564 3132 5619 mollitia
3181 5561 3442 5634 corporis
3492 5564 3549 5615 et
3575 5576 3714 5617 ocu-

2061 5658 2254 5716 lorum
2284 5654 2524 5712 lascivia
2554 5672 2757 5712 omnes
2788 5654 3036 5710 feminas
3061 5650 3325 5719 anteiret,
3358 5667 3542 5725 pensa
3569 5650 3724 5710 inter

2059 5747 2318 5820 virgines
2336 5744 2557 5820 partiri,
2582 5746 2721 5801 adeo
2748 5748 2809 5801 ut
2830 5744 2956 5815 ejus
2980 5758 3304 5815 cognomen
3336 5742 3406 5800 ob
3426 5740 3720 5817 insignem
