4526 6340
637 357 754 418 291

1715 339 1822 399 EX
1861 329 2387 397 TERTULLIANI
2430 321 2972 388 APOLOGETICO

636 486 943 548 mollitiem
973 483 1034 541 in
1079 476 1450 555 proverbium
1498 470 1706 529 abierit
1747 469 1902 542 apud
1954 466 2184 524 Graecos
2216 464 2274 519 et
2300 457 2508 528 A462.
2561 457 2762 530 Scytha
2805 456 3215 555 tetriorint‘on‘i.
3254 451 3370 555 III,‘
3386 449 3506 555 ‘lib.
3569 467 3604 516 ι,
3653 450 3776 506 adv.
3827 446 4030 517 Marc.,

637 583 895 643 Latinos.

633 693 754 750 159.
775 695 1006 748 Saeuam
1033 680 1315 750 decurrere
1349 681 1403 730 et
1450 670 1743 750 desultore,
1775 671 1918 750 tom.
1951 663 2048 732 III,
2079 661 2162 718 Ib.
2196 676 2285 730 in,

1055 751 1178 807 adv.
1210 747 1395 816 Mam,
1429 760 1556 816 cap.
1592 743 1680 810 11,
1717 757 1772 795 n.
1807 739 1861 794 7.

704 855 911 914 Scena,
941 841 1171 916 proprie
1201 839 1331 893 fons
1361 831 1595 900 theatri,
1616 830 1782 886 locus
1805 825 2084 916 nimirum
2124 823 2293 916 Acte.

634 909 789 1012 rum,
1041 909 1378 986 obstructus
1435 915 1928 994 peripetasmatis,
1977 930 2038 1012 en
2065 928 2181 984 quo
2230 909 2289 963 in

634 1003 1004 1115 praeconium
1039 1018 1227 1078 acturi
1275 1011 1592 1070 histriones
1631 1007 1964 1115 prodibant:
1997 1003 2295 1115 FieqUe‘n:

744 1088 852 1199 pro
878 1122 1007 1191 ipsa
1032 1108 1250 1178 fabula,
1275 1100 1571 1176 tragaedia,
1595 1101 1696 1155 aut
1717 1092 2020 1154 comoedia.
2053 1088 2284 1162 Virgil.’

725 1237 904 1293 Scenis
933 1232 1164 1298 agitatus
1193 1224 1405 1274 Orestes
1426 1235 1439 1281 ;

631 1354 690 1410 id
722 1353 830 1420 est,
859 1336 1160 1414 tragcsdiis
1189 1329 1540 1389 cmlebratus
1571 1327 1629 1380 et
1657 1321 1991 1392 frequenter
2021 1318 2206 1373 actus.

700 1439 899 1499 Horat.
934 1448 949 1488 :

785 1555 954 1612 Quam
983 1556 1096 1595 non
1123 1536 1375 1590 adstricto
1412 1531 1689 1595 percurrat
1720 1525 1931 1589 pulpita
1949 1533 2121 1572 socco:

705 1659 932 1734 Pulpita
979 1666 1084 1725 pro
1129 1661 1310 1711 scena,
1345 1641 1451 1696 hoc
1493 1639 1606 1734 est,
1635 1627 2186 1734 qua‘muipconditas
2225 1629 2280 1682 et

630 1717 785 1814 male
812 1717 1337 1820 aptas-conscribat
1365 1725 1700 1786 comcedias.
1731 1721 1857 1820 Erit
1876 1719 2058 1820 igitur
2081 1717 2276 1774 decur-

627 1860 749 1902 rere
767 1808 1013 1900 scenam,
1044 1825 1322 1902 perﬁcere
1359 1819 1487 1890 ejus
1518 1815 1623 1881 rei,
1669 1828 1797 1884 quis
1828 1808 2103 1904 instituta
2131 1810 2284 1880 erat,
2319 1838 2366 1904 B

1100 1879 1196 1971 ero
1238 1927 1251 1967 ε
1288 1879 1421 1976 Quae
1473 1905 1578 1960 abs
1609 1879 1704 1958 ita
1733 1897 1986 1955 breviter
2039 1896 2112 1950 de
2160 1879 2282 1950 arte
2319 1879 2366 1904 ”
2395 1889 2552 1958 copia
2580 1890 2638 1941 et
2667 1886 2922 1940 materia.
2952 1883 3147 1941 Cicero
3180 1899 3193 1938 :
3235 1906 3255 1932 ι
3281 1881 3485 1937 Omnis
3518 1879 3753 1936 ubertas
3784 1883 3841 1934 et
3871 1880 4048 1950 quasi

629 1940 949 1992 summam.
1001 1919 1095 1974 Cic

627 1984 876 2080 decursa
899 2012 1058 2070 sunt.
1097 1984 1428 2060 Deceurrere
1463 2008 1688 2050 scenam
1710 1986 2123 2061 phantasmatis
2143 1984 2283 2039 Ter-

627 2072 904 2172 t—ul'ljest,
934 2095 1172 2156 omnino
1201 2094 1258 2146 et
1277 2083 1543 2144 absolute
1577 2079 1825 2154 probare
1855 2090 2103 2172 carnem.
2126 2072 2285 2128 Chri-

629 2161 1086 2271 stinphantasma
1130 2182 1362 2271 tantum
1399 2173 1694 2271 fuisse,.‘et
1743 2168 1802 2221 in
1863 2181 1929 2221 eo
1981 2161 2284 2271 probapdc

627 2251 867 2348 liter—tare.
915 2279 1006 2335 Sic
1052 2270 1182 2330 Cael.
1233 2267 1306 2324 ad
1358 2263 1538 2320 Cicer.
1580 2259 1683 2329 lib,
1718 2271 1842 2348 vui,
1895 2269 2056 2309 scena
2103 2251 2285 2348 totius

629 2340 862 2444 hoc
884 2371 994 2434 est,
1020 2365 1077 2421 id
1113 2361 1172 2416 in
1195 2373 1307 2430 quo
1329 2357 1451 2410 tota
1481 2366 1573 2406 res
1591 2345 1860 2412 vertitur,
1887 2346 1960 2444 et“
1974 2340 2286 2444 consuumi

629 2428 821 2535 debet,
851 2428 992 2516 Lib:
1017 2428 1230 2510 advers:
1280 2442 1577 2535 Valentia,
1626 2433 1886 2535 appellat
1914 2429 2157 2535 Tertull.
2191 2428 2286 2484 de-

951 2547 1228 2609 virtutem,
1272 2528 1612 2615 instabilem
1662 2520 1922 2615 et-male
1969 2519 2200 2615 firmam
2228 2531 2286 2615 et

633 2605 967 2703 materiam,
998 2637 1055 2690 et
1082 2605 1257 2685 inde:
1281 2617 1567 2679 desultorii
1594 2611 1885 2677 homines,
1912 2625 1947 2703 ξι
1976 2605 2284 2703 desultori-

633 2697 751 2790 bus
777 2697 1076 2801 equitibus
1103 2713 1332 2792 proprie
1361 2709 1532 2765 etiam
1567 2697 1928 2801 usurpat,uti
1959 2697 2281 2801 decurrere,

634 2784 1019 2880 utile—sultare,
1053 2784 1131 2865 sit
1158 2784 1314 2862 saltu
1345 2797 1562 2856 minico
1591 2791 2024 2880 repraesentare.
2046 2789 2193 2840 Nam
2222 2784 2283 2839 in

632 2875 793 2970 scena
849 2875 1150 2960 orchestra
1209 2889 1370 2948 chori
1439 2881 1675 2957 propria
1719 2882 1831 2947 est,
1891 2875 2065 2931 sicuti
2123 2889 2285 2929 scena

633 2962 1010 3058 histrionum,
1064 2987 1122 3042 in
1174 2997 1290 3054 qua
1335 2974 1500 3032 mimi
1544 2969 1810 3028 solebant
1847 2981 1988 3022 suas
2027 2962 2282 3019 actiones

631 3051 924 3149 sithi—bere.
959 3051 1281 3152 ’Cpxnosbc,
1315 3083 1411 3124 ars
1449 3060 1725 3123 saltandi,
1757 3062 1817 3113 et
1865 3056 1996 3128 ipsa
2025 3051 2278 3152 saltatio,

631 3143 970 3236 utiralludat
1120 3143 1420 3230 utrosque
1449 3158 1697 3222 utroque
1732 3147 2018 3236 verbo,pet
2043 3143 2278 3236 adsce-

3001 542 3128 598 cap.
3164 526 3215 596 1,
3254 540 3314 580 n.
3349 523 3436 579 11.

2469 636 2608 694 Vide
2643 636 2903 692 adnotat.
2935 631 3200 689 Pamelii.
3233 632 3387 688 Gens
3418 628 3678 701 Scythica
3724 625 3883 683 omni
3916 641 4042 682 me-

2399 726 2604 794 moria,
2629 729 2685 782 et
2703 725 2971 780 omnium
2994 723 3111 779 fere
3139 721 3402 794 gentium
3434 719 3903 789 scriptorumque
3923 716 4042 772 exi-

2398 814 2732 871 stimatione
2753 814 2826 869 ad
2848 812 3000 869 bella
3027 817 3085 868 et
3105 811 3178 866 ad
3198 808 3626 866 immanitatem
3650 805 3838 879 magis
3863 820 4040 878 quam

2399 906 2470 960 ad
2503 903 2690 959 ullum
2719 901 3103 958 humanitatis
3133 899 3399 956 studium
3432 903 3586 954 nata.

2399 1013 2552 1070 244
2583 1012 2702 1066 163.
2727 1010 2935 1066 Silvam
2953 1008 3162 1066 caedere
3180 1016 3232 1064 et
3249 1013 3539 1075 truncare,
3563 1008 3706 1060 tom.
3732 1003 3776 1071 Ι,
3799 1004 4045 1075 Apolog.,

2466 1101 2595 1156 cap.
2629 1085 2683 1150 4,
2715 1099 2774 1137 n.
2815 1083 2888 1156 56
2941 1086 2998 1136 et
3033 1081 3144 1156 βξ)
3195 1083 3252 1135 et
3301 1078 3403 1134 lib.
3449 1077 3514 1132 de
3552 1077 3863 1148 Prcesm-ipt.
3917 1077 4042 1130 adv.

2463 1153 2626 1226 hae—rw
2658 1171 2786 1227 cap.
2821 1154 2909 1224 37,
2939 1170 2997 1208 n.
3027 1153 3152 1206 222.

2466 1284 2494 1311 «
2526 1263 2648 1326 Quo
2695 1263 2834 1334 jure
2882 1259 3088 1316 silvam
3134 1273 3326 1315 meam
3371 1255 3569 1326 caedis,
3618 1276 3647 1305 »
3693 1270 3819 1326 quas
3851 1253 4045 1324 ajure

2391 1351 2546 1407 civili
2580 1351 2857 1408 transfert
2885 1349 3122 1418 omnia;
3173 1347 3284 1403 hoc
3341 1349 3431 1403 est
3481 1363 3494 1402 :
3545 1343 3694 1408 Quid
3741 1344 3800 1400 in
3850 1357 4046 1398 meam

2391 1440 2826 1512 possessionem
2855 1437 3153 1495 irruisiin
3187 1452 3378 1492 meam
3410 1449 3664 1493 messem
3698 1431 3907 1489 falcem
3929 1431 4048 1487 im-

2390 1529 2634 1586 mittis?
2662 1530 2890 1601 Apolog.
2925 1547 2944 1586 :
2977 1551 3005 1578 «
3034 1529 3238 1584 Totam
3270 1525 3431 1581 illam
3463 1528 3716 1580 veterem
3747 1527 3806 1579 et
3836 1521 4048 1594 squal-

2386 1617 2603 1674 lentem
2649 1618 2855 1674 silvam
2899 1617 3118 1690 legum,
3151 1615 3318 1671 novis
3365 1611 3780 1687 principalium
3827 1611 4048 1667 rescri-

2386 1712 2621 1779 ptorum
2644 1707 3033 1764 etedictorum
3060 1704 3366 1761 securibus
3385 1701 3669 1758 truncatis
3683 1704 3740 1756 et
3760 1699 4048 1756 ceditis.»

2393 1797 2556 1854 Silva
2587 1796 2828 1863 Latinis,
2865 1796 2948 1850 uti
2977 1798 3033 1850 et
3060 1793 3273 1849 Gracia
3302 1789 3432 1861 ὕλη,
3467 1788 4048 1861 methaphorice,pro

2389 1977 2530 2033 silva
2561 1974 2811 2042 dicendi,
2845 1979 2902 2030 et
2934 1991 2946 2030 :
2987 1995 3010 2024 κ
3035 1973 3251 2028 Rerum
3277 1975 3336 2027 et
3361 1968 3783 2026 sententiarum
3812 1969 3979 2024 silva.
4017 1991 4048 2020 »

2396 2068 2508 2122 Hoc
2539 2070 2733 2121 autem
2764 2062 3134 2136 proverbium
3157 2065 3463 2132 sumptum
3485 2059 3557 2114 ab
3579 2057 4048 2130 arboribus,qua3

2391 2154 2479 2211 vel
2512 2157 2794 2227 putantur
2823 2168 2895 2207 ne
2942 2151 3256 2207 silvescant
3290 2147 3628 2217 sarmentis,
3661 2151 3719 2202 et
3747 2145 3805 2202 in
3837 2162 4049 2205 omnes

2393 2247 2585 2316 partes
2635 2241 2830 2298 nimias
2876 2241 3217 2307 fundantur,
3264 2236 3351 2293 vel
3395 2236 3692 2293 radicibus
3740 2252 3860 2291 una
3906 2251 4049 2292 cum

2392 2337 2600 2390 trunco
2628 2330 2996 2387 exciduntur.

2533 2439 2655 2494 164.
2689 2437 2898 2493 Silvam
2926 2434 3153 2503 cmdere,
3187 2433 3488 2502 eradicare,
3517 2440 3570 2488 et
3601 2431 3993 2500 excaudicare,

2680 2514 2818 2565 tom.
2852 2512 2921 2578 V,
2955 2507 3056 2563 lib.
3079 2506 3143 2562 de
3162 2505 3379 2571 Pudic.,
3417 2505 3507 2574 16,
3539 2522 3596 2560 n.
3637 2505 3754 2559 135.

2470 2638 2498 2670 ι
2529 2619 2818 2682 Quantum
2846 2612 3035 2671 securi
3065 2628 3299 2668 omnem
3331 2610 3534 2667 silvam
3571 2609 3882 2666 libidinum
3933 2625 4052 2665 οω-

2395 2707 2513 2777 dat,
2544 2709 2603 2760 et
2630 2703 2886 2760 eradicet
2913 2707 2971 2758 et
2998 2701 3355 2758 excaudicet.
3390 2723 3419 2750 »
3443 2699 3620 2756 Addit
3652 2715 3665 2754 :
3701 2720 3730 2750 «
3759 2699 3838 2754 Ne
3869 2699 4050 2770 quid-

2392 2810 2568 2866 quam
2601 2794 2672 2848 de
2711 2791 2962 2848 recidivo
3011 2791 3287 2846 fruticare
3324 2789 3650 2861 permittat.
3686 2810 3717 2838 »
3747 2788 3850 2844 Est
3879 2790 4052 2860 peni-

2389 2888 2486 2940 tus
2516 2882 2738 2954 aliquid
2769 2879 3020 2947 abolere,
3072 2880 3346 2950 idemque
3375 2895 3507 2932 cum
3542 2877 3861 2949 superiore.
3894 2881 4051 2934 Nam

2387 2976 2633 3028 truncus
2681 2975 2770 3027 est
2799 2971 2980 3042 stipes
3012 2969 3136 3040 ipse
3168 2967 3347 3023 ramis
3377 2972 3436 3022 et
3466 2965 3776 3021 frondibus
3806 2969 4050 3023 exutus.

2388 3062 2621 3118 Caudex
2649 3077 2782 3116 cum
2817 3058 3140 3114 frondibus.
3173 3059 3375 3128 Itaque
3404 3060 3700 3124 truncare,
3746 3060 3803 3111 et
3839 3071 4055 3112 excau-

2388 3152 2598 3220 dicare,
2629 3151 2855 3206 eadem.

632 3205 698 3236 ιιι.
743 3205 970 3234 uuunuv
1017 3205 1089 3224 usu
1148 3205 1418 3230 υνινυ-ι-ν
1455 3205 1621 3222 —---1
1682 3205 1685 3206 ν
1915 3205 1926 3213 ν
2556 3205 2598 3220 κ,
2640 3205 2651 3206 κ
2845 3205 2851 3206 ,

629 3269 794 3326 nicos
822 3259 1160 3324 histrioneﬁ,
1192 3255 1249 3306 0t
1280 3249 1350 3304 ad
1383 3244 1618 3311 mimos:
1650 3242 1710 3295 et
1741 3237 1812 3294 ab
1845 3234 2059 3291 ίίδάθω
2089 3231 2273 3287 dive“
2309 3205 2350 3273 Ο
2392 3260 2513 3314 165.
2547 3258 2765 3314 Silvam
2810 3258 3090 3325 ingentem
3137 3267 3494 3319 commovere,
3542 3255 3684 3326 tom.
3733 3251 3796 3323 V,
3839 3249 3948 3307 lib.
3987 3253 4058 3311 de

633 3373 732 3414 sas
761 3351 955 3408 trahat
982 3341 1359 3414 metaphoras
1377 3376 1390 3390 .

633 3463 757 3520 160.
787 3455 1116 3530 Scalpellum
1159 3441 1686 3530 ἱγηγηενρφοι,ιοιῐσξι,ζ
1722 3434 1768 3504 Ι,
1818 3430 1920 3486 lib.
1963 3427 2030 3484 de
2072 3425 2280 3497 Pallio,

1203 3535 1331 3590 cap.
1361 3508 1457 3582 11,
1489 3508 1547 3566 n.
1585 3508 1708 3563 173.

705 3618 1026 3693 Scalpellus,
1050 3609 1139 3668 vel
1187 3589 1528 3678 scalpellum,
1561 3602 1651 3655 est
1699 3593 2023 3693 scalprum.
2054 3589 2282 3693 ch‘irur:

632 3681 851 3786 gicum,
904 3696 1269 3781 φλεϐοτόμον.
1320 3691 1527 3751 Nescio
1571 3705 1646 3786 an
1687 3685 1864 3786 etiam
1911 3681 2283 3786 scalpella,‘ut

633 3767 853 3875 pistilla
893 3767 1114 3861 Pilanto,
1145 3767 1248 3861 pro
1281 3782 1521 3857 pistillo,
1553 3776 1737 3875 vulg-0.
1766 3770 2046 3875 lanceola,
2079 3787 2112 3824 a
2157 3767 2281 3875 chi-

632 3858 824 3961 rurgis
863 3858 1317 3942 tractum.'Nam
1355 3886 1526 3927 vocer
1553 3866 1843 3924 acerbitati
1867 3858 2281 3961 videturncho-

631 3946 794 4038 16Γὶἷί
850 3972 1117 4032 humoris
1164 3971 1225 4024 in
1278 3961 1457 4018 Vedio
1508 3952 1871 4014 abundantia
1937 3946 2279 4021 signiﬁcari.

632 4069 811 4124 Cicer.
841 4080 939 4138 pro
964 4062 1095 4117 Sest.
1131 4075 1144 4114 :
1176 4056 1302 4112 Non
1333 4068 1401 4107 ea
1446 4051 1534 4105 est
1582 4041 1893 4107 medicina,
1945 4054 2080 4138 cum
2126 4053 2281 4138 sanae

632 4155 782 4231 parti
817 4126 1008 4225 corpis
1038 4145 1357 4218 scalpellum
1391 4139 1721 4196 adhlbetur.
1775 4131 1988 4231 Solent.
2022 4126 2280 4198 chirurgi

630 4219 938 4302 immerso—
965 4236 1229 4309 scalpello
1288 4245 1501 4287 uenam
1551 4225 1829 4291 incidere,
1870 4224 1928 4276 et
1973 4219 2280 4274 humorem

632 4334 1063 4392 redundantem
1095 4327 1322 4383 elicere.
1379 4321 1532 4376 Usus
1562 4315 1672 4373 erit
1712 4309 2002 4386 proverbii
2035 4309 2094 4363 in
2127 4323 2278 4362 mor-

629 4426 840 4481 borum
875 4419 1055 4477 animi
1099 4412 1415 4474 medicina,
1440 4407 1525 4464 uti
1557 4409 1614 4461 et
1645 4420 1713 4459 ea
1742 4417 1872 4474 quas
1914 4413 2281 4470 consequun-

631 4518 729 4569 tur
759 4511 913 4584 apud
943 4504 1182 4565 Tertull.
1215 4498 1586 4558 Catharticum
1614 4493 1762 4550 dare.

2848 3329 3070 3395 Trinit.,
3103 3343 3229 3399 cap.
3275 3326 3359 3394 16,
3396 3342 3454 3380 n.
3498 3325 3586 3380 81.

2461 3425 2674 3482 Silvam
2725 3425 3160 3498 Scripturarum
3209 3438 3540 3479 commovere
3585 3422 3739 3479 circa
3793 3421 4051 3494 aliquid.

2389 3515 2570 3572 Multa
2600 3519 2885 3583 excutere,
2925 3518 2982 3570 et
3035 3513 3294 3586 undique
3321 3517 3667 3585 argumenta
3714 3512 4050 3585 desumere,

2391 3609 2508 3664 lato
2539 3624 2746 3679 campo
2777 3604 3027 3678 evagari.

2393 3717 2514 3772 166.
2550 3716 2766 3784 Quanta
2794 3713 2955 3782 silva,
2990 3717 3133 3768 tom.
3168 3710 3288 3838 11;,0
3314 3711 3417 3768 lib.
3467 3711 3533 3767 de
3570 3711 3780 3777 Anim,
3821 3725 3950 3782 cap.
3989 3714 4050 3782 2,

3127 3801 3184 3838 n.
3293 3823 3306 3838 .

3127 3801 3184 3838 XL
3219 3801 3306 3838 ὖυ.

2461 3878 2599 3942 Quae
2617 3875 2704 3932 vis
2721 3874 2748 3930 ?
2774 3891 2901 3947 quae
2924 3874 3093 3946 copia
3109 3873 3136 3928 ?
3166 3889 3344 3944 quam
3367 3871 3562 3944 ampla
3582 3871 3814 3945 lateque
3836 3874 4054 3945 patens

2390 3965 2637 4022 materia
2665 3965 2692 4019 ?

2394 4074 2514 4128 167.
2545 4072 2767 4130 Socrate
2795 4069 3121 4143 sapientior,
3169 4073 3312 4195 ttiin
3365 4069 3406 4136 I,
3461 4067 3712 4139 Apolog.,
3764 4083 3891 4140 cap.
3957 4069 4050 4139 11,

3102 4159 3158 4195 n.
3315 4181 3326 4194 .

3102 4159 3158 4196 n.
3207 4159 3326 4195 ιῦι.

2462 4233 2586 4289 Non
2646 4231 2820 4286 modo
2868 4229 3176 4284 hominum
3222 4227 3672 4294 existimatione,
3716 4227 3818 4283 sed
3849 4226 4048 4299 Pythii

2396 4321 2682 4396 Apollinis
2747 4317 2982 4375 oraculo
3051 4317 3528 4390 sapientissimus
3578 4316 3879 4387 judicatus
3939 4316 4049 4372 So-

2393 4417 2603 4478 crates,
2636 4416 2693 4465 et
2716 4407 2940 4464 cunctis
2973 4406 3245 4479 prelatus
3279 4407 3566 4479 proditur.
3603 4405 3772 4474 Plin.,
3804 4404 3908 4460 lib.
3942 4422 4049 4475 vn,

2395 4519 2520 4574 cap.
2545 4501 2606 4554 31
2637 4517 2650 4567 ;
2686 4498 2868 4554 Cicer.
2902 4496 3004 4552 lib.
3037 4496 3102 4551 de
3131 4497 3348 4552 Amicit.

638 4620 757 4675 161.
793 4579 1043 4688 Scipione
1058 4612 1284 4685 justior,
1331 4614 1380 4688 et
1404 4601 1763 4688 militarior,
1793 4600 1938 4651 tom.
1970 4595 2012 4663 Ι,
2063 4593 2282 4666 Apolog.
2319 4579 2363 4644 D

2186 4593 2282 4664 l09°
2319 4579 2363 4644 D
2469 4608 2589 4664 168.
2623 4606 2763 4662 Solis
2791 4605 3046 4678 pectines,
3078 4607 3221 4688 tom.
3258 4603 3376 4688 Ill,“
3394 4600 3503 4688 Ilib.
3555 4601 3686 4659 adv.
3742 4601 3973 4670 Valent.,

1199 4672 1324 4751 cap.
1361 4677 1448 4744 11,
1481 4692 1540 4730 u.
1583 4672 1702 4729 173.

701 4794 952 4863 Plinius,
972 4791 1074 4847 lib.
1103 4806 1205 4855 vn,
1239 4801 1402 4843 num.
1433 4783 1523 4838 27.
1548 4781 1683 4836 Cato
1713 4776 1940 4850 primus
1962 4777 2082 4829 tres
2112 4787 2273 4828 sum-

630 4903 758 4944 mas
803 4885 861 4940 in
910 4882 1143 4938 nomine
1181 4895 1273 4934 res
1331 4870 1670 4949 praestitisse
1725 4865 2094 4924 existimatus
2132 4866 2221 4917 est
2259 4878 2272 4917 :

629 4975 901 5048 Optimus
961 4975 1175 5039 orator,
1241 4967 1581 5039 imperator,
1627 4962 1861 5048 senator
1895 4973 1929 5048 ;Δ
1968 4950 2274 5048 ques-mihi

626 5041 826 5124 omnia
852 5063 1026 5120 etiam
1060 5060 1107 5117 si
1142 5076 1257 5115 non
1291 5055 1478 5128 prius,
1503 5055 1762 5108 attamen
1793 5044 2008 5102 clarius
2042 5041 2277 5098 fulsisse

625 5157 687 5212 in
719 5153 992 5226 Scipione
1025 5147 1330 5206 {Emiliano
1362 5136 1936 5226 videntur.Ejusdem
1959 5133 2089 5226 laus
2120 5131 2272 5226 apud

627 5221 944 5303 (licem-lib.
976 5241 1041 5298 de
1071 5239 1292 5296 Amisit.
1329 5253 1341 5291 :
1374 5231 1615 5290 Justitia
1642 5231 1698 5284 et
1744 5224 1974 5282 bonitas
2006 5221 2064 5276 in
2092 5221 2274 5277 altero

626 5334 895 5407 Scipione
942 5330 1154 5388 Nasica
1205 5321 1670 5383 commendatur.
1721 5319 2048 5385 Utrumque
2077 5316 2274 5366 tamen

627 5429 684 5481 et
705 5401 952 5496 justitia:
985 5425 1040 5478 et
1080 5415 1351 5475 militaris
1412 5409 1666 5468 scientia:
1721 5404 1982 5496 studium
2020 5401 2273 5496 Scipioni

627 5492 840 5570 minori
871 5511 990 5567 sive
1019 5507 1334 5565 Emiliano
1378 5499 1642 5560 attribuit
1675 5495 1881 5554 Laelius
1912 5495 2064 5566 apud
2096 5492 2275 5549 Cicer.

623 5605 729 5666 lib.
762 5603 989 5659 eodem.
1024 5599 1212 5670 Major
1255 5595 1375 5654 sive
1422 5590 1754 5658 Africanus,
1806 5588 2049 5656 utraque
2100 5581 2274 5640 etiam

625 5683 804 5752 laude
839 5687 1132 5749 excelluit.

3011 4693 3143 4748 cap.
3172 4676 3312 4742 3,11.
3344 4675 3435 4729 24.

2459 4771 2516 4824 In
2548 4765 2873 4840 pectinibus,
2908 4764 3124 4837 quibus
3174 4780 3371 4820 comas
3416 4761 3503 4817 vel
3555 4761 4048 4819 discriminamus

2383 4857 2471 4913 vel
2501 4856 2809 4930 pectimus,
2842 4854 2989 4910 radii
3021 4852 3187 4910 densi
3217 4857 3273 4909 et
3304 4851 3440 4921 rari,
3471 4869 3504 4908 a
3534 4851 3812 4908 solarium
3846 4850 4049 4906 radio-

2385 4964 2517 5003 rum
2576 4943 2985 5014 similitudine,
3042 4942 3362 5012 dicuntur;
3408 4945 3464 4997 et
3512 4941 3808 5014 reciproca
3855 4944 4051 4996 meta-

2385 5037 2570 5110 phora
2621 5052 2634 5090 :
2686 5035 2930 5090 Pectines
2979 5033 3129 5100 solis,
3189 5032 3340 5104 quod
3403 5048 3634 5087 omnem
3690 5031 3748 5086 in
3808 5033 4040 5103 partem

2387 5127 2606 5195 radios,
2664 5123 2833 5196 quasi
2891 5121 3130 5178 crenula
3186 5123 3376 5177 instar
3431 5121 3678 5194 pectinis
3726 5120 4040 5177 intercisos

2385 5217 2638 5272 emittat.
2680 5213 2842 5268 Unde
2874 5213 3026 5284 apud
3075 5217 3296 5267 Lucret.
3341 5212 3461 5268 Tela
3491 5211 3622 5279 dici,
3675 5210 3840 5284 quasi
3893 5208 4044 5264 mis-

2387 5307 2546 5374 siles,
2577 5303 2825 5360 telorum
2859 5303 2917 5357 in
2952 5317 3198 5369 morem,
3232 5301 3400 5356 radii.
3435 5301 3497 5354 Ei
3531 5294 3801 5370 ἑκηϐόλος
3834 5292 4046 5355 Ἀπόλ-

2387 5395 2522 5463 λων,
2555 5393 2662 5451 sol.
2697 5397 2772 5448 At
2801 5409 2934 5447 cum
2967 5392 3061 5447 his
3099 5391 3318 5459 verbis,
3373 5407 3684 5462 puerorum
3738 5386 4046 5445 terricula-

2386 5491 2607 5556 menta,
2640 5484 2723 5539 uti
2755 5487 2833 5548 et,
2868 5483 3057 5540 lamiae
3086 5486 3285 5553 turres,
3336 5480 3744 5553 signiﬁcentur
3791 5495 4049 5535 consue-

2384 5581 2598 5635 verunt
2651 5573 2894 5628 fortasse
2958 5572 3218 5629 nutrices
3266 5569 3355 5627 vel
3411 5570 3693 5642 puerilem
3755 5567 4049 5642 ejulatum

2386 5680 2776 5741 compescere,
2807 5661 2895 5720 vel
2945 5661 3322 5733 obstinatam,
3353 5660 3496 5719 dum
3545 5665 3721 5734 caput
3750 5659 3862 5717 sibi
3888 5657 4044 5731 pecti
