4526 6388
232 377 339 439 293

1397 370 1990 433 PROVERBIALES
2035 370 2468 432 FORMULAE.

3510 374 3630 435 294

231 522 335 563 non
364 502 574 574 ferunt,
606 502 1063 575 contumaciam,
1096 502 1259 561 hisce
1299 502 1489 559 verbis
1519 502 1860 576 infringere,
1890 504 1947 571 Α
1978 500 2099 557 174.
2144 500 2461 576 Sportulam
2504 502 2839 573 furunculus
2874 506 3080 575 captat,
3114 505 3258 560 tom.
3291 504 3388 571 III,
3422 504 3520 560 lib.
3554 520 3620 563 ιιι

227 596 356 651 dum
399 595 645 667 pectines
692 594 850 665 solis,
898 592 1079 649 veluti
1130 592 1406 666 strigiles,
1436 593 1508 649 ad
1564 608 1627 648 se
1672 591 1864 649 aii'erri

226 686 523 758 imperant.

228 820 340 877 169.
378 819 520 876 Solis
551 816 709 873 radio
757 819 1049 889 scriptum,
1080 819 1223 873 tom.
1272 817 1371 889 Ill,
1401 815 1504 871 lib.
1536 815 1605 873 de
1640 818 1862 872 Resurr.

684 888 877 957 carn.,
900 906 1027 962 cap.
1063 890 1149 955 47,
1183 906 1242 943 n.
1276 888 1401 942 341.

289 1010 392 1064 Pro
422 1006 750 1079 perspicuo,
779 1009 837 1060 et
867 1021 932 1060 eo
964 1005 1118 1076 quod
1151 1002 1348 1059 claret.
1385 1003 1531 1057 Nam
1576 1018 1707 1074 quae
1738 1017 1864 1056 ma-

224 1098 367 1154 xime
397 1095 1059 1166 constant,maximeque
1088 1094 1145 1148 in
1181 1094 1447 1149 confesso
1480 1097 1714 1158 sunt,ea
1744 1090 1865 1147 sole

225 1187 462 1243 clariora
490 1186 637 1241 245
696 1182 1122 1239 dicimus.Hinc
1152 1182 1249 1237 illa
1285 1200 1297 1238 :
1334 1187 1395 1236 In
1431 1182 1551 1237 sole
1589 1181 1863 1253 caligare,

226 1278 494 1332 adversus
550 1273 732 1330 solem
782 1272 962 1344 loqui.
1016 1272 1138 1327 Lib.
1190 1271 1255 1327 de
1300 1272 1540 1327 Pudicit.
1594 1288 1722 1343 cap.
1770 1273 1803 1325 '7
1848 1286 1861 1327 :

223 1390 248 1417 ‹‹
278 1366 496 1429 Quibus
526 1363 904 1437 exquirendis
934 1378 1051 1419 non
1082 1362 1332 1419 lucernae
1362 1362 1585 1434 spiculo
1619 1360 1862 1429 lumine,

221 1457 313 1513 sed
340 1455 519 1511 totius
553 1453 695 1510 solis
725 1452 930 1509 lancea
958 1469 1105 1525 opus
1137 1457 1251 1509 est.
1292 1474 1320 1501 »

219 1591 331 1646 170.
364 1591 426 1644 In
455 1588 627 1644 solido
657 1602 791 1657 esse,
823 1591 965 1643 tom.
998 1586 1204 1713 V8,31ib.
1238 1587 1314 1642 De
1340 1586 1732 1659 pudicit.,cap.
1770 1586 1858 1656 10,

943 1676 1002 1713 n.
1115 1700 1125 1712 .

943 1676 1002 1713 n.
1034 1676 1125 1713 δῦ.

282 1779 566 1834 Securum
596 1778 811 1846 esse,et
831 1774 978 1830 bene
1002 1774 1265 1843 ﬁrmum,
1290 1773 1724 1845 munitumque.
1758 1772 1860 1828 Cui

2351 575 2475 630 adv.
2508 579 2864 647 Marc.,cap.
2900 577 2986 643 16,
3023 592 3081 631 n.
3118 576 3242 632 111.

2044 679 2336 753 Sportula,
2368 698 2401 737 a
2431 681 2713 753 sportulis
2745 682 3014 755 sparteis,
3047 698 3425 739 numerorum
3460 698 3620 740 rece-

1974 770 2227 841 ptaculis
2276 771 2453 841 dicta,
2498 772 2827 840 donarium,
2880 772 3002 827 sive
3044 772 3240 844 potius
3284 773 3620 844 obsonium,

1975 861 2131 932 quod
2163 860 2370 916 divites
2402 862 2999 918 Rom.salutatoribus
3019 862 3378 934 dabant,ipsi
3400 868 3621 920 secreto

1975 954 2289 1006 caenantes.
2323 950 2421 1005 Cui
2454 950 2723 1022 opposita
2754 954 2931 1007 Recta
2960 967 3143 1020 omna,
3178 967 3357 1023 quam
3400 951 3621 1008 civilio-

1975 1059 2067 1099 res
2098 1041 2411 1098 clientibus
2440 1041 2865 1098 salutatoribus
2909 1042 3033 1098 suis
3062 1042 3389 1115 legitimum
3424 1044 3620 1100 convi-

1972 1131 2129 1186 vium
2161 1131 2662 1201 exhiberent,quaa
2695 1131 2831 1187 olim
2866 1131 3223 1203 pauperibus
3251 1136 3483 1188 tantum
3514 1135 3619 1189 da-

1974 1221 2165 1289 batur,
2200 1224 2405 1292 postea
2452 1220 2658 1276 divites
2702 1221 2880 1277 etiam
2927 1220 3239 1292 sportulam
3284 1226 3515 1293 captare
3562 1227 3621 1279 et

1973 1326 2281 1382 exposcere
2310 1311 2741 1383 cmperunt.Qui
2760 1327 2895 1367 vero
2917 1327 3052 1367 cum
3084 1310 3265 1368 cliens
3295 1328 3408 1368 non
3440 1317 3617 1382 esset,

1974 1415 2078 1455 nec
2127 1398 2461 1455 ordinarius
2509 1398 2814 1467 salutator,
2868 1398 2967 1455 alii
3013 1414 3142 1456 sese
3195 1400 3519 1472 ingerebat,
3561 1405 3622 1458 et

1971 1488 2276 1560 sportulam
2333 1488 2595 1560 accipere
2653 1488 2892 1561 ignotus
2940 1489 3353 1558 contendebat,
3409 1492 3623 1560 furun-

1970 1579 2129 1633 culus
2152 1577 2261 1633 hoc
2293 1577 2417 1633 loco
2471 1577 2705 1632 dicitur.
2740 1582 2805 1633 In
2833 1594 2969 1633 eum
3002 1581 3303 1635 conveniet
3332 1580 3432 1651 qui
3473 1580 3620 1637 falso

1972 1667 2085 1724 sibi
2137 1667 2279 1737 quid
2329 1666 2629 1732 vindicat,
2688 1671 2753 1722 ut
2808 1668 2951 1723 deus
3018 1667 3327 1725 Marcionis
3403 1686 3617 1726 nomen

1970 1756 2208 1814 Christi.

220 1864 458 1937 opponit
488 1880 503 1919 :
533 1886 561 1914 «
594 1863 869 1920 Pendente
914 1862 1136 1935 vestigio
1177 1863 1412 1934 ingredi,
1443 1866 1499 1917 et
1532 1879 1545 1918 :
1578 1864 1641 1917 In
1685 1862 1863 1933 gradu
1891 1882 1937 1947 Β
1972 1865 2091 1920 174.
2134 1862 2406 1947 Stipulam
2435 1864 2558 1947 quis
2583 1864 2644 1947 in
2673 1864 2856 1947 alieno
2885 1864 3043 1947 oculo
3073 1865 3303 1947 [acilius
3326 1868 3614 1947 perspicit,

219 1961 392 2010 totum
420 1970 550 2022 esse,
583 1954 772 2009 Dccuti
800 1952 862 2007 de
911 1956 1117 2010 tenore.
1149 1972 1176 2003 »
1211 1952 1356 2007 Huic
1405 1950 1621 2006 similia
1651 1967 1663 2005 :
1700 1951 1859 2006 Dua-

218 2044 319 2101 bus
351 2042 581 2101 ancoris
604 2041 815 2098 fultnm
841 2058 991 2097 esse.
1014 2040 1076 2097 In
1107 2041 1254 2097 vado
1282 2040 1599 2112 esse.Virg.
1630 2039 1732 2095 lib.
1767 2057 1807 2094 II
1842 2054 1856 2096 :

521 2149 717 2199 Multos
744 2148 952 2199 alterna
979 2148 1222 2198 revisens

330 2213 497 2273 Lnsit,
526 2216 578 2262 et
607 2214 661 2262 in
697 2211 865 2261 solido
896 2225 1083 2261 rursus
1111 2211 1327 2261 fortuna
1358 2210 1573 2261 locavit.

216 2340 327 2396 171.
364 2339 443 2395 Ad
472 2338 767 2421 speculum.
806 2335 1132 2421 respondere
1153 2356 1173 2403 ,-
1406 2336 1621 2421 capt-8.
1657 2352 1714 2390 n.
1747 2335 1849 2404 64;

476 2408 579 2467 lib.
611 2428 667 2469 Iv
697 2408 820 2466 adv.
852 2412 1054 2476 Mam,
1086 2424 1213 2481 cap.
1246 2409 1337 2477 31,
1369 2425 1426 2463 n.
1458 2409 1582 2463 511.

280 2568 308 2597 ‹‹
338 2545 608 2601 Adversus
648 2543 929 2615 speculum
973 2543 1275 2615 parabolae,
1304 2561 1332 2593 ι)
1370 2542 1585 2598 dixisse
1625 2540 1855 2597 videtur

224 2652 320 2707 pro
347 2651 525 2690 sensu
547 2632 1011 2705 anagogico,sive
1032 2632 1162 2705 ipsa
1182 2648 1461 2704 anagoge,
1479 2631 1580 2703 qui
1604 2640 1689 2687 est
1719 2648 1852 2687 sen-

213 2740 310 2779 sus
338 2723 795 2794 Scripturarum,
829 2721 1257 2794 parabolarum,
1293 2721 1659 2777 oraculorum
1696 2737 1854 2793 mys-

211 2812 359 2869 ticus
393 2817 449 2867 et
490 2811 864 2879 reconditus;
898 2810 1118 2883 quique
1162 2810 1410 2867 interius
1456 2814 1513 2865 et
1541 2810 1710 2882 quasi
1742 2811 1852 2865 sub

211 2902 425 2957 cortice
477 2900 636 2956 latet.
688 2901 780 2955 Sic
814 2921 842 2951 «
888 2899 963 2955 ad
1008 2901 1288 2971 speculum
1330 2900 1655 2971 respondere
1685 2921 1713 2948 »
1743 2899 1852 2971 (uti

216 2992 270 3046 in
303 2992 480 3047 rebus
511 2988 917 3057 fabrilibus,ad
949 2988 1232 3061 regulam,
1265 2989 1572 3056 amussim,
1607 3005 1851 3061 perpen-

212 3080 496 3151 diculum)
525 3080 634 3134 erit
679 3079 877 3133 omnia
906 3094 974 3134 ea
1020 3095 1148 3149 qua
1194 3078 1471 3151 parabola
1517 3095 1852 3151 proponun-

211 3174 319 3239 tur,
353 3184 533 3241 posse
563 3167 988 3223 accommodari
1020 3168 1092 3223 iis
1123 3184 1250 3238 qua:
1282 3158 1485 3223 eadem
1516 3166 1851 3238 signiﬁcan-

209 3263 318 3314 tur.
352 3259 445 3327 Et,
476 3262 543 3313 ut
590 3256 852 3329 loquitur
898 3256 1318 3325 Tertullianus,
1369 3256 1622 3326 exempla
1670 3270 1849 3327 perae.
1881 3256 1924 3322 (Γ,

208 3351 391 3417 quari.

211 3481 325 3538 172.
368 3478 609 3551 Spongia
637 3476 962 3549 Marcionis,
986 3480 1136 3555 tom.
1171 3478 1268 3555 Ill,
1300 3479 1405 3536 lib.
1437 3496 1472 3534 v
1500 3480 1622 3537 adv.
1665 3480 1854 3555 Marc,

814 3566 940 3623 cap.
974 3551 1030 3622 4,
1067 3567 1126 3606 n.
1161 3551 1249 3606 43.

276 3669 434 3726 Usus
462 3668 707 3739 spongiae
726 3665 1046 3739 pictoribus
1076 3666 1136 3722 in
1169 3666 1358 3724 colore
1390 3667 1636 3724 delendo
1660 3686 1673 3737 ;
1699 3671 1854 3741 quod

212 3763 363 3830 patet
398 3773 469 3813 ex
499 3756 671 3825 Plin.,
700 3755 818 3823 ,lib.
848 3772 1017 3828 xxxv,
1064 3773 1192 3828 cap.
1245 3758 1331 3824 10,
1380 3759 1454 3814 De
1496 3759 1749 3830 pictorib.
1800 3764 1856 3816 et

211 3848 278 3903 De
330 3850 652 3917 Protogene.
703 3845 1069 3902 Absterserat
1123 3845 1358 3919 saepius,
1407 3853 1855 3920 mutaveratque

210 3934 566 4006 penicillum,
601 3937 895 4007 postremo
915 3937 1206 4007 spongiam
1235 3953 1362 3992 eam
1396 3936 1853 4010 impegit,inviso

206 4023 326 4082 loco
361 4024 596 4081 tabulae.
627 4025 847 4080 Auson.
898 4024 957 4079 in
989 4025 1172 4097 Epist.
1223 4027 1478 4097 quadam
1512 4044 1525 4083 :
1560 4031 1709 4085 Fuco
1740 4033 1852 4085 tua;

207 4112 627 4172 emendationis
657 4113 883 4184 adjecto
915 4113 1210 4187 impingas
1239 4117 1549 4186 spongiam,
1582 4135 1709 4188 quae
1740 4117 1851 4174 im-

204 4205 527 4275 perfectum
558 4218 704 4274 opus
727 4201 861 4274 equi
884 4201 1034 4259 male
1051 4205 1384 4275 spumantis
1407 4205 1852 4264 absolvat.Usus

202 4294 373 4350 etiam
408 4293 468 4348 in
502 4291 868 4365 extergendis
896 4291 1117 4349 mensis
1148 4294 1854 4368 nummulariorum,prae-

203 4382 490 4455 cipueque
541 4382 759 4449 abacis,
792 4380 851 4435 in
883 4382 1099 4453 quibus
1129 4383 1481 4451 scribebant,
1516 4389 1572 4439 et
1614 4385 1853 4443 inducta

198 4474 431 4543 spongia
489 4470 875 4540 corrigebant.
908 4471 975 4525 Et
1030 4471 1091 4526 in
1151 4471 1570 4544 palimpsestis,
1606 4473 1715 4530 hoc
1764 4481 1853 4532 est

198 4562 428 4618 tabellis
487 4559 915 4617 membranisve
972 4559 1273 4630 deletitiis,
1307 4562 1367 4617 in
1426 4563 1641 4635 quibus
1698 4564 1847 4637 style

2039 1937 2316 2062 quagiitoin
2361 1950 2458 1991 suo
2489 1937 2721 2003 trabem,
2767 1940 2911 1992 tom.
2964 1936 3007 2002 Ι,
3056 1936 3473 2008 Αροιοοηταρζ
3523 1939 3612 2007 39,

2040 2026 2101 2062 n.
2246 2048 2259 2062 .

2040 2026 2101 2065 Π.
2132 2026 2259 2062 θιυ.

2036 2114 2415 2171 Proverbium
2460 2112 2885 2185 evangelicum,
2935 2114 3142 2170 Matth.
3174 2131 3208 2170 v
3236 2120 3295 2172 et
3347 2116 3486 2172 Luc.
3538 2134 3617 2190 vr,

1965 2222 2081 2277 quo
2110 2204 2399 2277 pbilautia
2424 2204 3008 2274 notatureorum,qui
3040 2204 3291 2261 aliorum
3321 2206 3411 2261 vel
3442 2206 3616 2263 mini-

1965 2295 2245 2363 misvitiis
2267 2293 2799 2359 offenduntur,suis
2821 2297 2878 2349 et
2900 2293 3174 2350 maximis
3198 2295 3610 2366 blandiuntur,

1961 2385 2165 2461 κάρφος
2194 2384 2404 2448 stipula
2432 2380 2779 2438 'l‘ertullian.
2812 2382 3060 2455 vulgatae
3108 2383 3382 2441 editionis
3429 2385 3608 2442 inter-

1963 2474 2153 2546 preti:
2190 2473 2431 2528 festuca.
2466 2471 2663 2527 Horat.
2701 2488 2714 2526 :

2087 2597 2188 2658 Qui
2216 2610 2285 2646 ne
2314 2596 2589 2646 tuberibus
2617 2596 2847 2659 propriis
2877 2595 3117 2645 offendat
3145 2596 3373 2646 amicum

2087 2660 2346 2720 Postulat,
2380 2659 2621 2723 ignoscat
2649 2660 2886 2709 verrucis
2916 2659 3060 2708 illius
3090 2673 3305 2722 aequum
3337 2660 3435 2709 est.

1963 2778 2030 2832 Et
2060 2776 2221 2832 aliud
2252 2775 2520 2831 Proverb.
2556 2790 2569 2829 :
2606 2774 2869 2847 postulas
2899 2774 3122 2830 alienas
3154 2774 3449 2833 ulceribus
3479 2793 3609 2833 sca-

1960 2870 2113 2921 tens.

1965 2974 2082 3027 175.
2127 2971 2239 3027 Sub
2285 2972 2415 3027 sinu
2461 2977 2515 3027 et
2562 2973 2771 3037 tunica,
2821 2974 2966 3026 tom.
2997 2970 3067 3039 V,
3100 2970 3203 3025 lib.
3252 2971 3319 3027 de
3366 2974 3497 3042 Fug.
3548 2975 3607 3029 in

2384 3048 2673 3114 persccut.,
2706 3059 2833 3113 cap.
2869 3043 2954 3107 12,
2988 3059 3045 3097 n.
3079 3043 3168 3097 89.

2031 3133 2208 3188 Addit
2236 3133 2473 3188 Tertull.
2506 3136 2568 3186 ut
2604 3133 2829 3202 furtivo,
2863 3134 2920 3186 et
2948 3130 3189 3201 opponit
3219 3146 3232 3184 :
3269 3131 3467 3187 Coram
3495 3141 3605 3191 toto

1961 3222 2483 3294 mundo.Quidquid
2517 3220 2825 3293 propatulo
2858 3236 2973 3274 non
3005 3220 3209 3289 ﬁt,sed
3241 3220 3520 3278 insidiose
3550 3228 3608 3279 et

1964 3311 2137 3379 clam,
2170 3311 2410 3367 remotis
2464 3309 2721 3381 arbitris,
2753 3312 2809 3365 et
2847 3307 3036 3365 aliena
3082 3309 3461 3377 conscientia,
3495 3313 3605 3369 sub

1963 3401 2098 3458 sinu
2129 3400 2254 3456 fieri
2288 3399 2522 3455 dicitur.
2553 3400 2646 3453 Sic
2682 3415 2695 3455 :
2728 3398 2790 3453 In
2825 3398 3020 3453 sinum
3063 3398 3341 3466 conferre,
3366 3404 3608 3473 vertere,

1962 3490 2022 3546 id
2051 3492 2160 3559 est,
2192 3488 2253 3545 in
2304 3488 2597 3561 privatum
2650 3487 3027 3543 commodum
3057 3488 3291 3544 referre.
3329 3489 3399 3544 Et
3430 3489 3614 3547 Plinio

1962 3584 2216 3635 Scaurus
2243 3578 2460 3633 dicitur
2481 3577 2822 3650 rapinarum
2845 3575 3290 3649 provincialium
3314 3578 3617 3652 sinus,qui

1963 3670 2023 3724 in
2054 3686 2173 3724 suae
2222 3668 2478 3723 avaritiae
2522 3667 2862 3739 voraginem
2892 3666 3091 3722 omnia
3134 3671 3515 3724 converteret.
3550 3669 3613 3725 In

1962 3758 2097 3814 sinu
2146 3757 2419 3830 gaudere,
2452 3761 2542 3812 est
2588 3755 2871 3828 gaudium
2915 3771 3091 3811 suum
3138 3755 3199 3811 in
3231 3755 3446 3829 vulgus
3495 3775 3610 3814 non

1962 3848 2152 3914 edere,
2189 3862 2294 3902 nec
2326 3844 2518 3918 palam
2549 3845 2757 3901 facere.

1968 3937 2085 3991 176.
2128 3936 2283 4008 Sylla
2311 3935 2553 4008 felicior,
2586 3938 2727 3989 tom.
2763 3934 2809 4001 Ι,
2832 3933 3136 4005 Apologet.,
3158 3949 3285 4005 cap.
3324 3935 3609 4000 11,n.173.

2033 4025 2178 4081 Huic
2200 4025 2373 4097 Syllae
2403 4023 2698 4080 felicitatis
2730 4026 3029 4079 ostentum
3061 4024 3263 4079 datum
3294 4027 3383 4079 est
3411 4023 3611 4080 fulmi-

1963 4131 2055 4184 ne,
2086 4119 2151 4171 ut
2200 4114 2280 4170 ait
2334 4113 2480 4170 Plin.
2538 4113 2637 4168 lib.
2689 4131 2750 4183 ιι,
2784 4130 2909 4184 cap.
2942 4113 3032 4168 54.
3064 4113 3228 4168 Unus
3279 4112 3610 4186 hominum,

1960 4205 2154 4276 inquit
2183 4204 2337 4260 idem
2390 4203 2639 4274 Plinius,
2670 4202 2775 4257 lib.
2809 4219 2912 4273 v11,
2944 4218 3071 4275 cap.
3104 4203 3197 4268 44,
3229 4203 3301 4259 ad
3342 4202 3452 4259 hoc
3483 4203 3610 4273 aevi,

1961 4295 2146 4350 felicis
2179 4294 2291 4350 sibi
2346 4309 2667 4365 cognomen
2703 4292 2973 4348 asseruit.
3008 4294 3194 4359 Quam
3224 4293 3608 4350 temeritatem

1960 4400 2094 4440 cum
2127 4382 2378 4440 stultitia
2405 4382 2783 4451 conjunctam
2816 4381 3021 4436 eodem
3050 4380 3176 4436 loco
3207 4379 3437 4437 refellit.

1962 4491 2084 4549 177.
2130 4490 2300 4546 Tanti
2348 4491 2857 4561 vitreum,iquanti
2903 4487 3318 4561 margaritum?
3358 4488 3610 4561 tom.1l,

2306 4561 2408 4617 lib.
2443 4560 2566 4617 adv.
2600 4559 2794 4629 Μάγα,
2828 4576 2956 4630 cap.
2991 4560 3045 4624 4,
3080 4575 3138 4612 n.
3169 4559 3260 4615 58.

195 4650 551 4722 graphiario,
584 4664 821 4705 exarare
871 4648 1147 4707 solemus.
1182 4650 1327 4706 Hinc
1359 4653 1680 4723 Augustus,
1714 4636 1845 4724 Aja-
1877 4636 1924 4701 D
2028 4652 2191 4708 Istud
2223 4667 2337 4707 non
2369 4648 2562 4705 solum
2597 4648 2811 4719 legitur
2841 4648 2994 4720 apud
3024 4646 3262 4706 Tertull.
3297 4648 3397 4704 sed
3429 4649 3609 4705 etiam

196 4755 315 4795 cem
352 4739 907 4811 tragmdiam,quam
939 4740 1328 4810 conscriptam
1361 4759 1393 4796 a
1423 4758 1485 4797 se
1512 4741 1752 4810 delerat,
1786 4743 1846 4799 in

194 4832 483 4900 spongiam
512 4827 863 4884 decubuisse
892 4828 1142 4900 dicebat,
1163 4830 1231 4885 ad
1266 4830 1594 4903 exemplum
1629 4833 1844 4903 Ajacis,

196 4920 286 4988 qui
322 4920 381 4973 in
418 4918 639 4974 ferrum
690 4918 1056 4973 incubuerat.
1091 4918 1378 4975 Aristides
1410 4921 1467 4974 in
1502 4920 1658 4976 Orat.
1699 4939 1846 4994 qua-

194 5010 321 5064 dum
379 5003 552 5064 Οὐδὲν
600 5003 680 5060 δεῖ
729 5008 827 5070 τῆς
885 5007 1234 5081 Στησιχόρου
1285 5005 1650 5081 παλινῳδίας,
1701 5008 1846 5066 ἀλλὰ

192 5096 430 5173 σπόγγος
466 5094 859 5163 Ιάσεται,ΝἱῇἱΙ
894 5113 1042 5169 opus
1071 5098 1245 5153 fuerit
1272 5099 1584 5156 Stesichori
1621 5100 1843 5172 palino-

190 5188 272 5244 dia
306 5190 435 5243 sive
489 5184 905 5254 recantatione,
939 5188 1041 5242 sed
1087 5190 1321 5260 spongia
1370 5190 1720 5246 medebitur.
1753 5191 1844 5247 Sic

190 5292 313 5333 cum
371 5280 609 5333 Marcion
658 5292 805 5347 quos
854 5276 1044 5347 vellet,
1079 5295 1255 5333 sacrae
1305 5279 1615 5351 Scriptura)
1662 5280 1843 5337 libros

189 5366 401 5422 deleret
449 5365 628 5438 (quod
679 5363 1042 5420 declaratum
1088 5371 1181 5422 est
1219 5384 1441 5439 supra:
1478 5390 1505 5419 «
1539 5370 1845 5441 Abruptum

189 5456 600 5527 amplissimum
618 5455 787 5509 salire
813 5471 860 5521 ;»
894 5458 951 5509 et
980 5454 1087 5509 hoc
1112 5455 1238 5512 loco
1271 5457 1471 5513 statim
1497 5459 1839 5531 subjungit:

189 5548 315 5611 Qum
366 5545 629 5614 abstulit,
674 5561 799 5616 quis
849 5546 1141 5618 servavit),
1200 5562 1495 5619 spongiam
1551 5549 1843 5605 Marcionis

188 5634 825 5707 appellavit,andaciam
856 5632 1021 5691 illam
1052 5634 1111 5690 in
1141 5640 1545 5711 expungendis
1570 5639 1760 5709 libris,
1786 5643 1843 5696 et

190 5726 449 5782 censoria
474 5723 1271 5796 temeritatejntercidendis.

1958 4742 2109 4813 apud
2141 4742 2204 4795 B.
2240 4739 2571 4810 Hieronym.
2620 4738 2742 4802 Quo
2775 4738 2928 4793 dicto
2961 4754 3197 4793 summa
3236 4755 3433 4793 rerum
3465 4740 3610 4795 ints-

1957 4829 2212 4903 qualitas
2256 4828 2705 4901 signiﬁcabitur.
2756 4826 3226 4899 Margaritarum,
3262 4828 3406 4884 alias
3440 4829 3611 4885 unio-

1957 4938 2122 4985 num,
2182 4933 2485 4975 summum
2545 4916 2698 4973 inter
2753 4933 3018 4988 gemmas
3067 4916 3343 4989 pretium.
3374 4916 3608 4974 Vitrum

1952 5007 2496 5078 vilissimum,quod
2522 5015 2712 5061 tamen
2732 5006 3109 5077 margaritam
3141 5006 3375 5061 mentiri
3397 5010 3607 5077 potest,

1953 5104 2011 5154 et
2045 5097 2338 5170 imperitis
2374 5097 2693 5167 imponere,
2728 5094 2976 5166 explicat
3006 5112 3067 5150 se
3095 5094 3360 5163 Tertull.,
3404 5100 3460 5151 et
3486 5096 3609 5151 haec

1957 5189 2109 5242 inter
2167 5204 2229 5242 se
2285 5186 2558 5243 confert:
2616 5208 2643 5233 ‹‹
2708 5185 3002 5239 Terrenum
3058 5186 3314 5256 gloriam,
3368 5185 3606 5253 gloriam

1955 5279 2240 5343 cialestcm,
2270 5276 2571 5347 praemium
2604 5274 2787 5329 laudis
2818 5275 3100 5342 humanae,
3133 5274 3213 5329 dii
3234 5276 3384 5328 lnam
3409 5288 3606 5328 merce-

1952 5368 2072 5422 dem
2083 5408 2095 5421 .
2134 5390 2160 5415 ››

1954 5457 2073 5513 178.
2113 5459 2339 5526 Tempus
2365 5455 2553 5510 omnia
2586 5453 2835 5520 revelat.,
2868 5456 2911 5509 t.
2942 5453 2983 5520 Ι,
3016 5450 3599 5524 Apolog.,c.7,n.107.

2022 5549 2242 5604 Seneca
2281 5564 2293 5603 :
2325 5545 2646 5602 Veritatem
2679 5543 2803 5599 dies
2835 5542 3040 5615 aperit.

2077 5674 2347 5735 Quidquid
2378 5672 2476 5722 sub
2509 5677 2650 5720 terra
2675 5668 2837 5735 estin
2867 5669 3104 5735 apricum
3133 5665 3375 5735 proferet
3405 5670 3551 5728 aetas,

2074 5730 2331 5797 Defodiet,
2372 5734 2673 5796 condetque
2705 5731 2948 5780 nitentia.
3173 5730 3368 5779 Hosar.
