4526 6344
671 342 787 400 295

1293 332 1395 392 EX
1439 320 1966 389 TERTULLIANI
2013 315 2558 378 APOLOGETICO
2600 313 2992 376 PROVERB.
3041 315 3460 378 FORMULE.

3963 319 4082 381 296

673 469 878 546 Χρόνος
901 467 1112 522 πάντων
1148 461 1494 538 βασανιστής,
1525 463 1761 546 tempus
1788 452 2004 546 omnia
2031 449 2316 546 explorat,
2346 447 2402 516 Α
2431 447 2460 503 d

2301 492 2316 518 ,
2346 447 2402 516 Α
2431 447 2570 503 dere
2597 463 2612 515 ;
2642 445 2732 503 vel
2762 445 3087 518 dijudicare
3132 446 3456 504 idoneusne
3487 447 3564 504 sit
3593 449 3725 520 quis
3755 451 3828 506 ad
3861 467 4082 508 munus

775 556 1047 632 Sophocli
1080 537 1279 629 χρόνος
1311 551 1527 606 dicitur
1574 544 1730 608 πάνθ’
1779 543 1918 619 ὁρῶν
1971 541 2060 632 xui
2110 537 2320 632 6:20de

676 652 767 707 καὶ
798 630 950 705 πάντ’
981 642 1352 710 ἀναπτύσσειν,
1382 641 1570 698 omnia
1595 637 1779 693 videre
1827 639 1883 690 et
1909 630 2124 697 audire,
2155 631 2324 686 etiam

675 744 735 798 in
763 747 1011 813 apertum
1035 736 1408 808 prolaturum.
1439 731 1627 802 Atque
1658 727 1796 782 hinc
1830 722 2059 778 Veritas
2088 720 2326 790 Tempo-

676 833 757 888 ris
788 829 908 884 ﬁlia
939 830 1070 898 apte
1099 823 1332 889 dicitur,
1367 837 1490 892 quae
1522 815 1804 888 temporis
1835 824 2322 898 progressu,cum

675 897 1012 991 aliquandiu
1062 910 1379 978 delituerit,
1411 911 1471 964 in
1526 908 1715 963 lucem
1761 906 2040 973 emergat.
2074 899 2218 954 Hinc
2248 897 2324 952 il-

673 1010 772 1067 lud
807 1025 823 1063 :
853 1007 1000 1082 ’Ἃγει
1033 1001 1090 1057 δὲ
1120 1001 1256 1074 πρὸς
1289 1003 1405 1074 φῶς
1431 998 1530 1065 τήν
1579 993 1838 1064 ἀλήθειαν
1883 991 2104 1066 χρόνος·
2139 993 2207 1044 At
2233 1003 2323 1044 ve-

676 1100 892 1155 ritatcm
921 1105 1130 1168 tempus
1158 1094 1218 1148 in
1243 1093 1419 1146 lucem
1447 1089 1620 1144 eruit.

874 1204 994 1260 479.
1045 1203 1224 1257 Terrae
1251 1197 1389 1269 ﬁlii,
1423 1194 1583 1264 ibid.,
1618 1208 1744 1264 cap.
1777 1191 1864 1256 10,
1898 1205 1956 1244 ιι.
1993 1187 2116 1242 162.

745 1313 1066 1370 Videantur
1115 1301 1608 1364 adnot..Pamelii.
1647 1322 1674 1349 «
1707 1300 1880 1354 '[errx
1934 1295 2076 1366 ﬁlios
2106 1292 2324 1366 (inquit

675 1401 946 1473 Tertull.)
980 1400 1171 1470 vulgus
1194 1397 1373 1461 vocat,
1405 1408 1634 1466 quorum
1662 1404 1835 1460 genus
1866 1387 2138 1442 incertum
2168 1391 2268 1454 est,
2294 1404 2322 1433 ››

675 1495 948 1571 γηγενεῖς,
983 1493 1040 1546 et
1065 1487 1199 1542 inde
1229 1486 1516 1557 gigantes,
1551 1479 1719 1553 quasi
1750 1496 1780 1534 e
1808 1482 1966 1534 terra
1995 1473 2322 1571 natthpud

673 1564 937 1642 .luvenal.
987 1601 1008 1631 ι
1068 1574 1438 1633 Fraterculus
1489 1573 1818 1644 gigantum,
1872 1581 1975 1639 pro
2037 1564 2321 1636 ignoto.»

676 1673 909 1732 Persius
944 1687 958 1726 :
1014 1691 1036 1719 ι
1072 1665 1385 1739 Progenies
1435 1666 1620 1719 terrai.
1652 1679 1679 1713 ι
1713 1658 1860 1713 Vide
1910 1671 2088 1727 supra
2121 1669 2134 1707 :
2183 1674 2212 1703 ‹‹
2247 1657 2324 1708 De

677 1762 820 1820 cmlo
852 1755 1207 1832 supervenit.
1245 1776 1273 1803 ››

2434 536 2670 608 aliquod
2705 537 3042 592 obeundum
3096 541 3152 593 et
3178 537 3303 594 suis
3331 537 3568 594 dotibus
3598 539 3819 594 affatim
3860 540 4083 597 instru-

2435 631 2582 682 ctus.
2619 625 2739 681 Lib.
2774 642 2851 693 iv,
2884 625 3104 682 advers.
3137 631 3346 695 Marc.,
3379 627 3707 684 Creatorem
3734 635 3902 686 vocat
3931 630 4085 687 ludi-

2432 715 2606 772 diccm
2645 724 2695 771 et
2724 717 3138 787 Dispunctorem
3187 719 3530 773 meritorum.
3568 717 3694 773 Dib.
3728 735 3782 785 ν,
3815 719 4086 790 Dispunc-

2435 806 2640 861 tionem
2687 806 2818 861 boni
2873 814 3038 877 atque
3095 807 3235 862 mali
3273 808 3468 878 aperis.
3522 806 3645 862 Lib.
3698 807 3762 863 de
3815 809 4084 878 Paiient.,

2437 916 2465 944 «
2497 893 2700 950 Omnis
2732 894 2949 964 injuria
2977 909 3112 950 cum
3148 895 3489 967 patientiam
3521 897 3848 963 offenderit,
3881 899 4083 953 eodem

2434 984 2590 1040 exitu
2624 983 3032 1056 dispungetur,
3061 1001 3176 1057 quo
3207 983 3391 1040 telum
3424 986 3481 1040 in
3525 991 3690 1057 petra
3717 985 4000 1042 libratum
4032 991 4089 1042 et

2434 1073 2732 1129 obtusum.
2761 1095 2789 1124 »
2823 1077 2943 1129 Hoc
2975 1077 3083 1145 est,
3137 1079 3448 1131 Evanescet
3497 1079 3553 1130 et
3609 1075 3814 1132 irritus
3843 1077 3955 1132 erit
3983 1093 4076 1132 co-

2433 1162 2720 1233 natus,uti
2751 1168 3107 1219 evanescunt
3136 1181 3204 1220 ea
3233 1181 3358 1237 qua:
3390 1164 3662 1221 dolentur
3691 1165 3812 1222 sive
3837 1165 4084 1240 dispun-

2431 1257 2676 1325 guntur,
2706 1270 2810 1325 pro
2839 1258 3282 1326 expunguntur.

2435 1359 2554 1416 184.
2599 1360 2842 1415 Titulum
2891 1361 3154 1427 incidere,
3190 1364 3330 1416 tom.
3367 1360 3463 1427 Ill,
3508 1360 3611 1417 lib.
3645 1359 3685 1431 l,
3719 1362 3842 1417 adv.
3883 1365 4081 1429 Marc.,

3038 1448 3164 1504 cap.
3195 1433 3250 1499 9,
3286 1450 3344 1487 ιι.
3377 1433 3466 1488 57.

2505 1519 2762 1576 Incidere
2792 1524 2879 1577 est
2909 1524 3110 1578 notare
3136 1520 3359 1592 aliquid
3393 1521 3451 1576 in
3471 1521 3856 1578 monimentis
3885 1538 4084 1578 rerum

2432 1613 2750 1680 gestarum.
2785 1609 2979 1666 Cicero
3013 1626 3026 1665 :
3061 1610 3311 1666 Incidere
3359 1610 3614 1683 elogium
3665 1611 3843 1683 (aliis,
3875 1616 3932 1668 et
3958 1615 4086 1667 Mu-

2434 1703 2556 1754 reto
2613 1699 2908 1770 imprimis
2967 1699 3250 1772 elogium)
3307 1701 3366 1756 in
3427 1701 3719 1773 sepulcro,
3768 1701 3828 1758 in
3890 1717 3990 1772 iss,
4023 1700 4085 1756 in

2434 1804 2748 1844 marmore.
2783 1788 2929 1844 Plin.
2964 1790 3034 1845 de
3067 1790 3265 1862 Pomp.
3301 1793 3528 1862 Magno,
3562 1807 3690 1863 cap.
3721 1791 3812 1860 26,
3845 1789 3945 1846 lib.
3983 1807 4088 1859 vn,

680 1871 801 1926 180.
834 1867 1054 1924 Terram
1083 1858 1671 1952 ριζαυεητξηξρνςξίξνίνι
1706 1856 1928 1952 ίξωσςιῙι
1960 1850 2062 1907 lib'
2096 1849 2161 1906 de
2212 1850 2327 1905 Te"
2355 1845 2404 1911 Β
2437 1882 2857 1934 commemorat
2913 1877 3116 1933 titulos
3172 1845 3609 1934 victorialmqet
3634 1845 4086 1952 triumphorum

1093 1926 1196 1990 lim
1224 1926 1450 2000 anima},
1485 1947 1610 2001 cap.
1646 1929 1698 1993 4,
1731 1945 1791 1982 ιι.
1820 1926 1910 1979 21.

747 2028 1024 2085 Solebant
1047 2023 1294 2095 antiqui,
1318 2025 1383 2076 ut
1402 2036 1470 2075 ex
1490 2017 1766 2074 omnibus
1783 2015 1899 2070 fere
1921 2015 2080 2085 patet
2102 2009 2323 2066 Latinis

673 2114 1167 2194 poetis,manibus
1197 2112 1348 2184 ejus,
1383 2111 1552 2181 cujus
1584 2103 1953 2194 memoriam,
1985 2106 2052 2156 ut
2078 2098 2320 2194 Tertull.

673 2191 776 2277 ait,
815 2228 837 2259 ι
872 2221 1008 2262 cum
1058 2202 1311 2273 alicujus
1360 2199 1592 2255 offensas
1644 2210 1844 2251 morsu
1895 2191 2175 2257 facerent,
2209 2210 2236 2238 ››
2268 2191 2324 2244 et

673 2295 1018 2356 maledicere
1046 2290 1282 2356 vellent,
1313 2312 1342 2339 «
1374 2292 1591 2344 terram
1637 2299 1873 2358 gravem
1905 2277 2213 2352 imprecari
2242 2295 2256 2343 ;
2292 2299 2321 2327 ››

672 2389 802 2460 ejus
829 2401 962 2442 vero
993 2381 1088 2440 cui
1119 2379 1368 2453 gratiam
1419 2377 1718 2441 deberent,
1752 2371 1986 2429 ossibus
2015 2373 2072 2425 et
2101 2367 2317 2460 cineri-

671 2457 784 2534 bus
815 2471 1184 2546 refrigerium
1234 2466 1612 2540 comprecari.
1660 2465 1730 2519 Et
1760 2476 1961 2518 mense
1993 2457 2319 2532 praesertim

679 2563 987 2622 Februario
1040 2559 1351 2616 duodecim
1403 2555 1770 2611 continentes
1819 2551 1963 2617 dies,
2001 2565 2102 2620 pro
2127 2547 2320 2619 impe-

674 2654 886 2711 tranda
915 2653 1282 2707 mortuorum
1305 2644 1580 2700 manibus
1603 2637 2082 2714 quiete,populus
2104 2635 2318 2693 lustra-

675 2744 864 2800 tiones
893 2744 950 2796 et
979 2737 1207 2812 piacula
1237 2734 1504 2790 faciebat.
1540 2732 1687 2787 Hinc
1717 2729 1817 2786 illa
1848 2744 1861 2783 :

829 2874 1060 2924 Molliter
1086 2885 1207 2920 ossa
1235 2868 1527 2919 cubent.....

893 2938 956 2986 Et
983 2937 1219 2984 cinerem
1247 2932 1405 2981 tellus
1433 2943 1543 2979 non
1572 2939 1798 2978 onerosa
1826 2925 2052 2985 premat.

831 3001 963 3049 Ossa
996 2999 1178 3058 quieta
1207 3007 1386 3058 precor
1415 2997 1528 3058 tuta
1560 2991 1906 3058 requiescere
1923 2988 1978 3036 in
2007 2997 2161 3048 urna,

893 3064 958 3113 Et
985 3055 1054 3111 sit
1081 3055 1276 3110 humus
1305 3057 1471 3107 cineri
1499 3068 1610 3105 non
1641 3066 1868 3104 onerosa
1895 3055 2007 3101 tuo.

2435 1969 2877 2033 notatos.Quem
2911 1968 2984 2022 ad
3019 1984 3240 2023 morem
3269 1967 3470 2024 allusit
3497 1968 3814 2025 Tertull.ut
3843 1969 3939 2035 sit,
3974 1987 4089 2042 pu-

2434 2057 2580 2112 blico
2611 2061 2997 2128 cognomento
3029 2056 3341 2114 honestare
3371 2057 3457 2114 vel
3489 2057 3862 2129 infamare,et
3890 2057 4083 2132 elogio

2433 2145 2765 2202 nobilitare.

2433 2237 2554 2291 185.
2592 2236 2763 2291 Tullio
2813 2237 3171 2308 eloquentior,
3230 2240 3372 2363 ιῗιΙιι.
3426 2236 3472 2306 Ι,
3517 2236 3761 2309 Apolog.,
3811 2252 3938 2310 cap.
3997 2237 4088 2310 11,

3160 2326 3216 2363 Π.
3329 2351 3342 2363 .

3160 2326 3195 2362 Π

2502 2396 2578 2452 Μ.
2613 2397 2767 2452 Tulli
2817 2396 3070 2470 elogium
3102 2397 3283 2453 habes
3331 2396 3434 2452 lib.
3467 2413 3567 2465 vu,
3601 2412 3765 2452 num.
3799 2397 3889 2466 30,
3923 2398 4086 2470 apud

2429 2485 2581 2553 Plin,
2614 2486 2713 2541 ubi
2745 2503 2878 2542 eum
2910 2491 3075 2542 vocat
3119 2487 3403 2543 facundiae
3436 2487 3888 2560 Latinarumque
3916 2487 4075 2545 litte-

2430 2591 2629 2631 rarum
2681 2581 3000 2647 parentem.
3033 2575 3274 2640 Quintil.
3325 2575 3426 2631 lib.
3462 2593 3514 2631 rx
3545 2576 3722 2632 Instit.
3758 2581 3820 2630 In
3869 2591 4074 2648 quem,

2429 2665 2530 2732 ait,
2565 2664 2791 2736 copiam
2815 2664 3093 2735 Platonis,
3122 2665 3241 2722 vim
3275 2665 3700 2735 Demosthenis,
3721 2667 4078 2723 suavitatem

2431 2753 2702 2810 Isocratis
2731 2754 2912 2811 fuisse
2942 2754 3324 2812 transfusam.

2432 2864 2553 2918 186.
2598 2864 2912 2920 Vanitatcm
2958 2863 3207 2919 vanitatc
3246 2862 3536 2934 depellere,
3568 2865 3713 2919 tom.
3746 2863 3848 2932 Ill,
3879 2861 3986 2919 lib.
4024 2878 4081 2918 ιν

2801 2934 2927 2990 adv.
2961 2940 3158 3002 Mam,
3192 2951 3318 3007 cap.
3350 2936 3440 3002 30,
3472 2953 3530 2990 ιι.
3564 2936 3688 2990 496.

2502 3025 2601 3080 Est
2629 3028 2815 3080 artem
2865 3029 3008 3091 arte,
3042 3024 3413 3081 mendacium
3462 3023 3765 3082 mendacio
3811 3023 4078 3082 eludere.

2432 3113 2724 3170 Frivolum
2769 3117 3206 3186 argumentum,
3238 3122 3293 3169 et
3323 3115 3394 3169 ad
3427 3130 3548 3170 rem
3583 3131 3698 3170 non
3742 3130 4078 3170 accommo-

673 3209 794 3265 18l.
837 3207 1025 3262 Thales
1053 3205 1112 3260 in
1139 3210 1390 3296 puteum;
1423 3197 1699 3296 tpmsnlll,
1731 3193 1832 3250 lib.
1865 3193 1930 3249 de
1958 3192 2314 3261 Anim.,cap.
2348 3228 2391 3296 Ο
2430 3203 2460 3258 d

2292 3219 2314 3242 η·
2348 3228 2391 3296 C
2430 3203 2661 3296 datum,
2689 3202 2890 3259 frivolo
2919 3208 2974 3258 et
3005 3202 3192 3296 alieno
3222 3202 3538 3296 infringere
3567 3208 3624 3259 et
3653 3202 3931 3259 refellere.
3965 3203 4079 3296 Illa

1356 3273 1410 3338 6,
1445 3287 1504 3328 n.
1535 3270 1624 3323 89.

740 3370 884 3425 Vide
944 3368 1052 3425 hoc
1106 3363 1478 3440 proverbium
1536 3362 1853 3416 tractatum
1902 3374 1936 3412 a
1972 3355 2213 3410 Platone
2257 3352 2318 3407 in

669 3461 977 3519 Theaeteto.
1014 3457 1094 3513 De
1123 3455 1196 3512 iis
1247 3453 1348 3526 qui
1379 3467 1484 3507 nec
1515 3466 1618 3523 pro
1649 3448 1896 3520 pedibus
1927 3443 2314 3518 prospiciunt.

667 3549 882 3607 Thales
908 3565 938 3604 e
967 3551 1193 3618 septem
1242 3541 1474 3599 Graeciae
1504 3538 1868 3611 sapientibus
1919 3550 2072 3590 unus
2104 3537 2161 3589 et
2199 3531 2316 3603 pri-

671 3656 830 3707 mus,
861 3638 1003 3693 dum
1033 3632 1291 3692 cmlestia
1320 3630 1602 3687 intentius
1650 3625 2103 3698 contemplatur,
2136 3623 2198 3678 in
2231 3622 2317 3677 fo-

668 3746 836 3787 veam
867 3725 1094 3783 incidit.
1127 3725 1271 3779 Hinc
1303 3739 1336 3776 a
1364 3719 1559 3777 vetula
1588 3717 1707 3774 sive
1738 3718 1811 3773 ab
1842 3713 2055 3772 ancilla
2083 3713 2314 3769 irrisus.

670 3838 792 3893 182.
832 3832 1180 3893 Themistocle
1207 3829 1700 3956 sublinriiokgpm.
1737 3823 1780 3895 Ι,
1814 3823 2064 3893 Apolog.,
2097 3837 2227 3893 cap.
2258 3824 2313 3893 2,

739 3999 1044 4054 Militarem
1075 3993 1242 4048 illum
1275 3989 1528 4064 appellat
1556 3984 1803 4043 Tertull.
1829 3985 1971 4040 Hinc
1999 3982 2312 4055 legendum

664 4090 894 4146 videtur
940 4085 1270 4153 militarior,
1301 4080 1392 4135 vel
1437 4077 1656 4134 militias
1702 4079 1804 4131 aut
1852 4072 2124 4130 militaris
2172 4073 2314 4129 artis

665 4177 926 4252 peritior.
960 4173 1151 4246 Ipsius
1200 4175 1395 4226 autem
1443 4165 1829 4223 adolescentis
1860 4163 2044 4234 gloria
2074 4161 2315 4252 emicuit

664 4268 815 4325 bello
845 4264 1084 4332 Medico,
1102 4277 1299 4335 pugna
1319 4257 1701 4324 Marathonia,
1734 4255 1844 4311 sub
1871 4251 2151 4325 auspiciis
2183 4251 2311 4308 Mil-

665 4353 1088 4415 tiadis.Deinde
1111 4350 1334 4423 aliquot
1357 4347 1528 4404 annis
1551 4351 1682 4418 post
1703 4346 1820 4400 dux
1843 4342 2309 4409 Atheniensium,

665 4449 948 4504 adversus
978 4441 1180 4498 Xerxis
1201 4438 1435 4496 navales
1458 4437 1656 4508 copias
1702 4436 1774 4491 ad
1807 4433 2158 4489 Salaminam
2191 4448 2311 4488 mc-

664 4534 932 4594 morabili
963 4549 1099 4590 cum
1131 4530 1303 4587 laude
1334 4527 1614 4584 conﬂixit.

2428 3291 2748 3364 persimilis
2781 3310 2794 3348 :
2827 3296 2968 3348 Cum
3025 3291 3197 3364 vulpe
3253 3291 3567 3364 vulpinari,
3627 3309 3761 3348 cum
3812 3291 4078 3349 Cretensi

2425 3382 2719 3436 cretizare.

2431 3471 2548 3525 187.
2595 3475 2770 3527 Venas
2799 3469 3374 3599 deducere,2tom.1l:;,1
3394 3471 3493 3529 lib.
3526 3489 3565 3542 ι,
3597 3473 3664 3529 de
3694 3472 3911 3540 Trinit.,
3936 3487 4074 3546 cap.

3127 3586 3140 3599 .
3176 3561 3234 3599 ιι.
3387 3585 3400 3599 .

3127 3586 3140 3611 ,
3176 3561 3234 3599 ιι.
3279 3561 3400 3599 1ό1.

2495 3629 2821 3686 Translatio
2875 3631 3048 3687 ducta
3075 3647 3108 3686 a
3145 3632 3428 3698 fontibus,
3461 3633 3615 3688 unde
3664 3633 3767 3689 rivi
3795 3636 3851 3689 et
3898 3632 4081 3706 quasi

2424 3737 2578 3777 venae
2611 3737 2890 3792 aquarum
2943 3722 3338 3791 deducuntur,
3377 3722 3522 3778 Hinc
3571 3722 3670 3779 illa
3703 3741 3715 3780 :
3753 3721 3930 3778 Divite
3983 3721 4080 3779 vel

2424 3810 2586 3866 tenui
2611 3826 2776 3879 vena,
2812 3811 2966 3882 quod
3002 3811 3250 3867 fontium
3283 3811 3380 3868 alii
3411 3812 3751 3884 angustiore
3778 3827 3923 3868 vena
3954 3827 4082 3868 ma-

2424 3904 2585 3970 nant,
2619 3899 2715 3955 alii
2767 3901 3006 3971 majore,
3041 3904 3105 3957 u‘t
3153 3901 3368 3958 ﬂumen
3419 3901 3714 3970 efficiant;
3761 3901 3844 3958 vel
3895 3901 4077 3958 etiam

2422 4007 2456 4046 a
2488 3988 2762 4060 metallis,
2795 4006 3046 4061 quorum
3095 4007 3273 4058 venas,
3312 3995 3376 4046 ut
3406 4006 3636 4064 genere,
3669 3991 3752 4046 ita
3782 3990 3948 4063 cepia
3979 3992 4073 4047 in-

2419 4080 2653 4136 terdum
2683 4078 2978 4134 differunt.
3015 4079 3258 4144 Quintil.
3297 4098 3310 4136 :
3345 4080 3606 4137 Pleniore
3635 4080 3824 4136 canali
3856 4080 4070 4138 ﬂuunt.

2420 4173 2489 4224 Et
2521 4173 2698 4241 poetae
2727 4185 2906 4224 venas
2938 4169 3010 4224 ab
3042 4169 3287 4226 Homero
3316 4173 3592 4242 tanquam
3636 4186 3877 4244 poeseos
3907 4169 4074 4227 fonte

2421 4260 2662 4314 duxisse
2693 4258 2989 4313 dicuntur.

2423 4368 2544 4423 188.
2582 4368 2676 4423 Via
2703 4367 2890 4423 eadem
2919 4383 3142 4422 sursum
3171 4375 3223 4423 et
3253 4367 3540 4436 deorsum,
3586 4371 3730 4424 tom.
3764 4366 3862 4432 III,
3891 4365 3997 4422 lib.
4030 4383 4075 4423 ιι

2797 4439 2920 4494 adv.
2955 4445 3153 4508 Mam,
3189 4456 3313 4511 cap.
3346 4441 3436 4511 28,
3473 4457 3529 4494 ιι.
3569 4440 3691 4496 195.

2495 4529 2608 4583 Hoc
2640 4528 3009 4600 proverbium
3043 4528 3332 4585 Heraclito
3364 4527 4077 4602 usurpatum,transferre

668 4645 789 4699 183.
834 4641 1074 4697 Titulum
1123 4639 1478 4711 dispungere,
1530 4637 1673 4711 tom;
1704 4631 1772 4698 V,
1804 4631 1905 4687 lib.
1959 4630 2024 4687 de
2075 4630 2312 4700 Monog.,
2344 4603 2452 4711 ΠΥ

2297 4673 2312 4700 ’
2344 4603 2389 4667 Ι)
2421 4617 2649 4673 videtur
2696 4617 2941 4672 Tertull.
2970 4618 3040 4673 ad
3075 4635 3242 4673 suam
3276 4618 3721 4689 argumentandi
3760 4617 4073 4673 rationem.

1273 4725 1401 4780 cap.
1434 4709 1488 4772 8,
1518 4723 1575 4761 ιι.
1607 4706 1696 4760 55.

739 4802 1095 4875 Dispungere
1126 4799 1380 4856 rationes
1397 4795 1552 4868 apud
1576 4791 2013 4866 jureconsultos
2044 4794 2132 4847 est
2161 4807 2315 4846 com-

665 4897 895 4966 putum,
930 4895 993 4946 ut
1023 4890 1197 4961 vulgo
1229 4885 1904 4960 loquimur,examinare,
1938 4882 2077 4949 sive,
2113 4885 2178 4936 ut
2206 4884 2314 4936 Pa-

663 4984 822 5058 pian.
857 4980 1156 5052 describit,
1189 4978 1451 5035 conferre
1499 4980 1736 5047 accepta
1763 4978 1821 5029 et
1853 4973 2008 5040 data,
2043 4973 2099 5026 et
2126 4969 2265 5025 alibi
2299 4986 2311 5025 :

660 5072 1018 5143 Percontari,
1052 5070 1404 5139 examinare,
1436 5067 1765 5125 describere
1809 5064 2086 5130 rationes,
2118 5079 2221 5134 pro
2251 5078 2316 5119 co

662 5167 816 5241 quod
849 5169 938 5221 est
966 5164 1314 5235 dispungere.
1342 5158 1508 5215 Aliud
1541 5160 1630 5215 est
1659 5169 2007 5228 expungere,
2045 5152 2196 5224 quod
2230 5156 2318 5208 est

661 5255 898 5333 punctis
928 5253 1371 5310 circumducere
1402 5253 1457 5303 et
1488 5245 1710 5316 tollere,
1735 5248 1792 5300 et
1821 5243 1990 5315 quasi
2024 5259 2144 5298 rem
2179 5259 2313 5297 con-

661 5331 872 5404 fectam
900 5345 1152 5401 eximere
1175 5358 1206 5397 e
1228 5339 1444 5396 codice.
1479 5336 1672 5392 Utitur
1693 5332 1938 5390 Tertull.
1975 5331 2318 5404 metaphora

663 5457 697 5494 a
727 5432 1244 5493 ratiocinatoribus
1298 5431 1495 5494 ducta,
1527 5431 1583 5482 et
1613 5443 1646 5481 a
1685 5423 2050 5494 censoribus,
2106 5421 2206 5494 qui
2256 5423 2316 5478 in

666 5523 898 5580 tabulas
931 5523 1191 5579 referunt
1221 5517 1463 5575 nomina
1488 5520 1543 5572 et
1572 5512 1776 5570 titulos
1809 5528 2007 5568 eorum
2034 5511 2132 5584 qui
2152 5511 2318 5584 proli-

667 5617 884 5669 tentur.
944 5611 1001 5667 Si
1054 5606 1494 5684 proverbialiter
1549 5619 1834 5676 usurpare
1893 5601 2100 5674 placet,
2161 5602 2316 5659 erit:

668 5701 971 5760 Rationem
1003 5700 1093 5760 vel
1125 5699 1625 5771 causamjustane
1647 5695 1724 5753 sit
1752 5710 1823 5753 an
1845 5696 2068 5767 contra,
2100 5709 2315 5768 expen-

2424 4709 2568 4764 Nam
2601 4723 2667 4763 eo
2721 4706 2944 4762 faciunt
2976 4723 2987 4762 :
3024 4708 3231 4776 Supra,
3265 4712 3320 4763 et
3367 4708 3518 4764 infra
3547 4724 3629 4765 se.
3662 4707 3791 4763 Hec
3833 4706 4076 4778 quidem

2425 4797 2496 4853 ad
2531 4796 2899 4868 dignitatem,
2933 4796 3034 4852 illa
3081 4814 3319 4853 sursum
3352 4814 3417 4852 ac
3449 4798 3725 4852 deorsum
3775 4796 3845 4852 ad
3878 4795 4078 4852 locum

2426 4885 2769 4959 spectantia.
2793 4886 2911 4942 Hoc
2935 4887 3092 4942 enim
3122 4903 3254 4942 vere
3285 4891 3375 4942 est
3409 4887 3690 4944 adversus
3721 4885 4078 4942 Marcionem

2425 4974 2772 5031 antitheseis
2804 4975 3044 5031 emulas
3078 4976 3284 5045 facere,
3320 4993 3446 5049 quas
3479 4993 3593 5032 non
3626 4976 3818 5032 solum
3849 4975 3906 5030 in
3938 4991 4079 5031 sen-

2425 5064 2648 5134 tentiis,
2709 5066 2758 5120 si
2804 5064 3112 5137 ignoravit,
3155 5065 3394 5122 omnino
3446 5082 3562 5121 non
3612 5065 3801 5132 scivit,
3852 5064 3952 5120 sed
4015 5063 4082 5121 in

2424 5152 2880 5225 vocabulis,quai
2912 5155 3051 5222 dixi,
3085 5154 3431 5210 consistant.
3465 5155 3791 5212 Heraclitus
3822 5170 4083 5226 usurpa-

2427 5244 2502 5298 rit
2537 5245 2680 5299 forte
2713 5243 2772 5299 in
2806 5243 3100 5316 Psycbicis
3148 5243 3477 5312 disciplinis
3508 5245 3616 5301 hoc
3647 5243 3956 5301 obscurius
3985 5242 4085 5298 di-

2427 5337 2586 5391 ctum
2616 5351 2630 5401 ;
2663 5350 2794 5389 cum
2825 5350 3061 5389 sursum
3095 5351 3159 5389 ac
3191 5335 3464 5390 deorsum
3486 5335 3542 5389 in
3577 5334 3684 5391 loci
3719 5335 3938 5390 ratione
3956 5331 4087 5388 sint

2427 5442 2493 5482 ex
2552 5440 2796 5478 numero
2852 5440 3052 5479 eorum
3111 5440 3236 5495 quae
3297 5424 3576 5479 dicuntur
3632 5424 3766 5498 πρὸς
3821 5421 3892 5493 τὶ,
3955 5421 4087 5478 sive

2428 5513 2631 5570 relata.
2689 5513 2884 5569 Cicero
2949 5529 2960 5569 :
3020 5513 3175 5569 Ferri
3232 5529 3460 5569 sursum
3507 5514 3681 5570 rectis
3747 5512 3961 5577 lineis,
4027 5515 4090 5567 et

2428 5601 2681 5660 deorsum
2712 5602 2780 5657 ad
2812 5601 3049 5659 lineam.
3081 5603 3270 5674 Atque
3300 5603 3382 5658 ita
3428 5603 3666 5659 Tertull.
3705 5609 4090 5676 argumenta~

2428 5694 2652 5752 tionem
2685 5708 2875 5763 suam,
2906 5691 3176 5749 τουτέστιν
3229 5691 3506 5752 Heracliti
3538 5691 3826 5752 sxiomate
3850 5688 4090 5766 probat,
