4526 6410
186 365 291 427 29Ί
1506 365 1841 428 LECTORI
1886 365 2252 427 CANDIDO.
3461 362 3589 423 298

234 498 350 554 189.
386 500 528 555 Vivo
557 514 702 567 voce,
727 500 869 553 tom.
904 495 1005 563 III,
1037 497 1138 552 lib.
1170 497 1243 554 de
1280 499 1606 570 Praeseript.
1637 497 1765 554 adv.
1851 500 1906 567 Α
1934 512 2077 553 care.
2108 498 2179 552 Et
2207 497 2339 553 aliis
2373 515 2386 554 :
2428 520 2447 547 ι
2484 498 2629 554 Mati
2664 497 2955 569 magistri,
2986 512 3116 567 qua;
3173 498 3311 551 sunt
3368 494 3587 567 scripta

617 570 838 635 lueret,
870 586 996 642 cap.
1030 571 1122 635 21,
1156 587 1212 625 n.
1250 571 1374 626 128.
1934 602 2137 642 eorum
2169 587 2268 658 qui
2299 604 2398 642 eru

1934 602 2137 642 eorum
2169 587 2268 658 qui
2299 587 2508 642 eruditi
2556 585 2775 659 ingenii
2827 589 3213 640 monumenta
3260 584 3587 657 posteritati

248 675 389 731 Huic
418 677 619 731 statim
652 676 987 748 opponitur,
1025 694 1129 748 per
1183 677 1461 747 epistolas,
1522 674 1818 731 subintell.
1934 675 2143 731 litteris
2202 678 2479 732 mandata
2532 676 2914 748 reliquerunt,
2977 676 3147 746 quasi
3179 675 3335 730 vocis
3366 678 3422 730 et
3452 673 3584 730 vita:

186 766 568 836 praedicando.
642 766 771 821 Viva
828 781 952 831 vox,
1005 764 1165 834 quasi
1198 765 1391 820 vivida
1420 770 1593 837 atque
1622 766 1827 819 efﬁcax
1934 768 2221 836 expertes.
2258 787 2284 813 »

185 856 249 910 ab
282 855 410 926 ipso
447 853 883 927 pronuntiantis
914 870 1032 920 ore,
1067 859 1357 926 percepta,
1390 854 1448 909 in
1482 871 1598 925 qua
1629 854 1826 911 nativa

1740 854 1826 911 ίνᾶ
1986 872 2105 926 190.
2145 872 2397 929 Umbram
2429 874 2551 927 sine
2582 872 2790 926 lumine
2819 870 3084 938 colorare,
3118 872 3261 924 tom.
3294 870 3392 939 III,
3423 868 3527 924 lib.

187 948 233 999 et
262 943 517 1013 genuina
546 942 825 999 elucescit
854 944 1065 1015 gratia,
1124 948 1179 998 et
1236 942 1387 998 actio
1447 960 1581 998 cum
1637 948 1824 1010 motu,
2306 944 2427 999 adv.
2460 946 2735 1013 Hermog.,
2769 960 2894 1012 cap.
2928 944 2981 1005 2,
3016 958 3073 996 n.
3108 943 3191 995 12.

186 1048 304 1105 quae
361 1032 417 1086 in
469 1031 750 1086 orationis
797 1035 885 1087 est
906 1032 1043 1100 vita,
1074 1030 1425 1087 inhaerescit.
1463 1032 1596 1096 Quae
1628 1032 1827 1087 omnia
2006 1032 2092 1086 Ab
2138 1037 2261 1087 arte
2306 1031 2569 1103 pictoris,
2599 1046 2777 1103 quam
2804 1030 3197 1100 Hermogenes
3227 1031 3585 1100 exercuerat,

185 1121 550 1193 ascriptura,
612 1120 764 1177 249
826 1136 952 1191 qum
1009 1137 1205 1175 veram
1262 1120 1570 1192 vivamque
1625 1137 1822 1176 vocem
1937 1125 2206 1177 tractum.
2246 1144 2265 1169 α
2324 1122 2519 1175 Prima
2550 1120 2789 1192 picturae
2822 1118 2985 1172 initia
3016 1117 3234 1189 (inquit
3264 1118 3587 1190 Plin.)um-

182 1215 406 1266 tantum
466 1210 757 1274 imitatur,
810 1212 949 1263 sunt
973 1210 1260 1279 sejuncta.
1294 1209 1521 1273 Quinct.
1558 1227 1571 1265 :
1607 1232 1634 1260 ‹‹
1667 1210 1825 1264 Actio
1937 1211 2033 1265 bra
2062 1210 2318 1265 hominis
2348 1210 2519 1264 lineis
2552 1208 3111 1278 circumducta,quaa
3137 1207 3373 1262 linearis
3405 1207 3585 1274 dicta,

186 1299 461 1355 orationis
492 1298 665 1369 quasi
694 1297 814 1351 vita
860 1300 967 1363 est,
1028 1314 1219 1352 rerum
1285 1297 1542 1354 inventio
1601 1299 1822 1353 ossium
1935 1300 2189 1355 secunda
2220 1299 2464 1369 singulis
2496 1298 2810 1361 coloribus,
2843 1300 2899 1352 et
2933 1296 3445 1352 monochromatos
3484 1313 3586 1367 ap-

185 1389 371 1443 instar
400 1392 490 1443 est
522 1405 535 1442 :
569 1386 711 1441 ordo
748 1402 949 1440 nervos
976 1386 1262 1454 imitatur,
1291 1386 1538 1442 elocutio
1568 1404 1825 1453 carnem,
1937 1388 2171 1461 pellata.
2209 1412 2236 1437 »
2271 1390 2469 1460 Itaque
2500 1390 2690 1459 prima
2723 1387 2847 1441 sine
2875 1384 2991 1440 ullo
3022 1384 3213 1440 colore
3254 1385 3382 1451 fuit,
3441 1386 3586 1442 adeo

182 1483 366 1532 cutem
400 1481 456 1531 et
485 1475 737 1530 colorem
790 1474 1000 1540 refert;
1063 1474 1343 1530 memoria
1402 1477 1650 1547 spiritus
1707 1476 1829 1531 vice
1940 1483 2004 1531 ut
2058 1494 2206 1549 quos
2264 1478 2597 1548 pingercnt,
2659 1476 2950 1530 ascribere
3009 1478 3165 1528 esset
3222 1473 3585 1529 institutum.

187 1567 467 1638 fungitur.
526 1564 753 1631 Quibus
810 1564 1085 1618 omnibus
1144 1564 1367 1619 accedit
1408 1565 1827 1636 pronuntiatio,
1939 1566 2156 1622 Deinde
2187 1566 2353 1620 lineae
2386 1564 2631 1621 colorari
2668 1570 2865 1634 emptae
2896 1568 3047 1617 testa
3078 1563 3592 1633 trita.Cujusmodi

184 1655 337 1711 velut
368 1658 562 1710 motus
594 1653 832 1725 quidam
862 1652 1076 1707 vitalis.
1110 1652 1349 1707 Nullum
1403 1654 1559 1709 enim
1612 1656 1830 1710 certius
1943 1656 2177 1725 pictura;
2202 1656 2259 1709 in
2295 1659 2417 1709 arte
2450 1652 2736 1708 tectonica
2768 1669 2873 1723 par
2919 1657 3008 1707 est
3058 1648 3403 1728 ὶχνογραφία,
3460 1670 3589 1724 quas

182 1748 593 1817 argumentum
655 1742 783 1796 vita:
839 1757 1015 1812 quam
1075 1746 1306 1809 motus;
1369 1744 1525 1797 unde
1583 1744 1827 1799 ﬂumina
1941 1749 2028 1798 est
2084 1760 2227 1798 areae
2271 1745 2474 1814 jacens
2504 1741 2827 1797 eil‘ormatio
2854 1744 2911 1795 et
2941 1740 3343 1811 superﬁciaria
3376 1742 3593 1796 descri-

180 1834 328 1897 viva,
386 1849 420 1886 a
476 1836 660 1885 motu.
722 1851 750 1879 »
812 1834 873 1884 Β.
933 1830 1164 1885 llierou.
1225 1832 1282 1885 in
1338 1832 1563 1887 Praefal.
1627 1833 1818 1888 Gen.:
1863 1886 1909 1905 ἢ
1943 1833 2083 1905 ptio,
2136 1833 2315 1887 futuri
2365 1831 2559 1904 operis
2595 1829 2891 1902 specimen
2919 1828 3199 1885 exhibens
3233 1846 3246 1883 :
3280 1829 3598 1900 Detorquc-

189 1921 426 1977 «Habet
457 1919 654 1975 nescio
688 1918 825 1990 quid
871 1918 1106 1974 latentis
1164 1920 1411 1993 energies
1464 1925 1589 1977 viva
1646 1938 1768 1977 vox.
1804 1944 1832 1971 ››
1863 1886 1911 1952 Β
1944 1922 2101 1977 bitur
2122 1922 2201 1977 ad
2260 1920 2572 1987 sermonis,
2629 1917 2984 1991 argumenti,
3040 1918 3122 1973 rei
3181 1917 3594 1974 demonstratis

184 2011 323 2066 Huic
369 2008 633 2081 apponit,
667 2013 732 2063 ut
764 2007 902 2076 dixi,
928 2007 1167 2063 Tertull.
1199 2025 1297 2081 per
1320 2011 1604 2080 epistolam
1626 2011 1835 2082 pradi-
1945 2009 2384 2066 obscuritatem.

1215 2247 1772 2337 ARGUMEN
1781 2250 1925 2340 TA
2025 2248 2544 2337 CAPITUM

1052 2398 1315 2460 PROUT
1358 2400 1435 2460 IN
1482 2401 2061 2464 MANUSGRIPTIS
2107 2400 2722 2463 GONCIPIUNTUR.

705 2549 835 2594 NA]!
880 2548 1226 2595 COPIOSIORA
1263 2552 1337 2597 ET
1378 2554 1804 2600 ACCURATORIA
1846 2555 1959 2600 N08
2004 2552 2274 2600 SINGULIS
2319 2551 2630 2599 CAPITIBUS
2674 2550 3073 2597 PBEFIXIMUS.

180 2779 417 2836 CAPUT
450 2778 495 2833 Ι.
526 2779 602 2833 De
623 2775 916 2847 iniquitate
935 2774 1253 2845 judicandi.
1951 2779 2186 2837 CAPUT
2216 2776 2379 2834 XXV.
2416 2780 2501 2832 De
2527 2775 2887 2846 religiositate
2917 2777 3316 2833 Romanorum.

446 2850 511 2905 ll.
550 2849 753 2904 Contra
778 2847 1221 2917 Inquisitionem.
2070 2874 2098 2902 ‹‹
2216 2850 2401 2905 XXVI.
2433 2850 2509 2904 De
2534 2864 2704 2918 regno
2734 2848 2850 2902 Dei.
3176 2890 3181 2897 .

302 2944 329 2975 ι
449 2922 544 2977 lII.
576 2922 649 2975 De
686 2920 928 2973 nominis
954 2919 1391 2989 exprobratione.
2071 2946 2091 2971 α
2217 2922 2435 2975 XXVII.
2472 2921 2547 2974 De
2573 2921 2775 2990 spiritu
2802 2920 3158 2975 da’moniaco.

449 2992 541 3047 IV.
572 2993 647 3047 De
678 2990 911 3062 legibus.
2066 3018 2093 3044 «
2218 2991 2463 3047 XXVIII.
2496 2992 2567 3045 De
2596 3007 2760 3062 regno
2792 2993 3204 3062 imperatorum.

445 3064 514 3117 V.
547 3060 748 3119 Contrd
776 3060 951 3117 idola.
1038 3132 1041 3133 7
1580 3118 1581 3121 η
2067 3086 2096 3115 ‹‹
2214 3064 2399 3119 XXIX.
2437 3070 2528 3117 Αη
2557 3060 2762 3130 possint
2787 3060 3042 3133 prodesse
3071 3063 3239 3118 idola.

453 3135 550 3190 VI.
578 3136 651 3190 De
685 3135 894 3205 legibus
920 3132 1209 3205 neglectis.
2066 3159 2094 3187 «
2215 3140 2392 3189 XXX.
2426 3135 2498 3189 De
2525 3132 3264 3204 precibus’Christianorum.

456 3207 581 3261 VII.
612 3210 693 3262 De
722 3204 1071 3274 infanticidio
1102 3213 1154 3260 et
1175 3204 1333 3277 fama
1362 3206 1621 3262 incestus.
2067 3231 2087 3258 α
2212 3208 2394 3262 XXXI.
2430 3207 2505 3261 De
2536 3207 2781 3260 oratione
2804 3222 2907 3276 pro
2936 3207 3199 3277 inimicis,
3227 3221 3326 3277 pro
3356 3207 3590 3278 imperio

452 3278 602 3333 VIII.
634 3278 709 3332 De
732 3285 884 3350 fama
917 3278 1158 3350 lucerti._
2284 3282 2333 3333 et
2359 3282 2625 3350 potestate
2649 3279 3059 3346 imperatorum'

293 3374 325 3404 ‹‹
451 3351 543 3405 ΙΧ.
574 3350 645 3404 De
670 3349 961 3404 sceleribus
990 3348 1303 3417 gentilium.
2065 3374 2094 3401 «
2213 3348 2427 3405 XXXII.
2459 3351 2534 3405 De
2562 3365 2671 3405 non
2701 3349 2933 3418 iurando
2958 3364 3061 3419 per
3088 3348 3312 3417 genium
3336 3352 3594 3408 Caesaris.

298 3448 321 3474 ε
454 3427 523 3476 Χ.
560 3422 628 3477 De
656 3436 766 3475 non
796 3420 1017 3474 colendo
1048 3420 1213 3475 idolo.
2064 3446 2091 3473 «
2214 3422 2456 3476 XXXIII.
2493 3428 2602 3476 Pro
2632 3422 2985 3490 imperatore.

290 3517 318 3547 α
451 3495 545 3550 XI.
584 3497 664 3548 De
692 3492 1011 3548 hominibus
1038 3495 1155 3563 post
1180 3494 1409 3547 mortem
1458 3492 1517 3547 in
1563 3493 1837 3549 Divini/a-
2064 3518 2091 3545 ‹‹
2210 3493 2450 3548 XXXIV.
2484 3494 2589 3547 Pro
2618 3494 2850 3562 Augusto
2882 3500 3236 3563 imperatore.

525 3572 631 3618 lem
658 3563 894 3619 allectis.
2067 3588 2088 3615 ι
2214 3568 2442 3619 XXXV.
2482 3566 2552 3619 De
2575 3565 2912 3619 solemnibus
2943 3563 3241 3618 Caesarum.

453 3634 567 3689 XII.
597 3637 796 3690 Contra
824 3634 1047 3689 deorum
1074 3634 1400 3689 simulacra.
2068 3659 2096 3687 «
2214 3636 2543 3691 XXXVI.De
2570 3636 2905 3706 arqualitate
2934 3635 3183 3689 omnium
3211 3650 3596 3706 personarum.

286 3734 318 3761 ‹‹
453 3707 600 3762 XIII.
633 3707 705 3761 De
734 3706 1095 3762 irreverentia
1124 3723 1254 3775 erga
1284 3707 1426 3760 deos.
2068 3732 2095 3759 ‹‹
2216 3708 2479 3763 XXXVII.
2511 3708 2589 3763 Ne
2618 3708 2826 3761 malum
2856 3712 3049 3763 contra
3072 3707 3302 3761 malum.

288 3804 318 3834 ι
454 3777 591 3832 XIV.
628 3778 701 3831 De
730 3777 1108 3846 sacriﬁcando.
2068 3801 2091 3831 α
2215 3779 2509 3834 XXXVIII.
2538 3780 2613 3833 De
2640 3784 2796 3833 caetu.

294 3877 317 3903 ι
455 3849 572 3905 XV.
607 3851 676 3905 De
704 3850 907 3921 fabulis
937 3855 987 3903 et
1018 3849 1208 3903 mimis
1236 3848 1571 3920 deorumque
1617 3848 1839 3919 ﬁvdila-
2066 3874 2093 3901 ‹‹
2216 3851 2451 3905 XXXIX.
2486 3855 2563 3906 De
2587 3850 2885 3921 disciplina
2918 3848 3382 3904 Christianorum.

525 3922 689 3975 tibus.
2065 3946 2092 3972 ‹‹
2216 3922 2329 3977 XL.
2365 3922 2566 3977 Contra
2592 3922 2871 3978 ethnicam
2898 3922 3187 3976 rationem.

456 3992 596 4047 XVI.
632 3992 906 4077 Decapile
934 3992 1155 4077 asinino
1185 3992 1475 4077 dexteris
1506 3992 1841 4063 insignibus,
2070 4017 2091 4043 α
2216 3994 2353 4049 XLI.
2389 3994 2542 4077 Quod
2573 3999 2713 4050 Deus
2762 3997 3054 4062 spernitur
3099 3997 3151 4046 et
3204 3995 3407 4049 statuae
3460 3992 3597 4048 ado-

560 4079 649 4121 αα)
676 4062 975 4118 Christiani
1006 4062 1329 4118 dicebantur
1357 4063 1553 4118 colere.
1626 4062 1629 4063 ⁷
2286 4072 2509 4121 rantur.
3453 4084 3461 4091 ·

454 4134 623 4190 XVII.
655 4136 728 4190 De
758 4136 879 4189 Deo.
931 4204 939 4207 _
1026 4206 1032 4207 7
1193 4203 1211 4207 Α
1442 4206 1447 4207 7
1546 4206 1549 4207 7
1670 4205 1677 4207 7
2066 4158 2093 4185 «
2216 4136 2379 4191 XLII.
2418 4138 2572 4204 Quod
2601 4137 2972 4207 infructuosos
3000 4134 3209 4190 dicunt.

460 4207 652 4262 XVIII.
686 4208 758 4260 De
785 4204 1057 4275 prophetis
1086 4209 1134 4259 et
1178 4203 1477 4274 Seripturis
1524 4205 1840 4262 Dominicis.
2068 4230 2095 4257 «
2216 4208 2407 4263 XLIII.
2440 4203 2521 4264 De
2550 4203 2840 4263 lenocinio.

457 4278 593 4334 XIX.
627 4280 700 4333 De
729 4278 905 4348 Moyse
931 4277 1213 4347 propheta.
2074 4302 2102 4329 «
2224 4279 2413 4335 XLIV.
2448 4282 2523 4335 De
2549 4281 2815 4335 custodiis
2843 4278 3202 4333 ethnicorum.

459 4350 571 4404 XX.
609 4355 683 4405 De
712 4359 867 4404 statu
899 4356 1220 4419 temporum.
1332 4417 1341 4419 7
1490 4373 1499 4382 -
2074 4372 2101 4403 α
2219 4352 2370 4406 XLV.
2411 4353 2483 4406 De
2511 4352 2829 4407 innocentia
2858 4351 3324 4405 Christianorum.

453 4425 602 4475 XXI.
639 4422 710 4476 De
753 4417 1083 4476 Christianis
1137 4425 1188 4474 et
1239 4417 1467 4485 Judxis,
1527 4419 1737 4475 Christo
1796 4422 1845 4474 et
2071 4443 2099 4472 «
2222 4422 2411 4477 XLVI.
2444 4425 2518 4478 De
2546 4424 2881 4477 Christianis
2910 4421 3344 4492 etphitosophis.

532 4494 922 4565 anipotente.
2075 4513 2102 4545 α
2220 4494 2430 4549 XLVII.
2465 4494 2614 4562 Quod
2641 4494 2952 4565 philosophi
2980 4497 3031 4548 et
3061 4497 3231 4564 poeta
3256 4508 3362 4548 sua
3387 4508 3457 4548 ea:
3482 4492 3598 4561 lege

453 4564 620 4620 XXII.
654 4567 730 4620 De
754 4564 1058 4620 daemonum
1086 4569 1309 4616 natura.
1674 4634 1679 4635 7
2328 4567 2429 4620 Dei
2454 4566 2873 4635 desumpserint.

456 4636 649 4692 XXIII.
682 4638 759 4692 De
784 4634 1263 4708 phantasmatibus
1288 4635 1520 4703 magicis
1549 4642 1600 4690 et
1642 4634 1846 4690 daemo-
2078 4655 2100 4684 σι
2220 4637 2454 4692 XLVIII.
2490 4639 2561 4693 De
2592 4634 2995 4708 resurrectione
3024 4636 3282 4705 corporis.

523 4710 728 4763 niacis.
788 4707 794 4708 “
2075 4730 2097 4757 σι
2221 4709 2408 4763 XLIX.
2444 4710 2515 4765 De
2548 4708 2843 4764 tolerandis
2879 4707 3245 4762 Christianis.

450 4780 647 4836 XXIV.
683 4782 757 4835 De
784 4778 1052 4832 varietate
1079 4776 1326 4833 deorum.
2071 4802 2099 4829 ι(
2225 4781 2286 4835 L.
2320 4783 2655 4837 Prwstanlia
2684 4780 2955 4837 doctrinae
2986 4779 3346 4835 Christianae.

164 4903 3610 4935 Μ

1040 5010 1195 5067 ²⁵⁰
1238 5025 1946 5158 LECTORI
2046 5026 2771 5159 CANDIDO

810 5237 902 5322 S.
981 5235 1071 5321 Ρ.
1154 5235 1265 5318 Ι).
1347 5234 2054 5325 SIGEBEBTUS
2132 5237 3011 5326 HAVEBGAMPUS.

237 5525 509 5589 Semper
576 5516 776 5572 Africa
834 5512 964 5568 novi
1026 5510 1267 5581 aliquid.
1334 5511 1479 5580 Illa,
1542 5512 1860 5568 solitudine
1971 5513 2165 5584 specie
2196 5515 2535 5585 roborisque
2566 5512 2973 5586 amplitudine,
3009 5510 3215 5567 ditavit
3242 5509 3625 5570 animalibus.

169 5608 461 5669 horrida,
494 5607 758 5663 terarum
794 5601 985 5669 altrix,
1017 5600 1248 5656 scholas
1278 5600 1621 5668 bestiarum,
1650 5604 1859 5658 Roma-
1971 5602 2079 5657 Illa
2112 5604 2169 5659 in
2204 5605 2582 5660 sanctissima
2625 5606 2949 5673 martyrum
3007 5616 3269 5670 corpora,
3326 5605 3633 5673 spectante

168 5712 531 5770 norumque
561 5696 706 5753 olim
742 5707 1011 5758 munera,
1070 5687 1253 5760 mille,
1315 5690 1544 5750 diversa
1601 5692 1859 5751 horroris
1970 5678 2104 5751 laeta
2165 5694 2398 5753 Romuli
2456 5694 2651 5768 plebe,
2708 5689 3291 5765 spectatoribusmon
3322 5690 3638 5754 dissimilia

505 5828 775 5889 Ριτιιοι..
822 5820 871 5883 I.
3281 5824 3358 5883 10
