4366 6370
637 361 758 424 299

1979 353 2315 415 LECTORI
2357 353 2704 418 CANDIDO

3922 367 4050 428 300

639 492 854 567 Libyca
890 492 1135 549 immisit
1166 494 1450 546 montra.
1483 488 1613 543 Fuit
1641 487 1845 543 eadem
1889 486 2099 554 Africa,
2149 501 2276 557 quas
2308 497 2359 565 Α
2394 503 2516 542 rum
2543 505 2608 544 ac
2635 482 2950 545 litterarum
2985 491 3236 547 omnium
3271 495 3636 564 cognitionem
3654 512 3677 558 ,·
3719 498 3836 565 fuit
3881 513 4044 555 enim

638 600 754 638 non
785 581 988 654 vulpes
1014 578 1352 645 solum,doli
1386 578 1624 650 plenum
1647 575 2026 645 genus,triste
2059 574 2280 630 malum

639 672 788 740 uvis,
823 669 1337 743 protuberantibus
1360 669 1615 739 primum
1644 666 1702 719 in
1727 663 1980 719 Ecclesia
2003 663 2278 718 Christia-

638 779 712 816 na
742 760 978 824 vitibus,
1012 757 1367 830 procreavit;
1401 756 1500 811 sed
1533 760 1590 810 et
1620 753 1967 810 metuendos
2006 751 2281 808 dentibus

636 865 830 922 apros,
862 849 1055 903 vineta
1084 847 1216 919 ipsa
1239 845 1600 910 ell‘odientes,
1633 843 1990 898 horrendum
2048 841 2281 914 rugien-

635 943 720 993 tes
749 936 947 992 leones
974 935 1352 1005 immitesque
1384 949 1550 988 ursos
1581 930 2011 986 subministrat.
2047 934 2118 984 At
2145 945 2278 984 vero

635 1024 787 1080 sicut
841 1025 915 1080 ad
975 1023 1419 1095 temperandam
1477 1020 1648 1077 Urbis
1683 1021 1944 1088 Eternaa,
1976 1035 2102 1090 quas
2134 1017 2278 1073 falso

635 1113 872 1169 nomine
902 1111 1016 1168 sibi
1042 1111 1456 1167 blandiebatur
1489 1107 2107 1176 Roma,lzetitiam,Airi
2135 1123 2274 1177 prte-

631 1202 834 1259 sertim
865 1201 1337 1274 efﬂagitabantur
1361 1203 1684 1265 venatores,
1717 1198 1837 1268 qui,
1893 1196 2117 1250 viribus
2173 1211 2278 1249 va-

630 1291 841 1357 lentas,
894 1291 1037 1347 251
1103 1288 1575 1357 frustrandisque
1621 1285 1935 1341 bestiarum
1978 1283 2275 1340 morsibus

628 1381 903 1447 artifices,
933 1380 1216 1450 impetum
1249 1393 1452 1433 earum
1478 1376 1801 1444 eluderent,
1829 1375 2104 1445 ipsasque
2135 1389 2273 1428 con-

625 1470 900 1536 ficerent;
930 1468 1014 1524 sic
1043 1467 1219 1523 etiam
1253 1466 1397 1521 satis
1437 1480 1716 1536 magnum
1749 1468 1964 1518 aeterna
2008 1477 2138 1516 vere
2170 1461 2269 1516 Dei

625 1559 742 1613 veri
774 1557 982 1613 civitas
1011 1561 1217 1610 contra
1245 1553 1708 1617 Valentinianos,
1743 1552 2068 1618 Gnosticos,
2101 1549 2272 1606 Aria-

622 1664 752 1713 nos,
784 1645 1124 1716 similiaque
1156 1648 1379 1700 natura:
1413 1646 1703 1715 portenta,
1736 1640 1999 1712 genitum
2057 1656 2125 1694 ex
2181 1655 2271 1694 ea-

622 1739 755 1793 dem
811 1735 923 1791 sibi
981 1733 1176 1789 Al‘rica
1221 1732 1366 1787 vidit
1397 1730 1756 1802 praesidium.
1791 1729 1938 1792 Ouid
1971 1729 2129 1784 enim
2160 1731 2272 1783 Αυ-

618 1824 838 1897 gustini
869 1839 976 1895 ego
1008 1821 1391 1878 subtilitatem
1427 1823 1485 1874 et
1539 1818 1927 1874 eruditionem
1983 1817 2218 1872 laudem
2240 1815 2268 1871 ?

617 1921 961 1978 melliﬂuam
996 1918 1272 1975 Lactantii
1306 1916 1696 1987 eloquentiam
1731 1915 2021 1986 probem?
2068 1919 2257 1969 Arno-

611 2010 696 2068 bii
754 2011 984 2066 doctam
1043 2007 1441 2063 curiositatem
1500 2002 2165 2077 persequar?Undique
2195 2001 2254 2056 in

600 2099 883 2172 "Cypriani
914 2096 1149 2168 scriptis
1181 2094 1532 2151 relucentem
1579 2092 1878 2163 pietatem,
1903 2108 2078 2163 quam
2129 2091 2256 2163 ipse

613 2187 895 2259 sanguine
953 2203 1060 2241 suo
1092 2183 1363 2257 signavit,
1398 2181 1717 2254 suspiciam
1741 2181 1767 2235 ?
1799 2181 1944 2244 Quid
1979 2179 2252 2250 denique,

609 2276 710 2348 qui
745 2292 856 2332 uno
887 2275 1064 2330 etiam
1097 2272 1292 2329 libello
1325 2271 1580 2327 multum
1610 2287 1757 2326 verae
1785 2269 1980 2341 gloriae
2015 2268 2251 2335 meruit,

612 2361 852 2418 Minucii
884 2362 1140 2418 admirer
1161 2360 1476 2416 rotundum
1498 2363 1556 2415 et
1582 2358 1902 2413 leneﬂuens
1931 2355 2247 2428 eloquiuml

611 2452 772 2508 Unus
803 2453 992 2507 instar
1019 2449 1284 2505 omnium
1315 2452 1403 2503 est
1438 2448 1833 2516 Tertullianus,
1866 2445 1924 2500 in
1958 2462 2069 2517 quo
2101 2445 2250 2500 mul-

606 2545 733 2597 tum
766 2540 876 2596 sibi
909 2539 1098 2611 placet
1129 2537 1534 2609 Augustinus;
1567 2534 1758 2592 omnis
1817 2533 2047 2606 generis
2094 2534 2248 2589 litte-

607 2646 804 2685 rarum
831 2627 1097 2700 peritiam
1123 2626 1387 2698 agnoscit
1413 2624 1776 2690 Lactantius;
1802 2639 1973 2694 quem
2007 2639 2252 2694 sequen-

605 2720 746 2773 dum
779 2717 892 2773 sibi
926 2715 1199 2788 proponit
1225 2713 1553 2781 Arnobius;
1588 2711 1960 2784 magistrum,
2019 2710 2246 2782 quoties

600 2815 780 2870 libros
810 2813 937 2884 ejus
969 2811 1360 2884 poscit,vocat
1389 2809 1731 2882 Cyprianus;
1765 2807 1822 2862 in
1855 2824 1961 2864 suo
1995 2809 2244 2879 denique

599 2903 860 2974 Dialogo,
894 2900 994 2975 qui
1025 2900 1184 2956 velut
1205 2903 1568 2954 contractum
1603 2914 1669 2953 ex
1697 2901 1859 2952 vasto
1888 2895 2243 2969 Apologetici

599 2993 776 3062 hujus
807 2989 1006 3062 pelago
1039 2989 1205 3044 sinus
1231 2991 1319 3042 est
1348 2990 1913 3051 curvamen,tantum
1947 3002 2061 3040 non
2087 2992 2243 3040 tran-

596 3079 803 3137 scribit
832 3077 1145 3133 Minucius.
1186 3077 1259 3131 De
1291 3092 1406 3148 quo
1439 3074 1675 3146 quidem
1714 3072 2238 3145 Tertulliano,quid

591 3179 814 3226 veteres
843 3172 898 3222 et
925 3171 1184 3221 recentes
1214 3171 1480 3220 auctores
1511 3179 1623 3218 non
1655 3163 1781 3218 sine
1829 3161 2072 3217 laudum
2131 3179 2234 3217 cu-

2388 577 2573 632 doctor
2617 580 2906 635 omniscius
2947 585 2997 636 et
3026 585 3272 650 argutus,
3305 584 3401 652 qui
3428 585 3602 639 illatis
3627 586 3883 641 manibus
3912 593 4044 643 tra-

2387 667 2615 721 ctandus
2643 683 2752 722 non
2781 678 2878 732 est,
2911 674 3027 736 inec
3074 671 3251 724 obiter
3299 671 3587 741 legendus,
3635 673 3838 746 ubique
3886 678 4044 731 enim

2388 763 2705 810 remoratur
2735 757 3011 813 lectorem.
3046 759 3416 816 Tertullianus
3464 766 3619 816 certe
3668 763 4045 820 excellentis-

2389 844 2578 898 simus
2607 850 2812 900 auctor
2841 851 2930 901 est
2961 848 3016 901 in
3071 847 3369 904 omnibus.
3414 853 3657 905 Exstant
3709 851 3884 907 etiam
3939 855 4043 908 do-

2389 933 2632 988 ctissimi
2683 939 2740 988 et
2787 935 3214 991 aocuratissimi
3284 937 3460 1009 Lipsii
3530 939 3755 1003 litterae,
3810 941 3911 996 lib.
3959 959 4036 1010 iv,

2385 1020 2556 1092 epist.
2590 1021 2644 1091 9,
2673 1023 2744 1078 ad
2775 1023 3058 1079 Jacobum
3090 1024 3442 1093 Pamelium,
3471 1027 3531 1082 in
3564 1027 3722 1084 hunc
3750 1045 3991 1084 sensum
4022 1047 4035 1084 :

2384 1118 2560 1174 Audio
2590 1128 2658 1187 te,
2689 1120 2992 1176 clarissime
3018 1122 3250 1188 Pameli,
3291 1124 3347 1177 in
3406 1123 3751 1180 emendando
3812 1127 4041 1182 Tertul-

2387 1208 2535 1261 lzano
2581 1223 2713 1263 esse.
2762 1208 2950 1278 Major,
3001 1226 3083 1264 an
3127 1211 3324 1266 utilior
3365 1229 3400 1266 a
3442 1221 3493 1267 te
3522 1229 3610 1267 res
3637 1221 3904 1286 suscepta,
3930 1231 4036 1269 ne-

2379 1296 2848 1367 scio.Scriptorem
2875 1299 3099 1370 plenum
3127 1302 3374 1370 antiquae
3406 1307 3456 1356 et
3486 1303 3785 1359 recondita
3822 1303 4032 1358 doctri-

2381 1399 2474 1440 nae
2501 1387 2781 1454 corrigere
2805 1389 3044 1442 arduum
3069 1405 3082 1455 ;
3114 1390 3364 1445 eumdem
3392 1404 3692 1446 correctum
3723 1393 3874 1461 dari,
3922 1408 4035 1448 non

2380 1473 2554 1527 solum
2585 1484 2764 1529 vestra
2811 1474 3183 1544 theologorum
3232 1479 3479 1544 interest,
3529 1480 3624 1534 sed
3672 1483 3857 1533 nostra
3901 1496 4020 1535 om-

2378 1562 2553 1624 nium,
2607 1563 2702 1632 qui
2747 1562 2958 1617 litteras
2987 1563 3139 1620 252
3170 1564 3379 1620 Gratias
3413 1567 3784 1638 Romanasque
3813 1571 4032 1626 tracta-

2377 1665 2517 1704 mus.
2545 1649 2745 1705 Merito
2772 1650 2970 1722 itaque
2998 1651 3177 1708 nobili
3210 1652 3484 1723 litterato,
3523 1661 3581 1711 et
3631 1656 3842 1712 diﬂ‘usa
3891 1673 4030 1713 eru-

2377 1736 2617 1792 ditionis
2650 1738 2883 1794 Barthio
2915 1739 3079 1795 audit
3110 1763 3137 1790 ‹‹
3169 1743 3334 1796 Pater
3363 1742 3752 1812 eruditionum,
3786 1743 3892 1799 lib.
3925 1761 4030 1800 xm

2379 1825 2702 1890 Adversar.,
2735 1842 2862 1897 cap.
2899 1827 2985 1882 16.
3033 1829 3198 1899 Apud
3244 1846 3418 1900 quem
3471 1830 3574 1886 lib.
3623 1849 3739 1900 xxx,
3789 1849 3920 1904 cap.
3974 1835 4026 1901 1,

2376 1914 2493 1969 Ι]ωο
2535 1914 2713 1970 etiam
2763 1914 2879 1987 legi
2927 1921 3194 1987 possunt.
3227 1919 3614 1990 iScriptorum,
3647 1932 3922 1993 quantum
3951 1923 4024 1978 ad

2364 2019 2462 2058 nos
2490 2005 2655 2069 venit,
2681 2003 2953 2060 eruditior
2979 2022 3138 2061 nemo
3170 2011 3265 2077 est,
3305 2025 3476 2079 exque
3523 2026 3624 2080 quo
3667 2011 3836 2082 plura
3885 2027 4020 2067 con-

2363 2092 2570 2148 discere
2594 2096 2790 2164 possis,
2822 2110 2984 2164 quam
3018 2096 3408 2161 Tertullianus,
3441 2099 3645 2154 Nullus
3679 2102 3739 2154 in
3770 2115 3830 2156 eo
3876 2117 4020 2172 apes:

2363 2182 2439 2233 est
2486 2195 2593 2234 non
2639 2196 2764 2234 cum
2790 2197 2925 2235 cura
2952 2183 3186 2252 positus,
3218 2192 3298 2248 ut,
3332 2200 3435 2256 quo
3463 2191 3620 2256 pacto
3651 2188 3764 2242 alii
3795 2190 4014 2259 inopia,

2364 2265 2454 2321 hic
2479 2267 2824 2323 abundantia
2854 2270 3165 2325 litterarum
3192 2288 3413 2342 peccare
3459 2289 3865 2348 nonnunquam
3928 2279 4018 2332 vi-

2361 2355 2574 2411 deatur.
2609 2358 2834 2423 Quibus
2870 2359 3075 2414 merito
3101 2361 3540 2431 adjungendum
3565 2365 3795 2420 Thomas
3845 2366 4016 2420 Cam-

2361 2444 2601 2516 panellaa
2634 2445 3061 2517 testimonium,
3095 2448 3200 2502 viri
3235 2451 3408 2521 cujus
3439 2451 3660 2524 ingenii
3705 2453 4018 2509 vehemen-

2361 2533 2496 2587 tiam
2541 2539 2598 2588 et
2638 2533 2848 2602 judicii
2899 2535 3281 2592 acrimoniam
3326 2556 3476 2610 saepe
3506 2557 3637 2595 sum
3667 2541 4017 2598 admiratus.

2359 2620 2460 2675 Ille
2491 2622 2549 2676 in
2582 2621 2778 2677 libello
2825 2623 2894 2678 de
2949 2625 3131 2679 Libris
3179 2628 3430 2698 prepriis
3480 2635 3538 2684 et
3579 2635 3738 2685 recta
3787 2633 4015 2688 ratione

2355 2709 2652 2776 studendi,
2683 2726 2810 2783 cap.
2842 2711 2897 2780 9,
2929 2711 3067 2766 edit.
3099 2714 3415 2785 Crenianaa,
3441 2733 3571 2788 pag.
3603 2719 3730 2784 216,
3764 2719 3863 2774 ubi
3893 2720 4004 2774 vir-

2333 2803 2510 2854 .tutes
2539 2803 2596 2854 et
2626 2799 2762 2854 vitia
2794 2799 3148 2870 scriptorum
3179 2805 3586 2874 quorumdam,
3620 2807 3720 2877 qui
3776 2807 4004 2864 theolo-

2353 2886 2481 2958 gica
2511 2892 2856 2953 tractarunt,
2889 2891 3273 2957 enumeravit,
3305 2892 3388 2947 ita
3417 2893 3473 2946 in
3508 2893 3615 2948 hoc
3646 2900 3848 2950 nostro
3894 2913 4004 2951 au-

2349 2979 2508 3029 ctore
2537 2974 3093 3032 ﬁnitzTerlullianus
3123 2977 3360 3050 denique
3384 2988 3444 3034 ut
3474 2981 3849 3052 theologorum
3879 3000 3998 3039 ma-

2346 3063 2534 3132 gister,
2564 3063 2686 3133 plus
2710 3065 2904 3134 probat
2921 3065 3127 3120 duobus
3156 3069 3351 3135 verbis,
3386 3085 3550 3140 quam
3597 3074 3791 3127 caeteri
3840 3075 4001 3129 mille

2346 3154 2688 3220 argumentis
2733 3170 2752 3207 :
2791 3157 2997 3225 gravis,
3050 3155 3282 3225 arduus,
3332 3174 3481 3224 acer,
3530 3160 3759 3230 efﬁcax,
3798 3162 3998 3228 brevis,

595 3257 756 3313 mulo
809 3255 1124 3321 senserint,
1157 3253 1427 3324 quamvis
1458 3251 1550 3306 hic
1583 3251 1909 3306 exscribere
1941 3250 2085 3305 mihi
2119 3267 2235 3306 non

2352 3242 2646 3294 concinnus
2677 3259 2697 3296 :
2741 3243 3132 3314 philosophica:
3178 3249 3577 3317 grammaticae,
3643 3265 3752 3304 non
3811 3255 3996 3306 autem

591 3347 669 3401 sit
699 3343 1083 3417 prepositum,
1135 3347 1330 3397 tamen
1388 3358 1503 3396 non
1558 3356 1799 3410 possum
1859 3339 1998 3410 quin
2051 3355 2236 3411 pauca

589 3433 860 3489 delibem.
891 3437 956 3485 Et
984 3436 1244 3486 veterum
1286 3430 1523 3500 quidem
1578 3427 2003 3499 perhonorifica
2065 3427 2232 3482 testi-

586 3522 786 3578 monia
817 3520 976 3576 hisce
1006 3517 1298 3575 contraxit
1317 3517 1660 3573 Vincentius
1689 3515 2232 3588 Lirinensis,quinti

585 3619 804 3688 saeculi,
839 3618 928 3674 cui
962 3616 1128 3671 illum
1161 3616 1412 3686 Cangius
1442 3614 1725 3686 assignat,
1787 3629 1902 3668 non
1959 3613 2228 3670 infacun-

582 3712 693 3766 dus
741 3709 989 3780 scriptor
1048 3723 1060 3762 :
1121 3706 1238 3770 Hic,
1291 3704 1501 3776 inquit,
1562 3703 1706 3774 apud
1763 3705 1983 3759 Latinos
2013 3713 2225 3760 nostro-

582 3817 708 3855 rum
735 3802 981 3854 omnium
1007 3796 1178 3867 facile
1205 3796 1456 3866 princeps
1475 3793 1844 3864 judicandus.
1896 3794 2039 3861 Quid
2077 3796 2226 3849 enim

580 3891 678 3945 hoc
708 3891 827 3944 viro
855 3887 1068 3942 doctius
1087 3884 1115 3940 ‘t
1144 3884 1285 3952 Quid
1315 3885 1371 3937 in
1403 3883 1618 3938 divinis
1642 3886 1806 3953 atque
1835 3881 2094 3937 humanis
2137 3899 2223 3937 re-

583 3979 680 4034 bus
736 3977 1138 4034 exercitatius?
1190 3975 1390 4043 Nempe
1445 3988 1660 4026 omnem
1723 3971 2127 4041 philosOphiam
2174 3980 2226 4028 et

577 4075 804 4126 cunctas
829 4065 1282 4140 philosophorum
1311 4073 1504 4132 sectas,
1537 4070 1782 4118 auctores
1819 4066 2223 4135 assertoresque

573 4169 863 4223 sectarum,
897 4169 1181 4224 omnesque
1225 4168 1415 4208 eorum
1460 4153 1805 4222 disciplinas,
1859 4166 2071 4206 omnem
2127 4153 2220 4207 hi-

573 4249 887 4305 storiarum
942 4254 992 4301 et
1045 4241 1357 4298 studiorum
1411 4243 1733 4295 varietatem
1757 4270 1762 4274 -
1787 4242 1936 4295 mira
1983 4241 2220 4312 quadam

569 4340 775 4393 mentis
802 4336 1106 4408 capacitate
1133 4331 1449 4401 complexus
1475 4339 1574 4386 est.
1606 4332 1842 4403 Ingenio
1870 4346 1998 4385 vero
2035 4347 2218 4386 nonne

567 4437 680 4484 tam
707 4428 868 4498 gravi
896 4429 946 4480 et
975 4422 1278 4478 vehementi
1307 4419 1593 4485 excelluit,
1624 4429 1686 4474 ut
1721 4419 1868 4473 nihil
1913 4419 2024 4474 sibi
2077 4436 2217 4487 pene

563 4518 633 4572 ad
689 4513 1114 4588 expugnandum
1168 4511 1536 4580 praposuerit,
1564 4508 1704 4580 quod
1731 4525 1843 4565 non
1869 4516 1966 4563 aut
1991 4511 2210 4565 acumi-

2343 3327 2528 3382 civilis
2574 3331 2769 3397 cultor,
2818 3335 2871 3386 et
2916 3347 3013 3388 suo
3062 3335 3418 3404 africanismo
3462 3335 3708 3393 homines
3748 3340 3892 3394 velut
3922 3339 3994 3396 ad

2339 3420 2658 3488 peregrinas
2683 3435 2887 3475 merces
2915 3421 3192 3478 alliciens.

2411 3523 2557 3586 Quid
2584 3523 2763 3596 igitur
2792 3526 3030 3595 mirum,
3062 3527 3111 3583 si
3142 3533 3342 3585 tantus
3374 3534 3577 3586 auctor
3605 3548 3722 3589 non
3753 3538 3986 3591 tantum

2340 3615 2457 3667 tam
2482 3612 2746 3685 insignes
2778 3615 3130 3684 laudatores,
3164 3619 3263 3673 sed
3296 3624 3352 3673 et
3400 3621 3669 3676 omnium
3721 3627 3985 3695 gentium

2336 3702 2624 3757 invenerit
2667 3705 3202 3761 commentatores?
3249 3707 3395 3764 Cum
3450 3711 3782 3768 Tertulliani
3827 3714 3981 3770 enim

2337 3792 2572 3847 nomine
2620 3799 2955 3848 consecrata
3003 3796 3332 3866 aeternitati,
3377 3813 3443 3852 ex
3495 3801 3655 3855 omni
3718 3807 3873 3857 statu
3926 3808 3983 3857 et

2333 3879 2663 3950 disciplina,
2694 3882 3014 3936 manebunt
3044 3885 3284 3939 nomina
3313 3886 3752 3961 Rhenanorum,
3787 3895 3980 3948 Pame-

2330 3966 2566 4036 liorum,
2596 3969 2929 4036 Juniorum,
2961 3973 3032 4026 de
3073 3971 3129 4028 la
3177 3975 3517 4042 Cerdarum,
3575 3979 3976 4047 Heraldorum,

2329 4058 2836 4126 Gothofredorum,
2869 4059 3309 4131 Salmasiorum,
3346 4065 3830 4137 Rigaltiorum.Ut
3852 4071 3974 4140 jam

2328 4151 2554 4203 taceam
2620 4147 2934 4220 Zephyros,
2985 4155 3266 4220 Barrteos,
3323 4157 3628 4226 Gagnzeos,
3697 4157 3971 4224 Latiuios,

2329 4244 2618 4310 Gelenios,
2661 4248 2989 4311 Mercerios,
3041 4248 3433 4322 Wouwerios,
3487 4254 3784 4327 aliamque
3829 4254 3970 4309 satis

2326 4350 2701 4388 numerosam
2748 4335 3112 4392 eruditorum
3137 4341 3390 4407 turbam,
3426 4344 3528 4413 qui
3561 4343 3738 4414 hujus
3770 4350 3967 4398 aucto-

2324 4423 2403 4477 ris
2435 4423 2695 4477 studium
2731 4422 2979 4492 publicis
3011 4425 3229 4496 ingenii
3260 4428 3351 4482 sui
3381 4432 3778 4489 monumentis
3798 4436 3970 4486 testa-

2321 4516 2446 4566 tum
2481 4512 2730 4582 posteris
2761 4511 3089 4568 voluerunt.
3123 4515 3192 4570 Et
3221 4533 3288 4571 ex
3319 4517 3409 4574 bis
3440 4521 3678 4591 quidem
3731 4517 3965 4592 plurimi

562 4621 634 4660 ne
663 4606 954 4675 irruperit,
989 4607 1084 4656 aut
1113 4599 1354 4670 pondere
1384 4601 1655 4654 illiserit?
1698 4601 1818 4654 Jam
1871 4614 2032 4668 porro
2092 4615 2213 4654 ora-
2243 4589 2290 4654 D
2322 4606 2533 4656 cuncta
2555 4599 2722 4654 nobis
2745 4601 3069 4658 Tertulliani
3089 4604 3277 4675 Opera
3300 4589 3802 4669 ,eluci‘dationibus
3843 4607 3964 4661 suis

560 4695 726 4750 tionis
778 4707 898 4748 sua?
955 4691 1144 4745 laudes
1193 4687 1313 4759 quis
1369 4689 1596 4758 exsequi
1625 4687 2000 4754 valeatPQuae
2024 4691 2203 4757 tanta,

556 4785 737 4839 nescio
767 4799 899 4853 qua,
929 4782 1210 4836 rationum
1239 4778 1507 4833 densitate
1559 4786 1805 4832 conserta
1859 4786 1956 4844 est,
2008 4770 2078 4830 ut
2134 4779 2205 4831 ad

556 4888 877 4928 consensum
907 4873 1015 4935 sui,
1048 4884 1186 4941 quos
1216 4867 1442 4922 suadere
1472 4882 1579 4921 non
1608 4868 1872 4937 potuerit,
1907 4864 2202 4937 impellat:

553 4971 711 5042 cujus
741 4972 868 5040 quot
893 4985 1030 5040 pene
1062 4966 1241 5030 verba,
1273 4967 1354 5019 tot
1384 4966 1671 5020 sententiae
1709 4970 1860 5030 sunt,
1893 4973 2019 5035 quot
2073 4980 2199 5018 sen-

551 5063 748 5127 sus,lot
777 5057 1130 5114 vietorimEx
1161 5054 1583 5109 recentioribus
1637 5054 1896 5124 quidem,
1949 5050 2198 5106 illustris

552 5150 878 5206 nobilitatis
933 5147 1189 5218 Josepho
1247 5143 1541 5213 Scaligero
1580 5142 1894 5198 sublimius
1927 5147 1981 5195 et
2007 5141 2193 5210 perie-

549 5240 704 5296 ctius
729 5239 787 5294 in
820 5238 978 5294 omni
1011 5251 1220 5308 genere
1247 5232 1522 5288 doctrinis
1563 5237 1617 5287 et
1667 5230 2045 5286 scientiarum
2079 5246 2191 5284 non

546 5330 709 5386 novit
765 5327 923 5384 orbis
980 5325 1265 5381 eruditus.
1326 5321 1472 5377 Vide
1503 5321 1700 5391 itaque
1732 5323 2018 5391 quantum
2053 5318 2128 5372 sit
2161 5335 2192 5374 a

2317 4695 2594 4744 exornata
2621 4689 2928 4744 dederunt.
2963 4692 3118 4746 Inter
3167 4710 3313 4765 quos
3365 4697 3595 4768 primus
3649 4698 3959 4753 Rhenanus

2315 4777 2430 4846 (cui
2479 4782 2535 4832 et
2577 4777 2732 4832 hunc
2783 4783 2840 4832 et
2885 4779 3171 4850 plurimos
3202 4783 3345 4838 alios
3378 4793 3646 4842 auctores
3679 4788 3731 4841 in
3769 4785 3954 4839 lucem

2315 4871 2638 4938 protractos
2669 4871 2832 4937 grata
2860 4868 3027 4922 debet
3075 4872 3406 4942 posteritas)
3461 4876 3548 4930 bis
3596 4882 3749 4929 terve
3801 4886 3956 4941 repe-

2311 4955 2433 5011 titis
2480 4954 2854 5022 editionibus,
2925 4955 3228 5014 Gelenium
3296 4965 3708 5034 Barraeumque
3754 4957 3954 5015 habuit

2310 5043 2961 5110 secutores,Pamelium
2994 5047 3205 5103 dehinc
3235 5050 3685 5122 Juniumque,et
3713 5047 3950 5121 egregia,

2307 5133 2587 5189 doctrinm
2612 5133 2960 5188 Ludovicum
2994 5135 3064 5191 de
3094 5136 3146 5191 la
3179 5139 3378 5194 Cerda.
3412 5145 3552 5196 Post
3582 5157 3747 5212 quos,
3789 5141 3850 5191 ut
3895 5136 3950 5188 et

2307 5223 2620 5295 quemdam
2671 5223 2984 5293 Georgium
3032 5227 3426 5296 Ambinatem,
3471 5230 3568 5301 qui
3601 5225 3822 5300 operosi
3853 5221 3942 5276 sui

2303 5311 2648 5382 omniloquii
2679 5312 2858 5366 trium
2886 5312 3252 5370 voluminum
3300 5317 3458 5372 hiatu
3511 5317 3653 5373 nihil
3705 5315 3937 5383 dignum

2301 5401 2596 5475 praestitit,
2626 5404 2855 5454 tantum
2903 5417 3017 5455 non
3068 5419 3135 5457 ex
3187 5409 3433 5461 mortuis
3482 5407 3797 5462 redivivum
3849 5411 3933 5450 re-

2298 5492 2473 5548 traxit
2506 5496 2650 5545 notae
2683 5489 2960 5545 doctrinae
2992 5490 3077 5545 vir
3102 5492 3373 5551 Nicolaus
3406 5495 3712 5566 Rigaltius.
3761 5487 3934 5554 Cujus

2298 5583 2580 5638 editiones
2613 5577 2939 5647 saepissime
2973 5579 3329 5639 Parisienses
3360 5585 3471 5639 sub
3505 5583 3741 5654 pralum
3777 5590 3931 5630 Γενυ-

2295 5674 2524 5735 carunt,
2556 5665 2808 5738 Philippi
2839 5667 3043 5723 l’riorii
3076 5673 3381 5743 auspiciis,
3403 5673 3502 5728 sed
3535 5672 3719 5742 ipsius
3751 5659 3937 5735 Rigal-

541 5419 777 5474 laudato
810 5417 1060 5472 laudari.
1094 5414 1284 5468 Verba
1315 5413 1443 5480 ejus
1474 5415 1613 5464 sunt
1646 5410 1704 5462 in
1739 5406 1951 5461 Primis
2009 5405 2189 5460 Scali-

539 5506 795 5578 ger-anis,
821 5523 950 5578 pag.
985 5506 1054 5557 96
1091 5521 1101 5558 :
1140 5500 1515 5557 Tertullitmus
1545 5513 1759 5566 semper
1817 5498 1873 5549 in
1931 5497 2188 5550 manibus

539 5596 815 5651 habendus
846 5597 1201 5665 accurateque
1257 5591 1519 5657 legendus
1550 5593 1641 5646 est.
1674 5594 1786 5639 tum
1820 5589 2046 5655 propter
2074 5587 2185 5639 lin-

537 5699 672 5758 guae
702 5685 962 5740 Romana?
987 5683 1398 5754 prollrietatem,
1430 5678 1546 5730 tum
1575 5678 1803 5744 propter
1849 5673 2184 5745 disciplina-
