4526 6396
129 369 249 429 301

1112 368 1177 428 8.
1221 366 1293 427 Ρ.
1339 369 1413 427 D.
1451 366 1938 431 SIGEBERTUS
1984 370 2594 437 HAVERCAMPUS.

3439 376 3558 438 303

120 503 195 558 tii
230 502 686 574 iniquinatiores
720 502 924 573 multo,
957 505 1021 557 ut
1042 501 1257 572 saapius
1287 518 1320 557 a
1353 501 1521 557 nobis
1572 501 1631 557 in
1683 501 1789 557 hoc
1817 508 1871 573 Α
1903 503 2037 559 hinc
2068 523 2098 560 a
2128 505 2296 559 nobis
2324 504 2498 560 etiam
2530 510 2799 562 accurate
2826 511 2915 564 est
2947 510 3257 575 recensita,
3294 525 3409 565 non
3472 511 3559 565 in-

124 607 251 646 uno
283 589 479 646 libello
511 597 603 645 est
632 596 954 647 ostensum.
992 591 1097 645 Per
1127 594 1321 661 partes
1372 606 1507 645 vero
1566 590 1798 645 iverunt
1905 592 2113 663 spexit,
2166 594 2392 659 scribit,
2423 595 2679 651 Renatus
2711 595 3081 667 Laurentius)
3118 598 3363 653 Lutetiae
3391 598 3556 654 Pari-

124 679 369 751 reliqui,
402 680 491 734 vel
525 680 967 737 emendationcs
999 678 1345 749 notulasque
1394 680 1465 733 ab
1525 679 1794 734 Auctoris

127 786 312 840 Opere
369 770 693 840 separatim
752 770 939 825 editas
999 768 1375 836 reliquerunt.
1436 770 1590 832 Quos
1645 769 1795 822 inter

125 858 359 913 eminet
387 858 683 913 industria
715 856 995 913 Desiderii
1046 856 1298 922 Heraldi,
1358 855 1457 926 qui
1520 856 1574 909 in
1637 856 1791 911 hunc

122 948 569 1019 Apologeticum,
620 947 712 1003 cui
744 953 800 1002 et
831 947 999 1002 nobis
1031 949 1294 1001 animum
1326 950 1381 1001 et
1411 944 1790 1016 cogitationes

124 1039 395 1110 primum
419 1037 713 1109 applicare
740 1036 929 1101 libuit,
945 1034 1438 1090 Commentarium
1464 1034 1629 1087 Yat‘ltt}
1653 1051 1788 1088 eru-

120 1126 379 1182 ditionis
410 1126 672 1199 plenum,
706 1124 1266 1195 Digressionumque
1296 1122 1477 1177 libros
1510 1138 1650 1177 sane
1683 1123 1785 1177 d0-

122 1220 254 1273 ctos
287 1217 585 1284 condidit;
619 1216 720 1271 sed
752 1220 808 1271 et
829 1215 1111 1286 scriptum
1142 1213 1251 1267 hoc
1274 1213 1395 1283 jam
1431 1210 1569 1265 olim
1606 1212 1785 1265 Fran-

116 1306 328 1361 ciscus
386 1306 688 1377 Zephyrus
748 1302 1098 1376 Paraphrasi
1149 1302 1405 1373 quadam
1480 1303 1785 1370 utcunque

120 1395 549 1460 illustraverat,
602 1398 661 1449 et
717 1393 900 1448 Aldus
962 1391 1232 1463 Baptistae
1289 1388 1516 1460 Egnatii
1546 1393 1786 1445 secutus

123 1501 356 1551 curam,
392 1484 653 1538 ediderat
702 1482 1017 1555 separatim
1069 1482 1140 1536 ad
1197 1479 1413 1535 calcem
1477 1478 1783 1544 Lactantii,

122 1590 284 1629 anno
346 1574 505 1640 1515,
563 1576 620 1626 ct
656 1572 811 1639 1535,
847 1587 1022 1641 quem
1056 1575 1253 1626 tamen
1288 1572 1786 1640 prteoccupaverat

122 1662 388 1718 Joannes
421 1662 739 1728 Tacuinus,
772 1661 869 1733 qui
905 1661 1081 1714 iidem
1134 1658 1431 1714 Lactantio
1491 1672 1783 1713 annexue-

126 1760 221 1807 rat
249 1751 420 1806 illum
454 1749 731 1817 Venetiis,
766 1766 917 1805 anno
956 1748 1104 1803 1509.

203 1863 273 1913 Et
306 1862 500 1913 tamen
537 1862 671 1929 post
698 1860 785 1912 tot
817 1861 1131 1927 tantosque
1160 1854 1313 1910 viros
1360 1854 1419 1908 in
1479 1852 1778 1923 publicum

129 1948 365 2019 prodire
422 1948 575 2004 253
633 1963 764 2002 sum
808 1962 1009 2013 ausus,
1045 1962 1158 2000 non
1193 1950 1259 2001 ut
1286 1942 1549 2000 studium
1585 1959 1777 1998 meum

128 2037 615 2109 diligentiamque
644 2035 1027 2100 venditarem,
1060 2040 1161 2089 aut
1209 2050 1279 2089 ex
1326 2032 1778 2104 reprehensione

132 2125 552 2197 ﬂorilegiisque
582 2124 851 2192 aliorum,
883 2124 1039 2197 quod
1089 2124 1346 2179 detestor
1375 2126 1432 2177 et
1461 2121 1577 2189 odi,
1632 2118 1778 2175 mihi

125 2214 324 2270 laudis
355 2213 627 2270 corollam
660 2214 1045 2283 texerem,sed
1079 2217 1143 2267 ut
1173 2212 1477 2283 theologus
1510 2208 1778 2281 theologo

133 2305 498 2371 Tertulliano,
546 2302 945 2374 theologisque
1003 2301 1220 2356 nostris
1277 2316 1468 2355 meam
1525 2298 1781 2369 qualem-

129 2409 367 2463 cunque
398 2408 670 2447 navarem
702 2407 970 2462 operam;
1006 2395 1069 2445 ut
1098 2391 1169 2445 ad
1202 2390 1475 2459 auctoris,
1516 2386 1778 2443 omnium

127 2482 337 2550 elogio,
362 2482 691 2537 Graecarum
726 2485 1238 2550 Romanarnmque
1270 2477 1688 2548 antiquitatum
1722 2480 1781 2531 et

130 2570 580 2642 disciplinarum
605 2568 1333 2641 peritissimi,intellectum
1368 2566 1779 2623 subministra-

130 2676 275 2725 rem,
297 2660 344 2713 si
378 2659 515 2730 quid
552 2676 611 2713 se
643 2658 958 2726 mihi,dum
989 2656 1156 2712 illum
1188 2657 1335 2712 forte
1365 2657 1473 2711 sub
1505 2654 1779 2710 manibus

130 2748 344 2819 tero,in
376 2747 683 2819 utriusque
714 2746 926 2818 linguae
958 2745 1521 2819 scriptoribus,quod
1554 2744 1625 2799 ad
1671 2742 1779 2797 hoc

134 2840 259 2907 ejus
292 2837 575 2907 scriptum
609 2838 840 2904 iaceret,
875 2834 1120 2902 obtulit,
1153 2851 1404 2906 quorum
1437 2834 1673 2905 quidem
1706 2832 1781 2887 le-

132 2927 323 2981 ctione
352 2930 409 2980 et
437 2926 757 2981 versatione
787 2942 902 2981 non
936 2925 1163 2980 inﬁcior
1185 2941 1275 2978 me
1306 2942 1338 2977 a
1367 2924 1583 2978 teneris
1610 2920 1780 2976 valde

131 3014 315 3071 fuisse
341 3014 690 3070 delectatum
722 3019 1108 3085 raptumque;
1144 3012 1419 3084 denique,
1460 3016 1523 3067 ut
1572 3011 1678 3078 illi,
1730 3009 1779 3065 si

136 3105 267 3177 quis
293 3103 467 3170 alius,
502 3108 631 3176 post
662 3108 747 3159 tot
781 3105 1056 3168 medicos,
1087 3103 1536 3174 corruptissimo
1587 3100 1779 3155 adhuc

135 3200 190 3249 et
247 3194 496 3264 pessime
553 3195 776 3258 affecto,
828 3193 1181 3248 medicinam
1214 3192 1469 3262 aliquam
1505 3191 1773 3245 facerem.

1903 682 2121 737 siorum
2157 701 2309 738 anno
2346 684 2497 747 1580,
2536 684 2753 738 Renato
2786 685 3097 740 Laurentio
3138 691 3359 742 Barran
3415 704 3552 743 auo-

1904 776 2027 826 tore
2081 772 2282 842 edidit,
2343 772 2738 843 adscripserat
2772 775 3113 830 Franciscus
3146 776 3372 831 Modius
3405 777 3550 831 Bru-

1900 859 2119 930 gensis,
2156 862 2238 914 vir
2282 861 2771 931 diligentissimus
2828 864 3364 934 doctissimusque;
3425 882 3551 936 qua:

1900 964 2033 1003 cum
2086 957 2287 1019 postca
2338 951 2395 1004 in
2429 950 2703 1021 Gasparis
2734 952 2985 1022 Scioppii
3017 970 3229 1008 manus
3256 955 3549 1023 pervenis-

1899 1039 2127 1101 sent,ab
2151 1038 2248 1093 illo
2270 1040 2340 1094 ad
2372 1039 2614 1093 Junium
2648 1045 2786 1094 sunt
2816 1041 3197 1097 transmissae.
3226 1042 3333 1097 Sed
3359 1059 3547 1113 quum

1896 1126 2161 1196 totajam
2194 1128 2480 1182 adornata
2536 1135 2691 1184 esset
2744 1130 2872 1199 ejus
2930 1131 3128 1200 editio,
3187 1133 3257 1186 ab
3318 1131 3414 1186 illo
3470 1133 3541 1187 ad

1897 1214 2133 1269 calcem.
2183 1217 2680 1272 Tertullianarum
2732 1236 2973 1273 suarum
3009 1224 3277 1274 notarum
3313 1220 3421 1274 fuit
3452 1237 3545 1274 re-

1886 1304 2065 1373 jccta.
2119 1306 2278 1371 Quod
2324 1323 2455 1361 vero
2493 1308 2636 1361 mihi
2673 1307 2922 1362 maxime
2950 1324 3178 1378 semper
3209 1308 3423 1363 mirum
3456 1312 3545 1365 est

1893 1392 2109 1460 visum,
2144 1412 2247 1450 nec
2278 1396 2347 1450 de
2378 1394 2434 1450 la
2465 1395 2667 1461 Cerna,
2698 1414 2800 1452 nec
2835 1396 2959 1468 ipse
3009 1396 3293 1452 lIeraldus
3342 1397 3541 1453 oculos

1893 1480 1952 1535 in
1988 1482 2136 1538 hanc
2166 1489 2287 1539 tam
2322 1484 2577 1541 nobilem
2608 1486 2987 1541 Collationem
3021 1487 3421 1557 conjecerunt,
3454 1486 3541 1541 la-

1892 1572 2120 1643 tuitque
2151 1578 2283 1645 post
2316 1573 2445 1629 illas
2476 1575 2637 1630 Junii
2662 1576 2861 1642 Notas,
2896 1575 3040 1629 nulli
3083 1576 3199 1630 fere
3256 1575 3369 1629 nisi
3428 1576 3540 1630 Go—

1890 1662 2159 1717 thofredo
2186 1663 2629 1732 cognita,donec
2661 1664 2809 1719 acris
2843 1664 2928 1718 vir
2958 1665 3238 1719 doctrinm
3268 1662 3541 1719 Nicolaus

1893 1749 2181 1821 Rigaltius
2212 1750 2327 1806 illis
2360 1753 2418 1806 in
2448 1753 2847 1808 emendatiore
2896 1770 3003 1808 sua
3062 1753 3353 1825 prioribus
3413 1753 3539 1807 edi—

1892 1839 2050 1894 tione
2107 1858 2251 1896 usus
2308 1846 2418 1907 est,
2472 1842 2570 1897 sed
2630 1841 2732 1910 ita,
2796 1842 3155 1915 utquseipsi
3191 1840 3535 1914 placuerint,

1887 1926 2023 1983 inde
2050 1929 2463 2002 desumpserit,
2499 1948 2687 2003 neque
2734 1931 2909 1987 ullam
2969 1931 3349 2003 reliquarum,
3410 1947 3536 2002 quae

1885 2017 2031 2072 satis
2062 2018 2257 2074 multas
2289 2021 2537 2086 erant,in
2566 2021 2730 2076 Notis
2760 2022 2885 2075 suis
2918 2021 3276 2076 mentionem
3309 2019 3542 2082 fecerit,

1888 2116 2086 2186 Itaque
2113 2124 2170 2172 et
2200 2118 2367 2173 nobis
2400 2119 2542 2174 satis
2575 2119 2887 2173 fecundum
2922 2135 2989 2173 ex
3014 2117 3115 2173 illa
3173 2118 3302 2189 ipsa
3348 2117 3535 2172 Colla-

1887 2205 2044 2261 tione
2092 2207 2331 2278 reliquit
2377 2208 2775 2278 Spicilegium,
2812 2209 2980 2277 cujus
3012 2207 3289 2263 lectiones
3320 2208 3537 2277 ubique

1889 2295 2155 2359 ﬁdeliter,
2190 2302 2363 2367 prout
2388 2298 2503 2351 ﬁde
2533 2296 2920 2367 dignissimus
2951 2298 3240 2368 excerpsit
3284 2296 3536 2363 Modius,

1890 2383 1946 2438 in
1982 2384 2138 2439 Notis
2172 2386 2389 2440 nostris
2439 2386 2594 2441 254
2652 2384 3220 2456 repraesentavimus.
3284 2385 3539 2440 Accessit

1886 2473 2131 2545 insuper
2155 2478 2424 2529 accurata
2454 2474 2684 2529 Codicis
2717 2474 3068 2546 Agobardini
3103 2473 3369 2538 Collatio,
3418 2490 3533 2528 non

1888 2563 2123 2634 quidem
2186 2562 2367 2631 illius,
2396 2580 2463 2617 ex
2495 2580 2610 2633 quo
2641 2569 2868 2618 tantum
2903 2581 3018 2617 non
3051 2580 3119 2616 ex
3150 2562 3351 2617 inferis
3384 2562 3537 2617 exci-

1887 2653 2155 2721 tatajam
2188 2651 2466 2722 leguntur
2497 2652 2719 2724 reliqua
2748 2652 3092 2707 Tertulliani
3124 2652 3362 2723 scripta,
3393 2656 3452 2706 et
3476 2650 3536 2705 in

1887 2756 2002 2811 quo
2036 2741 2157 2796 solo
2189 2747 2247 2795 et
2279 2742 2469 2807 unico,
2531 2741 2999 2812 depravatissimi
3061 2740 3196 2795 hinc
3253 2740 3537 2796 hactenus

1888 2830 2003 2884 duo
2037 2830 2107 2884 ad
2144 2830 2420 2886 Nationes
2452 2830 2582 2885 libri
2620 2830 3125 2898 inveniuntur;sed
3158 2834 3353 2884 tamen
3389 2834 3537 2884 notas

1888 2920 2030 2973 satis
2063 2919 2246 2984 bona),
2281 2919 2578 2990 nullisque
2613 2919 2916 2988 hactenus,
2951 2921 3103 2991 quod
3138 2924 3195 2973 et
3224 2920 3295 2973 de
3342 2917 3538 2972 codice

1887 3007 2418 3078 Lugduno-Batavo
2451 3007 2671 3061 dictum
2707 3008 2803 3073 sit,
2840 3007 3161 3062 editoribus
3191 3005 3535 3062 Tertulliani

1886 3095 2168 3165 inspecto.
2204 3095 2473 3150 Diversos
2504 3112 2631 3150 esse
2661 3096 2810 3150 duos
2840 3096 2985 3151 istos
3016 3097 3244 3151 codices
3279 3097 3535 3165 Agobar-

1885 3186 2057 3239 dinos
2086 3186 2274 3240 tribus
2306 3186 2449 3239 mihi
2510 3186 2873 3256 argumentis
2931 3187 3273 3257 persuadeo.
3320 3186 3532 3253 Primo,

133 3259 292 3347 Quod
328 3281 624 3347 ultimum,
659 3299 793 3337 cum
851 3282 1005 3337 haud
1067 3259 1331 3353 ignotum
1395 3280 1538 3334 mihi
1595 3283 1773 3347 esset,
1807 3259 1850 3327 Ε
1890 3284 2042 3355 quod
2062 3281 3535 3354 RigaltiusquiquamplurimosTertullianilibros

136 3389 307 3444 quam
362 3372 439 3428 sit
495 3371 753 3441 difficile,
813 3371 871 3425 in
903 3371 1011 3427 hoc
1043 3370 1361 3442 praesertim
1398 3372 1653 3437 auctore,
1686 3366 1774 3421 vel

136 3478 202 3516 ex
236 3460 330 3515 his
391 3460 587 3531 magni
641 3458 918 3531 Scaligeri
975 3460 1165 3515 verbis
1224 3459 1281 3512 in
1340 3456 1774 3529 Scaligerianis,

136 3567 264 3621 pag.
323 3550 391 3603 47
426 3564 440 3603 :
474 3551 614 3605 Beza
671 3549 885 3621 aliquid
904 3552 1105 3619 fecerat
1136 3550 1195 3603 in
1227 3548 1650 3617 Tertullianum,
1681 3546 1775 3601 sed

135 3640 260 3695 bene
285 3640 439 3710 fecit,
471 3639 615 3710 quod
642 3656 753 3692 non
786 3638 955 3693 edidit
984 3659 1001 3692 :
1031 3637 1262 3709 difﬁcile
1309 3647 1386 3692 est
1443 3635 1664 3706 aliquid
1718 3636 1777 3689 in

136 3729 291 3783 illum
341 3736 622 3783 auctorem
676 3726 838 3782 edere
894 3728 1014 3782 sine
1041 3743 1167 3782 mss.
1201 3728 1338 3797 coepi
1367 3727 1781 3796 circumspicere

135 3816 374 3872 subsidii
403 3817 537 3871 illud
562 3832 753 3888 genus,
812 3832 916 3887 quo
971 3821 1115 3872 certe
1169 3816 1378 3871 eruditi
1430 3830 1618 3870 carere
1671 3830 1783 3868 non

140 3911 377 3978 possunt,
431 3922 533 3960 nec
578 3907 761 3961 arceri
788 3906 1001 3961 debent.
1025 3905 1140 3961 Nec
1170 3910 1365 3959 tamen
1402 3903 1544 3958 mihi
1578 3920 1782 3958 excur-

143 3996 387 4050 rendum
421 3994 697 4066 putabam
730 3996 1056 4066 Augustam
1114 3993 1505 4049 Taurinorum
1575 4007 1782 4063 usque,

145 4086 242 4139 ubi
272 4088 677 4139 sexcentarum
709 4100 996 4137 annorum
1029 4088 1254 4137 aetatem
1287 4083 1630 4136 referentem
1673 4080 1782 4135 hu-

138 4174 231 4244 jus
261 4173 595 4242 Apologetici
626 4173 883 4228 codicem
916 4173 1226 4227 offendisse
1255 4188 1315 4226 se
1363 4175 1614 4225 testatur
1668 4175 1783 4223 Ma-

144 4262 416 4318 billonius
471 4262 525 4315 in
575 4260 879 4316 itinerario
938 4260 1157 4329 Italico,
1212 4277 1341 4332 pag.
1375 4261 1428 4315 8.
1463 4258 1787 4315 Consulant

148 4352 519 4406 membranas
548 4350 715 4419 istas,
750 4352 967 4420 quibus
1027 4351 1159 4406 licet
1218 4365 1345 4404 esse
1402 4355 1522 4404 tam
1578 4348 1783 4403 beatis.

146 4441 316 4496 Nobis
348 4456 479 4495 vero
510 4456 638 4494 sese
669 4440 879 4494 obtulit
912 4438 1160 4511 insignis
1192 4440 1369 4493 codex
1420 4438 1786 4494 membrana-

149 4545 300 4595 ceus,
332 4527 390 4582 in
424 4545 539 4599 quo
570 4533 780 4599 prieter
811 4529 965 4583 hunc
998 4527 1259 4582 libellum
1295 4527 1548 4598 plurima
1580 4528 1787 4581 Tertul-

1884 3391 1951 3429 ex
1983 3390 2091 3427 ms.
2128 3372 2536 3442 antiquissimo
2574 3372 2937 3441 Agobardino
2970 3378 3103 3427 ante
3146 3367 3534 3442 octingentos,

1884 3467 1941 3518 et
1971 3463 2125 3533 quod
2159 3462 2432 3527 excurrit,
2465 3477 2649 3515 annos
2682 3461 2920 3531 scripto,
2952 3459 3303 3527 emendavit,
3339 3459 3534 3530 singu-

1884 3552 2076 3622 lisque
2104 3551 2268 3605 libris
2299 3549 2660 3621 praanotavit,
2690 3566 2759 3604 ex
2789 3565 2904 3619 quo
2937 3549 3084 3603 libro
3116 3554 3175 3603 et
3205 3553 3349 3620 quot
3395 3548 3539 3603 locis

1888 3640 2443 3704 emendaverit,ante
2466 3639 2806 3709 Apologccici
2826 3638 3086 3693 libellum
3112 3637 3291 3709 hujus
3312 3638 3539 3693 Codicis

1889 3747 2007 3785 non
2037 3728 2390 3784 meminerit.
2424 3729 2711 3795 Secundo,
2760 3728 2914 3798 quod
2977 3728 3034 3781 in
3094 3726 3543 3782 accuratissima

1889 3818 2245 3890 Agobardini
2278 3816 2449 3872 istius
2481 3816 2883 3887 antiquissimi
2915 3814 3546 3886 ms.collatione,quam

1884 3908 2054 3979 juxta
2086 3905 2479 3961 Pamelianam
2509 3905 2824 3961 editionem
2857 3922 2964 3960 sua
3025 3920 3203 3959 manu
3264 3902 3548 3957 instituit.

1893 4004 2204 4075 Agobardi.
2240 4009 2303 4058 ut
2333 4004 2458 4075 ipse
2490 4004 2784 4072 ascripsit,
2820 4019 2973 4057 anno
3008 4001 3368 4064 1625,Josias
3402 4000 3550 4055 Mer-

1896 4110 2085 4159 cerus,
2120 4111 2234 4147 non
2266 4109 2401 4148 vero
2431 4093 2683 4148 Joannes
2720 4091 3050 4155 Mercerius,
3087 4096 3148 4145 ut
3189 4090 3547 4161 impressum

1896 4184 1953 4237 in
1988 4182 2364 4249 Bibliotheca,
2395 4198 2524 4253 pag.
2557 4182 2649 4247 71,
2680 4183 2789 4237 nisi
2824 4181 2990 4253 plane
3022 4178 3186 4235 fallat
3214 4196 3305 4234 me
3338 4195 3552 4235 memo-

1896 4272 2003 4337 ria,
2038 4272 2137 4342 qui
2170 4270 2269 4324 illo
2301 4270 2449 4324 libro
2478 4270 2803 4341 saepissime
2834 4287 2966 4324 sum
3000 4286 3165 4336 usus,
3216 4270 3549 4339 Apologetici

1897 4378 2009 4415 orm
2042 4359 2221 4414 nullis
2250 4360 2406 4414 notis
2441 4376 2764 4430 conspersae
2795 4360 2931 4414 sint.
2963 4358 3189 4413 Visitur
3219 4363 3413 4413 autem
3443 4357 3548 4412 ho-

1898 4450 2110 4519 dieque
2141 4450 2188 4503 is
2250 4448 2397 4503 liber
2453 4442 2515 4502 in
2571 4448 2933 4504 Bibliotheca
2993 4447 3542 4518 Lugduno-Batava,

1900 4557 1935 4611 p
1986 4540 2075 4593 71.
2110 4537 2303 4592 Tertio
2337 4538 2816 4609 praecipue,quod
2848 4538 3102 4593 Jacobus
3135 4536 3547 4604 Gothofredus,

150 4618 284 4673 lieni
314 4616 534 4688 scripta
563 4618 955 4707 continentur.
992 4617 1249 4707 Occupat
1286 4616 1404 4707 ille
1461 4617 1783 4671 secundum
1815 4630 1863 4694 D
1895 4637 2181 4692 librorum
2233 4636 2303 4689 ad
2349 4635 2622 4690 Nationes
2682 4635 2888 4705 editor,
2949 4636 3050 4707 qui
3110 4636 3234 4707 ipse
3294 4633 3549 4706 insignis

148 4708 294 4763 inter
343 4723 485 4762 mss.
547 4706 1016 4762 instructissima
1075 4704 1439 4760 bibliotheca:
1490 4707 1788 4775 Lugdune-

154 4797 367 4850 Batavze
397 4794 611 4865 locum,
646 4795 864 4866 ibique,
897 4812 1028 4867 pag.
1061 4795 1185 4858 324,
1222 4799 1577 4849 recensetur.
1610 4800 1789 4859 Quem

155 4886 298 4940 sicut
328 4884 491 4939 valde
523 4890 773 4939 veterem
805 4900 1067 4940 asserere
1100 4900 1215 4938 non
1248 4885 1556 4951 audemus,
1599 4889 1788 4940 tamen

156 4990 215 5031 ex
248 4974 466 5046 Optimo
496 4978 553 5029 et
584 4974 984 5029 vetustissimo
1036 4989 1164 5027 esse
1215 4973 1565 5038 derivatum,
1627 4974 1793 5028 nobis

157 5064 581 5120 conferentibus
612 5062 833 5134 liquido
866 5061 1220 5131 constitisse,
1256 5068 1311 5116 et
1342 5078 1473 5116 cum
1519 5062 1793 5118 Fuldensi

159 5154 396 5225 aliisque
417 5152 656 5224 optimis
677 5152 734 5206 in
761 5151 963 5207 multis
1004 5151 1329 5221 convenire,
1365 5166 1787 5206 asseveramus.

1904 4728 2081 4795 hujus
2112 4724 2397 4792 thesauri,
2430 4731 2747 4795 antequam
2783 4725 2935 4795 regis
2984 4724 3287 4780 Gallorum
3338 4724 3557 4779 biblio-

1900 4816 2081 4870 thecas
2113 4813 2453 4877 inferretur,
2486 4813 2594 4866 fuit
2622 4829 2947 4883 possessor,
2982 4814 3081 4868 ubi
3112 4814 3170 4867 in
3208 4813 3549 4869 Prasfatione

1902 4904 2185 4959 librorum
2216 4903 2284 4957 ad
2337 4902 2615 4958 Nationes
2669 4902 2978 4974 diligenter
3030 4902 3362 4974 catalogum
3418 4918 3557 4957 con-

1901 4994 2041 5050 texit
2096 4993 2326 5047 illorum
2389 4993 2694 5056 librorum,
2753 4992 2851 5062 qui
2912 4992 3108 5047 codice
3141 4992 3253 5047 isto
3282 5008 3551 5063 compre-

1907 5084 2254 5149 hendantur,
2290 5082 2689 5152 Apologeticum
2720 5080 2836 5137 illis
2868 5099 2985 5137 non
3018 5086 3387 5138 annumeret.
3425 5083 3551 5137 llaec

1901 5190 2034 5227 vero
2058 5172 2286 5226 collatio
2310 5171 2549 5225 alterius
2572 5171 2926 5242 Agobardini
2963 5171 3201 5235 codicis,
3231 5187 3411 5242 quam
3446 5186 3551 5226 nos

219 5260 337 5315 Non
370 5259 523 5314 enim
555 5264 693 5330 puto
720 5274 969 5330 usquam
1002 5263 1287 5312 terrarum
1314 5257 1541 5327 aliquos
1569 5264 1796 5315 exstare
1898 5263 2022 5333 jam
2050 5262 2259 5315 damus
2281 5260 2543 5329 itidem,a
2563 5260 3114 5331 JosiaeMerceri,qui
3136 5260 3558 5315 aJoanneMcr-

158 5350 370 5405 codices
401 5350 578 5420 hujus
611 5347 971 5420 Apologetici,
999 5347 1097 5416 qui
1131 5363 1261 5401 cum
1298 5346 1418 5412 illo,
1453 5347 1551 5417 qui
1610 5365 1795 5418 quon-
1906 5351 2079 5417 cerio,
2115 5350 2209 5419 qui
2237 5355 2571 5404 antecessor
2593 5350 3029 5405 Biturencensis
3054 5350 3180 5417 fuit,
3212 5354 3269 5403 et
3288 5352 3463 5401 Notas
3493 5347 3555 5400 in

158 5441 280 5495 dam
323 5439 381 5494 in
432 5437 789 5493 bibliotheca
829 5435 1103 5491 Fuldensi
1139 5437 1267 5501 fuit,
1301 5435 1710 5507 singularitate
1743 5447 1800 5493 et
1907 5438 2252 5495 Tertulliani
2279 5438 2492 5492 librum
2521 5440 2589 5492 de
2614 5438 2794 5494 Pallio
2825 5439 3275 5509 conscripsit,et
3305 5435 3555 5491 multum

158 5528 479 5601 praestantia
511 5526 839 5598 comparari
877 5525 1079 5589 possit.
1112 5526 1300 5594 Hujus
1333 5525 1548 5579 codicis
1584 5526 1799 5582 Lectio-
1910 5533 2041 5584 ante
2066 5527 2945 5598 vixit,distinguilur,diligentia
2970 5527 3223 5596 prolecta
3245 5525 3560 5580 est.Testa-

162 5636 253 5674 nes
284 5620 584 5675 Variantes
620 5617 689 5671 ad
725 5615 1021 5687 exemplar
1051 5617 1201 5684 quod
1232 5614 1475 5669 Michael
1523 5616 1798 5672 Julianus
1910 5623 2006 5673 tur
2032 5617 2083 5671 id
2113 5634 2324 5671 manus
2353 5616 2512 5670 Pauli
2539 5616 2866 5682 Colomesii,
2889 5615 2987 5685 qui
3017 5614 3129 5667 hmo
3152 5631 3263 5667 oras
3296 5614 3563 5686 Rigalta-

163 5711 282 5781 (non
339 5725 472 5767 vero
533 5713 599 5763 ut
653 5705 892 5771 Junius,
949 5706 1048 5775 qui
1109 5703 1268 5760 illam
1299 5703 1636 5762 editionem.
1672 5725 1800 5780 quae
1911 5723 2000 5762 nas
2022 5706 2298 5763 editionis
2328 5698 3562 5775 alleveratJnmarginehuiusvolumnisha-
