4366 6344
547 406 668 467 307

1067 396 1597 460 TERTULLIANI
1643 394 1965 459 OPERUM
2015 391 2214 454 PARS
2258 390 2304 452 1.
2343 425 2418 435 -
2449 392 2721 454 SERlES
2767 393 2817 468 Ι,
2862 391 3425 464 APQLOGETICA.

3831 392 3949 453 308

549 532 1000 610 praesidentibus
1047 530 1119 585 ad
1163 527 1552 599 judicandum
1611 526 1688 599 (2)
1749 525 1940 599 palam
1999 523 2192 595 despi-
2221 525 2276 588 Α
2307 521 2584 590 invenire,
2613 527 2883 578 caeterum
2913 540 3118 595 genus,
3143 523 3337 578 sedem
3391 523 3524 592 (10).
3573 539 3758 594 spem,
3817 539 3949 595 gra-

551 643 679 682 cere
736 626 757 658 ²
815 629 870 678 et
927 636 1118 676 coram
1182 618 1513 672 examinare
1572 616 1710 689 quid
1746 616 1824 672 sit
1863 613 2085 686 liquido
2136 612 2193 666 in

549 729 730 768 causa
759 707 1255 769 Christianorum;
1290 705 1337 757 si
1400 705 1419 738 ³
1478 705 1548 758 ad
1608 704 1755 759 hanc
1811 702 1997 757 solam
2061 715 2196 770 spe-

545 802 694 856 ciem
716 800 792 870 (3)
809 798 1127 853 auctoritas
1150 800 1341 848 vestra
1361 793 1436 860 (4)
1461 792 1788 863 dejustitia:
1812 789 2114 862 diligentia
2136 788 2194 841 in

548 887 784 962 publico
813 891 916 940 aut
941 886 1106 939 timet
1138 889 1240 937 aut
1273 882 1564 936 erubescit
1599 881 1922 950 inquirere;
1949 879 1997 933 si
2031 878 2196 932 deni-

548 993 682 1047 que,
703 975 853 1046 quod
889 973 1149 1045 proxime
1181 969 1770 1034 accidit,domcsticis
1794 967 2036 1038 judiciis
2068 967 2088 1000 ⁴
2120 965 2195 1036 (5)

547 1066 725 1121 nimis
756 1067 995 1135 operata
1019 1062 1038 1095 ⁸
1071 1061 1148 1130 (6)
1178 1063 1348 1114 sectae
1381 1059 1559 1128 hujus
1617 1057 1910 1112 infestatio
1960 1057 2034 1127 (7)
2093 1055 2195 1110 ob-

547 1154 725 1211 struit
779 1153 929 1206 viam
956 1151 977 1185 ⁶
1008 1148 1357 1214 defensioni,
1391 1147 1560 1202 liceat
1596 1146 1821 1201 veritati
1853 1144 1937 1201 vel
1969 1143 2196 1199 occulta

546 1245 641 1299 via
672 1241 987 1298 tacitarum
1020 1238 1349 1292 litterarum
1381 1237 1456 1306 (8)
1490 1236 1562 1290 ad
1593 1251 1763 1291 aures
1793 1239 2014 1290 vestras
2063 1249 2194 1303 per-

543 1332 759 1388 venire.
819 1330 839 1365 τ
899 1327 998 1383 illa
1029 1328 1100 1382 de
1130 1341 1307 1381 causa
1335 1341 1443 1379 sua
1471 1325 1818 1394 deprecatur
1846 1324 1889 1392 ⁸,
1921 1322 2060 1394 quia
2090 1335 2196 1376 nec

546 1420 618 1476 de
649 1418 985 1475 conditione
1014 1415 1283 1470 miratur.
1319 1413 1480 1469 260
1531 1413 1652 1468 Scit
1707 1428 1769 1468 se
1827 1411 2193 1484 peregrinam

545 1509 607 1565 in
632 1507 805 1566 terris
835 1507 913 1578 (9)
943 1521 1129 1576 agere,
1164 1503 1314 1559 inter
1344 1508 1650 1558 extraneos
1703 1501 1871 1557 facile
1922 1499 2194 1554 inimicos

2307 611 2474 680 tiam,
2507 610 2851 683 dignitatem
2884 613 2940 666 in
2974 612 3133 667 ccelis
3165 611 3398 666 habere.
3433 611 3620 666 Unum
3653 613 3830 683 gestit
3868 613 3952 666 in-

2307 701 2560 764 terdum,
2587 718 2658 755 ne
2701 700 2964 774 ignorata
2996 703 3326 755 damnetur.
3361 700 3506 765 Quid
3546 701 3676 754 hinc
3707 702 3728 735 θ
3777 703 3952 772 depe-

2306 787 2381 842 rit
2428 788 2657 859 legibus
2689 790 2803 860 (11)
2833 790 2888 843 in
2925 806 3030 844 suo
3064 806 3241 860 regno
3267 790 3726 857 dominantibus,
3762 790 3808 844 si
3843 806 3952 844 au-

2305 877 2503 932 diatur
2525 878 2552 932 ?
2579 879 2660 932 Ad
2697 878 2802 932 hoc
2837 879 3024 950 magis
3055 877 3398 948 gloriabitur
3430 884 3683 949 potestas
3723 894 3948 946 earum,

2305 966 2459 1035 quod
2491 966 2666 1021 etiam
2701 967 2961 1022 auditam
2984 967 3407 1021 “damnabunt
3439 966 3952 1022 veritatem‘maate-

2305 1054 2790 1120 rum,inauditam
2825 1055 2871 1109 si
2905 1054 3952 1127 damnent,praaterinvidiaminiqui-

2308 1143 2448 1198 tatis
2479 1145 2656 1199 etiam
2687 1145 3080 1216 suspicionem
3113 1145 3496 1200 merebuntur
3523 1143 3772 1215 alicujus
3812 1161 3952 1200 con-

2305 1231 2850 1302 scientiaz,nolentes
2867 1235 3250 1305 audire,quod
3275 1235 3550 1289 damnare
3569 1251 3682 1289 non
3701 1235 3952 1306 possint.

2303 1320 2463 1375 Hanc
2496 1322 2692 1392 itaque
2724 1324 2973 1394 primam
3009 1341 3245 1380 causam
3279 1323 3426 1379 261
3463 1323 3616 1395 apud
3649 1341 3749 1378 vos
3780 1323 3958 1378 collo-

2304 1426 2505 1466 camus
2535 1413 2646 1484 (12)
2679 1411 3049 1484 iniquitatem
3069 1415 3108 1450 ¹¹
3129 1413 3245 1468 odii
3275 1429 3413 1485 erga
3447 1431 3655 1469 nomen
3682 1413 3954 1470 Christia-

2305 1505 2728 1565 norum.Quam
2760 1502 3130 1574 iniquitatem
3164 1503 3317 1558 idem
3349 1503 3562 1558 titulus
3590 1508 3648 1558 et
3670 1507 3872 1558 onerat
3893 1507 3956 1558 et

1970 1598 2172 1659 Variae
2204 1597 2523 1660 lectiones.

617 1703 640 1737 ²
675 1702 1010 1758 Describere
1041 1705 1199 1756 Barr.
1229 1698 1334 1753 MS.
1367 1700 1426 1753 L.
1464 1699 1521 1753 Β.
1555 1697 1879 1768 DeSpicere.
1911 1695 2132 1751 Rhenan
2161 1697 2291 1750 Jun.

2403 1696 2424 1731 ³
2454 1696 2763 1770 Sedihanc
2811 1698 2934 1754 alii.
3048 1699 3066 1731 ‘
3100 1699 3182 1752 lla
3231 1699 3449 1756 Herald.
3497 1701 3700 1770 Rigalt.
3729 1701 3953 1758 Havere.

548 1775 764 1830 Indicis
787 1773 903 1829 cod.
939 1775 999 1827 F.
1032 1777 1158 1827 velt.
1191 1772 1401 1825 edition
1425 1770 1488 1825 de
1520 1768 1577 1822 G.
1655 1767 1681 1803 ⁸
1705 1770 2166 1841 OperataParis.
2201 1767 2428 1841 Animis
2463 1769 2532 1823 Μ.
2569 1769 2628 1824 F.
2705 1771 2726 1804 °
2756 1771 2836 1824 Ila
2865 1771 3165 1834 Pamelius,
3200 1771 3273 1824 La
3317 1771 3511 1841 Cerdo,
3563 1767 3732 1826 Rhen.
3781 1773 3949 1829 Viam

547 1847 654 1901 det.
702 1851 836 1902 Jun.
891 1845 1121 1900 Herald.
1177 1843 1297 1908 Βία.
1348 1843 1574 1896 Haverc.
1607 1856 1675 1894 ea:
1705 1841 1808 1894 MS.
1843 1856 1907 1894 os
1938 1839 2262 1894 defensioni
2294 1839 2398 1894 MS.
2433 1841 2488 1894 F.

2603 1841 2621 1874 ⁷
2653 1841 2822 1914 Nilus
2847 1843 2918 1896 de
2944 1858 3124 1914 causa
3152 1843 3368 1898 Junius.
3434 1912 3444 1914 _
3479 1843 3500 1877 ⁸
3532 1843 3954 1914 Deprecaretur

550 1919 722 1973 Rhen.
755 1917 935 1971 Paris.
1013 1916 1034 1949 ⁸
1064 1915 1166 1968 Hic
1201 1914 1385 1968 Paris.
1425 1913 1602 1968 Venet.
1636 1912 1797 1976 Quod
1829 1911 2001 1965 etiam
2034 1911 2202 1964 Rhen.
2245 1911 2321 1964 La
2354 1911 2511 1965 Cerd.
2547 1911 2761 1967 Pamel.
2797 1913 2957 1975 Quod
2993 1913 3318 1968 inauditam
3349 1912 3464 1968 cod.
3501 1911 3730 1970 Putean.
3760 1917 3957 1971 Jacob.

549 1993 824 2056 Bongars.
857 1997 909 2041 et
940 1987 1127 2058 Hugol.
1162 1985 1486 2058 Quoietiam
1521 1982 2032 2058 audi_tam_Herald_.
2068 1981 2274 2058 _l_iigalt.
2311 1986 2676 2058 [_lavercamp.
2700 1987 2945 2058 Ascribere
2974 1985 3174 2040 maluit
3204 2003 3216 2040 :
3251 1986 3581 2041 al...earum
3615 1987 3766 2058 quod
3801 1987 3951 2042 veri-

546 2053 749 2116 tatem.
827 2060 868 2095 ¹¹
903 2053 1252 2130 Ῑηὶᾳύἱιειῐίε.
1291 2057 1487 2126 Rigalt.
1520 2055 1752 2111 Semler.
1785 2053 2031 2126 Leopold.
2059 2054 2253 2108 Haver.
2287 2054 2485 2108 odium
2521 2055 2730 2110 Pamel.
2764 2057 2900 2111 Bar.

1981 2152 2500 2213 Commentarios.

618 2256 694 2326 (2)
754 2258 820 2310 In
881 2255 996 2325 ipso
1040 2253 1382 2327 [erepertice
1399 2253 1642 2327 cipitata
1669 2249 2096 2327 praesidentibus
2125 2247 2195 2327 ad
2223 2251 2272 2316 B
2303 2249 2441 2304 stini
2463 2268 2476 2306 :
2502 2250 2735 2327 «Omnis
2767 2251 2865 2323 qui
2893 2252 2962 2306 ad
2995 2269 3311 2327 supernam
3345 2255 3598 2326 pertinet
3625 2255 3948 2327 civitatem,

539 2320 925 2392 indicandum.
954 2320 1301 2396 Capitolium
1325 2323 1639 2396 significat.
1670 2320 1733 2396 Et
1763 2321 2099 2396 Chalcidius
2132 2320 2192 2375 in

545 2401 681 2454 Tim.
719 2397 859 2453 Plat.
903 2394 1187 2451 rationem
1247 2394 1404 2450 dicit
1445 2411 1613 2450 suam
1673 2394 1934 2448 obtinere
1992 2394 2190 2449 sedem

538 2469 599 2525 in
630 2468 840 2541 capite,
874 2473 1158 2538 tanquam
1192 2467 1374 2521 totius
1429 2465 1690 2538 corporis
1743 2464 2046 2536 Capitolio.
2098 2465 2192 2518 RI-

543 2556 804 2597 σΔιτιυε.

613 2613 692 2683 (3)
729 2611 806 2665 Ad
835 2610 977 2664 hanc
1022 2610 1203 2683 solam
1241 2611 1493 2683 speciem.
1553 2607 1838 2670 Quoniam
1893 2606 2193 2683 deplorata

543 2678 782 2737 videtur
837 2699 1015 2736 causa
1072 2678 1560 2744 Christianorum,
1596 2685 1832 2749 propter
1865 2678 2194 2749 praeiudicia

547 2759 606 2809 et
637 2753 799 2808 varia
828 2754 1075 2816 decreta,
1110 2753 1254 2806 adeo
1288 2758 1350 2806 ut
1381 2767 1550 2805 nemo
1612 2766 1713 2820 pro
1770 2749 1979 2804 iisdem
2033 2749 2192 2820 loqui

546 2842 661 2881 non
693 2823 1260 2892 rcformidct,sicque
1290 2829 1487 2894 aperte
1505 2821 1838 2894 patrocinio
1869 2821 2188 2894 indigeant,

549 2897 725 2952 nobis
755 2896 964 2950 saltem
999 2894 1266 2964 privatim
1302 2893 1404 2965 pro
1461 2893 1807 2965 Christianis
1839 2893 2192 2965 _disceptare

545 2968 917 3036 concedatur,
969 2963 1236 3038 datisque
1265 2963 1334 3021 ad
1367 2981 1466 3020 vos
1498 2964 1727 3038 litteris,
1762 2963 1976 3038 doloris
2009 2963 2190 3038 nostri

543 3040 793 3096 testibus
825 3044 878 3092 et
902 3035 1157 3108 amoris,
1190 3037 1405 3109 linguis
1438 3037 1767 3092 subsidium
1802 3035 2035 3107 aliquod
2099 3052 2184 3091 re-

549 3114 795 3168 servate.
829 3111 905 3165 Ls
940 3110 1177 3164 PRIEUR.

615 3183 690 3254 (4)
719 3182 1034 3237 Auctoritas
1079 3188 1270 3254 vestra,
1323 3178 1424 3254 _Per
1478 3179 1858 3254 auctoritatem
1917 3177 2192 3254 intelligit

547 3250 751 3309 actum
783 3268 1086 3307 summum
1117 3250 1962 3316 administrationis,summam
1998 3250 2055 3304 in
2089 3251 2190 3304 ad-

551 3325 941 3381 ministrando
959 3323 1203 3393 imperio
1236 3322 1548 3392 potentiam
1571 3329 1743 3392 atque
1761 3323 2189 3376 auctoritatem.

548 3402 751 3468 Itaque
805 3398 1122 3468 auctoritas
1187 3404 1274 3449 est
1322 3395 1693 3468 institutoris,
1745 3395 2191 3468 dispensatoris,

547 3465 1006 3548 procuratorisu
1035 3466 1104 3521 Ut
1155 3481 1323 3548 ergo”
1351 3466 1464 3546 isti.
1511 3465 1817 3548 indigent“
1847 3467 2192 3548 auctoritate

548 3536 804 3604 summa,
864 3539 945 3592 ita
975 3538 1045 3592 de
1076 3536 1421 3608 przesidibus
1453 3536 1604 3608 istis,
1635 3537 1844 3606 inquit,
1878 3536 2192 3591 auctorita-

549 3618 666 3666 tem
689 3626 816 3683 esse
847 3607 1102 3673 illorum,
1138 3609 1429 3683 neminem
1461 3607 1668 3683 timere
1716 3613 1772 3662 et
1828 3609 2187 3675 erubescere,
2220 3613 2266 3683 α

549 3682 866 3754 quominus
899 3685 1022 3734 tuto
1053 3681 1277 3754 possint
1310 3679 1586 3754 judicare.
1616 3679 1930 3754 Lacaena.

625 3754 698 3824 (5)
749 3753 1008 3824 Proxime
1065 3753 1280 3812 accidit,
1339 3752 1646 3824 domesticis
1689 3751 1935 3824 judiciis.
1999 3751 2196 3824 innuit

552 3829 844 3879 recentem
908 3823 1210 3877 historiam
1271 3823 1500 3876 saix'ities
1566 3823 1955 3892 quorumdam
2007 3839 2075 3876 ex
2121 3823 2194 3877 iis

554 3913 702 3966 quos
723 3896 946 3965 imperii
978 3896 1208 3949 Romani
1244 3895 1513 3966 antistite:
1569 3900 1756 3958 vocat,
1816 3894 1916 3964 qui
1975 3894 2195 3949 scilicet

553 3965 877 4023 domestico
929 3966 1154 4036 judicio
1198 3966 1254 4019 in
1314 3965 1526 4019 liberos
1584 3970 1684 4019 aut
1713 3981 1905 4021 servos
1936 3981 2094 4034 suos,
2127 3982 2194 4021 eo

553 4039 706 4109 quod
729 4037 1192 4092 Christianorum
1218 4041 1390 4109 sectae
1408 4053 1616 4109 nomen
1643 4037 2192 4108 dedissent,aliquid

556 4107 814 4165 atrocius
846 4113 1190 4176 statuerant,
1227 4107 1394 4177 quasi
1429 4107 1562 4180 inde
1627 4113 1920 4164 contracta
1975 4107 2194 4180 asperi-

552 4187 692 4247 tate,
753 4179 949 4235 allatis
981 4181 1168 4251 ,domo
1228 4179 1581 4251 przejudiciis
1613 4181 1683 4234 ad
1719 4181 1847 4250 ipsa
1877 4179 2195 4236 tribunalia

553 4252 750 4308 causis
778 4250 1242 4308 Christianorum
1265 4252 1609 4323 judicandis
1656 4251 1986 4308 infestiores
2034 4270 2192 4308 acce-

551 4326 774 4380 derent.
809 4323 936 4378 Lac.

625 4397 701 4467 (6)
733 4397 995 4465 Operata.
1046 4391 1340 4467 Hellenice
1386 4397 1452 4467 _et
1508 4392 1811 4467 Virgilius
1846 4394 2190 4467 [Georgica

551 4463 715 4524 Laitis
744 4463 998 4537 operatus
1027 4466 1091 4519 in
1106 4464 1481 4537 Aherbis.Dicit
1511 4471 1704 4537 autem
1738 4463 2000 4537 ethnicos
2029 4463 2198 4523 cona-

551 4545 644 4594 tos
662 4535 823 4594 abiis
842 4537 938 4607 qui
959 4535 1328 4592 familiariter
1350 4553 1478 4591 cum
1514 4535 1860 4592 Christianis
1893 4540 2196 4594 versaban-

554 4617 670 4675 tur,
705 4627 738 4665 a
767 4608 1026 4675 famulis,
1059 4609 1324 4679 inquam,
1357 4613 1412 4662 et
1443 4607 1673 4662 anciliis
1703 4609 2051 4677 investigare
2080 4611 2196 4666 cri-

556 4681 824 4746 mina,de
855 4680 1069 4752 quibus
1100 4680 1272 4750 vulgo
1303 4679 1762 4747 infamabantur,
1796 4679 2059 4752 nihilque
2087 4699 2195 4738 un-

556 4751 1372 4824 quamdeprenhensumesse.
1412 4757 1536 4805 Lac.

629 4824 706 4895 (7)
737 4821 905 4879 Secta?
934 4822 1097 4893 hujus
1126 4823 1426 4890 infestatio.
1463 4821 1675 4876 Eodem
1733 4838 1907 4877 sensu
1967 4822 2194 4878 Chalci-

559 4895 694 4949 dius
726 4895 782 4949 in
815 4896 945 4949 Tim.
982 4895 1126 4948 Piat.
1159 4899 1376 4948 sectam
1410 4895 1754 4948 sanctiorem
1789 4895 1954 4959 dixit,
1987 4911 2054 4949 ex
2088 4897 2192 4950 He-

557 4968 712 5022 braea
741 4966 1130 5022 Christianam
1155 4965 1681 5037 significans.0uod
1709 4965 2188 5037 quidem,inquit,

552 5055 754 5095 verum
785 5055 915 5094 esse
939 5042 1191 5093 testatur
1218 5038 1484 5094 eminens
1527 5037 1792 5109 quaedam
1809 5037 2080 5094 doctrina
2108 5055 2194 5095 se-

554 5116 658 5168 ctae
690 5110 1020 5166 sanctioris.
1056 5109 1187 5164 Lac.

625 5183 699 5253 (8)
733 5183 953 5237 Occulta
984 5181 1069 5236 via
1102 5182 1395 5234 tacitarum
1429 5181 1762 5234 litterarum.
1795 5179 2076 5234 Similiter
2123 5180 2194 5235 de

557 5256 762 5310 eadem
795 5253 901 5309 hac
928 5270 988 5309 re
1020 5254 1280 5322 loquitur
1309 5253 1363 5305 in
1402 5253 1500 5306 lib.
1535 5254 1606 5306 ad
1634 5253 1944 5321 Scapulam,
1978 5268 2103 5323 cap.
2140 5253 2190 5307 1:

548 5327 827 5381 «Necesse
851 5332 940 5381 est
965 5323 1055 5379 vel
1091 5324 1194 5378 hoc
1226 5325 1396 5377 modo
1427 5340 1731 5393 erumpere
1763 5325 1829 5376 ad
1867 5340 2190 5394 proponen-

546 5399 621 5452 da
650 5397 812 5453 vobis
843 5413 909 5453 ea
938 5413 1060 5466 qua:
1087 5394 1278 5466 palam
1313 5411 1427 5449 non
1459 5395 1635 5449 vultis
1665 5395 1931 5466 audire.»
1957 5396 2026 5449 Et
2055 5395 2190 5451 huic

549 5469 722 5526 affine
754 5468 895 5525 illud
929 5465 1212 5523 Martialis
1254 5465 1310 5520 in
1362 5466 1696 5521 Prtefatione
1747 5465 1846 5538 lib.
1879 5483 1937 5521 xx
1968 5469 2185 5538 Bpigr.:

557 5562 578 5593 ι
613 5541 792 5596 Video
825 5557 1003 5611 quare.
1035 5539 1278 5611 tragoedi
1311 5537 1616 5610 epistolam
1651 5535 1956 5609 accipiant,
1979 5535 2193 5610 quibus

551 5609 926 5685 proseloqui
962 5629 1075 5668 non
1109 5609 1263 5685 licet.
1300 5634 1328 5685 »ξ
1354 5609 1791 5666 llsvsnomrcs.

625 5683 700 5753 (9)
731 5681 904 5754 Sicco
932 5684 1279 5754 peregrinam
1309 5684 1369 5737 in
1413 5685 1592 5754 terris.
1643 5686 1893 5754 Prosper
1947 5681 2190 5752 Aquita-

555 5752 690 5814 nus
727 5771 768 5810 ιι
825 5752 942 5811 lib.‘
984 5755 1313 5826 Epigram..,
1374 5753 1472 5810 ubi
1521 5753 1791 5824 exprimit
1817 5752 1963 5809 illud
1995 5756 2191 5827 Augu-

2304 2324 2647 2398 peregrinus
2672 2328 2760 2398 est
2791 2325 3013 2398 ,mundi
3047 2342 3060 2380 :
3095 2331 3150 2380 et
3209 2324 3360 2398 dum
3406 2328 3710 2398 temporali
3763 2324 3955 2383 utitur

2300 2395 2437 2464 vita,
2472 2396 2528 2449 in
2557 2397 2746 2466 patria
2775 2395 2913 2451 vivit
2941 2396 3162 2464 aliena;
3201 2419 3228 2446 ››
3260 2397 3341 2452 ita
3371 2395 3570 2454 canit':

2363 2525 2639 2592 Ccslestem
2676 2526 2740 2592 ad
2771 2527 3014 2592 patriam,
3047 2526 3253 2592 Christo
3284 2529 3597 2591 redimente,
3631 2534 3869 2592 vocatus,

2426 2589 2594 2636 Vitam
2630 2589 2858 2637 labentis
2889 2591 3142 2650 temporis
3174 2589 3371 2652 hospes
3400 2592 3508 2653 agit
3541 2607 3554 2640 :

2366 2651 2606 2718 Dunique
2643 2653 2707 2700 ad
2744 2653 3051 2718 promissam
3073 2651 3330 2718 _reqniem
3352 2651 3460 2701 non
3492 2668 3586 2716 per
3615 2669 3712 2704 sua
3755 2655 3954 2718 tendit,

2426 2713 2712 2762 Mundanas
2750 2716 2946 2776 patitur
2978 2715 3142 2763 multa
3162 2713 3370 2777 'pericla
3399 2713 3508 2764 me;
3533 2731 3544 2764 :

2363 2773 2489 2840 Quis
2525 2789 2669 2840 nunc
2699 2773 2913 2840 obsessa
2944 2773 3199 2840 alvei-sis,
3239 2791 3382 2826 nunc
3413 2779 3572 2840 plena
3605 2779 3872 2840 secundis,

2425 2838 2529 2887 Aut
2558 2837 2754 2901 frangit
2784 2839 3038 2900 trepidos.
3071 2840 3270 2902 obligat
3301 2844 3390 2889 aut
3413 2837 3615 2889 'dubios
3648 2856 3660 2889 :

2362 2899 2506 2965 inter
2534 2914 2668 2963 quos
2686 2899 2920 2965 laqueos
2949 2899 3249 2951 currentem
3280 2904 3344 2951 ad
3376 2903 3572 2965 gaudia
3599 2905 3740 2965 vitm,

2361 2962 2476 3012 Non
2508 2962 2682 3026 capiet
2712 2962 2946 3012 mundus
2975 2965 3060 3013 cui
3094 2965 3181 3014 via
3209 2962 3447 3015 Christus
3480 2966 3603 3015 erit.

3479 3045 3730 3101 Hsvsac.

2363 3177 2473 3247 (10)
2506 3177 2714 3231 Sedem.
2751 3179 2813 3232 In
2847 3183 2937 3232 est
2969 3178 3254 3251 patriam;
3283 3195 3455 3247 quam
3490 3181 3715 3250 quierit,
3767 3197 3945 3251 quam

2301 3256 2487 3318 curat,
2522 3254 2772 3322 exoptat.
2805 3255 3176 3321 Anaxagoras
3207 3250 3590 3322 philosophus
3647 3268 3950 3319 summus,

2302 3335 2432 3374 cum
2495 3321 2574 3396 rei
2611 3320 2856 3392 publica:
2881 3327 2936 3396 et
2967 3320 3402 3396 privataavalde
3434 3320 3591 3379 esset
3622 3323 3948 3396 negligens,

2301 3392 2686 3473 compellatus
2718 3409 2750 3445 a
2782 3394 3032 3473 qunodam
3069 3393 3430 3473 hoshmodo‘
3460 3412 3472 3448 :
3507 3392 3950 3473 ‘Nulla'nei‘tibi

2304 3463 2500 3542 patriae
2531 3481 2690 3542 “cura
2739 3463 2876 3542 est?
2922 3466 3240 3542 respondit,
3277 3463 3432 3542 ’βμοῖ
3464 3463 3562 3540 γὰρ
3593 3463 3949 3542 ηαξλᾳφόδρα,

2306 3531 2456 3605 μέλει
2488 3539 2585 3600 τῆς
2616 3531 2874 3607 πατρίδος
2899 3535 2993 3608 τὸν
3019 3531 3272 3608 ὀῦρανόν,
3298 3531 3349 3591 ἱ(
3371 3553 3400 3592 e
3453 3531 3487 3592 τ’
3519 3531 3545 3587 (ἱ
3610 3531 3770 3592 Mihi.
3809 3531 3948 3595 vero

2303 3607 2500 3732 patrias
2531 3623 2691 3671 cura,
2724 3612 2780 3662 et
2809 3607 3043 3678 quidem
3077 3607 3314 3664 summa
3341 3610 3710 3680 est,digitum
3742 3611 3800 3666 in
3833 3627 3949 3666 ca:-

2330 3695 2424 3732 um
2459 3678 2788 3732 intendens.
2825 3702 2852 3728 »
2901 3679 3109 3732 Narrat
3159 3682 3439 3732 Diogenes
3498 3682 3557 3732 in
3617 3683 3741 3732 Vita
3798 3683 3946 3732 eius-

2330 3695 2424 3752 um
2459 3678 2852 3752 intendens._»
2901 3679 3109 3734 Narrat
3159 3682 3439 3751 Diogenes
3498 3678 3557 3736 in
3617 3683 3741 3737 Vita
3798 3683 3946 3752 ejus.

2303 3751 2596 3821 Chrysost.
2630 3749 2841 3805 Home].
2876 3752 2946 3804 de
2975 3753 3071 3806 δε.
3108 3749 3342 3807 Bernice
3375 3757 3430 3806 et
3463 3753 3742 3809 Prosdoce
3774 3767 3788 3810 :
3822 3749 3950 3810 {t’At

2305 3822 2753 3896 mulieres__alta
2793 3823 3195 3896 tranquilitate
3226 3825 3570 3896 fruebantur
3604 3843 3617 3880 :
3653 3825 3944 3896 siquidem

2306 3893 2564 3964 undique
2596 3892 2728 3948 illas
2762 3910 2900 3968 spes
2932 3895 3256 3949 futurorum
3292 3895 3613 3956 muniebat,
3663 3892 3947 3968 quoniam

2303 3970 2360 4020 et
2411 3981 2643 4039 peregre
2691 3982 2823 4020 cum
2857 3966 3166 4039 degerent,
3199 3982 3432 4039 peregre
3463 3985 3576 4023 non
3610 3966 3903 4039 degebant
3931 3985 3947 4025 :

2303 4053 2498 4091 veram
2533 4037 2689 4090 enim
2721 4036 2969 4107 patriam
3029 4036 3216 4092 ﬁdem
3262 4038 3590 4107 habebant;
3647 4036 3946 4096 civitatem

2305 4107 2596 4182 propriam
2659 4108 2948 4182 habebant
2996 4109 3446 4178 confessionem,
3475 4118 3530 4165 et
3559 4127 3690 4168 cum
3722 4112 3952 4182 optima

2303 4179 2404 4250 spe
2424 4179 2747 4243 alerentur,
2781 4179 2958 4234 nullis
2989 4182 3162 4236 rebus
3190 4181 3574 4252 presentibus
3604 4179 3950 4240 efficieban-

2303 4256 2662 4320 tur,tuturas
2691 4267 2945 4322 namque
2973 4252 3162 4307 solum
3195 4254 3590 4323 spectabant.»
3623 4257 3779 4310 Adeo
3809 4271 3948 4311 cum

2303 4323 2636 4398 Graecornm
2670 4323 3260 4398 omnium‘liberrimo
3296 4325 3546 4398 Diogene
3575 4326 3812 4398 gloriari
3843 4345 3949 4398 po-

2304 4401 2515 4468 terant.
2548 4394 2732 4468 ’Έχειν
2764 4389 2998 4468 πατρίδα
3029 4391 3251 4468 ἀδοξίαν)
3274 4394 3366 4449 moi
3400 4389 3609 4450 νπενίαῖ
3663 4389 3946 4452 ἀνάλωέον

2301 4469 2370 4542 τῇ
2401 4465 2986 4540 τύχῃλζὸάιηαῦθῐεθ
3016 4484 3079 4522 se
3111 4467 3354 4542 patriam
3386 4475 3786 4542 contemptum
3820 4469 3945 4542 glo-

2303 4539 2400 4594 riae
2431 4539 2947 4613 et’paupertatem,
2999 4555 3128 4610 quas
3175 4539 3234 4593 in
3293 4539 3640 4613 potestatem
3698 4539 3950 4598 fortuna:

2304 4626 2605 4680 nunquam
2639 4609 2760 4663 sint
2778 4609 3037 4666 cessura.
3068 4632 3095 4661 »
3133 4613 3268 4666 ΗΝ.

2373 4683 2486 4756 (ll)
2517 4681 2735 4756 Deperit
2760 4680 2990 4756 legibus.
3022 4686 3236 4756 I3_arum
3266 4683 3532 4753 verbum,
3564 4689 3622 4741 et
3651 4686 3804 4756 quod
3849 4686 3948 4743 vix

2303 4753 2458 4824 apud
2517 4751 2675 4827 alios
2721 4751 3004 4827 invenias.
3038 4753 3138 4808 Est
3155 4759 3359 4827 tamen
3394 4751 3548 4827 apud
3585 4751 3944 4825 Lucretium,

2521 4823 2782 4880 studiose
2834 4823 2975 4897 legit
3005 4830 3204 4882 noster
3233 4823 3565 4899 Septimius.
3598 4829 3695 4901 Is.,
3729 4831 3828 4886 lib.
3863 4823 3946 4900 xi,

2225 4985 2268 5049 Ι)
2298 5003 2430 5051 Nam
2460 5013 2634 5064 neque
2667 4999 2977 5065 adaugescit
3009 5002 3301 5066 quidquam
3334 5018 3510 5069 neque
3560 5006 3764 5070 deperit
3795 5007 3947 5060 inde.

2301 5106 2461 5181 Quod
2497 5105 2543 5160 si
2576 5107 2839 5177 quaedam
2874 5107 3207 5163 testimonia
3237 5109 3538 5181 collegerit
3590 5113 3818 5179 Festus,
3876 5131 3949 5170 ea

2302 5179 2620 5256 perierunt,
2668 5183 3117 5256 truncatumque
3150 5181 3257 5256 hoc
3287 5179 3479 5239 solum
3509 5185 3678 5240 nobis
3710 5186 3951 5256 reliquit

2302 5249 2652 5376 epitomaor
2680 5252 2810 5322 ejus
2864 5249 3106 5319 Paulus,
3154 5252 3402 5324 deperire
3454 5258 3731 5328 signiﬁcat
3782 5249 3958 5316 valde

2302 5340 2500 5376 venre.
2587 5338 2676 5376 Αν.

2339 5340 2500 5380 erzre.
2541 5338 2676 5377 UAV.

2298 5342 2681 5469 #:1133033
2707 5391 2987 5464 potiorem
3012 5394 3318 5464 sequimur
3333 5414 3447 5469 prae
3465 5398 3596 5454 aliis
3613 5399 3946 5467 lectionem,

2306 5467 2495 5539 inquit
2527 5468 2598 5520 de
2627 5471 2945 5542 Gourcy,ea
2976 5482 3116 5542 sane
3141 5483 3256 5542 prge
3287 5467 3417 5524 aliis
3450 5472 3948 5542 nitide,obvioque

2303 5537 2478 5614 sensu
2538 5542 2709 5614 sonat
2759 5541 2816 5614 et
2865 5537 3468 5614 egregioCollocare
3522 5561 3745 5599 causam
3800 5537 3947 5614 apud

2302 5610 2690 5686 iud:‘ce._s,i_d_em
2724 5613 2814 5663 est
2843 5609 2996 5686 enim
3027 5627 3093 5666 ac
3115 5609 3266 5686 diem
3296 5630 3489 5686 coram
3509 5617 3706 5685 judice
3728 5609 3951 5686 dicere,-

2302 5679 2424 5740 rem
2457 5679 2756 5751 sigillatim
2805 5679 3111 5752 explicare,
3170 5685 3412 5742 minime
3467 5679 3601 5742 vero
3660 5689 3740 5743 rei
3798 5679 3942 5744 cau-'

2301 5771 2426 5811 eam
2485 5752 2706 5808 afferre.
2767 5753 2882 5807 Nec
2937 5754 3097 5810 totus
3151 5771 3216 5812 eo
3273 5756 3383 5813 loci
3427 5763 3517 5814 est
3545 5757 3938 5816 Tcrtullianus
