4526 6336
587 386 700 448 311

1110 383 1641 447 TERTULLIANI
1687 382 2015 446 OPERUM
2055 381 2256 443 PARS
2300 381 2454 442 I.—
2481 380 2756 442 SERIES
2801 381 2851 456 Ι,
2897 378 3470 442 APOLOGETICA.

3879 379 4000 439 312

583 515 1011 585 tionem,etiam
1043 514 1387 587 dignitatem
1406 515 1518 585 (15)
1543 514 1874 588 transgredi
1903 516 1974 572 ad
2006 514 2115 570 hoc
2142 530 2240 570 no-
2266 514 2323 581 Α
2353 513 2461 568 hoc
2493 514 2598 584 (l6)
2630 513 2756 584 ipso
2783 512 2954 567 modo
2985 511 3055 567 ad
3099 510 3489 566 aestimatione
3525 508 3776 580 alicujus
3816 507 4002 564 laten-

584 623 718 662 men
760 605 931 677 quasi
989 605 1338 660 detrimento
1393 608 1659 660 moerent.
1713 605 1828 660 Nec
1856 609 2053 660 tamen
2085 604 2241 660 284

2349 601 2424 657 tis
2447 602 2491 636 ¹⁹
2513 601 2641 657 boni
2668 605 3012 674 promovent
3033 600 3262 656 animos
3285 617 3298 669 ;
3320 615 3434 656 non
3456 598 3592 655 licet
3621 598 3998 656 rectius265

2023 730 2225 792 Variae
2256 728 2558 790 lectiones

660 812 704 848 ιο
734 809 991 868 Latentis
1025 811 1207 866 Paris.

2017 907 2540 970 Commentarius.

583 1034 688 1075 nec
717 1022 885 1073 nates
918 1033 931 1071 :
965 1015 1252 1082 videlicet,
1291 1018 1355 1072 at
1385 1016 1552 1087 bipes
1592 1017 1780 1072 cauda
1838 1020 2005 1072 vacat
2036 1031 2050 1070 :
2085 1031 2235 1087 qua-

582 1092 797 1162 drupes
826 1088 1166 1162 natibus._»
1225 1088 1309 1162 Et
1345 1088 1404 1142 in
1459 1087 1702 1160 pulchro
1761 1105 1940 1160 puero
1992 1092 2236 1143 venuste

577 1159 866 1234 expressit
895 1159 1192 1216 Ausonius
1224 1159 1473 1231 epigrac.
1499 1176 1550 1215 v.
1581 1177 1595 1227 ;

664 1259 800 1308 Dum
829 1257 1037 1307 dubitat
1063 1255 1262 1320 Natura
1289 1269 1484 1305 marem
1515 1255 1785 1305 faceretne
1817 1255 2086 1320 puellam:

725 1321 913 1370 Factus
944 1333 1007 1369 eo
1036 1319 1260 1382 pulcher
1287 1333 1423 1382 pene
1454 1320 1630 1382 puella
1657 1333 1813 1382 puer.

576 1409 648 1464 Et
699 1408 760 1464 in
809 1407 989 1463 simili
1041 1412 1384 1478 argumento
1445 1408 1516 1462 de
1566 1408 1723 1479 Gyge
1783 1405 1990 1462 Cnidio
2036 1405 2236 1460 Horat.

585 1481 784 1536 Carm.
819 1480 906 1548 11,
938 1495 993 1533 v.
1022 1479 1089 1533 21
1125 1495 1139 1534 :

831 1585 996 1642 Quem
1029 1584 1073 1632 si
1103 1583 1396 1646 puellarum
1430 1583 1636 1633 inseres
1666 1583 1850 1644 choro,

833 1646 964 1695 Mire
997 1661 1212 1708 sagaces
1239 1647 1450 1695 falleret
1480 1647 1739 1707 hospites,

834 1710 1124 1758 Discrimen
1155 1709 1464 1768 obscurum,
1497 1710 1689 1757 solutis

835 1773 1102 1831 Crinibus,
1136 1772 1497 1834 ambiguoque
1533 1773 1701 1820 vultu.

2347 1011 2448 1068 Καὶ
2476 1015 2556 1083 τῷ
2585 1010 2730 1083 αὐτῷ
2763 1007 2866 1065 ἔτει
2897 1008 3106 1083 ἄλλους
3129 1007 3482 1083 τε-πολλοῷς,
3512 1009 3601 1083 διᾳί
3649 1008 3740 1083 τὸᾳγ
3789 1001 3999 1083 Φάϐιογ

2346 1075 2658 1155 Κλήμέντα,
2703 1075 3060 1155 ὗπατᾼεύοντα,
3121 1081 3328 1155 καίπερ*
3401 1075 3615 1154 ἀνὲψιὸν
3664 1075 3853 1155 Δὄντα,
3912 1077 4007 1132 καὶ

2344 1147 2590 1229 γυνόιῗκα,
2645 1147 2742 1208 Stati
2803 1153 2969 1222 αὐτὴν
3031 1147 3093 1207 ou
3165 1147 3517 1223 ινῆ’ἑαυτοῦ’
3567 1147 3776 1206 Φοιϐίαν
3833 1147 4007 1223 Δομι-

2344 1224 2537 1281 τίλλαν
2599 1222 2798 1295 ἔχοντα
2858 1173 3181 1295 κατέσφαῃν
3240 1225 3268 1278 ὁ
3325 1222 4002 1295 Δομιτιανὸς,ῌὲπηγὲχθη

2350 1241 2537 1281 τῑΛΛαν
2599 1241 2798 1300 ἔχοντα
2858 1241 3181 1302 κατεσφαξιν
3240 1241 3268 1278 o
3325 1241 3668 1296 Δομιτιανος,
3722 1241 4002 1298 επηνεχθη

2350 1295 2410 1375 δὶ
2435 1297 2636 1375 ἀμφοῖν
2668 1295 3268 1375 ξγκλῃμαρθεςξιςῃτος.
3304 1295 3389 1373 ὑφ’
3419 1298 3486 1375 ᾖς
3517 1295 3607 1375 θεαὶ
3637 1291 3804 1375 ἀλλρι
3835 1292 4006 1375 Eafa

2345 1374 2452 1422 τῶν
2473 1363 2764 1425 ’Ἱὸυδαιών
2938 1363 3317 1438 ἐξοκέλλοντες
3345 1363 3551 1423 ἃτολλοὶ
3607 1363 4002 1438 κατεδικάσῆη-

2349 1462 2465 1515 σαν,
2499 1442 2564 1496 Ἠ
2597 1440 2654 1496 δὶ
2711 1433 3018 1515 mamilla
3067 1439 3408 1515 bnspwptcﬁn
3446 1438 3628 1515 Δμόνων
3668 1437 3743 1498 εἰς
3791 1433 4000 1515 Mdvde-

2345 1513 2546 1586 τερίαν.
2605 1517 2646 1570 I.
2677 1530 2708 1569 e
2741 1531 2754 1569 :
2784 1508 2811 1564 ἱ(
2849 1514 3059 1586 Eodem
3092 1508 3262 1568 anno'
3301 1508 3660 1586 Domitianus
3689 1527 3823 1565 cum
3857 1508 4004 1586 alios

2351 1580 2590 1652 multos,
2625 1595 2745 1640 lum
2800 1602 2934 1640 vero
2986 1585 3228 1640 Fabium
3277 1583 3630 1639 Clementem
3699 1580 4006 1652 consulem

2357 1658 2484 1726 [etsi
2521 1656 2796 1728 patruelis
2821 1659 2949 1728 ejus
3001 1656 3083 1712 ait
3112 1664 3169 1712 et
3200 1655 3457 1710 Flaviam
3486 1652 3852 1728 Domitillam
3887 1651 4003 1708 Do-

2351 1725 2580 1783 mitiani
2643 1725 3104 1798 consanguinem
3181 1743 3418 1782 uxorem
3484 1725 3758 1798 habebat]
3819 1728 4005 1798 morte

2350 1801 2558 1866 ail'ecit,
2593 1799 2752 1855 illato
2785 1795 3071 1854 ambobus
3119 1800 3363 1854 crimine
3404 1797 3678 1853 atbeismi
3709 1797 3814 1867 [ita
3843 1795 4004 1850 enim

588 1871 699 1927 Sed
728 1869 1308 1943 utundedigressus
1360 1885 1490 1943 εμπ]
1545 1869 1794 1934 redeam,
1816 1865 2030 1943 profui}
2065 1865 2240 1919 dubio
2271 1871 2318 1936 B
2348 1872 2678 1927 Christiana
2725 1872 2927 1943 religio
2968 1871 3287 1943 vocabatur
3315 1886 3462 1943 qua
3505 1871 3644 1925 deos
3677 1865 4002 1943 irridebat].

588 1945 658 1998 de
689 1939 1032 1996 Christianis
1065 1940 1324 2011 loquitur
1375 1939 1954 2011 fragmentumillud
1984 1939 2234 2011 saneea,

590 2014 746 2086 quod
777 2012 945 2086 nobis
975 2009 1222 2086 servavit
1250 2009 1614 2086 Augustinus
1637 2012 1714 2086 _in
1750 2010 1858 2065 lib.
1881 2009 1964 2086 _de
2011 2009 2240 2063 Civitale

587 2081 712 2153 Dei,
744 2101 819 2152 v1,
855 2085 941 2138 11.
975 2103 1002 2132 ‹‹
1036 2085 1115 2139 De
1141 2083 1259 2138 illis
1291 2081 1430 2138 sane
1466 2083 1684 2138 Judaeis
1713 2098 1846 2136 cum
1880 2081 2236 2152 loqueretur.

587 2159 671 2213 ait
703 2175 715 2212 :
746 2159 892 2212 Cum
929 2155 1160 2211 interim
1203 2171 1390 2224 usque
1437 2172 1502 2208 eo
1551 2153 2014 2210 sceleratissimus
2047 2153 2239 2223 gentis

586 2227 951 2285 consuetudo
981 2225 1278 2283 convaluit
1308 2234 1371 2280 ut
1401 2243 1503 2297 per
1551 2242 1754 2281 omnes
1779 2227 1904 2295 jam
1936 2230 2121 2297 terras
2151 2241 2237 2297 re:

589 2305 754 2372 cepta
785 2293 1419 2372 sit._Victi_victoribus'
1438 2297 1593 2368 leges
1630 2293 1937 2372 dederunt.
1971 2296 2112 2372 aEn
2146 2293 2241 2372 cui

588 2365 1009 2447 commercium
1067 2368 1391 2447 litterarum
1449 2365 1594 2447 cum
1632 2367 1809 2447 Paulo
1866 2365 2238 2447 fabulantur!

595 2446 778 2507 Quem
817 2442 1009 2497 locum
1051 2456 1117 2496 eo
1162 2441 1440 2496 libentius
1487 2441 1700 2495 adduxi
1727 2439 1810 2494 ἰιι
1861 2455 1988 2510 qua:
2047 2439 2128 2493 ibi
2157 2453 2243 2493 se-

592 2518 858 2587 quuntur
885 2513 1192 2568 emendem
1228 2555 1240 2567 .
1281 2534 1301 2561 σ
1339 2513 1426 2566 llli
1457 2511 1891 2587 _tamen,_inquit
1929 2511 2117 2565 verbis
2146 2515 2243 2587 Se-

591 2583 746 2642 necae
780 2587 1163 2656 Augustinus,
1187 2601 1395 2639 causas
1427 2584 1574 2639 ritus
1605 2585 1695 2656 sui
1728 2588 2032 2656 noverunt,
2058 2583 2247 2656 major

637 2674 732 2712 ars
763 2655 976 2727 populi;
1003 2655 1158 2726 facit,
1191 2656 1344 2727 quod
1404 2671 1508 2727 cur
1556 2655 1728 2727 iaciat
1775 2655 2017 2727 ignoret.
2067 2675 2096 2703 »
2159 2655 2244 2727 lta

637 2676 732 2712 ars
763 2676 834 2727 p0
880 2676 960 2711 uu
1003 2676 1158 2726 lacu,
1191 2676 1344 2726 quoa
1404 2676 1508 2709 cur
1556 2676 1728 2709 molat
1775 2676 2017 2723 ignoret.
2067 2676 2096 2703 »
2159 2676 2244 2707 ita

594 2676 822 2785 gabent
840 2676 980 2782 ﬁbri
1011 2729 1214 2798 Optimi
1247 2725 1456 2782 litteris
1504 2725 1981 2798 Longobardicis
2003 2723 2244 2794 exarati,

604 2815 858 2872 quorum
905 2797 1342 2872 collo'Catiouem
1383 2814 1548 2872 servo
1601 2814 1716 2872 non
1744 2797 2048 2872 _et__major
2092 2812 2242 2868 pars,

594 2866 660 2952 ut
690 2871 912 2942 passim
943 2869 1174 2952 legitur.
1211 2868 1486 2952 Quamvis
1524 2866 1800 2952 ‘enimnin
1844 2867 1940 2922 illo
1967 2866 2246 2952 auo—qua-

597 2940 875 3013 licunque
901 2940 1138 3012 scripto,
1171 2941 1322 3011 quod
1353 2940 1873 3013 jamdeperditum
1901 2945 2008 3004 est,
2040 2956 2245 3010 super-

592 3011 887 3072 stitionem
929 3011 1102 3068 istam
1151 3013 1413 3067 odiosam
1453 3011 1563 3066 sibi
1611 3013 1850 3065 damnet
1894 3017 2127 3079 Seneca,
2164 3013 2244 3064 fa-

594 3094 753 3142 tetur
807 3090 1002 3140 tamen
1060 3084 1193 3139 illos
1243 3085 1393 3138 ritus
1446 3085 1535 3138 sui
1585 3099 1825 3138 causam
1887 3100 2079 3146 nosse,
2111 3099 2244 3136 cum

595 3160 786 3228 major
802 3173 936 3230 pars
958 3155 1178 3230 populi,
1203 3155 1446 3230 Romani
1473 3170 1701 3230 nempe,
1717 3157 1887 3225 cujus
1917 3155 2244 3230 vecordiam

596 3237 654 3286 et
677 3227 975 3302 ignaviam
1004 3228 1218 3282 ibidem
1251 3227 1505 3292 taxabat,
1552 3227 1780 3298 ignoret
1813 3243 1917 3302 cur
1965 3227 2163 3302 faciat_
2203 3227 2264 3288 id

599 3298 753 3374 quo’d
784 3301 941 3374 facit.
971 3304 1038 3354 Et
1061 3305 1437 3374 sane‘preter
1467 3315 1611 3353 mss.
1647 3298 2050 3374 auctoritatem
2081 3298 2240 3374 e_vin-

607 3370 750 3429 cunt
780 3372 836 3426 id
867 3370 1254 3442 praecedentia
1287 3370 1439 3440 apud
1474 3373 1767 3442 auctorem
1799 3371 1973 3424 verba
2001 3387 2012 3423 :
2045 3390 2066 3417 ι
2093 3370 2247 3425 Sub—

603 3445 749 3514 jecit
775 3441 948 3514 plane
998 3443 1372 3504 sententiam,
1403 3457 1520 3514 qua
1566 3441 1945 3514 signiﬁcaret,
1998 3442 2136 3514 quid
2184 3444 2258 3500 de

612 3511 852 3572 illorum
882 3518 1381 3569 sacramentorum
1412 3511 1643 3567 ratione
1666 3511 1924 3568 sentiret.
1959 3511 2050 3567 Ait
2079 3514 2263 3582 enim,

614 3587 702 3642 illi
733 3591 952 3650 tamen,
987 3605 1014 3634 »
1046 3589 1153 3640 etc.
1186 3584 1348 3639 Nacit
1395 3582 1509 3637 huc
1551 3585 1728 3639 etiam
1774 3584 2033 3640 Suetonii
2095 3586 2259 3642 locus

611 3657 674 3714 in
706 3657 1056 3721 Domitiano,
1085 3672 1209 3726 cap.
1243 3656 1326 3709 12.
1365 3677 1392 3703 ‹‹
1445 3659 1656 3710 Praeter
1699 3660 1934 3710 caeteros
1976 3656 2260 3714 Judaicus

606 3729 786 3784 ﬁscus
808 3727 1184 3782 acerbissime
1207 3730 1506 3799 actusest,
1532 3727 1600 3781 ad
1625 3743 1794 3799 quem
1828 3727 2258 3798 deferebantur,

613 3801 715 3873 qui
747 3800 906 3854 velut
931 3801 1178 3873 professi
1218 3798 1525 3873 Judaicam
1571 3798 1725 3873 intra
1772 3800 1976 3873 urbem
2009 3801 2276 3873 viverent

607 3870 813 3940 vitam,
858 3872 946 3926 vel
977 3870 1345 3925 dissimulata
1376 3870 1600 3938 origine
1634 3870 1912 3939 imposita
1949 3872 2128 3941 genti,
2159 3872 2261 3928 tri-

614 3945 758 3998 buta
788 3960 902 3998 non
950 3941 1383 4014 pependissent.
1436 3944 1776 3998 lnteru'sse
1807 3957 1899 3998 me
1928 3941 2264 4000 adolescen-

611 4017 798 4070 tulum
859 4013 1120 4078 memini,
1180 4029 1312 4067 curn
1375 4028 1408 4066 a
1463 4019 1854 4082 procuratore,
1905 4015 2257 4083 frequentis-

613 4090 881 4157 simoque
937 4083 1179 4140 concilio
1210 4085 1608 4157 inspiceretur
1631 4086 2060 4157 nonagenarius
2089 4102 2263 4142 senex

612 4176 681 4214 an
713 4154 1099 4211 circumcisus
1123 4154 1342 4211 esset.)
1370 4154 1545 4210 Vides
1567 4154 2032 4212 circumcisionis
2052 4158 2262 4214 discri-

613 4229 773 4285 mine
820 4245 966 4299 opus
1039 4227 1220 4282 fuisse
1282 4232 1345 4281 ut
1403 4227 1904 4298 dignoscerentur.
1939 4233 2062 4284 Imo
2120 4231 2262 4284 adeo

615 4301 844 4355 nullum
903 4299 1218 4354 discrimen
1275 4299 1428 4352 inter
1497 4302 1598 4355 has
1648 4306 1835 4354 sectas
1886 4300 2024 4354 facit
2077 4301 2264 4356 IElius

615 4372 962 4442 Spartianus
1012 4376 1074 4425 ut
1123 4371 1180 4424 in
1231 4370 1516 4440 principio
1569 4371 1699 4426 vitae.
1748 4371 2055 4427 Caracallaa
2096 4374 2165 4428 de
2198 4389 2264 4428 eo

612 4445 832 4500 scribat
863 4459 875 4496 :
917 4466 937 4490 ι
962 4442 1287 4514 Septennis
1319 4458 1482 4514 puer,
1537 4459 1666 4497 cum
1710 4444 2057 4498 collusorem
2090 4461 2260 4499 s'ium

613 4531 895 4588 puerum,
918 4513 990 4568 ob
1017 4513 1323 4568 Judaicam
1356 4513 1693 4585 religionem
1728 4515 1962 4585 gravius
1992 4517 2265 4571 verbera-

614 4586 742 4641 tum
766 4586 1047 4658 audisset,
1071 4600 1258 4656 neque
1288 4589 1514 4658 patrem
1563 4603 1758 4650 suum,
1813 4602 2002 4656 neque
2032 4592 2261 4658 patrem

616 4657 782 4740 pueri
833 4655 1220 4740 velauctores
1245 4656 1555 4740 verberum
1588 4659 1682 4740 diu
1718 4655 1990 4740 respexit.
2026 4655 2054 4707 ὖ
2083 4658 2266 4740 ¹υῐιάθ
2297 4673 2343 4738 D

621 4727 680 4785 et
707 4728 1080 4798 Lampridius
1112 4730 1182 4784 de
1231 4727 1558 4800 Alexandro
1607 4727 2200 4800 Severo—imperatore
2249 4745 2264 4784 :

614 4823 644 4851 «
679 4799 1096 4872 Clamabatque
1134 4799 1348 4872 smpius
1380 4800 1530 4872 quod
1567 4817 1598 4853 a
1630 4799 1981 4872 quibusdem
2013 4801 2132 4856 sive
2159 4801 2266 4856 Ju-

613 4872 755 4928 dais
811 4871 931 4926 sive
960 4870 1309 4928 Christianis
1341 4870 1661 4940 audiverat,
1693 4878 1750 4927 et
1778 4873 2013 4927 tenebat
2047 4890 2060 4938 ;
2094 4873 2270 4943 idque

617 4961 722 5016 per
780 4959 1139 5016 praeconem,
1206 4959 1341 5016 cum
1412 4943 1665 5014 aliquem
1708 4944 2088 5016 emendaret,
2147 4944 2262 4999 dici

621 5015 864 5088 iubebat
897 5015 1044 5088 Quod
1075 5015 1176 5088 tibi
1220 5015 1350 5084 ﬁeri
1388 5032 1499 5069 non
1531 5017 1636 5088 via,
1663 5015 1827 5088 alteri
1867 5033 1937 5088 ne
1960 5015 2176 5088 feceris.
2241 5037 2269 5064 »

616 5086 801 5153 Quem
833 5087 1102 5143 eumdem
1138 5087 1546 5157 imperatorem
1574 5086 1877 5142 Christum
1911 5087 2062 5141 inter
2121 5087 2260 5142 deos

616 5159 832 5214 referre
862 5164 918 5214 et
973 5156 1256 5228 templum
1297 5156 1381 5211 illi
1428 5162 1722 5213 exstruere
1772 5157 2022 5213 voluisse
2052 5162 2269 5228 narrat,

621 5232 720 5286 sed
766 5230 1125 5302 prohibitum
1179 5229 1248 5282 ab
1290 5229 1393 5302 iis,
1441 5230 1538 5300 qui
1580 5251 1605 5280 α
1654 5229 2022 5284 consulentes
2082 5246 2269 5299 sacra,

617 5301 955 5374 repererant
993 5318 1208 5374 omnes
1241 5301 1600 5374 Christianos
1635 5303 1881 5366 futuros,
1907 5304 1954 5355 si
1989 5303 2043 5374 id
2075 5307 2271 5374 Optato

617 5371 906 5430 evenisset
932 5377 988 5426 et
1032 5371 1251 5444 templa
1295 5372 1518 5443 reliqua
1564 5374 1904 5428 deserenda.
1950 5396 1976 5420 ››
2011 5373 2089 5427 De
2116 5371 2269 5428 mul-

616 5447 870 5503 titudine
904 5445 1369 5500 Christianorum
1418 5444 1512 5516 adi
1555 5444 1731 5499 etiam
1772 5446 1924 5500 infra
1963 5446 2116 5516 apud
2153 5453 2270 5500 Au-

617 5523 836 5574 ctorem
894 5521 1160 5573 nostrum
1226 5530 1352 5586 cap.
1434 5515 1517 5582 19,
1573 5519 1630 5570 et
1686 5533 1810 5588 quae
1860 5516 1937 5571 ibi
1997 5515 2274 5573 notantur

620 5589 804 5732 ΗἩΞ)
837 5662 897 5715 Et
928 5661 1038 5727 iam
1067 5657 1406 5732 dignitatem.
1449 5657 1731 5732 Recteita
1779 5657 2013 5732 Rigalt.
2045 5663 2268 5732 et_ms.

618 5729 815 5804 Lugd.
840 5732 984 5804 Bat._
1015 5729 1125 5784 Alii
1167 5729 1363 5804 etiam,
1397 5730 1688 5804 quomodo
1721 5747 1832 5804 ms.
1879 5730 2046 5804 Fuld.
2080 5730 2272 5804 Xiphi-

598 5799 774 5864 linus
803 5803 864 5859 in
894 5801 1147 5874 epitome
1187 5799 1388 5858 Dionis
1414 5799 1501 5858 de
1547 5802 1892 5860 crudelitate
1934 5799 2270 5860 Domitiani.

2347 1945 2527 2014 Cujus
2575 1946 2653 1998 rei
2695 1941 2871 1998 causa
2925 1942 3118 2007 multi,
3160 1942 3257 2014 qui
3311 1941 3371 1995 in
3428 1957 3620 1996 mores
3663 1941 4006 2014 Judaaorum

2347 2011 2722 2079 transierant,
2750 2015 3009 2070 damnati
3045 2011 3218 2069 sunt:
3246 2029 3499 2084 quorum,
3521 2028 3657 2084 pars
3679 2011 3869 2066 occisa
3891 2013 4004 2084 est,

2347 2104 2483 2170 pars
2513 2086 2762 2170 spoliata
2791 2087 3168 2170 facultatibus
3201 2081 3546 2170 :Donii'ti‘lla
3593 2081 4005 2170 tantummodo

2347 2153 2407 2214 in
2441 2153 2847 2214 Pandatariam
2880 2157 3130 2224 relegata
3168 2161 3274 2211 est.
3312 2178 3339 2204 »
3372 2155 3518 2210 Nota
3559 2155 3730 2212 etiam
3766 2153 3858 2210 hic
3887 2153 3994 2209 Ju-

2349 2233 2503 2298 dzeos
2561 2236 2649 2298 et,
2691 2229 3052 2298 Christianos
3121 2227 3421 2293 confundi,
3490 2231 3546 2282 et
3619 2240 3996 2298 reponegpro

2351 2295 2554 2354 Φάϐιον
2588 2295 2855 2370 Φλάϐιον,
2887 2305 2953 2355 ut
3001 2315 3270 2370 expresse
3301 2299 3518 2353 dicitur
3546 2315 3579 2352 a
3608 2295 3909 2370 Suetonio
3936 2297 3999 2352 in

2349 2373 2558 2454 Domit.
2609 2390 2657 2454 cf
2692 2375 2798 2454 ⁸15,
2842 2369 2964 2454 nec
3003 2369 3147 2454 alias
3199 2370 3497 2454 patruelis:
3531 2369 3816 2454 principis
3865 2384 3996 2451 esse

2351 2444 2541 2517 potuit
2594 2445 2705 2499 nisi
2736 2440 2804 2500 ea
2837 2449 3006 2515 gente
3051 2440 3272 2517 Flavia,
3314 2459 3429 2517 non
3458 2440 3652 2496 Fabia.
3689 2440 3841 2517 Uxor
3868 2440 4000 2517 ejus

2349 2495 2578 2570 videtur
2615 2517 2723 2570 hoc
2754 2495 2965 2571 nomen
2999 2514 3208 2584 adepta
3245 2495 3304 2567 i'n
3337 2495 3616 2568 honorem
3650 2495 3856 2567 matris
3885 2495 4001 2567 Do-

2354 2589 2602 2653 mitiani,
2652 2604 2780 2658 quas
2825 2588 2915 2658 ita
2961 2585 3280 2658 vocabatur
3320 2590 3397 2658 et
3461 2601 3619 2658 cu_m_
3651 2584 4002 2658 cognomine

2352 2660 2473 2714 ﬁlia
2503 2655 2730 2713 mature
2780 2657 2983 2730 periit.
3023 2657 3200 2712 Addit
3252 2657 3468 2730 ibidem
3496 2655 3756 2730 Xiphlin’.
3806 2655 4001 2730 virum

2354 2730 2747 2798 clarissimum
2781 2726 3161 2798 'Glabrionem
3195 2730 3266 2784 ob
3297 2729 3451 2783 idem
3483 2726 3703 2783 crimen
3737 2726 4004 2798 periisse.

2351 2803 2451 2855 Τὸν
2494 2797 2551 2854 δὲ
2599 2798 2665 2868 δὴ
2728 2794 3053 2873 Γλαϐρίωνα
3094 2799 3197 2873 Δτὸν
3226 2798 3384 2873 “pera
3433 2793 4009 2873 TngTdeCa—VOB-"¢IP_-

2356 2875 2532 2946 ξαγτᾳ,
2564 2865 3007 2946 κασέηγορηθέντᾳ
3044 2869 3109 2946 τά
3133 2889 3190 2924 τι
3221 2865 3365 2946 ἄλλᾳ
3394 2869 3483 2923 καὶ
3516 2871 3604 2924 οἷα
3624 2865 3711 2946 :01
3767 2865 4008 2946 πολξκρὶ,

2354 2939 2444 3000 {ui
2476 2943 2556 2997 ὅτι
2589 2939 2926 3016 καῖ’ὸηρίοις
2978 2942 3216 3016 ἰμάχετο
3263 2941 3590 3016 ἀπέκτεινεν.
3624 2941 3667 2996 Ι.
3704 2957 3749 3016 e_
3777 2959 3791 2996 :
3816 2962 3844 2990 «
3879 2939 4018 2995 Gla-

2356 3018 2618 3073 brionem
2677 3012 2931 3088 quoque,
2977 3012 3242 3088 quicum
3291 3014 3540 3085 Trajano
3598 3012 4015 3088 magistratum

2356 3094 2637 3168 gesserat,
2655 3083 3219 3168 accusatumpraater
3239 3083 3444 3168 cetera
3472 3083 3790 3168 superioris
3813 3083 4016 3168 crimi:

2358 3155 2469 3229 nis,
2501 3163 2674 3215 etiam
2706 3177 2839 3215 cum
2886 3155 3088 3214 bestiis
3136 3159 3368 3229 quando
3411 3155 4018 3229 pugnasset‘interfici

2344 3226 2549 3306 jussit.
2579 3253 2605 3282 »
2642 3231 2929 3306 Objectus_
2947 3231 3100 3306 enim
3136 3226 3323 3306 fuerat
3362 3226 3433 3284 ab
3463 3228 3562 3284 illo
3592 3226 3744 3306 leoni
3777 3227 4020 3306 ferocis-

2355 3298 2526 3374 simo,
2559 3298 2743 3373 quem'
2764 3319 2872 3375 ope
2905 3303 2998 3357 Dei
3030 3307 3087 3357 et
3116 3302 3326 3375 virtute
3350 3317 3458 3356 sua
3485 3302 3831 3375 confecerat.
3881 3298 4020 3353 Sin-

2368 3369 2590 3446 gularis
2623 3369 2856 3446 quoque
2883 3380 2972 3428 est
3000 3373 3465 3446 inscriptioiquaa
3494 3372 3780 3444 reperitur
3806 3369 3866 3446 in
3900 3385 4020 3424 cm-

2369 3442 2605 3503 melerio
2640 3442 2730 3500 'l).
2758 3442 2776 3446 “
2812 3445 3051 3517 Agnetis
3115 3442 3230 3517 via;
3281 3442 3665 3517 Nomentana,
3733 3442 4024 3517 referente

2368 3519 2601 3590 Aringio
2645 3519 2824 3574 Romae
2850 3514 3160 3573 s'ubterran.
3194 3515 3299 3570 lin.
3332 3533 3418 3586 ιιι,
3451 3533 3576 3587 cap.
3605 3516 3696 3581 52,
3726 3531 3781 3584 p.
3815 3514 3938 3570 340.

2440 3633 2523 3672 81C
2563 3631 2796 3670 ΡΗᾸΞΜῙΑ
2835 3629 3042 3669 ΒεεινΑε
3079 3629 3424 3668 νεεΡΑειΑΝε
3464 3629 3593 3668 DIRE

2439 3703 2657 3744 CIVITAS
2695 3701 2795 3741 UB!
2834 3701 3039 3740 GLORIE
3071 3701 3184 3740 TUE
3219 3701 3428 3740 AUTORI

2440 3773 2761 3815 PREMIA’I‘US
2799 3773 2864 3810 ES
2902 3773 3092 3812 MORTH
3129 3772 3412 3811 GAUDENTI
3451 3773 3661 3812 LETARE

2441 3846 2713 3885 PROMISIT
2751 3844 2871 3883 ISTE
2909 3843 3150 3884 KRISTUS
3189 3844 3372 3882 OMNIA
3407 3844 3520 3882 TIBI

2440 3919 2539 3964 QUI
2577 3917 2758 3956 ALIUM
2798 3917 3035 3955 PARAVIT
3071 3915 3378 3955 THEATRUM
3417 3914 3471 3954 IN
3509 3914 3697 3954 COELO.

2371 3999 2563 4052 Refert
2622 3994 2896 4066 Aringius
2954 3995 3023 4052 ad
3081 3995 3473 4050 Domitianum
3543 3993 3643 4066 qui
3696 3991 4032 4066 Gaudentio

2372 4070 2686 4125 architecto
2733 4063 2946 4122 theatri
2995 4067 3314 4122 aediﬁcandi
3363 4063 3576 4122 curam‘
3623 4063 4029 4134 commiserat,

2375 4142 2564 4212 eique,
2595 4156 2728 4212 cum
2761 4139 2874 4194 alia
2905 4144 3028 4192 tum
3072 4139 3364 4193 civitatem
3400 4139 3552 4194 dono
3583 4138 4032 4212 daturum‘pro-

2373 4207 2651 4276 miserat;
2677 4211 2834 4265 hunc
2863 4216 3055 4265 autem
3092 4227 3152 4265 re
3184 4212 3459 4280 perfecta,
3493 4227 3624 4265 cum
3667 4207 3824 4262 velut
3851 4207 4032 4262 Chri-

2373 4285 2603 4340 stianus
2625 4283 2852 4338 delatus
2875 4287 3028 4337 esset
3046 4283 3115 4336 ad
3140 4280 3835 4352 principem,martyrium
3857 4283 4035 4349 putat

2374 4373 2477 4427 pro
2509 4354 2774 4427 mercede
2806 4354 3263 4427 sortitum‘esse.‘
3284 4355 3466 4418 Quam
3491 4355 3888 4427 conjecturam
3919 4352 4034 4405 im-

2375 4423 2598 4500 pugnat
2637 4424 2940 4480 Reinesius
2980 4426 3040 4480 in
3091 4423 3354 4496 inscript.
3401 4441 3488 4500 p._
3516 4427 3642 4500 955,
3698 4424 3898 4500 legens
3934 4438 4032 4500 va.

2375 4493 2619 4554 meum.
2674 4513 2825 4551 mas.
2877 4513 3163 4552 CIVILI'I‘AS.
3197 4493 3318 4566 usi,
3350 4493 3420 4551 ut
3445 4498 3521 4551 sit
3552 4493 3880 4566 interjectio
3913 4494 4033 4547 mi-

2376 4569 2570 4625 nantis
2601 4572 2659 4623 et
2689 4568 3053 4637 detestantis,
3086 4579 3142 4623 et
3186 4569 3360 4624 refert
3389 4568 3458 4624 ad
3494 4569 3854 4624 Antoninum
3888 4569 4033 4620 Bas-

2375 4641 2608 4698 sianum
2637 4639 3014 4705 Caraeallam,
3037 4639 3137 4709 qui
3168 4643 3342 4696 sexta
3374 4639 3796 4711 persecutionis
3827 4645 4037 4692 auctor

2377 4713 2505 4780 fuit,
2541 4717 2831 4784 negatque
2870 4711 3217 4783 Vespasiani
3260 4711 3499 4768 nomine
3529 4712 3877 4784 insignitum
3913 4725 4036 4762 un-

3849 4796 4032 4852 quam

2448 4871 2559 4942 (16)
2599 4873 2703 4927 Nec
2731 4878 2931 4939 tamen,
2992 4871 3092 4926 hoc
3137 4875 3248 4927 etc.
3299 4873 3446 4942 Acer
3491 4872 3560 4927 ad
3611 4867 4034 4942 inquirendum

2379 4940 2677 5010 stimulus,
2718 4947 2804 4997 tot
2849 4959 2914 4997 ac
2961 4941 3106 4999 tales
3156 4941 3421 4998 homines
3467 4945 3539 5000 ad
3584 4949 3804 4999 sectam
3864 4940 4032 4996 illam

2378 5014 2649 5070 transire.
2683 5017 2869 5080 Quare
2899 5019 3149 5087 augetur
3195 5014 3538 5085 ignorantia:
3583 5015 3825 5079 crimen,
3871 5013 4034 5084 quod

2380 5104 2501 5168 non
2526 5087 2684 5142 hisce
2714 5085 3005 5168 exemplis
3039 5087 3110 5168 ad
3162 5087 3416 5168 penitius
3455 5087 3872 5168 inquirendum
3904 5101 4035 5168 mo:

2379 5164 2603 5229 veatur,
2637 5175 2751 5213 non
2802 5155 2958 5213 enim
3008 5162 3072 5212 ut
3121 5155 3352 5228 vulgus,
3386 5155 3556 5228 cujus
3587 5175 3759 5214 aures
3790 5162 3844 5214 et
3876 5155 4032 5229 oculi

2382 5248 2532 5301 saepe
2560 5236 2738 5286 testes
2783 5229 2920 5285 mali
2969 5233 3243 5301 sunttut
3292 5229 3372 5284 ait
3421 5230 3684 5296 Publius,
3718 5231 3797 5284 ita
3827 5233 3884 5283 et
3927 5228 4033 5301 qui

2382 5298 2586 5373 sapere
2616 5302 3024 5358 existimantur
3053 5305 3110 5356 et
3133 5299 3196 5373 in
3229 5301 3399 5356 bonis
3447 5304 3600 5373 quod
3651 5303 3897 5372 perdant
3927 5298 4034 5353 ha-

2382 5372 2538 5444 bent,
2563 5380 2680 5429 tam
2708 5379 2940 5445 repente
2960 5372 3298 5442 transirent,
3324 5373 3434 5428 nisi
3468 5372 3761 5430 occultum
3793 5379 3850 5428 et
3870 5373 4031 5445 Aigno.

2380 5443 2845 5519 tum’quodda—m
2895 5450 3066 5519 antea
3106 5445 3327 5519 bonum
3357 5462 3483 5519 sese
3523 5447 3670 5519 ipsis
3696 5443 4032 5502 obtulisset-

2379 5520 2538 5599 lnfra
2568 5515 2694 5590 cap.
2731 5518 2833 5599 ult.
2870 5531 2883 5571 :
2921 5537 2948 5567 ‹‹
2982 5515 3099 5599 illa
3123 5515 3252 5598 ipsa
3279 5515 3591 5599 obstinatio
3624 5535 3794 5599 quam
3816 5531 4031 5599 expro-

2379 5590 2564 5646 bratis
2596 5588 2880 5661 magistra
2909 5592 3035 5661 est:
3061 5588 3202 5661 Quis
3224 5590 3376 5645 enim
3401 5607 3517 5646 non
3541 5588 4033 5661 contemplatione

2381 5662 2508 5745 ejua
2540 5659 2971 5745 concutiturad
3003 5659 3420 5745 inquirendum
3466 5663 3612 5745 quid
3664 5659 3826 5745 intus
3874 5659 3929 5713 in
3963 5674 4030 5745 re

2381 5731 2457 5788 sit
2479 5733 2507 5788 ?
2538 5732 2672 5804 quis
2701 5749 2816 5804 non
2848 5731 2947 5788 ubi
2979 5731 3284 5803 requisivit
3313 5731 3581 5790 accedit?
3628 5734 3729 5792 ubi
3760 5731 4028 5791 accessit.

2381 5805 2499 5877 pati
2529 5803 2808 5877 exoptat?
