4526 6340
597 353 714 413 315

1116 355 1648 417 TERTULLIANI
1693 355 2021 417 OPERUM
2071 357 2270 418 PARS
2314 357 2464 417 1.-
2497 355 2774 417 SERIES
2818 355 2868 428 Ι,
2912 353 3481 415 APOLOGETICA.

3890 348 4010 408 316

599 483 1049 554 praeformantur
1077 484 1142 549 ’⁸,
1177 485 1379 554 quanti
1412 485 1728 556 transfugas
1771 485 1826 540 in
1863 500 2196 558 perversum
2223 490 2246 543 ἲ
2270 498 2326 563 Α
2355 491 2386 541 tt

2223 490 2246 543 ἒ
2270 498 2326 563 Α
2355 491 2474 542 tere
2505 487 2636 557 (23),
2661 485 2932 541 devitant
2962 499 3264 556 apparere,
3311 481 3607 553 trepidant
3636 477 4007 550 deprehensi,

601 571 741 634 Quis
793 578 966 643 negat
994 572 1087 626 97?
1118 572 1333 627 Tamen
1387 576 1540 644 quod
1598 591 1726 630 vere
1772 575 1989 630 malum
2036 581 2144 639 est,
2179 592 2247 631 ne

598 660 713 731 ipsi
745 661 1002 730 quidem,
1036 678 1183 731 quos
1233 661 1399 730 rapit,
1433 663 1742 717 defendere
1795 681 1896 733 pro
1948 665 2096 719 bono
2145 681 2247 718 au-

599 750 759 804 dent.
793 749 974 803 Omne
1007 751 1226 803 malum
1284 756 1383 804 aut
1416 750 1623 806 timore
1654 757 1753 806 aut
1787 753 2006 823 pudore
2040 758 2248 808 natura

597 837 854 910 perfudit
900 839 1032 909 (33).
1068 839 1213 894 267
1255 839 1516 911 Denique
1571 839 1818 895 malefici
1847 842 2109 914 gestiunt
2159 841 2244 896 la-

2358 580 2575 646 negant
2605 575 2962 638 accusati,ne
2986 572 3124 628 torti
3149 571 3382 644 quidem
3410 570 3522 642 (24)
3547 568 3711 624 facile
3733 573 3835 624 aut
3855 585 4007 623 sem-

2357 680 2460 735 per
2481 665 2830 718 contitentur
2854 680 2866 729 ;
2893 667 3046 716 certe
3070 661 3221 716 268
3247 657 3621 714 condemnati
3647 657 3692 691 ²⁸
3720 662 3967 712 moerent
3997 674 4009 720 ;

2357 753 2730 806 dinumeranl
2765 751 2821 804 in
2855 751 3203 820 semetipsos
3237 748 3350 820 (‘25)
3382 747 3597 802 mentis
3630 745 3792 800 mala:
3826 746 4012 817 impe-

2356 846 2452 896 tus
2484 842 2529 875 ²⁹
2561 841 2646 896 vel
2682 844 2797 896 fato
2831 842 2943 911 (26)
2975 838 3062 894 vel
3096 838 3272 894 astris
3303 840 3415 908 (27)
3441 836 3734 908 imputant
3763 853 3776 903 ;
3807 834 4018 895 nolunt,

2025 965 2226 1026 Varia:
2258 965 2579 1026 lectiones.

669 1077 714 1110 ³⁸
744 1076 939 1150 Ehem,
973 1075 1226 1142 Herald.,
1259 1077 1458 1150 Rigalt.
1491 1085 1543 1133 et
1574 1079 1796 1136 ﬂauere.
1827 1095 1856 1134 ε
1883 1079 2037 1136 codd.
2076 1084 2228 1148 Put.,
2275 1081 2431 1149 Bona
2455 1085 2507 1135 et
2537 1079 2710 1150 Luqd.
2746 1078 3207 1150 perfomantur;
3237 1075 3352 1132 cod.
3384 1074 3544 1132 Futd.
3580 1074 3974 1150 reformantur
4000 1091 4014 1139 ;

613 1149 822 1220 Pamat.
855 1155 906 1203 et
938 1150 1204 1204 Burraaus
1238 1165 1251 1202 :
1287 1149 1757 1220 prmformantur.
1835 1152 1879 1185 ³⁷
1915 1147 2459 1207 Ψυαωθνζτηαυαὶι.
2491 1147 2663 1206 scribi
2693 1147 2762 1206 ea?
2792 1152 2897 1205 Mb'.
2931 1150 3071 1213 Quis
3104 1153 3278 1220 negat
3305 1153 3499 1220 tamen
3531 1147 3691 1220 quod
3729 1161 3860 1202 vere
3890 1162 4017 1220 ma-

607 1219 731 1274 lum
762 1225 918 1292 est..,
951 1237 1099 1292 quos
1130 1217 1641 1292 capit—defendere.
1718 1224 1760 1256 ³⁸
1791 1223 2064 1279 Damnati
2106 1224 2336 1279 Semler.
2369 1223 2753 1280 Condemnati
2804 1223 2967 1277 Pari:
2996 1227 3048 1277 et
3077 1217 3206 1276 alii:
3280 1220 3324 1254 ²⁹
3352 1219 3482 1276 Cod.
3539 1217 3713 1276 Fuld.
3751 1234 3764 1272 :
3800 1219 4018 1273 mentis

604 1291 921 1363 ignaviam.

2045 1375 2568 1436 Commentarius.

601 1474 837 1551 ἀλ-ηρινη
889 1473 1014 1538 ὁδὸς
1060 1477 1095 1543 ἠ
1147 1477 1198 1528 ἐν
1377 1476 1504 1551 βίῳ,
1547 1474 1694 1530 ἀλλά
1739 1476 2078 1534 πλανῶνται.
2115 1481 2153 1535 l.
2189 1498 2239 1536 e.

602 1569 631 1599 ‹‹
664 1548 752 1624 Illi
783 1565 913 1624 vero
961 1548 1634 1624 propter’igno'rantiam
1668 1556 1722 1605 et
1752 1567 2030 1618 errorem,
2065 1569 2242 1624 quem

599 1619 755 1701 apud
788 1619 1177 1701 imposituram
1212 1619 1553 1701 hauserunt,
1585 1639 1774 1677 veram
1809 1619 2241 1701 {legendis-vitis

599 1692 755 1746 viam
804 1708 919 1746 non
968 1692 1315 1747 inveniunt:
1367 1696 1466 1748 sed
1516 1698 1730 1748 temere
1771 1692 2126 1752 oberrant.»
2175 1697 2244 1750 Et

597 1762 748 1838 hanc
781 1764 1312 1838 q_uidem_tab_ulam
1333 1773 1548 1838 veteres
1573 1767 1867 1837 sapientes
1887 1784 2034 1838 smpe
2067 1769 2244 1838 respi-

598 1835 782 1900 ciunt,
816 1835 898 1889 ita
927 1841 992 1888 ut
1023 1835 1194 1910 Paulo
1217 1838 1477 1910 apostolo
1502 1835 1655 1891 haud
1686 1835 2039 1910 incognitam
2066 1835 2244 1894 fuisse

599 1911 1042 1980 appareatcum
1075 1907 1204 1960 aliis
1238 1908 1294 1980 in
1329 1909 1490 1980 locis.
1515 1915 1638 1980 tum
1673 1907 1882 1980 Ephe's.
1918 1928 1993 1980 1v,
2145 1911 2243 1962 Τὸν

597 1971 831 2054 πᾶλᾳιὸν
865 1971 1176 2054 ῌίίνμθρωςπον
1233 1977 1323 2054 rev
1380 1971 1736 2054 sttpopevov
1798 1978 1887 2034 διὰ
1945 1971 2039 2044 τὰς
2096 1983 2243 2034 Ἐπι·

603 2045 796 2120 θυμίας
824 2051 921 2115 τῆς
955 2045 1210 2117 Ἀπάτης.
1245 2045 1401 2106 Ηίῐὶό
1439 2045 1584 2106 illud
1631 2052 1882 2108 Lucretii
1933 2054 2035 2108 lib.
2069 2069 2130 2124 II,
2161 2056 2196 2108 9
2229 2070 2242 2110 ε

724 2136 1010 2204 I_)espicere
1039 2140 1383 2204 undequeas
1409 2141 1558 2194 alios,
1591 2141 1898 2204 passimque
1929 2142 2107 2191 videre

723 2198 929 2260 Errare,
963 2207 1124 2262 atque
1158 2198 1293 2249 viam
1327 2204 1572 2264 palantes
1594 2198 1841 2264 quaerere
1874 2206 2012 2253 vitae.

599 2279 899 2353 Quomodo
930 2275 1102 2353 lectio
1136 2281 1251 2334 hac
1282 2281 1711 2351 prie/armantur
1741 2290 1980 2353 augeret
2008 2301 2245 2340 sensum

601 2349 758 2420 apud
811 2350 1055 2406 Tertull.
1091 2349 1546 2420 nostriiin,'cum
1601 2371 1714 2408 non
1752 2349 1981 2410 tantum
2017 2356 2183 2410 multi
2217 2374 2250 2411 a

603 2421 757 2498 bona
787 2421 881 2498 via
903 2423 1356 2498 quam_ingressi
1391 2430 1530 2498 sunt
1559 2433 1876 2498 evocentur
1906 2429 1978 2480 ab
2022 2428 2246 2498 opinio-

605 2494 804 2557 nibus,
836 2497 974 2559 etc.,
1006 2495 1105 2568 sed
1159 2496 1334 2550 etiam
1370 2497 1628 2567 plerique
1660 2497 1837 2552 nimis
1870 2501 1985 2568 poti
2031 2494 2099 2554 die
2134 2499 2246 2553 Im-

604 2568 855 2690 gos’turaa
888 2564 1092 2636 poculo
1140 2570 1265 2622 tota
1313 2564 1406 2622 via
1438 2564 1589 2625 vel'a
1618 2564 1907 2642 principio
1957 2571 2246 2626 aberrent.

655 2653 688 2689 A
734 2677 746 2690 .

655 2651 746 2690 Αν.

675 2705 1033 2782 (22)Naturq
1077 2707 1480 2782 perfuditltls.
1537 2709 1712 2782 Lugd.
1771 2715 1893 2767 Bat.
1945 2712 2247 2782 perfundit.

607 2776 855 2848 Elegans
882 2783 972 2832 est
1015 2776 1192 2846 hiijus
1239 2779 1394 2833 verbi
1447 2776 1969 2845 ususftranslatus
2001 2776 2051 2838 a'
2077 2785 2252 2840 rebus

613 2847 874 2918 liquidis,
912 2850 966 2901 in
1002 2865 1137 2918 quo,
1173 2853 1237 2902 ut
1268 2859 1684 2918 saepe,secutus
1715 2860 1802 2907 est
1829 2855 2250 2911 latinissimum

614 2926 913 2975 auctorem
948 2921 1302 2976 Lucretium.
1338 2921 1437 2976 Ille
1469 2922 1568 2977 lib.
1602 2941 1677 2992 ιν,
1709 2927 1778 2980 80
1811 2943 1824 2981 :

1073 3011 1399 3078 Tam_inaois
1433 3010 1545 3060 haec
1579 3013 1720 3078 intus
1753 3013 1970 3078 perfusa
1998 3015 2179 3078 lepore

825 3069 1014 3120 Omnia
1043 3073 1341 3129 conrident,
1375 3081 1627 3138 conrepta
1658 3069 1772 3125 luce
1804 3077 1926 3126 diei.

606 3160 768 3216 Idem
798 3159 1137 3216 describens
1165 3161 1282 3216 vim
1315 3162 1520 3218 mortis
1551 3163 1651 3219 lib.
1686 3166 2084 3231 eodem,versu
2106 3167 2204 3222 921
2235 3185 2248 3224 :

1415 3253 1650 3316 Namque
1671 3253 1880 3316 jaceret

888 3312 1101 3360 Eterno
1133 3326 1326 3374 corpus
1357 3312 1630 3375 perfusum
1662 3312 1858 3378 frigore
1893 3317 2038 3368 lethi.

607 3387 756 3465 Quia
784 3405 916 3444 vero
968 3390 1240 3465 turbatur
1271 3392 1350 3465 ita
1403 3409 1568 3448 mens
1602 3395 1924 3465 affectibus,
1958 3414 2073 3452 non
2124 3415 2255 3452 raro

609 3461 765 3534 foras
796 3463 1056 3534 ostendit
1099 3463 1343 3516 monstri
1379 3465 1515 3534 quid
1569 3466 1730 3520 intus
1772 3461 1919 3522 alat.
1944 3470 2256 3524 Sallustius

605 3532 678 3586 de
709 3531 931 3586 Boccho
983 3533 1342 3606 Mauritania:
1391 3531 1543 3606 rege,
1577 3537 1882 3594 dubitante
1930 3557 2002 3595 an
2034 3542 2256 3597 Sullam

606 3606 936 3681 Jugurtha,
963 3605 1598 3681 JugurtbamneSulla:
1638 3610 1910 3676 traderet,
1945 3629 2069 3681 cap.
2110 3615 2206 3668 113
2240 3632 2252 3669 :

610 3678 908 3729 «Maurus
957 3676 1236 3731 adhibitis
1290 3679 1515 3743 amicis,
1584 3697 1649 3734 ac
1699 3683 1895 3736 statim
1948 3676 2260 3740 immutata

605 3746 1179 3827 voluntatewemotis
1203 3750 1445 3814 caeteris,
1480 3750 1916 3827 dicitursecum
1953 3755 2077 3827 ipse
2108 3757 2256 3812 mul-

605 3821 668 3874 ta
697 3818 1033 3899 agitavisse,
1066 3819 1228 3904 vultu
1266 3823 1540 3904 corporis
1588 3824 1807 3904 pariter
1838 3818 2012 3904 atque
2064 3829 2256 3884 animo

607 3893 806 3971 varius
841 3905 853 3944 :
888 3906 1012 3971 quae
1062 3891 1284 3971 scilicet
1319 3891 1543 3971 tacente
1588 3891 1718 3967 ipso
1752 3891 1982 3971 occulta
2012 3901 2128 3954 oris
2162 3919 2256 3971 pa-

611 3960 1388 4041 tefecisse.[Legepectoris
1416 3981 1483 4020 ex
1516 3960 1632 4022 ms:
1663 3969 1926 4041 magistri
1963 3960 2256 4041 quondam

610 4032 724 4086 mei
757 4033 906 4086 Petri
940 4032 1192 4089 Francit.
1228 4039 1368 4092 ΗΑν.

681 4103 1326 4182 (23)_Gest_iu_nt__latere.
1361 4111 1563 4182 P‘routi
1585 4107 1826 4182 pulchre
1872 4127 2072 4182 preces
2127 4112 2260 4170 illo-

609 4190 741 4230 rum
773 4175 1059 4232 describit
1090 4177 1364 4234 Horatius
1392 4178 1493 4234 lib.
1526 4175 1706 4252 Epist.
1742 4181 1784 4250 Ι,
1817 4175 1930 4250 xvi,
1963 4185 2034 4238 60
2065 4201 2078 4240 :

1171 4275 1388 4324 Pulchra
1422 4277 1677 4338 Laverna,

771 4334 847 4405 Da
875 4333 1006 4405 mihi
1037 4334 1216 4405 fallere
1241 4352 1253 4396 ;
1283 4340 1351 4387 da
1379 4333 1854 4405 justo___sanctoque
1886 4343 2054 4393 videri
2087 4358 2100 4405 ;

762 4396 982 4446 Noctem
1017 4402 1262 4462 peccatis,
1297 4406 1347 4450 et
1380 4396 1660 4452 fraudibus
1685 4396 1856 4466 obj'ice
1888 4396 2106 4456 nubem'.

614 4493 1013 4577 Impiipoetss
1065 4495 1312 4553 Lucretii
1342 4498 1422 4570 pii
1475 4516 1680 4558 versus
1730 4506 1869 4558 sunt
1897 4520 1952 4573 ν,
2006 4505 2164 4577 1153,
2196 4506 2256 4563 in

613 4569 914 4637 improbos
948 4584 961 4623 :

736 4679 844 4756 ﬁse
874 4681 1026 4756 facile
1056 4684 1443 4756 est‘plncidam,
1474 4699 1535 4756 ac
1572 4691 1822 4756 pacatam
1854 4689 2043 4756 degere
2077 4692 2254 4756 vitam,

864 4745 1030 4815 violat
1059 4745 1537 4815 factiseommunio
1567 4743 1769 4815 foedera
1797 4743 1960 4814 pacis”.

732 4805 841 4879 Etsi
872 4805 1002 4879 fallit
1033 4813 1176 4879 enim
1209 4811 1390 4879 Divum
1423 4825 1594 4879 genus
1626 4805 2029 4879 humanumque
2060 4832 2074 4867 :

732 4867 999 4930 Perpetuo
1032 4873 1214 4922 tamen
1251 4873 1302 4922 id
1337 4867 1452 4923 fore
1481 4875 1641 4924 etiam
1672 4877 1913 4927 difﬁdere
1943 4867 2118 4928 debet.

607 4972 797 5038 Quare
847 4973 1079 5032 salubre
1132 4977 1275 5034 illud
1321 4979 1615 5036 Ciceronis
1643 4983 2001 5040 consilium:
2045 4986 2256 5042 «Satis

607 5060 961 5129 persuasum
989 5065 1120 5129 esse
1151 5052 1342 5129 debet,
1376 5051 1425 5107 si
1457 5069 1661 5108 omnes
1691 5059 1833 5111 Deos
1871 5057 2256 5129 hominesque

607 5115 1163 5200 celarenpossimus,
1367 5129 1582 5200 tamen
1613 5141 1803 5192 avare,
1837 5127 1983 5182 nihil
2013 5115 2253 5200 injuste,

604 5187 753 5260 nihil
807 5187 1315 5260 libidinosc,nihil
1366 5187 1801 5254 incontinenter
1850 5215 1980 5255 esse
2039 5187 2253 5258 facian:

607 5259 772 5314 dum.
807 5283 832 5308 »
871 5261 1013 5319 HAV.

679 5332 898 5416 (2ῥ),Νθ
943 5335 1340 5416 tertii/itidem.
1376 5336 1534 5392 Idem
1581 5336 1774 5394 scelus
1825 5339 2066 5416 libidem
2098 5346 2252 5416 apud

605 5402 918 5485 Apuleium
952 5424 964 5461 :
1005 5427 1031 5458 α
1064 5402 1469 5464 Revalescente
1513 5426 1756 5480 prorsus
1785 5413 2046 5485 _astutia,
2082 5402 2253 5473 cons-

604 5476 943 5556 tantissime
976 5495 1185 5556 negare
1215 5486 1277 5556 et_
1301 5476 1916 5556 accerseremendacii
1964 5476 2254 5545 medicum

607 5559 722 5626 non
758 5546 954 5626 desi_i_t.
991 5572 1018 5599 »
1048 5546 1115 5605 Et
1149 5553 1319 5626 paulo
1353 5556 1502 5625 post,
1529 5553 1863 5626 evidentius
1903 5559 2078 5615 etiam
2111 5577 2249 5618 con-

605 5619 779 5700 victo,
817 5619 1017 5700 «μου.
1044 5619 1171 5679 rota
1220 5625 1308 5679 vel
1354 5619 1673 5700 equuleus,
1717 5642 1879 5683 more
1925 5630 2254 5690 Grmcorum

608 5689 937 5772 tormentis.
969 5694 1096 5764 ejus
1149 5689 1433 5772 apparata
1451 5697 1576 5767 jam
1626 5689 1868 5772 deerant
1901 5718 1913 5756 :
1949 5704 2049 5759 sed
2080 5689 2256 5762 obfir;

610 5762 806 5818 matus
861 5762 1012 5820 mira
1051 5762 1530 5841 praesumptione,
1580 5768 1759 5826 nullis
1804 5772 2142 5837 verberibus
2188 5795 2256 5836 ac

2351 1497 2423 1537 ne
2470 1481 2595 1552 ipso
2646 1479 2882 1552 quidem
2939 1478 3250 1552 succubuit
3300 1477 3440 1549 igni.
3477 1499 3505 1526 »
3554 1477 3747 1552 Cicero
3807 1475 4010 1530 Partit.

2352 1548 2509 1607 Orat:
2545 1570 2594 1608 c.
2631 1548 2691 1606 LI
2733 1551 2830 1606 ubi
2863 1557 3148 1606 torturam
3182 1548 3487 1605 dissuadet
3522 1565 3534 1603 :
3572 1573 3598 1599 «
3634 1548 3746 1602 Alii
3779 1553 4003 1616 autem,

2353 1626 2552 1696 inquit,
2587 1629 2685 1678 aut
2736 1629 2944 1678 natura
2977 1622 3254 1696 corporis,
3290 1627 3390 1677 aut
3446 1620 3872 1696 consuetudine
3905 1620 4010 1674 do-

2352 1693 2533 1759 lendi,
2565 1701 2668 1750 aut
2700 1701 2857 1750 metu
2891 1694 3186 1766 supplicii,
3219 1699 3320 1750 aut
3352 1693 3582 1760 mortis,
3614 1694 3730 1748 vim
3757 1699 4011 1746 tormen-

2353 1773 2545 1823 torum
2581 1767 2968 1838 pertulcrunt.
3005 1765 3030 1813 ἱ)
3065 1765 3202 1820 ΗΑν.

2428 1840 2535 1906 ('35)
2569 1833 2933 1893 Dinumerant
2981 1839 3038 1892 in
3065 1839 3397 1906 semetipsos.
3435 1835 3494 1889 Id
3548 1837 3658 1899 est,
3715 1833 4004 1904 recolunt,

2353 1905 2700 1965 colluStrant
2730 1917 2786 1964 et
2818 1913 3123 1964 recensent
3153 1905 3315 1962 intus
3361 1907 3724 1976 semetipsos,
3757 1905 3865 1960 hoc
3895 1914 4003 1972 est,

2355 1987 2484 2038 acta
2532 1999 2658 2048 sua,
2712 1997 2840 2036 vere
2885 1981 3234 2051 semetipsos
3279 1983 3636 2051 scrutantur.
3685 1978 4007 2034 Numerare

2355 2055 2509 2109 enim
2544 2058 2634 2108 est
2663 2069 2984 2119 recensere,
3017 2050 3163 2107 teste
3193 2051 3376 2122 Virg.,
3409 2050 3480 2103 IV
3513 2050 3700 2120 Georg.
3738 2066 3750 2104 :

2516 2153 2690 2214 Atque
2722 2150 2856 2200 chao
2887 2151 3083 2199 densos
3111 2149 3298 2198 divum
3325 2148 3648 2198 numerabat
3673 2159 3898 2197 amores.

2357 2240 2519 2317 Quod
2553 2239 2602 2294 si
2635 2240 2889 2311 penitius
2919 2237 3174 2317 explices
3202 2237 3582 2317 dinumerant,
3615 2253 3743 2292 esse
3774 2235 4006 2317 poterit,

2358 2311 2654 2366 aestimant
2687 2328 2787 2377 se;
2821 2327 2954 2365 nam
3005 2311 3106 2380 qui
3139 2317 3484 2364 numeratur
3511 2314 3568 2364 et
3616 2315 3906 2373 censetur,
3939 2311 3999 2362 in

2359 2385 2543 2476 pretio
2577 2385 2785 2476 aliqqo‘
2802 2386 2976 2476 estnet
3003 2397 3206 2436 censu.
3221 2386 3369 2476 me:
3534 2449 3545 2462 .

2427 2455 2537 2578 $26)
2575 2450 2839 2524 Vel—fato.
2890 2455 3148 2507 Primum
3181 2453 3498 2520 obiectum,
3531 2450 3590 2505 in
3644 2450 3801 2521 quod
3831 2450 4012 2506 homo

2459 2543 2589 2578 nam
2622 2544 2655 2578 a
2686 2543 2747 2578 se
2777 2541 3082 2578 removens
3113 2525 3370 2578 coniicit.
3403 2524 3552 2578 Zeno
3600 2523 3829 2578 Stoicus
3858 2522 4000 2577 olim

2357 2522 2589 2596 culpam
2622 2544 2655 2581 a
2686 2522 2747 2580 se
2777 2541 3082 2580 removens
3104 2525 3370 2596 conjicit.
3403 2524 3552 2578 Zeno
3600 2523 3829 2596 Stoicus
3858 2522 4000 2577 olim

2357 2594 2613 2665 servum,
2645 2598 2703 2652 in
2737 2598 2890 2652 furto
2919 2595 3372 2668 deprehensum,
3405 2609 3539 2650 cum
3569 2594 4012 2668 castigaret,at-

2359 2685 2472 2740 que
2521 2671 2618 2724 ille
2665 2685 2727 2724 se
2776 2666 3047 2740 purgans
3080 2667 3443 2734 reclamaret,
3477 2667 3665 2740 Fatale
3717 2666 3855 2740 mihi
3885 2669 4008 2740 erat

2353 2737 2562 2811 furari,
2593 2737 2843 2811 tangens
2871 2737 3194 2794 doctrinam
3228 2737 3514 2811 magistri,
3549 2737 3647 2792 ille
3678 2754 3790 2790 non
3825 2737 4008 2811 insci-

2359 2808 2436 2878 te,
2467 2816 2516 2866 et
2544 2811 2679 2866 caedi
2702 2808 2792 2863 iui
2826 2808 3049 2883 δαρῆναι
3081 2811 3293 2880 inquit.
3331 2809 3432 2864 Illa
3461 2808 3618 2883 enim
3651 2816 3862 2883 natura
3893 2809 4011 2883 bo-

2361 2885 2574 2948 minis;
2602 2880 2958 2953 objurgamus
2986 2885 3231 2953 quotidie
3258 2885 3466 2950 totum,
3499 2881 3641 2953 dicit
3691 2881 3909 2935 Seneca
3939 2880 4008 2935 in

2359 2951 2852 3026 praestantissima
2900 2951 3007 3009 illa
3025 2955 3196 3024 epist.
3227 2955 3315 3008 93.
3357 2955 3535 3021 Idem,
3566 2951 3632 3006 de
3675 2953 3926 3026 ζ’νουίαη
3955 2967 4012 3008 c.

2358 3023 2413 3091 5,
2455 3043 2522 3081 ex
2570 3027 2803 3080 illorum
2854 3023 3093 3080 mente’:
3133 3047 3161 3074 «
3195 3026 3382 3087 Quare
3430 3030 3623 3078 tamen
3677 3023 3830 3078 Deus
3882 3028 4011 3078 tam

2361 3098 2600 3170 iniquus
2652 3098 2709 3152 in
2758 3098 3170 3152 distributione
3202 3097 3320 3151 Fati
3374 3096 3600 3170 fuit,iut
3647 3095 3816 3150 bonis
3866 3095 4015 3170 viris

2365 3167 2790 3242 paupertatem,
2839 3169 3105 3242 vulnera,
3133 3174 3189 3224 et
3238 3168 3448 3242 acerba
3497 3169 3702 3242 funera
3734 3167 4015 3242 ascribe-

2281 3232 2324 3299 C
2364 3232 2452 3296 ret
2475 3232 2501 3295 .5
2527 3263 2553 3290 ››
2589 3232 2784 3312 quue
2801 3256 2870 3295 ex
2901 3239 3212 3312 disciplina
3241 3239 3591 3312 Aristotelis,
3624 3243 3689 3312 ut
3717 3239 3883 3312 docet
3900 3255 4021 3312 nos

2367 3309 2764 3369 'I‘beodoretus
2815 3315 2871 3366 in
2906 3309 3298 3382 pulcherrimo
3330 3311 3546 3380 libello,
3578 3309 3677 3380 qui
3730 3311 4017 3364 inscribi-

2366 3389 2484 3449 tur,
2517 3383 2836 3440 Graecarum
2866 3381 3212 3455 aﬂectionum
3249 3385 3486 3452 curatio,
3516 3381 3630 3449 vel,
3662 3383 4022 3455 Evangelicx

2366 3457 2618 3511 veritatis
2646 3471 2716 3510 ex
2745 3453 2931 3510 erca'
2959 3455 3308 3526 philosophia
3339 3455 3594 3524 cognitio,
3629 3470 3684 3525 p.
3719 3453 3857 3509 edit.
3888 3454 4024 3524 Syl-

2368 3527 2538 3597 burg.
2571 3528 2659 3581 86.
2691 3529 2858 3597 Adde
2884 3527 3204 3582 Lucianum
3259 3526 3477 3595 Dialog.
3511 3527 3600 3592 25,
3630 3527 3800 3597 cujus
3832 3528 4025 3580 oratio

2367 3595 2509 3654 cuni
2561 3599 2759 3654 minus
2818 3596 2895 3652 sit
2950 3599 3248 3670 religiosa,
3295 3597 3588 3670 succedat,
3625 3595 3715 3670 illi
3769 3601 4027 3670 Prosper

2367 3670 2715 3740 Aquitanus,
2747 3672 2935 3740 cujus
2968 3669 3143 3725 verba
3191 3678 3328 3723 sunt
3361 3686 3374 3724 :
3411 3691 3438 3718 «
3474 3669 3590 3722 Fati
3627 3669 3782 3722 enim
3815 3669 4022 3737 opinio

2365 3739 2515 3797 vana
2544 3747 2652 3805 est,
2680 3747 2736 3796 et
2765 3743 2837 3796 de
2869 3739 3120 3797 falsitate
3149 3747 3427 3812 concepta
3451 3757 3465 3809 ;
3490 3740 4027 3812 praedestinationis

2368 3822 2564 3870 autem
2597 3814 2741 3867 ﬁdes
2774 3813 2959 3868 multa
2991 3811 3339 3870 sanctarum
3377 3811 3723 3866 auctoritate
3750 3813 4018 3882 Scriptu-

2369 3901 2566 3940 rarum
2600 3885 2824 3940 munita
2854 3889 2942 3940 est
2975 3903 2987 3940 :
3023 3885 3116 3940 cui
3150 3883 3311 3940 nullo
3344 3883 3516 3938 modo
3549 3884 3635 3938 tas
3666 3889 3863 3950 estea,
3885 3899 4019 3952 qum

2367 3958 2440 4013 ab
2474 3957 2812 4012 hominibus
2861 3956 3011 4011 male
3042 3963 3318 4028 aguntur,
3371 3954 3584 4028 ascribi
3611 3954 3755 4028 :_qu_i
3788 3955 3845 4008 in
3874 3971 4019 4028 pro-

2369 4028 2680 4084 clivitatem
2713 4029 2956 4084 cadendi
3011 4025 3125 4084 non
3158 4045 3225 4083 ex
3273 4026 3604 4084 conditione
3634 4025 3756 4096 Dei,
3790 4025 3888 4081 sed
3945 4042 4022 4082 ex

2367 4100 2540 4172 primi
2574 4101 2756 4171 patris
2789 4101 3261 4172 praevaricatione
3291 4103 3655 4172 venerunt._»_
3678 4100 3735 4172 In
3770 4113 4022 4169 respon-

2368 4169 2591 4226 sionibf
2618 4172 2686 4225 ad
2720 4169 2976 4243 capitula
3004 4172 3299 4228 Gallorum
3333 4187 3383 4243 β.
3415 4170 3457 4243 _l.
3492 4173 3548 4224 et
3579 4169 3724 4224 ibid.
3760 4185 3776 4225 :
3810 4192 3837 4219 ‹‹
3873 4174 4023 4243 Prte-

2367 4241 2820 4299 destinationem
2862 4242 2968 4314 Dei
2999 4243 3200 4299 nullus
3229 4241 3563 4298 Catholicus
3610 4247 3829 4314 negat:
3867 4241 4022 4314 fata-

2366 4315 2481 4370 lem
2512 4318 2615 4368 aut
2646 4313 3080 4385 necessitatem,
3115 4314 3492 4381 multi,etiam
3526 4329 3642 4385 non
3674 4311 4020 4380 Christiani,

2365 4388 2640 4458 refutant.
2680 4408 2708 4435 »
2740 4387 2871 4458 Ipse
2913 4384 3072 4442 enim
3123 4385 3537 4452 Tertullianus,
3585 4384 3652 4439 de
3708 4385 3927 4450 Anima,
3963 4402 4020 4440 c.

2362 4458 2433 4512 20
2465 4476 2479 4513 :
2515 4480 2542 4508 «
2577 4457 2782 4529 Super
2805 4457 2926 4513 haec
2957 4458 3004 4514 si
3039 4462 3096 4513 et
3125 4458 3238 4513 alia
3287 4475 3414 4529 quas
3447 4462 3708 4528 praesunt
3757 4462 4021 4529 potesta-

2363 4534 2453 4585 tes
2487 4547 2499 4583 :
2533 4528 2690 4585 enim
2738 4545 2871 4585 vero
2921 4535 3199 4600 praesunt.
3234 4528 3565 4600 Secundum
3615 4544 3722 4583 nos
3773 4528 4021 4599 quidem

2285 4607 2332 4672 D
2363 4601 2650 4658 Dominus
2699 4601 2872 4669 Deus,
2905 4599 2962 4656 et
3019 4601 3289 4658 diabolus
3349 4599 3617 4672 tumulus,
3681 4600 4018 4672 secundum

2367 4688 2739 4729 communem
2791 4678 2986 4728 autem
3033 4673 3370 4745 opinionem
3421 4677 3477 4745 et
3524 4671 3902 4745 Providentia
3955 4678 4021 4728 et

2369 4746 2576 4801 Fatum
2605 4749 2662 4799 et
2692 4745 3019 4800 Necessitas
3048 4743 3104 4801 et
3134 4745 3355 4800 arbitrii
3402 4743 3682 4799 Libertas.
3715 4743 3858 4799 Nam
3893 4744 4022 4800 haec

2365 4821 2422 4871 et
2453 4815 2785 4888 philosOphi
2817 4817 3210 4888 distinguunt,
3245 4822 3302 4872 et
3332 4833 3436 4888 nos
3479 4815 3802 4888 secundum
3836 4815 4018 4872 ﬁdem

2365 4886 2709 4944 disserenda
2749 4904 2854 4943 suo
2897 4886 3030 4959 janf
3071 4889 3346 4946 novimus
3395 4886 3660 4959 titulo.»
3711 4887 4024 4958 Sapienter

2364 4960 2560 5030 itaque
2590 4959 2660 5014 ad
2711 4958 2980 5016 Auctoris
3013 4967 3266 5017 mentem
3316 4975 3565 5029 magnus
3596 4958 3694 5013 ille
3723 4959 4014 5015 Homerus

2365 5031 2552 5102 Odyss.
2584 5033 2650 5100 A,
2677 5046 2847 5088 versu
2878 5034 2966 5101 32,
3001 5035 3154 5105 apud
3187 5048 3361 5104 quem
3395 5031 3627 5103 Jupiter
3659 5046 3672 5084 ε

2433 5119 2510 5192 fg
2527 5115 2716 5192 πόποι,
2753 5120 2865 5192 οἷον
2897 5116 2964 5190 δή
3000 5141 3060 5174 νυ
3089 5117 3244 5192 Osuio:
3280 5116 3471 5192 ϐροτυὶ
3495 5115 3854 5192 ριζῖιόωγταξι

2430 5185 2711 5268 ’βξῂμῶκξ
2732 5191 2831 5264 γὰρ
2864 5185 2992 5268 (εει-ἀι
3022 5192 3140 5268 κωεν
3175 5185 3426 5268 ξμμεξθαυ
3463 5189 3521 5268 of:
3537 5185 3719 5268 δὲμςὶ
3753 5189 3914 5242 αὐτοὶ

2439 5259 2646 5337 Σφῇσέιν
2678 5259 3065 5336 ἀτὰάθάλίῃσιν
3103 5259 3436 5337 ὑπὶῤ’μόρον
3469 5259 3621 5335 ἄλγέ
3653 5259 3904 5336 ἔχουσιν.

2423 5351 2501 5415 Ya
2522 5351 2843 5415 prob,quam
2864 5367 3007 5403 nunc
3029 5353 3273 5402 homines
3294 5350 3497 5414 injuste
3521 5350 3756 5415 Numina
3778 5341 4030 5415 culpant!

2425 5413 2498 5489 Ex
2531 5413 2949 5489 no‘bis'namque
2979 5430 3094 5489 esse
3133 5416 3281 5489 mala
3304 5413 3491 5472 aiunt;
3525 5418 3580 5489 at
3606 5413 3705 5488 sibi
3738 5414 3836 5489 ipsi

2424 5477 2671 5540 Nequitia
2699 5475 2936 5541 propria,
2967 5482 3160 5543 prater
3192 5479 3400 5536 Fatum,
3437 5476 3574 5526 mala
3603 5475 3851 5541 gignunt.
3888 5475 4026 5527 Hav.

2438 5563 2548 5632 (27)
2585 5567 2674 5640 Vel
2705 5567 2887 5640 astris.
2930 5567 3239 5640 Signiﬁcat
3285 5581 3494 5621 vanam
3543 5581 3745 5640 eorum
3793 5562 4024 5640 Opinio-

2365 5651 2524 5710 nem,
2558 5637 2661 5710 qui
2690 5638 2825 5693 vitae
2858 5657 2979 5696 sua:
2999 5637 3180 5695 casus
3213 5653 3519 5710 prosperos
3552 5642 3606 5692 et
3638 5638 3914 5710 adversos
3945 5638 4019 5694 ab

2369 5707 2546 5782 astris
2580 5707 2918 5782 dependere
2965 5707 3297 5777 credebant,
3331 5707 3460 5782 qua
3499 5725 3594 5765 ars
3642 5707 4019 5782 Genetbliaca

2373 5779 2685 5837 dicebatur
2702 5781 2897 5854 vulgo,
2931 5783 3001 5840 de
3031 5799 3150 5856 qua
3177 5779 3499 5840 etiamnum
3528 5784 3716 5838 exstat
3743 5780 4019 5840 vetustis-
