4366 6404
145 409 263 472 817

147 632 369 687 stianos
396 632 549 694 vero,
584 628 732 683 nihil
766 627 957 683 simile
986 628 1067 693 ³⁰;
1101 628 1397 683 neminem
1433 628 1634 699 pudet,
1689 643 1791 682 no-

142 721 359 774 minem
392 716 895 789 pcsnitet(28),nisi
931 717 1101 788 plane
1134 721 1284 772 retro
1318 734 1431 771 non
1465 716 1788 785 fuisso(20).

143 810 198 863 Si
228 809 554 870 denotatur,
590 806 909 877 gloriatur;
946 811 1275 875 accusatur,
1328 823 1438 860 non
1493 806 1789 871 defendit;

147 894 659 967 interrogatus‘vel
692 894 846 949 ultro
875 895 1206 953 confitetur:
1235 895 1547 949 damnatus
1578 893 1793 964 gratias

149 986 285 1059 agit.
322 984 467 1050 Quid
502 983 609 1039 hoc
643 983 779 1039 mali
813 984 960 1038 est”
984 984 1139 1054 quod
1176 982 1726 1051 naturalia(30)mali
1750 982 1794 1015 ³³

151 1092 260 1130 non
295 1074 490 1139 habet,
525 1073 822 1140 timorem,
874 1072 1179 1143 pudorem,
1231 1072 1793 1143 tergiversationem,

152 1163 569 1235 pmnitentiam,
604 1160 1066 1233 deplorationem
1088 1161 1115 1215 ?
1146 1161 1293 1226 Quid
1326 1161 1435 1214 hoc
1470 1159 1607 1215 mali
1638 1161 1794 1230 est”,

147 1254 314 1321 cujus
347 1267 481 1305 reus
510 1249 769 1321 gaudet?
801 1250 969 1320 cujus
997 1249 1289 1304 accusatio
1340 1253 1537 1303 votum
1580 1254 1689 1315 est,
1740 1252 1796 1303 et

151 1355 314 1411 pcana
373 1338 619 1394 felicitas
671 1337 761 1391 ιη
808 1342 930 1393 Non
991 1346 1148 1409 potes
1193 1337 1546 1393 dementiam
1580 1338 1791 1405 dicere,

151 1429 241 1500 qui
277 1426 590 1483 revinceris
623 1425 913 1500 ignorare.

798 1541 1029 1597 CAPUT
1066 1543 1130 1597 Il.

149 1661 574 1713 Aacumzxrum.
607 1657 735 1712 lam
770 1672 912 1722 viro,
944 1658 1018 1712 sit
1047 1661 1107 1711 ut
1134 1658 1410 1727 maleﬁcos
1430 1660 1671 1712 tractare
1705 1672 1789 1711 ve-

215 1728 319 1784 lint
346 1729 693 1785 Christianos
722 1733 963 1799 Oportuit
992 1731 1185 1784 saltem
1210 1730 1390 1784 eodem
1410 1729 1573 1783 modo
1589 1730 1648 1782 in
1664 1730 1794 1784 Jure

207 1818 328 1857 cum
357 1803 605 1873 utrisque
634 1803 749 1871 agi,
778 1816 875 1856 nec
900 1802 1143 1871 facultas
1171 1817 1491 1873 quocunque
1537 1800 1691 1855 modo
1738 1816 1793 1855 se

1258 403 1848 468 APOLOGETICUS
1891 403 2071 466 ADV.
2117 405 2447 468 GENTES.

146 543 300 598 enim
327 556 491 596 suum
520 539 833 612 esse,quod
853 539 1005 597 269
1025 538 1246 595 malum
1282 538 1794 610 agnoscunt.Chri-
1820 542 1873 607 Α

3436 406 3557 467 318

1974 537 2318 608 defendendi,
2354 540 2477 595 illis
2508 539 2790 609 abnegari,
2823 554 2947 593 cum
2977 539 3186 593 crimen
3215 554 3285 593 ex
3313 538 3559 595 circum-

1975 612 2171 663 stantis
2222 610 2307 665 vct
2355 612 2529 678 dilui,
2584 612 2665 665 vel
2714 611 2867 666 270
2914 612 3141 680 probari
3185 610 3380 664 soleat.
3436 614 3554 665 [mo

1974 682 2209 734 ostendit
2256 683 2338 736 uel
2388 684 2515 736 inde
2558 690 2714 736 secta:
2760 682 2920 747 huius
2973 684 3345 736 innocentiam
3415 682 3556 747 quod

1973 756 2101 806 olim
2139 754 2401 818 Traianus
2435 756 2647 824 inquiri
2676 771 2762 807 eos
2793 755 3159 822 prohibuerit.
3195 754 3319 807 licet
3348 753 3555 807 oblatos

1970 823 2229 877 damnari
2278 823 2533 887 valuerit,
2557 827 2713 895 cujus
2765 826 2907 878 ridet
2950 841 3239 879 censuram
3284 825 3391 877 sibi
3440 825 3558 893 ipsi

1970 899 2334 961 contrariam,
2386 898 2707 966 pergitque,
2759 913 2878 949 cum
2927 899 2985 949 in
3035 898 3137 951 illa
3184 896 3553 964 explodenda,

1973 916 2334 961 contrariam,
2386 916 2591 966 ριν-θυι
2612 916 2707 958 ue,
2759 916 2878 949 cum
2927 916 2985 949 ιη
3035 916 3137 951 ιιιιι
3184 916 3551 964 expwaenaa,

1973 970 2086 1021 tam
2158 970 2216 1021 in
2288 916 2759 1038 reprehcmlendis
2821 971 3086 1037 perversis
3139 968 3423 1037 judicum,
3494 969 3551 1021 in

1972 1039 2328 1093 emendandis
2360 1040 2688 1093 Christianis
2720 1042 2953 1102 artibus,
3006 1039 3175 1093 simul
3222 1041 3281 1093 in
3331 1055 3554 1093 causam

1973 1109 2137 1177 huius
2191 1112 2333 1166 mali
2374 1114 2676 1181 inquirens,
2731 1111 2875 1180 quod
2920 1110 3042 1165 illos
3089 1127 3213 1166 cum
3254 1111 3398 1165 nudo
3448 1126 3550 1165 no-

1970 1184 2117 1237 mine
2150 1181 2597 1255 Christianarum
2626 1184 2761 1253 facit
2790 1183 3071 1254 praeliari.

1971 1271 2030 1324 Si
2062 1275 2284 1324 certum
2317 1276 2407 1325 est
2436 1272 2687 1341 denique
2739 1287 2845 1325 nos
2896 1268 3344 1325 nocentissimos
3397 1286 3555 1337 esse,

1902 1374 2006 1413 cur
2037 1377 2069 1413 a
2100 1359 2264 1414 vobis
2296 1360 2439 1430 ipsis
2474 1359 2643 1413 aliter
2672 1363 3018 1423 tractamur,
3051 1374 3224 1428 quam
3260 1374 3426 1429 pares
3457 1374 3559 1411 no-

1902 1447 2029 1515 stri,
2080 1448 2136 1501 id
2172 1452 2261 1503 est
2292 1449 2478 1503 caeteri
2516 1452 2784 1503 nocentes
2806 1446 2833 1500 ?
2855 1463 2987 1501 cum
3020 1447 3285 1516 ejusdem
3320 1448 3363 1481 ³⁸
3394 1463 3555 1501 noxas

1901 1538 2101 1591 eadem
2138 1538 2414 1591 tractatio
2446 1537 2681 1591 deberet
2729 1534 3098 1590 intervenire.
3154 1536 3556 1607 Quodcunque

1901 1624 2153 1679 dicimur
2200 1626 2264 1695 ³⁷,
2318 1643 2452 1681 cum
2503 1624 2602 1680 alii
2634 1625 2911 1679 dicuntur
2941 1624 3075 1695 (3|),
3104 1629 3159 1679 et
3190 1626 3426 1695 proprio
3457 1640 3555 1679 ore

1901 1717 1958 1768 et
1992 1714 2349 1769 mercenaria
2380 1714 2757 1769 advocatione
2804 1718 3049 1767 utuntur
3099 1714 3208 1783 (32)
3260 1714 3330 1767 ad
3386 1714 3555 1767 inno-

1902 1803 2101 1857 centia:
2133 1819 2253 1857 suae
2287 1803 2882 1858 commendationem.
2915 1801 3349 1873 Respondendi,
3381 1800 3555 1856 alter-

1572 1900 1775 1960 Varias
1806 1900 2127 1961 lectiones.

216 1997 257 2031 ³ο
302 1998 548 2061 Pamel.,
598 1997 847 2061 Scmler.,
899 1997 1034 2064 alt.;
1085 1996 1453 2051 Christianus
1501 2012 1557 2051 v.
1605 1997 1745 2065 quid
1798 1998 2035 2052 simile?
2094 1998 2380 2054 Rhenanus
2413 2000 2471 2053 in
2512 1999 2595 2055 ed.
2634 2001 2653 2053 Ι
2687 1997 3042 2053 Christianis
3072 2014 3124 2054 v.
3162 1998 3299 2069 quid
3334 2014 3387 2053 s.
3431 1997 3556 2053 Cod.

152 2068 313 2137 Lugd.
345 2071 409 2122 Β.
442 2070 906 2124 Christianorum
941 2085 989 2123 ν.
1115 2087 1163 2125 s.
1194 2070 1289 2123 sed
1320 2073 1460 2123 recte
1487 2070 1685 2122 statuit
1717 2070 2113 2141 llavercampus
2141 2071 2257 2126 cod.
2292 2070 2447 2125 Fulil.
2480 2074 2819 2137 scripturam
2849 2068 3255 2125 restituendam
3288 2086 3435 2135 esse;
3458 2085 3555 2125 nec

156 2150 458 2176 οηηηηπηιι
485 2156 608 2176 natm
642 2145 940 2176 ερποιοιηιιη·
1067 2144 1081 2176 ι
1110 2141 1510 2176 lntnnnnnntnn
1543 2141 1698 2176 βιηηό
1796 2142 1841 2174 32
1863 2144 2020 2176 ﬂnml
2060 2144 2161 2176 lana
2195 2142 2411 2176 malum
2447 2150 2533 2176 an}
2569 2144 2672 2176 I‘ml
2738 2143 2872 2176 Annia
2939 2142 3082 2176 lum]
3197 2142 3242 2175 83
3276 2146 3550 2176 Natu-mm

156 2150 460 2223 repugnant
484 2156 608 2223 qua
637 2145 959 2223 sequuntur.

155 2211 281 2267 mali
312 2211 733 2268 RhenJSemler.
776 2211 1028 2282 Leopold.
1140 2213 1183 2251 ³⁸
1215 2213 1233 2271 (

163 2286 351 2356 Rigalt.
384 2286 615 2340 Havcrc.
690 2285 734 2319 ⁸⁷
765 2284 1023 2339 Dicimus
1054 2284 1233 2339 Paris.

1110 2141 1510 2211 Interrogatur
1536 2141 1717 2194 Paris.
1796 2142 1841 2174 ³³
1863 2144 2023 2205 Quod
2058 2144 2163 2198 hoc
2195 2142 2413 2198 malum
2447 2150 2537 2197 est
2569 2144 2692 2198 Cod.
2727 2143 2894 2211 Agob.
2931 2142 3102 2212 Lugd.

1140 2213 1183 2251 ³⁸
1215 2213 1375 2277 Quod
1410 2212 1517 2268 hoc
1549 2212 1767 2267 malum
1799 2217 1889 2269 est
1917 2216 2043 2271 alii.

3197 2142 3242 2175 ³³
3274 2146 3555 2196 Naturam

2157 2215 2201 2249 ³⁵
2232 2215 2366 2271 Cod.
2394 2215 2555 2272 Fuld.
2589 2231 2760 2287 poena
2784 2214 3043 2270 victoria.
3159 2212 3203 2247 ⁸⁸
3238 2213 3559 2271 Noxietatis

1589 2355 2108 2417 Commentarius.

160 2451 361 2525 simum
411 2468 649 2507 carmen
678 2451 1045 2525 manethonis
1074 2451 1345 2524 Egyptii,
1374 2451 1548 2525 cujus
1579 2453 1789 2521 Apote-
1822 2455 1870 2520 B
1900 2453 1957 2508 in
2018 2457 2220 2508 sancta
2250 2452 2477 2509 lumina
2512 2468 2523 2507 :
2558 2449 2697 2509 Οὐδὲ
2740 2450 2923 2525 μάγων
2953 2451 3142 2519 Θυτική
3177 2454 3286 2507 etc.
3324 2452 3383 2505 ld
3417 2458 3503 2507 est
3536 2468 3551 2507 :

161 2523 449 2579 lesmatica
481 2525 706 2595 primus
737 2524 864 2578 luce
893 2526 1127 2579 donavit
1158 2523 1215 2577 et
1246 2526 1317 2577 ab
1368 2523 1606 2577 interitu
1662 2524 1795 2595 vin-

163 2597 356 2651 dicavit
387 2594 705 2668 praeceptor
738 2612 923 2662 meus,
957 2596 1045 2649 vir
1074 2594 1626 2668 summus.Jacobus
1658 2594 1798 2668 Gro-

164 2669 355 2723 novius
380 2666 610 2723 {multa
641 2683 875 2738 quoque
904 2669 1054 2738 apud
1088 2667 1394 2722 Manilium
1427 2666 1795 2737 Fulgentium

167 2745 215 2792 et
240 2741 380 2794 alios
415 2740 474 2793 in
507 2740 656 2793 hanc
692 2756 811 2793 rem
846 2740 1067 2811 passim
1102 2740 1281 2811 legas.
1312 2740 1542 2811 illlﬁerito
1603 2746 1795 2811 autem

169 2825 256 2879 pro
310 2811 561 2866 ridiculo
622 2810 886 2865 habitum
944 2810 1053 2866 hoc
1105 2828 1139 2866 a
1191 2810 1557 2873 Christianis,
1588 2810 1799 2866 melius

171 2882 398 2949 edoctis,
433 2899 679 2951 quorum
730 2882 950 2953 passim
1004 2884 1220 3008 scripta
1282 2883 1642 2952 perstrigunt
1694 2898 1798 2935 va-

171 2953 461 3008 nissimam
520 2954 669 3008 hanc
728 2954 1081 3008 oninionem.
1170 2959 1324 3008 oster
1352 2954 1417 3008 de
1458 2954 1797 3008 Idololatria.

171 2953 461 3008 nissimam
520 2954 669 3008 hanc
728 2954 1081 3023 opinionem.
1118 2953 1324 3008 Noster
1352 2954 1417 3008 de
1458 2954 1797 3018 Idololatria,

168 3039 209 3079 c.
232 3024 264 3078 9
294 3042 307 3081 :
338 3049 366 3074 ‹‹
407 3028 486 3080 Ue
514 3024 823 3097 astrologis
856 3043 926 3081 ne
979 3026 1337 3097 loquendum
1394 3026 1628 3096 quidem
1689 3030 1797 3079 est.

171 3043 209 3079 ε.
232 3043 264 3078 υ
294 3043 307 3081 :
338 3049 366 3074 ‹‹
407 3043 486 3080 ue
514 3043 823 3097 εειτοιοειδ
856 3043 926 3081 ne
979 3043 1337 3151 loquendum
1394 3043 1628 3096 qumcm
1689 3043 1796 3079 esn.

171 3097 262 3169 Sed
293 3098 575 3169 quoniam
607 3098 850 3168 quidam
885 3096 1010 3151 istis
1085 3098 1252 3152 iebus
1302 3097 1648 3169 provocavit,
1690 3097 1796 3169 rde-

173 3166 396 3224 tendens
457 3169 583 3241 sibi,
606 3166 1115 3241 perseverantiam
1173 3166 1556 3241 professionis
1605 3168 1800 3235 istius,

174 3241 353 3309 paucis
386 3246 541 3295 utar.
573 3240 695 3295 Non
733 3240 936 3309 allego,
971 3242 1124 3310 quod
1157 3240 1315 3296 idola
1345 3240 1611 3307 honoret,
1652 3256 1795 3307 quo-

173 3326 281 3365 rum
336 3312 581 3366 nomina
637 3312 779 3367 coelo
832 3312 1153 3383 inscripsit,
1187 3312 1402 3384 quibus
1434 3328 1667 3367 omnem
1703 3313 1798 3365 Dei

176 3389 504 3452 potestatem
535 3384 760 3439 addixit
792 3400 805 3436 :
841 3387 994 3454 quod
1032 3383 1336 3456 propterea
1367 3383 1635 3456 homines
1685 3400 1800 3437 non

177 3461 361 3522 putant
393 3461 575 3510 Deum
602 3454 1468 3528 requirendum,pra§sumentes
1493 3454 1797 3528 stellarum

177 3541 261 3581 nos
290 3527 642 3599 immutabili
677 3528 917 3582 arbitrio
949 3526 1062 3599 agi,
1107 3550 1134 3577 »
1196 3535 1303 3583 etc.
1365 3529 1520 3590 Quos
1580 3526 1796 3581 ibidem

176 3612 228 3650 ex
264 3600 535 3671 Suetonio
570 3598 718 3655 Urbe
750 3603 806 3653 et
838 3600 1002 3654 Italia
1030 3600 1303 3670 expulsos
1332 3600 1627 3671 quondam
1664 3615 1797 3671 nar-

179 3674 249 3721 rat
278 3670 537 3725 Valerius
565 3671 854 3726 Maximus
888 3672 989 3725 lib.
1022 3688 1064 3737 ι,
1099 3669 1147 3725 c.
1181 3673 1233 3725 4.
1285 3695 1312 3720 ‹‹
1351 3669 1437 3725 Ὀ.
1496 3669 1795 3724 Cornelius

180 3738 445 3815 liispallus
510 3748 717 3813 praetor
772 3744 1113 3815 peregrinus
1164 3747 1234 3797 M.
1270 3741 1514 3815 Popillio
1546 3742 1796 3815 Laenate,

1909 2548 1934 2607 ᾳ
1963 2525 2265 2608 Magorum
2301 2526 2669 2607 sacrificandi
2699 2524 3149 2608 facultasmtque
3179 2540 3247 2578 ex
3276 2524 3560 2608 fibrarum

1909 2596 2193 2652 incisione
2226 2597 2589 2669 praascientia
2625 2613 2637 2651 :
2672 2614 2777 2669 nec
2808 2597 3207 2651 Chaldmorum
3242 2596 3561 2669 astrologia

1908 2677 1964 2724 et
1996 2668 2365 2724 nativitatum
2395 2668 2721 2724 observatio
2754 2685 2845 2722 res
2893 2672 3124 2723 nostras
3172 2668 3374 2723 eodem
3425 2683 3561 2721 cum

1908 2742 2201 2796 sideribus
2234 2747 2394 2796 motu
2428 2740 2683 2806 volvens,
2716 2757 2848 2795 cum
2885 2744 3076 2794 tamen
3110 2754 3215 2793 nec
3246 2739 3384 2810 quid
3421 2739 3561 2810 ipsi-

1910 2819 2029 2867 met
2072 2813 2212 2877 sint,
2248 2817 2347 2867 aut
2378 2813 2556 2867 futuri
2590 2814 2709 2867 sint
2740 2828 3087 2883 cognoscere
3118 2816 3353 2882 queant.
3395 2831 3421 2863 ι
3452 2810 3560 2866 Ubi

1908 2884 2305 2940 consulendus
2334 2884 2687 2939 Scholiastes
2718 2887 2950 2938 Nicetas
2984 2901 3036 2952 p.
3068 2884 3191 2937 601.
3227 2883 3360 2937 Hsv.

1981 2958 2091 3025 (28)
2125 2957 2407 3011 Neminem
2433 2956 2599 3023 pudet
2651 2974 2707 3009 η.
2740 2956 3029 3023 p.Plinius
3063 2955 3121 3007 in
3154 2952 3550 3025 celebratissi-

1911 3024 2135 3083 maista
2165 3027 2335 3097 epist.
2372 3044 2385 3081 :
2421 3050 2443 3075 (α
2465 3028 2815 3097 Interrogavi
2848 3028 3029 3098 ipsas,
3064 3043 3135 3081 an
3168 3032 3361 3080 essent
3393 3024 3554 3098 Chri-

1909 3099 2121 3165 stiani;
2175 3096 2520 3153 conﬁtentes
2569 3096 2781 3153 iterum
2833 3096 2898 3153 ac
2943 3098 3114 3151 tertio
3176 3096 3549 3163 interrogavi,

1910 3170 2261 3242 supplicium
2322 3170 2579 3224 minatus
2640 3187 2653 3224 :
2715 3175 3151 3242 perseverantes
3200 3169 3333 3223 duci
3375 3168 3553 3242 jussi.

1907 3239 2103 3313 Neque
2134 3242 2289 3296 enim
2313 3239 3129 3313 dubitabam,qualecunque_
3182 3244 3334 3313 esset
3401 3239 3558 3313 quod

1911 3310 2230 3368 faterentur
2263 3329 2275 3367 :
2310 3313 2690 3384 pervicaciam
2724 3310 2918 3379 certe,
2953 3310 3418 3367 et’inﬂexibilem
3448 3310 3557 3384 ob-_

1908 3386 2281 3441 stinationem
2314 3381 2524 3439 debere
2556 3385 2770 3454 puniri.
2810 3407 2831 3432 ι
2888 3385 3071 3447 Quam
3124 3381 3558 3455 potiuswanimi

1908 3459 2292 3511 constantiam
2328 3474 2441 3527 prae
2474 3472 2535 3512 se
2570 3458 2678 3511 fert
2708 3462 2903 3511 noster
2931 3456 3109 3510 etiam
3138 3454 3480 3509 Tertullian.
3500 3454 3560 3508 in

1906 3529 2055 3583 libro
2088 3529 2157 3583 ad
2188 3529 2500 3599 Scapulam,
2526 3545 2572 3582 c.
2610 3532 2629 3582 l
2666 3546 2678 3583 :
2719 3548 2739 3575 ι
2778 3529 2889 3583 Nos
2923 3529 3161 3598 quidem
3214 3542 3406 3599 neque
3459 3542 3557 3579 ex-

1908 3597 2300 3671 pavescimus,
2324 3617 2511 3670 neque
2536 3597 3006 3671 pertimescimus
3036 3614 3256 3668 ea,quae
3290 3598 3363 3653 ab
3392 3597 3561 3668 igno-

1910 3673 2176 3727 rantibus
2209 3672 2498 3743 patimur:
2526 3689 2655 3726 cum
2687 3672 2758 3725 ad
2792 3671 2943 3726 hanc
2975 3676 3193 3725 sectam
3225 3671 3560 3743 utique_su-

1909 3752 2109 3816 scepta
2140 3740 2472 3799 conditione
2504 3746 2630 3810 eius
2664 3744 2821 3816 pacti
2865 3744 3219 3816 venerimus,
3272 3740 3347 3796 ut
3384 3740 3561 3816 etiam

180 3810 587 3899 @{Calporti‘io
619 3810 1022 3899 consulibus,"
1044 3815 1232 3899 edicto
1290 3810 1600 3899 Chaldaeos.
1647 3814 1800 3899 intra
1833 3833 1874 3899 ρ
1915 3810 2144 3871 animas
2194 3822 2425 3899 nostras
2474 3810 2867 3896 auctorati'in
2921 3815 3025 3869 has
3057 3829 3284 3894 pugnas
3313 3813 3559 3899 acceda-

183 3884 446 3957 decimum
499 3887 652 3940 diem
686 3886 843 3941 abire
883 3904 950 3941 ex
984 3887 1149 3947 Urbe,
1183 3891 1357 3957 atque
1390 3885 1553 3957 Italia
1578 3885 1797 3954 jussit:

184 3951 374 4013 levibus
405 3963 462 4014 et
498 3958 706 4029 ineptis
737 3957 983 4027 ingeniis
1014 3958 1205 4013 fallaci
1237 3951 1495 4014 siderum
1518 3951 1803 4028 interpre-

186 4028 389 4104 tatione,
448 4028 861 4104 queatu‘osam
919 4031 1241 4104 mendaciis
1308 4030 1432 4104 suis
1488 4029 1801 4104 caliginem

186 4099 501 4164 injicienles.
570 4124 597 4149 ι»
656 4101 865 4156 Eximii
920 4118 986 4156 ex
1037 4102 1330 4156 veteribus
1360 4100 1635 4171 theologi,
1670 4105 1801 4171 Pro-

187 4171 311 4239 speri
344 4172 637 4244 Aquitani,
672 4189 875 4227 versus
912 4173 979 4227 ad
1043 4172 1194 4229 hanc
1251 4170 1580 4228 vanitatem
1628 4170 1804 4242 perti-

190 4249 361 4298 nentes
390 4245 772 4299 ascribendos
802 4245 1109 4311 duxi;sunt
1139 4248 1332 4301 autem
1366 4260 1433 4300 ex
1462 4260 1637 4298 aureo
1666 4260 1802 4315 poe-

192 4318 319 4368 mate
344 4316 409 4371 de
437 4316 793 4372 Providentia
828 4317 937 4372 Dei.

283 4429 375 4495 Sed
408 4446 515 4495 quo
545 4436 597 4482 te
630 4445 870 4495 praeceps
900 4433 1039 4495 rapit
1067 4432 1280 4495 orbita?
1308 4432 1391 4495 vis
1421 4430 1597 4481 bonus
1627 4447 1741 4484 esse

292 4494 495 4558 Absque
526 4494 708 4543 labore
738 4494 873 4544 tuo?
902 4494 1204 4558 crediahoc
1234 4494 1448 4543 credere
1479 4510 1653 4558 posse,

294 4554 339 4619 Si
361 4554 454 4606 tibi
486 4562 762 4607 mutentur
790 4558 987 4607 natalia
1020 4557 1211 4617 sidera,
1238 4570 1465 4619 quorum

294 4617 352 4681 Te
382 4634 604 4678 pravum
637 4621 894 4669 decursus
924 4621 1047 4680 agit,
1079 4620 1207 4681 quid
1239 4617 1377 4668 vana
1406 4620 1599 4669 vetusti

290 4679 521 4743 Perfugia
556 4684 754 4732 erroris
783 4679 1046 4732 Chaldmis
1075 4679 1269 4743 quieris
1298 4683 1353 4730 in
1383 4683 1583 4731 astris?

289 4746 527 4805 Quamvis
556 4746 793 4795 sollicitis
824 4749 981 4795 adeas
1012 4746 1251 4795 ccelestia
1281 4746 1439 4805 curis,

292 4803 349 4868 Et
375 4810 586 4868 penitus
616 4823 800 4857 causas
830 4823 1006 4857 rerum
1040 4808 1294 4856 scruteris
1323 4803 1551 4868 apertas,

293 4867 394 4933 lion
418 4872 592 4920 renuit
612 4885 763 4931 mage
785 4886 939 4921 nosse
962 4872 1310 4932 Deum,quam
1328 4867 1521 4933 cuique
1539 4870 1801 4919 elemento

294 4928 525 4997 [intutam
557 4928 767 4983 dederit
799 4948 810 4983 :
843 4949 948 4997 qua
980 4928 1199 4997 pontum
1232 4933 1344 4994 lege
1376 4928 1576 4997 moveri

291 4991 498 5059 {usserit
531 5010 542 5047 :
574 5000 666 5045 aut
701 4991 894 5046 teneris
923 4991 1082 5059 quam
1116 4996 1221 5043 vim
1250 4991 1557 5059 conseverit
1587 4994 1729 5044 auris
1763 5008 1775 5050 ;

299 5054 629 5123 Sidereosque
662 5060 811 5123 ignes
840 5060 891 5107 in
923 5054 1042 5123 qua;
1073 5062 1344 5123 momenta
1362 5058 1583 5123 creavit.

300 5116 386 5192 Qui
415 5116 801 5192 c‘um'sincerus
830 5123 897 5171 sit
926 5116 1045 5171 fons
1080 5122 1328 5192 sequique
1360 5122 1612 5192 bonique,

296 5178 549 5251 immitem
566 5184 731 5251 jussis
759 5185 933 5251 legem
964 5178 1289 5247 praescripsit
1312 5178 1532 5246 iniquis,

296 5240 341 5308 Si
368 5246 507 5304 prius
538 5240 648 5308 ipse
686 5240 1578 5297 hominum'mores-construxerat
1622 5243 1795 5292 astris.

297 5304 514 5372 Eamque
526 5304 749 5360 adversa
760 5311 858 5359 sibi
872 5314 997 5359 sunt
1009 5310 1477 5372 haec,nimiumque
1494 5309 1802 5371 repugnant

298 5365 494 5434 lingere
523 5373 763 5423 insontes
792 5378 938 5421 actus
970 5387 981 5420 :
1016 5365 1312 5434 delictaque
1346 5365 1519 5434 poenis

303 5429 528 5496 allicere,
560 5440 611 5484 et
642 5440 864 5485 cunctos
894 5434 1078 5483 eadem
1110 5436 1174 5482 ad
1208 5429 1469 5496 promissa
1498 5445 1688 5482 vocare
1722 5447 1735 5481 :

300 5490 471 5559 goutra
498 5490 673 5547 autem
706 5500 845 5547 uatis
874 5498 1168 5547 violentum
1198 5490 1412 5559 affigere
1444 5496 1611 5555 sidus,

302 5553 432 5623 Quod
463 5573 557 5609 nec
586 5562 718 5610 velle
748 5561 948 5609 homini
978 5560 1149 5609 cedat.
1173 5553 1581 5623 nec'possemed
1601 5553 1801 5607 omnes

304 5614 517 5687 Qesuper
544 5624 757 5687 ignaros
787 5629 840 5673 et
874 5625 1039 5687 virtus
1072 5623 1234 5687 ducat
1262 5614 1320 5687 et
1344 5614 1505 5672 error.

305 5675 533 5749 Ertto'aut
560 5675 812 5737 Ethereis
841 5686 1048 5735 nullum
1080 5689 1162 5735 est
1186 5685 1277 5748 jus
1308 5686 1520 5749 ignibus
1551 5684 1604 5731 in
1635 5696 1750 5744 nos,

306 5743 391 5794 Aut
418 5748 455 5795 si
489 5751 609 5812 quid
643 5750 814 5799 nostri
844 5750 1095 5807 retinent,
1127 5743 1371 5799 amittere
1404 5750 1645 5812 possunt.

346 5863 494 5907 versu
560 5856 810 5928 septimo
879 5854 1255 5928 scribendum
1330 5860 1471 5927 puto
1538 5851 1805 5928 exigente

225 5920 375 5987 lentu,
400 5920 971 6000 opertas.'Gregorius
1019 5920 1450 6001 Nazianzenus,
1509 5920 1663 5984 orat?
1713 5922 1806 5995 39:

1913 3905 2067 3954 mus,
2098 3904 2165 3943 ea
2196 3904 2323 3957 quae
2355 3887 2508 3941 Deus
2540 3885 2911 3957 repromittit,
2945 3885 3224 3956 conSequi
3268 3889 3561 3957 Optantes,

1912 3965 1969 4015 et
1999 3977 2065 4014 ea
2098 3956 2227 4031 quis
2260 3959 2496 4013 diversae
2540 3956 2668 4012 vitae
2717 3958 3127 4031 comminatur,
3181 3958 3298 4027 pati
3342 3956 3557 4009 timen-

1911 4037 2021 4087 tes.
2087 4029 2349 4101 Denique
2394 4046 2526 4084 cum
2580 4030 2739 4085 omni
2790 4029 3008 4083 smvitia
3055 4032 3252 4101 vestra
3315 4043 3558 4101 concer-

1910 4108 2128 4170 tamus,
2180 4098 2357 4156 etiam
2408 4102 2563 4156 ultro
2611 4106 2983 4171 erumpentes
3037 4118 3049 4155 :
3099 4098 3407 4171 magisque
3456 4100 3561 4153 da-

1913 4176 2119 4241 mnati,
2154 4191 2329 4243 quam
2366 4172 2618 4228 absaluti
2652 4174 3001 4244 gaudemus,
3038 4194 3065 4221 »
3099 4172 3237 4226 Hav.

1982 4240 2249 4317 (29)'N_isi
2274 4246 2441 4315 plane
2491 4254 2637 4300 retro
2655 4240 2792 4300 'non
2820 4247 3047 4317 l/uisse._
3064 4248 3326 4317 Tantum
3373 4240 3557 4317 abest,

1913 4323 1977 4371 ut
2008 4313 2245 4372 omnino
2275 4313 2562 4371 incnreant
2592 4333 2703 4369 non
2728 4321 2872 4370 ante
2909 4322 2968 4371 et
2998 4314 3138 4370 olim
3173 4315 3320 4369 tales
3379 4313 3563 4367 factos

1911 4404 2079 4444 esse.
2130 4390 2215 4444 Ita
2263 4388 2568 4443 Lucretius
2614 4387 2760 4443 dixit
2806 4387 2870 4443 de
2916 4389 3081 4460 plano
3131 4402 3233 4457 pro
3281 4392 3425 4440 certe
3469 4381 3559 4439 vel

1910 4462 2153 4525 omnino,
2187 4478 2227 4527 ι,
2261 4461 2411 4514 412ε

2004 4549 2115 4597 Hoc
2142 4549 2237 4597 tibi
2268 4549 2333 4596 de
2364 4548 2525 4607 plano
2556 4561 2774 4610 possum
2804 4546 3134 4609 promittere,
3165 4544 3398 4595 Memmi.
3430 4543 3558 4595 ΗΠ.

1984 4630 2095 4699 (30)
2128 4628 2423 4684 Naturalia
2454 4628 2609 4682 mali.
2646 4629 2727 4681 Ita
2761 4645 2870 4681 ms.
2914 4627 3090 4699 AFuld.
3141 4630 3206 4699 et
3242 4622 3561 4699 Pamelius,

1910 4696 2086 4772 quem
2118 4700 2385 4772 sequitur
2414 4700 2645 4765 Junius,
2680 4704 2736 4752 et
2767 4697 3077 4772 Rigaltius.
3100 4698 3210 4751 Alii
3244 4696 3559 4772 mss_.Barr.

1911 4769 1967 4827 et
1999 4769 2450 4827 [them—habent
2498 4780 2758 4825 naturam
2806 4769 2971 4839 mali,
3021 4786 3199 4841 quam
3252 4769 3561 4841 lectionem

1913 4843 2078 4899 malit
2122 4843 2463 4911 Scriverius,
2514 4860 2628 4898 non
2679 4859 2804 4913 ego.
2856 4840 3066 4897 Noster
3111 4841 3274 4897 enim
3320 4841 3397 4896 ita
3440 4840 3563 4911 sin-

1911 4916 2115 4987 gulare
2165 4916 2430 4970 naturale
2478 4916 2800 4986 usurpavit,
2852 4931 2980 4986 cap.
3032 4915 3145 4987 41η
3176 4914 3245 4968 de
3296 4914 3496 4987 anima
3549 4927 3562 4967 :

1913 4985 1941 5039 ii
1974 4987 2187 5042 Malum
2236 4987 2418 5057 igitur
2465 4985 2695 5051 animae,
2745 4985 2950 5057 praeter
2997 4986 3151 5057 quod
3197 5002 3264 5041 ex
3313 4985 3562 5057 obventu

1913 5060 2157 5131 spiritus
2202 5056 2455 5131 nequam
2505 5056 2959 5130 superstruitur,
3013 5056 3081 5112 ex
3129 5056 3563 5131 originievitio

1912 5128 2496 5197 anteceditmaturale
2527 5128 2983 5202 quodammodo.
3010 5131 3258 5197 Nam,ut
3288 5128 3567 5190 diximus,

1832 5206 1877 5271 D
1910 5210 2132 5259 natura}
2184 5203 2481 5273 corruptio
2532 5202 2646 5258 alia
2692 5208 2900 5257 natura
2947 5206 3055 5269 est,
3107 5202 3333 5255 habens
3389 5214 3564 5254 suum

1910 5277 2092 5331 Deum
2126 5279 2181 5330 et
2212 5274 2662 5351 patrem_,ipsum
2685 5273 2916 5351 scilicet
2946 5273 3344 5351 corruptionis
3368 5276 3565 5351 aucto-

1910 5365 2074 5421 rem:
2108 5342 2399 5421 ututiamen
2432 5342 2573 5421 insit
2600 5350 2655 5402 et
2685 5348 2903 5401 bonum
2939 5342 3170 5407 animae,
3203 5342 3346 5421 illud
3399 5342 3562 5421 prin-

1910 5420 2135 5494 cipale,_
2168 5418 2311 5473 illud
2347 5418 3214 5494 divinum_atque_german_um,
3248 5418 3565 5494 etproprie

1909 5484 2191 5547 naturale.
2250 5514 2278 5541 »
2332 5494 2437 5545 Ms.
2487 5496 2550 5547 L.
2622 5491 2681 5545 Β.
2726 5484 2764 5540 ’‹‹
2794 5484 3014 5544 Natura
3044 5486 3155 5541 alia
3187 5484 3325 5539 mali
3357 5501 3414 5538 n.
3447 5484 3500 5539 h.
3534 5504 3563 5533 ››

1916 5566 2091 5701 Ηῗέί)
2122 5636 2255 5689 Cum
2290 5633 2395 5686 alii
2421 5631 2703 5687 dicuntur.
2744 5634 2962 5684 Sensus
2993 5632 3105 5701 est,
3138 5642 3278 5701 cum
3331 5623 3433 5701 alii?
3480 5625 3564 5681 rei

1913 5698 2267 5782 accusantur
2310 5706 2438 5782 ejus
2477 5702 2772 5782 criminis,
2821 5701 2973 5782 quod
3016 5698 3564 5782 nobisimponilur,

1914 5769 2409 5852 qualecunqueuid
2445 5776 2518 5830 sit
2571 5792 2583 5830 :
2641 5774 2796 5828 fatur
2840 5769 2961 5826 illis
3010 5770 3245 5844 prOprio
3294 5769 3412 5838 Ore,
3459 5779 3569 5827 etc.

1914 5857 2115 5996 HIul/15:2)
2159 5923 2226 5978 Et
2273 5919 2623 5975 mercenaria
2668 5914 3031 5975 advocatione
3094 5915 3357 5973 utuntur.
3406 5912 3565 5970 Barr.
