  <div class='ocr_page' id='page_1' title='image "/cluster/home/n/w/nwhite01/storage/ocr_20150623/1/umn.31951002477295j/167.png"; bbox 0 0 4366 6344; ppageno 0'>
   <div class='ocr_carea' id='block_1_1' title="bbox 516 365 634 426">
    <p class='ocr_par' dir='ltr' id='par_1_1' title="bbox 516 365 634 426">
     <span class='ocr_line' id='line_1_1' title="bbox 516 365 634 426; baseline -0.017 0"><span class='ocrx_word' id='word_1_1' title='bbox 516 365 634 426; x_wconf 85' lang='grc'>319</span> 
     </span>
    </p>
   </div>
   <div class='ocr_carea' id='block_1_2' title="bbox 1037 349 3404 426">
    <p class='ocr_par' dir='ltr' id='par_1_2' title="bbox 1037 349 3404 426">
     <span class='ocr_line' id='line_1_2' title="bbox 1037 349 3404 426; baseline -0.008 -4"><span class='ocrx_word' id='word_1_2' title='bbox 1037 361 1562 423; x_wconf 80' lang='lat' dir='ltr'>TERTULLIANI</span> <span class='ocrx_word' id='word_1_3' title='bbox 1607 357 1935 420; x_wconf 79' lang='lat' dir='ltr'>OPERUM</span> <span class='ocrx_word' id='word_1_4' title='bbox 1983 355 2184 417; x_wconf 81' lang='lat' dir='ltr'>PARS</span> <span class='ocrx_word' id='word_1_5' title='bbox 2233 354 2280 416; x_wconf 88' lang='grc' dir='ltr'><strong>Ι.</strong></span> <span class='ocrx_word' id='word_1_6' title='bbox 2312 386 2388 398; x_wconf 93' lang='grc'><strong><em>-</em></strong></span> <span class='ocrx_word' id='word_1_7' title='bbox 2419 351 2694 415; x_wconf 81' lang='lat' dir='ltr'>SEBIES</span> <span class='ocrx_word' id='word_1_8' title='bbox 2740 352 2790 426; x_wconf 83' lang='grc' dir='ltr'>Ι,</span> <span class='ocrx_word' id='word_1_9' title='bbox 2839 349 3404 414; x_wconf 84' lang='lat' dir='ltr'>APOLOGETICA.</span> 
     </span>
    </p>
   </div>
   <div class='ocr_carea' id='block_1_3' title="bbox 3808 346 3939 406">
    <p class='ocr_par' dir='ltr' id='par_1_3' title="bbox 3808 346 3939 406">
     <span class='ocr_line' id='line_1_3' title="bbox 3808 346 3939 406; baseline 0.015 -3"><span class='ocrx_word' id='word_1_10' title='bbox 3808 346 3939 406; x_wconf 75' lang='grc'>320</span> 
     </span>
    </p>
   </div>
   <div class='ocr_carea' id='block_1_4' title="bbox 519 477 3940 568">
    <p class='ocr_par' dir='ltr' id='par_1_4' title="bbox 519 477 3940 568">
     <span class='ocr_line' id='line_1_4' title="bbox 519 477 3940 568; baseline -0.005 -15"><span class='ocrx_word' id='word_1_11' title='bbox 519 497 690 553; x_wconf 86' lang='lat' dir='ltr'>nandi</span> <span class='ocrx_word' id='word_1_12' title='bbox 720 496 832 566; x_wconf 91' lang='lat'>(33)</span> <span class='ocrx_word' id='word_1_13' title='bbox 867 496 1116 550; x_wconf 81' lang='lat' dir='ltr'>facultas</span> <span class='ocrx_word' id='word_1_14' title='bbox 1147 497 1326 566; x_wconf 89' lang='lat' dir='ltr'>patet,</span> <span class='ocrx_word' id='word_1_15' title='bbox 1359 493 1592 564; x_wconf 82' lang='lat' dir='ltr'>quando</span> <span class='ocrx_word' id='word_1_16' title='bbox 1625 508 1729 548; x_wconf 87' lang='lat' dir='ltr'>nec</span> <span class='ocrx_word' id='word_1_17' title='bbox 1768 490 1940 546; x_wconf 89' lang='lat' dir='ltr'>liceat</span> <span class='ocrx_word' id='word_1_18' title='bbox 1995 490 2165 545; x_wconf 91' lang='lat' dir='ltr'>inde-</span> <span class='ocrx_word' id='word_1_19' title='bbox 2196 502 2252 568; x_wconf 73' lang='grc' dir='ltr'><strong>Α</strong></span> <span class='ocrx_word' id='word_1_20' title='bbox 2283 492 2391 556; x_wconf 89' lang='lat' dir='ltr'>est,</span> <span class='ocrx_word' id='word_1_21' title='bbox 2425 487 2722 543; x_wconf 84' lang='lat' dir='ltr'>confessio</span> <span class='ocrx_word' id='word_1_22' title='bbox 2754 485 3032 550; x_wconf 75' lang='lat' dir='ltr'>nominis,</span> <span class='ocrx_word' id='word_1_23' title='bbox 3055 501 3173 540; x_wconf 90' lang='lat' dir='ltr'>non</span> <span class='ocrx_word' id='word_1_24' title='bbox 3219 479 3570 539; x_wconf 76' lang='lat' dir='ltr'>examinatio</span> <span class='ocrx_word' id='word_1_25' title='bbox 3616 477 3881 536; x_wconf 88' lang='lat' dir='ltr'>criminis</span> <span class='ocrx_word' id='word_1_26' title='bbox 3921 495 3940 535; x_wconf 87' lang='lat'><strong>:</strong></span> 
     </span>
    </p>
   </div>
   <div class='ocr_carea' id='block_1_5' title="bbox 522 578 2161 650">
    <p class='ocr_par' dir='ltr' id='par_1_5' title="bbox 522 578 2161 650">
     <span class='ocr_line' id='line_1_5' title="bbox 522 578 2161 650; baseline -0.005 -10"><span class='ocrx_word' id='word_1_27' title='bbox 522 588 718 642; x_wconf 86' lang='lat' dir='ltr'>l&#39;ensos</span> <span class='ocrx_word' id='word_1_28' title='bbox 768 587 914 641; x_wconf 74' lang='lat'>211</span> <span class='ocrx_word' id='word_1_29' title='bbox 971 589 1027 638; x_wconf 90' lang='lat' dir='ltr'>et</span> <span class='ocrx_word' id='word_1_30' title='bbox 1073 582 1372 638; x_wconf 88' lang='lat' dir='ltr'>inauditos</span> <span class='ocrx_word' id='word_1_31' title='bbox 1418 582 1658 636; x_wconf 88' lang='lat' dir='ltr'>omnino</span> <span class='ocrx_word' id='word_1_32' title='bbox 1709 579 1977 634; x_wconf 87' lang='lat' dir='ltr'>damnari</span> <span class='ocrx_word' id='word_1_33' title='bbox 2026 578 2161 650; x_wconf 80' lang='grc'>(34).</span> 
     </span>
    </p>
   </div>
   <div class='ocr_carea' id='block_1_6' title="bbox 519 668 2166 742">
    <p class='ocr_par' dir='ltr' id='par_1_6' title="bbox 519 668 2166 742">
     <span class='ocr_line' id='line_1_6' title="bbox 519 668 2166 742; baseline -0.005 -12"><span class='ocrx_word' id='word_1_34' title='bbox 519 676 629 730; x_wconf 90' lang='lat' dir='ltr'>Sed</span> <span class='ocrx_word' id='word_1_35' title='bbox 661 673 1005 730; x_wconf 81' lang='lat' dir='ltr'>Christianis</span> <span class='ocrx_word' id='word_1_36' title='bbox 1037 672 1176 726; x_wconf 84' lang='lat' dir='ltr'>solis</span> <span class='ocrx_word' id='word_1_37' title='bbox 1209 671 1354 726; x_wconf 88' lang='lat' dir='ltr'>nihil</span> <span class='ocrx_word' id='word_1_38' title='bbox 1388 671 1748 742; x_wconf 87' lang='lat' dir='ltr'>permittitur</span> <span class='ocrx_word' id='word_1_39' title='bbox 1779 668 1958 740; x_wconf 71' lang='lat' dir='ltr'>loqui,</span> <span class='ocrx_word' id='word_1_40' title='bbox 2011 668 2166 738; x_wconf 90' lang='lat' dir='ltr'>quod</span> 
     </span>
    </p>
   </div>
   <div class='ocr_carea' id='block_1_7' title="bbox 519 757 2164 832">
    <p class='ocr_par' dir='ltr' id='par_1_7' title="bbox 519 757 2164 832">
     <span class='ocr_line' id='line_1_7' title="bbox 519 757 2164 832; baseline -0.005 -14"><span class='ocrx_word' id='word_1_41' title='bbox 519 780 757 819; x_wconf 85' lang='lat' dir='ltr'>causam</span> <span class='ocrx_word' id='word_1_42' title='bbox 812 766 1043 832; x_wconf 83' lang='lat' dir='ltr'>purget,</span> <span class='ocrx_word' id='word_1_43' title='bbox 1097 761 1251 832; x_wconf 90' lang='lat' dir='ltr'>quod</span> <span class='ocrx_word' id='word_1_44' title='bbox 1302 759 1598 814; x_wconf 80' lang='lat' dir='ltr'>veritatem</span> <span class='ocrx_word' id='word_1_45' title='bbox 1651 759 1957 825; x_wconf 79' lang='lat' dir='ltr'>defendat,</span> <span class='ocrx_word' id='word_1_46' title='bbox 2009 757 2164 828; x_wconf 87' lang='lat' dir='ltr'>quod</span> 
     </span>
    </p>
   </div>
   <div class='ocr_carea' id='block_1_8' title="bbox 509 846 2166 921">
    <p class='ocr_par' dir='ltr' id='par_1_8' title="bbox 509 846 2166 921">
     <span class='ocr_line' id='line_1_8' title="bbox 509 846 2166 921; baseline -0.004 -16"><span class='ocrx_word' id='word_1_47' title='bbox 509 851 771 921; x_wconf 86' lang='lat' dir='ltr'>judicem</span> <span class='ocrx_word' id='word_1_48' title='bbox 805 867 917 904; x_wconf 90' lang='lat' dir='ltr'>non</span> <span class='ocrx_word' id='word_1_49' title='bbox 952 848 1124 904; x_wconf 83' lang='lat' dir='ltr'>faciat</span> <span class='ocrx_word' id='word_1_50' title='bbox 1155 849 1440 918; x_wconf 90' lang='lat' dir='ltr'>injustum</span> <span class='ocrx_word' id='word_1_51' title='bbox 1474 849 1610 920; x_wconf 87' lang='lat'>(35).</span> <span class='ocrx_word' id='word_1_52' title='bbox 1643 849 1749 902; x_wconf 91' lang='lat' dir='ltr'>Sed</span> <span class='ocrx_word' id='word_1_53' title='bbox 1782 846 1926 901; x_wconf 91' lang='lat' dir='ltr'>illud</span> <span class='ocrx_word' id='word_1_54' title='bbox 1976 846 2166 900; x_wconf 89' lang='lat' dir='ltr'>solum</span> 
     </span>
    </p>
   </div>
   <div class='ocr_carea' id='block_1_9' title="bbox 518 935 2168 1012">
    <p class='ocr_par' dir='ltr' id='par_1_9' title="bbox 518 935 2168 1012">
     <span class='ocr_line' id='line_1_9' title="bbox 518 935 2168 1012; baseline -0.005 -17"><span class='ocrx_word' id='word_1_55' title='bbox 518 945 887 1012; x_wconf 83' lang='lat' dir='ltr'>exspectatur</span> <span class='ocrx_word' id='word_1_56' title='bbox 933 939 976 972; x_wconf 79' lang='grc'><strong>³⁸</strong></span> <span class='ocrx_word' id='word_1_57' title='bbox 1008 939 1117 1009; x_wconf 85' lang='grc'>(36)</span> <span class='ocrx_word' id='word_1_58' title='bbox 1153 938 1307 1009; x_wconf 93' lang='lat' dir='ltr'>quod</span> <span class='ocrx_word' id='word_1_59' title='bbox 1341 937 1473 992; x_wconf 91' lang='lat' dir='ltr'>odio</span> <span class='ocrx_word' id='word_1_60' title='bbox 1505 936 1738 1008; x_wconf 87' lang='lat' dir='ltr'>publico</span> <span class='ocrx_word' id='word_1_61' title='bbox 1770 935 2168 991; x_wconf 86' lang='lat' dir='ltr'>necessarium</span> 
     </span>
    </p>
   </div>
   <div class='ocr_carea' id='block_1_10' title="bbox 2277 568 3934 646">
    <p class='ocr_par' dir='ltr' id='par_1_10' title="bbox 2277 568 3934 646">
     <span class='ocr_line' id='line_1_10' title="bbox 2277 568 3934 646; baseline -0.006 -15"><span class='ocrx_word' id='word_1_62' title='bbox 2277 577 2510 643; x_wconf 86' lang='lat' dir='ltr'>quando</span> <span class='ocrx_word' id='word_1_63' title='bbox 2568 576 2618 630; x_wconf 92' lang='lat' dir='ltr'>si</span> <span class='ocrx_word' id='word_1_64' title='bbox 2676 576 2746 630; x_wconf 91' lang='lat' dir='ltr'>de</span> <span class='ocrx_word' id='word_1_65' title='bbox 2803 575 2848 610; x_wconf 83' lang='grc'>³⁹</span> <span class='ocrx_word' id='word_1_66' title='bbox 2895 573 3093 646; x_wconf 90' lang='lat' dir='ltr'>aliquo</span> <span class='ocrx_word' id='word_1_67' title='bbox 3124 576 3367 628; x_wconf 80' lang='lat' dir='ltr'>nocente</span> <span class='ocrx_word' id='word_1_68' title='bbox 3397 568 3770 642; x_wconf 77' lang='lat' dir='ltr'>cognoscitis,</span> <span class='ocrx_word' id='word_1_69' title='bbox 3806 583 3934 622; x_wconf 88' lang='lat' dir='ltr'>non</span> 
     </span>
    </p>
   </div>
   <div class='ocr_carea' id='block_1_11' title="bbox 2278 655 3939 728">
    <p class='ocr_par' dir='ltr' id='par_1_11' title="bbox 2278 655 3939 728">
     <span class='ocr_line' id='line_1_11' title="bbox 2278 655 3939 728; baseline -0.007 -8"><span class='ocrx_word' id='word_1_70' title='bbox 2278 666 2473 720; x_wconf 84' lang='lat' dir='ltr'>statim</span> <span class='ocrx_word' id='word_1_71' title='bbox 2506 665 2772 720; x_wconf 86' lang='lat' dir='ltr'>confesso</span> <span class='ocrx_word' id='word_1_72' title='bbox 2803 679 2869 719; x_wconf 93' lang='lat' dir='ltr'>eo</span> <span class='ocrx_word' id='word_1_73' title='bbox 2901 679 3111 718; x_wconf 89' lang='lat' dir='ltr'>nomen</span> <span class='ocrx_word' id='word_1_74' title='bbox 3140 660 3474 727; x_wconf 69' lang='lat' dir='ltr'>homicidae,</span> <span class='ocrx_word' id='word_1_75' title='bbox 3503 657 3590 713; x_wconf 85' lang='lat' dir='ltr'>vel</span> <span class='ocrx_word' id='word_1_76' title='bbox 3635 655 3939 728; x_wconf 77' lang='lat' dir='ltr'>sacrilegi,</span> 
     </span>
    </p>
   </div>
   <div class='ocr_carea' id='block_1_12' title="bbox 2276 745 3946 824">
    <p class='ocr_par' dir='ltr' id='par_1_12' title="bbox 2276 745 3946 824">
     <span class='ocr_line' id='line_1_12' title="bbox 2276 745 3946 824; baseline -0.004 -18"><span class='ocrx_word' id='word_1_77' title='bbox 2276 753 2365 808; x_wconf 90' lang='lat' dir='ltr'>vel</span> <span class='ocrx_word' id='word_1_78' title='bbox 2417 753 2646 820; x_wconf 87' lang='lat' dir='ltr'>incesti,</span> <span class='ocrx_word' id='word_1_79' title='bbox 2681 753 2770 808; x_wconf 88' lang='lat' dir='ltr'>vel</span> <span class='ocrx_word' id='word_1_80' title='bbox 2805 752 3022 824; x_wconf 86' lang='lat' dir='ltr'>publici</span> <span class='ocrx_word' id='word_1_81' title='bbox 3054 750 3244 806; x_wconf 87' lang='lat' dir='ltr'>hostis</span> <span class='ocrx_word' id='word_1_82' title='bbox 3277 752 3360 816; x_wconf 90' lang='lat' dir='ltr'>(ut</span> <span class='ocrx_word' id='word_1_83' title='bbox 3392 749 3463 804; x_wconf 90' lang='lat' dir='ltr'>de</span> <span class='ocrx_word' id='word_1_84' title='bbox 3493 746 3712 802; x_wconf 88' lang='lat' dir='ltr'>nostris</span> <span class='ocrx_word' id='word_1_85' title='bbox 3741 745 3785 780; x_wconf 67' lang='grc' dir='ltr'>⁵ο</span> <span class='ocrx_word' id='word_1_86' title='bbox 3814 745 3946 801; x_wconf 85' lang='lat' dir='ltr'>elo-</span> 
     </span>
    </p>
   </div>
   <div class='ocr_carea' id='block_1_13' title="bbox 2278 835 3934 916">
    <p class='ocr_par' dir='ltr' id='par_1_13' title="bbox 2278 835 3934 916">
     <span class='ocr_line' id='line_1_13' title="bbox 2278 835 3934 916; baseline -0.004 -20"><span class='ocrx_word' id='word_1_87' title='bbox 2278 844 2391 916; x_wconf 88' lang='lat' dir='ltr'>giis</span> <span class='ocrx_word' id='word_1_88' title='bbox 2413 845 2454 880; x_wconf 79' lang='grc'>⁴¹</span> <span class='ocrx_word' id='word_1_89' title='bbox 2479 846 2591 916; x_wconf 90' lang='lat'>(37)</span> <span class='ocrx_word' id='word_1_90' title='bbox 2614 841 3130 915; x_wconf 87' lang='lat' dir='ltr'>loquar),contenti</span> <span class='ocrx_word' id='word_1_91' title='bbox 3159 838 3291 896; x_wconf 81' lang='lat' dir='ltr'>sitis</span> <span class='ocrx_word' id='word_1_92' title='bbox 3320 839 3390 895; x_wconf 91' lang='lat' dir='ltr'>ad</span> <span class='ocrx_word' id='word_1_93' title='bbox 3427 835 3934 910; x_wconf 88' lang='lat' dir='ltr'>pronuntiandum</span> 
     </span>
    </p>
   </div>
   <div class='ocr_carea' id='block_1_14' title="bbox 2278 923 3938 1003">
    <p class='ocr_par' dir='ltr' id='par_1_14' title="bbox 2278 923 3938 1003">
     <span class='ocr_line' id='line_1_14' title="bbox 2278 923 3938 1003; baseline -0.005 -17"><span class='ocrx_word' id='word_1_94' title='bbox 2278 932 2394 987; x_wconf 87' lang='lat' dir='ltr'>nisi</span> <span class='ocrx_word' id='word_1_95' title='bbox 2426 936 2483 988; x_wconf 88' lang='lat' dir='ltr'>et</span> <span class='ocrx_word' id='word_1_96' title='bbox 2513 930 2931 1003; x_wconf 86' lang='lat' dir='ltr'>consequentia</span> <span class='ocrx_word' id='word_1_97' title='bbox 2959 928 3387 1002; x_wconf 70' lang='lat' dir='ltr'>exigatis,272</span> <span class='ocrx_word' id='word_1_98' title='bbox 3405 926 3750 999; x_wconf 86' lang='lat' dir='ltr'>qualitatem</span> <span class='ocrx_word' id='word_1_99' title='bbox 3769 923 3938 996; x_wconf 83' lang='lat' dir='ltr'>facti,</span> 
     </span>
    </p>
   </div>
   <div class='ocr_carea' id='block_1_15' title="bbox 1942 1049 2503 1112">
    <p class='ocr_par' dir='ltr' id='par_1_15' title="bbox 1942 1049 2503 1112">
     <span class='ocr_line' id='line_1_15' title="bbox 1942 1049 2503 1112; baseline 0 0"><span class='ocrx_word' id='word_1_100' title='bbox 1942 1051 2146 1112; x_wconf 76' lang='lat' dir='ltr'>Variae</span> <span class='ocrx_word' id='word_1_101' title='bbox 2178 1049 2503 1112; x_wconf 86' lang='lat' dir='ltr'>lectiones.</span> 
     </span>
    </p>
   </div>
   <div class='ocr_carea' id='block_1_16' title="bbox 581 1153 1605 1225">
    <p class='ocr_par' dir='ltr' id='par_1_16' title="bbox 581 1153 1605 1225">
     <span class='ocr_line' id='line_1_16' title="bbox 581 1153 1605 1225; baseline -0.001 -18"><span class='ocrx_word' id='word_1_102' title='bbox 581 1153 626 1188; x_wconf 80' lang='grc'>⁸⁸</span> <span class='ocrx_word' id='word_1_103' title='bbox 649 1156 958 1225; x_wconf 85' lang='lat' dir='ltr'>Spectatur</span> <span class='ocrx_word' id='word_1_104' title='bbox 985 1153 1215 1222; x_wconf 79' lang='lat' dir='ltr'>corrigit</span> <span class='ocrx_word' id='word_1_105' title='bbox 1245 1157 1605 1223; x_wconf 82' lang='lat' dir='ltr'>Havercamp.</span> 
     </span>
    </p>
   </div>
   <div class='ocr_carea' id='block_1_17' title="bbox 1718 1147 2175 1205">
    <p class='ocr_par' dir='ltr' id='par_1_17' title="bbox 1718 1147 2175 1205">
     <span class='ocr_line' id='line_1_17' title="bbox 1718 1147 2175 1205; baseline -0.004 0"><span class='ocrx_word' id='word_1_106' title='bbox 1718 1151 1764 1186; x_wconf 71' lang='lat'>3°</span> <span class='ocrx_word' id='word_1_107' title='bbox 1793 1148 1916 1205; x_wconf 78' lang='lat' dir='ltr'>Alio</span> <span class='ocrx_word' id='word_1_108' title='bbox 1949 1147 2175 1204; x_wconf 83' lang='lat' dir='ltr'>Semler.</span> 
     </span>
    </p>
   </div>
   <div class='ocr_carea' id='block_1_18' title="bbox 519 1227 1762 1282">
    <p class='ocr_par' dir='ltr' id='par_1_18' title="bbox 519 1227 1762 1282">
     <span class='ocr_line' id='line_1_18' title="bbox 519 1227 1762 1282; baseline -0.004 0"><span class='ocrx_word' id='word_1_109' title='bbox 519 1227 768 1282; x_wconf 78' lang='lat' dir='ltr'>Parisin.</span> <span class='ocrx_word' id='word_1_110' title='bbox 1757 1254 1762 1257; x_wconf 53' lang='grc'>&lt;</span> 
     </span>
    </p>
   </div>
   <div class='ocr_carea' id='block_1_19' title="bbox 2286 1137 3940 1218">
    <p class='ocr_par' dir='ltr' id='par_1_19' title="bbox 2286 1137 3940 1218">
     <span class='ocr_line' id='line_1_19' title="bbox 2286 1137 3940 1218; baseline -0.004 -15"><span class='ocrx_word' id='word_1_111' title='bbox 2286 1148 2332 1182; x_wconf 69' lang='grc'>⁴⁰</span> <span class='ocrx_word' id='word_1_112' title='bbox 2361 1146 2572 1203; x_wconf 81' lang='lat' dir='ltr'>Semter</span> <span class='ocrx_word' id='word_1_113' title='bbox 2601 1147 2814 1218; x_wconf 77' lang='lat' dir='ltr'>aliique</span> <span class='ocrx_word' id='word_1_114' title='bbox 2841 1164 2863 1202; x_wconf 79' lang='grc'>.’</span> <span class='ocrx_word' id='word_1_115' title='bbox 2891 1144 3122 1202; x_wconf 82' lang='lat' dir='ltr'>vestris.</span> <span class='ocrx_word' id='word_1_116' title='bbox 3233 1144 3275 1180; x_wconf 80' lang='lat'><strong>“</strong></span> <span class='ocrx_word' id='word_1_117' title='bbox 3309 1142 3391 1200; x_wconf 90' lang='lat' dir='ltr'>De</span> <span class='ocrx_word' id='word_1_118' title='bbox 3423 1140 3641 1200; x_wconf 86' lang='lat' dir='ltr'>nostris</span> <span class='ocrx_word' id='word_1_119' title='bbox 3689 1137 3940 1213; x_wconf 89' lang='lat' dir='ltr'>eclogiis</span> 
     </span>
    </p>
   </div>
   <div class='ocr_carea' id='block_1_20' title="bbox 1959 1289 2487 1353">
    <p class='ocr_par' dir='ltr' id='par_1_20' title="bbox 1959 1289 2487 1353">
     <span class='ocr_line' id='line_1_20' title="bbox 1959 1289 2487 1353; baseline -0.006 0"><span class='ocrx_word' id='word_1_120' title='bbox 1959 1289 2487 1353; x_wconf 88' lang='lat' dir='ltr'>Commentarius.</span> 
     </span>
    </p>
   </div>
   <div class='ocr_carea' id='block_1_21' title="bbox 525 1387 2170 1462">
    <p class='ocr_par' dir='ltr' id='par_1_21' title="bbox 525 1387 2170 1462">
     <span class='ocr_line' id='line_1_21' title="bbox 525 1387 2170 1462; baseline -0.004 -14"><span class='ocrx_word' id='word_1_121' title='bbox 525 1393 877 1449; x_wconf 77' lang='lat' dir='ltr'>mercenarii.</span> <span class='ocrx_word' id='word_1_122' title='bbox 911 1393 1028 1448; x_wconf 88' lang='lat' dir='ltr'>Cic.</span> <span class='ocrx_word' id='word_1_123' title='bbox 1062 1391 1167 1447; x_wconf 88' lang='lat' dir='ltr'>lib.</span> <span class='ocrx_word' id='word_1_124' title='bbox 1205 1408 1308 1460; x_wconf 84' lang='lat' dir='ltr'>vn,</span> <span class='ocrx_word' id='word_1_125' title='bbox 1339 1390 1511 1462; x_wconf 88' lang='lat' dir='ltr'>epist.</span> <span class='ocrx_word' id='word_1_126' title='bbox 1551 1390 1587 1462; x_wconf 84' lang='lat'><strong><em>2</em></strong></span> <span class='ocrx_word' id='word_1_127' title='bbox 1631 1405 1644 1443; x_wconf 92' lang='lat'>:</span> <span class='ocrx_word' id='word_1_128' title='bbox 1696 1412 1733 1462; x_wconf 15' lang='grc' dir='ltr'>«ν</span> <span class='ocrx_word' id='word_1_129' title='bbox 1781 1391 1894 1445; x_wconf 84' lang='lat' dir='ltr'>Hoc</span> <span class='ocrx_word' id='word_1_130' title='bbox 1941 1387 2170 1444; x_wconf 89' lang='lat' dir='ltr'>consilii</span> 
     </span>
    </p>
   </div>
   <div class='ocr_carea' id='block_1_22' title="bbox 527 1461 2166 1535">
    <p class='ocr_par' dir='ltr' id='par_1_22' title="bbox 527 1461 2166 1535">
     <span class='ocr_line' id='line_1_22' title="bbox 527 1461 2166 1535; baseline -0.004 -15"><span class='ocrx_word' id='word_1_131' title='bbox 527 1465 812 1532; x_wconf 87' lang='lat' dir='ltr'>dederim,</span> <span class='ocrx_word' id='word_1_132' title='bbox 844 1469 905 1518; x_wconf 93' lang='lat' dir='ltr'>ut</span> <span class='ocrx_word' id='word_1_133' title='bbox 936 1481 970 1519; x_wconf 91' lang='lat' dir='ltr'><strong>a</strong></span> <span class='ocrx_word' id='word_1_134' title='bbox 1002 1464 1251 1535; x_wconf 84' lang='lat' dir='ltr'>singulis</span> <span class='ocrx_word' id='word_1_135' title='bbox 1305 1461 1694 1533; x_wconf 85' lang='lat' dir='ltr'>interregibus</span> <span class='ocrx_word' id='word_1_136' title='bbox 1727 1461 1895 1535; x_wconf 84' lang='lat' dir='ltr'>binas</span> <span class='ocrx_word' id='word_1_137' title='bbox 1925 1462 2166 1535; x_wconf 84' lang='lat' dir='ltr'>advoca-</span> 
     </span>
    </p>
   </div>
   <div class='ocr_carea' id='block_1_23' title="bbox 531 1532 2169 1618">
    <p class='ocr_par' dir='ltr' id='par_1_23' title="bbox 531 1532 2169 1618">
     <span class='ocr_line' id='line_1_23' title="bbox 531 1532 2169 1618; baseline -0.003 -26"><span class='ocrx_word' id='word_1_138' title='bbox 531 1539 718 1592; x_wconf 86' lang='lat' dir='ltr'>tiones</span> <span class='ocrx_word' id='word_1_139' title='bbox 752 1532 1129 1618; x_wconf 54' lang='lat' dir='ltr'>postulent.33</span> <span class='ocrx_word' id='word_1_140' title='bbox 1165 1535 1314 1618; x_wconf 48' lang='lat' dir='ltr'>Vide.</span> <span class='ocrx_word' id='word_1_141' title='bbox 1350 1532 1636 1618; x_wconf 55' lang='lat' dir='ltr'>Senecam</span> <span class='ocrx_word' id='word_1_142' title='bbox 1677 1532 2041 1618; x_wconf 36' lang='lat' dir='ltr'>inntlonfroe‘.</span> <span class='ocrx_word' id='word_1_143' title='bbox 2084 1532 2169 1618; x_wconf 46' lang='lat' dir='ltr'>‘i‘n</span> 
     </span>
    </p>
   </div>
   <div class='ocr_carea' id='block_1_24' title="bbox 523 1601 2162 1681">
    <p class='ocr_par' dir='ltr' id='par_1_24' title="bbox 523 1601 2162 1681">
     <span class='ocr_line' id='line_1_24' title="bbox 523 1601 2162 1681; baseline -0.004 -19"><span class='ocrx_word' id='word_1_144' title='bbox 523 1601 824 1681; x_wconf 63' lang='lat' dir='ltr'>prooemio,</span> <span class='ocrx_word' id='word_1_145' title='bbox 873 1612 930 1681; x_wconf 85' lang='lat' dir='ltr'>et</span> <span class='ocrx_word' id='word_1_146' title='bbox 979 1609 1036 1661; x_wconf 91' lang='lat' dir='ltr'>in</span> <span class='ocrx_word' id='word_1_147' title='bbox 1085 1609 1233 1661; x_wconf 79' lang='lat' dir='ltr'>Lusu</span> <span class='ocrx_word' id='word_1_148' title='bbox 1281 1605 1344 1660; x_wconf 84' lang='lat' dir='ltr'>de</span> <span class='ocrx_word' id='word_1_149' title='bbox 1372 1609 1546 1681; x_wconf 75' lang='lat' dir='ltr'>morte</span> <span class='ocrx_word' id='word_1_150' title='bbox 1578 1604 1822 1660; x_wconf 77' lang='lat' dir='ltr'>Claudii.</span> <span class='ocrx_word' id='word_1_151' title='bbox 1844 1605 1962 1681; x_wconf 68' lang='grc' dir='ltr'>ΜΒ.</span> <span class='ocrx_word' id='word_1_152' title='bbox 1997 1601 2162 1681; x_wconf 80' lang='lat' dir='ltr'>F_uld.</span> 
     </span>
    </p>
   </div>
   <div class='ocr_carea' id='block_1_25' title="bbox 526 1675 2165 1751">
    <p class='ocr_par' dir='ltr' id='par_1_25' title="bbox 526 1675 2165 1751">
     <span class='ocr_line' id='line_1_25' title="bbox 526 1675 2165 1751; baseline -0.001 -19"><span class='ocrx_word' id='word_1_153' title='bbox 526 1675 553 1732; x_wconf 80' lang='grc' dir='ltr'>ἱ‹</span> <span class='ocrx_word' id='word_1_154' title='bbox 599 1681 668 1735; x_wconf 88' lang='lat' dir='ltr'>Et</span> <span class='ocrx_word' id='word_1_155' title='bbox 714 1679 946 1751; x_wconf 90' lang='lat' dir='ltr'>proprio</span> <span class='ocrx_word' id='word_1_156' title='bbox 989 1686 1046 1734; x_wconf 90' lang='lat' dir='ltr'>et</span> <span class='ocrx_word' id='word_1_157' title='bbox 1089 1679 1447 1751; x_wconf 78' lang='lat' dir='ltr'>mercenaria</span> <span class='ocrx_word' id='word_1_158' title='bbox 1497 1693 1594 1751; x_wconf 83' lang='lat' dir='ltr'>ore</span> <span class='ocrx_word' id='word_1_159' title='bbox 1625 1717 1638 1741; x_wconf 88' lang='lat'>,</span> <span class='ocrx_word' id='word_1_160' title='bbox 1688 1683 1752 1751; x_wconf 85' lang='lat' dir='ltr'>et</span> <span class='ocrx_word' id='word_1_161' title='bbox 1788 1675 2165 1751; x_wconf 81' lang='lat' dir='ltr'>advocatione</span> 
     </span>
    </p>
   </div>
   <div class='ocr_carea' id='block_1_26' title="bbox 523 1747 2165 1818">
    <p class='ocr_par' dir='ltr' id='par_1_26' title="bbox 523 1747 2165 1818">
     <span class='ocr_line' id='line_1_26' title="bbox 523 1747 2165 1818; baseline -0.004 -11"><span class='ocrx_word' id='word_1_162' title='bbox 523 1747 790 1807; x_wconf 76' lang='lat' dir='ltr'>utuntur.</span> <span class='ocrx_word' id='word_1_163' title='bbox 827 1747 848 1800; x_wconf 57' lang='grc' dir='ltr'><strong>ἦ</strong></span> <span class='ocrx_word' id='word_1_164' title='bbox 887 1753 987 1805; x_wconf 88' lang='lat' dir='ltr'>Est</span> <span class='ocrx_word' id='word_1_165' title='bbox 1016 1751 1170 1804; x_wconf 90' lang='lat' dir='ltr'>enim</span> <span class='ocrx_word' id='word_1_166' title='bbox 1202 1749 1481 1804; x_wconf 82' lang='lat' dir='ltr'>advocatio</span> <span class='ocrx_word' id='word_1_167' title='bbox 1512 1749 1568 1802; x_wconf 91' lang='lat' dir='ltr'>id</span> <span class='ocrx_word' id='word_1_168' title='bbox 1603 1747 1756 1818; x_wconf 92' lang='lat' dir='ltr'>quod</span> <span class='ocrx_word' id='word_1_169' title='bbox 1781 1748 1907 1818; x_wconf 88' lang='lat' dir='ltr'>jam</span> <span class='ocrx_word' id='word_1_170' title='bbox 1939 1747 2165 1802; x_wconf 80' lang='lat' dir='ltr'>consul-</span> 
     </span>
    </p>
   </div>
   <div class='ocr_carea' id='block_1_27' title="bbox 2279 1379 3933 1453">
    <p class='ocr_par' dir='ltr' id='par_1_27' title="bbox 2279 1379 3933 1453">
     <span class='ocr_line' id='line_1_27' title="bbox 2279 1379 3933 1453; baseline -0.005 -10"><span class='ocrx_word' id='word_1_171' title='bbox 2279 1388 2354 1443; x_wconf 92' lang='lat' dir='ltr'>M.</span> <span class='ocrx_word' id='word_1_172' title='bbox 2391 1386 2551 1442; x_wconf 86' lang='lat' dir='ltr'>Fabii</span> <span class='ocrx_word' id='word_1_173' title='bbox 2581 1386 3037 1443; x_wconf 87' lang='lat' dir='ltr'>Altercationum</span> <span class='ocrx_word' id='word_1_174' title='bbox 3062 1385 3278 1442; x_wconf 91' lang='lat' dir='ltr'>librum</span> <span class='ocrx_word' id='word_1_175' title='bbox 3309 1399 3498 1440; x_wconf 90' lang='lat' dir='ltr'>unum</span> <span class='ocrx_word' id='word_1_176' title='bbox 3527 1382 3699 1453; x_wconf 88' lang='lat' dir='ltr'>cujus</span> <span class='ocrx_word' id='word_1_177' title='bbox 3747 1379 3933 1436; x_wconf 81' lang='lat' dir='ltr'>ﬁdem</span> 
     </span>
    </p>
   </div>
   <div class='ocr_carea' id='block_1_28' title="bbox 2277 1453 3932 1530">
    <p class='ocr_par' dir='ltr' id='par_1_28' title="bbox 2277 1453 3932 1530">
     <span class='ocr_line' id='line_1_28' title="bbox 2277 1453 3932 1530; baseline -0.005 -16"><span class='ocrx_word' id='word_1_178' title='bbox 2277 1460 2337 1514; x_wconf 89' lang='lat' dir='ltr'>in</span> <span class='ocrx_word' id='word_1_179' title='bbox 2368 1460 2477 1514; x_wconf 91' lang='lat' dir='ltr'>hoc</span> <span class='ocrx_word' id='word_1_180' title='bbox 2507 1465 2842 1530; x_wconf 89' lang='lat' dir='ltr'>suspectam</span> <span class='ocrx_word' id='word_1_181' title='bbox 2875 1459 3080 1514; x_wconf 89' lang='lat' dir='ltr'>habuit</span> <span class='ocrx_word' id='word_1_182' title='bbox 3100 1457 3304 1530; x_wconf 88' lang='lat' dir='ltr'>Petrus</span> <span class='ocrx_word' id='word_1_183' title='bbox 3328 1456 3605 1530; x_wconf 72' lang='lat' dir='ltr'>Pithmus,</span> <span class='ocrx_word' id='word_1_184' title='bbox 3639 1453 3689 1509; x_wconf 90' lang='lat' dir='ltr'>si</span> <span class='ocrx_word' id='word_1_185' title='bbox 3720 1457 3932 1508; x_wconf 85' lang='lat' dir='ltr'>tamen</span> 
     </span>
    </p>
   </div>
   <div class='ocr_carea' id='block_1_29' title="bbox 2278 1528 3927 1602">
    <p class='ocr_par' dir='ltr' id='par_1_29' title="bbox 2278 1528 3927 1602">
     <span class='ocr_line' id='line_1_29' title="bbox 2278 1528 3927 1602; baseline -0.004 -17"><span class='ocrx_word' id='word_1_186' title='bbox 2278 1549 2430 1600; x_wconf 91' lang='lat' dir='ltr'>vera,</span> <span class='ocrx_word' id='word_1_187' title='bbox 2467 1530 2574 1585; x_wconf 82' lang='lat' dir='ltr'>fuit</span> <span class='ocrx_word' id='word_1_188' title='bbox 2612 1528 2904 1600; x_wconf 81' lang='lat' dir='ltr'>ejusmodi</span> <span class='ocrx_word' id='word_1_189' title='bbox 2952 1547 3100 1602; x_wconf 85' lang='lat' dir='ltr'>Opus</span> <span class='ocrx_word' id='word_1_190' title='bbox 3149 1529 3342 1601; x_wconf 89' lang='lat' dir='ltr'>[hodie</span> <span class='ocrx_word' id='word_1_191' title='bbox 3390 1528 3549 1583; x_wconf 90' lang='lat' dir='ltr'>enim</span> <span class='ocrx_word' id='word_1_192' title='bbox 3601 1540 3927 1602; x_wconf 57' lang='lat' dir='ltr'>nusquam,</span> 
     </span>
    </p>
   </div>
   <div class='ocr_carea' id='block_1_30' title="bbox 2278 1597 3939 1675">
    <p class='ocr_par' dir='ltr' id='par_1_30' title="bbox 2278 1597 3939 1675">
     <span class='ocr_line' id='line_1_30' title="bbox 2278 1597 3939 1675; baseline -0.003 -18"><span class='ocrx_word' id='word_1_193' title='bbox 2278 1597 2434 1675; x_wconf 87' lang='lat' dir='ltr'>quod</span> <span class='ocrx_word' id='word_1_194' title='bbox 2466 1603 2608 1668; x_wconf 91' lang='lat' dir='ltr'>scio,</span> <span class='ocrx_word' id='word_1_195' title='bbox 2639 1597 2900 1658; x_wconf 81' lang='lat' dir='ltr'>invenire</span> <span class='ocrx_word' id='word_1_196' title='bbox 2921 1597 3031 1675; x_wconf 80' lang='lat' dir='ltr'>est]</span> <span class='ocrx_word' id='word_1_197' title='bbox 3064 1597 3234 1675; x_wconf 78' lang='lat' dir='ltr'>quale</span> <span class='ocrx_word' id='word_1_198' title='bbox 3264 1598 3666 1675; x_wconf 51' lang='lat' dir='ltr'>controversiis</span> <span class='ocrx_word' id='word_1_199' title='bbox 3697 1597 3939 1675; x_wconf 68' lang='lat' dir='ltr'>Senecas</span> 
     </span>
    </p>
   </div>
   <div class='ocr_carea' id='block_1_31' title="bbox 2277 1668 3941 1741">
    <p class='ocr_par' dir='ltr' id='par_1_31' title="bbox 2277 1668 3941 1741">
     <span class='ocr_line' id='line_1_31' title="bbox 2277 1668 3941 1741; baseline -0.005 -11"><span class='ocrx_word' id='word_1_200' title='bbox 2277 1668 2334 1730; x_wconf 75' lang='lat' dir='ltr'>et</span> <span class='ocrx_word' id='word_1_201' title='bbox 2363 1675 2508 1730; x_wconf 87' lang='lat' dir='ltr'>forte</span> <span class='ocrx_word' id='word_1_202' title='bbox 2551 1675 2802 1741; x_wconf 73' lang='lat' dir='ltr'>caedem;</span> <span class='ocrx_word' id='word_1_203' title='bbox 2853 1674 2940 1729; x_wconf 89' lang='lat' dir='ltr'>vel</span> <span class='ocrx_word' id='word_1_204' title='bbox 2987 1668 3485 1729; x_wconf 78' lang='lat' dir='ltr'>declamationum</span> <span class='ocrx_word' id='word_1_205' title='bbox 3537 1669 3705 1741; x_wconf 86' lang='lat' dir='ltr'>hodie</span> <span class='ocrx_word' id='word_1_206' title='bbox 3753 1668 3941 1741; x_wconf 80' lang='lat' dir='ltr'>etiam</span> 
     </span>
    </p>
   </div>
   <div class='ocr_carea' id='block_1_32' title="bbox 2277 1739 3941 1818">
    <p class='ocr_par' dir='ltr' id='par_1_32' title="bbox 2277 1739 3941 1818">
     <span class='ocr_line' id='line_1_32' title="bbox 2277 1739 3941 1818; baseline -0.004 -18"><span class='ocrx_word' id='word_1_207' title='bbox 2277 1746 2634 1818; x_wconf 87' lang='lat' dir='ltr'>Quintiliano</span> <span class='ocrx_word' id='word_1_208' title='bbox 2693 1739 3108 1818; x_wconf 88' lang='lat' dir='ltr'>inscriptarum</span> <span class='ocrx_word' id='word_1_209' title='bbox 3131 1743 3460 1815; x_wconf 89' lang='lat' dir='ltr'>libellus,eo</span> <span class='ocrx_word' id='word_1_210' title='bbox 3490 1740 3660 1797; x_wconf 88' lang='lat' dir='ltr'>titulo</span> <span class='ocrx_word' id='word_1_211' title='bbox 3683 1739 3941 1812; x_wconf 85' lang='lat' dir='ltr'>insigni-</span> 
     </span>
    </p>
   </div>
   <div class='ocr_carea' id='block_1_33' title="bbox 519 1817 2717 1890">
    <p class='ocr_par' dir='ltr' id='par_1_33' title="bbox 519 1817 2717 1890">
     <span class='ocr_line' id='line_1_33' title="bbox 519 1817 2717 1890; baseline -0.003 -13"><span class='ocrx_word' id='word_1_212' title='bbox 519 1825 656 1878; x_wconf 74' lang='lat' dir='ltr'>talio</span> <span class='ocrx_word' id='word_1_213' title='bbox 711 1823 944 1877; x_wconf 89' lang='lat' dir='ltr'>dicitur.</span> <span class='ocrx_word' id='word_1_214' title='bbox 998 1823 1112 1877; x_wconf 91' lang='lat' dir='ltr'>Cic.</span> <span class='ocrx_word' id='word_1_215' title='bbox 1173 1821 1245 1875; x_wconf 89' lang='lat' dir='ltr'>ad</span> <span class='ocrx_word' id='word_1_216' title='bbox 1290 1821 1521 1874; x_wconf 90' lang='lat' dir='ltr'>Trebat.</span> <span class='ocrx_word' id='word_1_217' title='bbox 1577 1817 1675 1873; x_wconf 88' lang='lat' dir='ltr'>lib.</span> <span class='ocrx_word' id='word_1_218' title='bbox 1725 1835 1827 1887; x_wconf 83' lang='lat' dir='ltr'>vn,</span> <span class='ocrx_word' id='word_1_219' title='bbox 1850 1819 2022 1890; x_wconf 90' lang='lat' dir='ltr'>epist.</span> <span class='ocrx_word' id='word_1_220' title='bbox 2054 1818 2120 1872; x_wconf 88' lang='grc'>13</span> <span class='ocrx_word' id='word_1_221' title='bbox 2154 1833 2166 1872; x_wconf 92' lang='lat'>:</span> <span class='ocrx_word' id='word_1_222' title='bbox 2201 1819 2248 1884; x_wconf 85' lang='grc' dir='ltr'>Β</span> <span class='ocrx_word' id='word_1_223' title='bbox 2279 1825 2375 1874; x_wconf 91' lang='lat' dir='ltr'>tus</span> <span class='ocrx_word' id='word_1_224' title='bbox 2404 1818 2536 1872; x_wconf 87' lang='lat' dir='ltr'>fuit.</span> <span class='ocrx_word' id='word_1_225' title='bbox 2575 1817 2717 1890; x_wconf 78' lang='lat' dir='ltr'>IIAV.</span> 
     </span>
    </p>
   </div>
   <div class='ocr_carea' id='block_1_34' title="bbox 525 1890 2167 1961">
    <p class='ocr_par' dir='ltr' id='par_1_34' title="bbox 525 1890 2167 1961">
     <span class='ocr_line' id='line_1_34' title="bbox 525 1890 2167 1961; baseline 0 -17"><span class='ocrx_word' id='word_1_226' title='bbox 525 1916 554 1945; x_wconf 83' lang='lat'><strong>«</strong></span> <span class='ocrx_word' id='word_1_227' title='bbox 587 1900 649 1947; x_wconf 84' lang='lat' dir='ltr'>1n</span> <span class='ocrx_word' id='word_1_228' title='bbox 683 1911 742 1948; x_wconf 92' lang='lat' dir='ltr'>re</span> <span class='ocrx_word' id='word_1_229' title='bbox 775 1894 1012 1948; x_wconf 87' lang='lat' dir='ltr'>militari</span> <span class='ocrx_word' id='word_1_230' title='bbox 1045 1893 1229 1947; x_wconf 85' lang='lat' dir='ltr'>multo</span> <span class='ocrx_word' id='word_1_231' title='bbox 1261 1897 1349 1946; x_wconf 89' lang='lat' dir='ltr'>est</span> <span class='ocrx_word' id='word_1_232' title='bbox 1380 1892 1624 1958; x_wconf 92' lang='lat' dir='ltr'>cautior,</span> <span class='ocrx_word' id='word_1_233' title='bbox 1657 1906 1832 1961; x_wconf 90' lang='lat' dir='ltr'>quam</span> <span class='ocrx_word' id='word_1_234' title='bbox 1884 1893 1940 1943; x_wconf 89' lang='lat' dir='ltr'>in</span> <span class='ocrx_word' id='word_1_235' title='bbox 1991 1890 2167 1944; x_wconf 90' lang='lat' dir='ltr'>advo-</span> 
     </span>
    </p>
   </div>
   <div class='ocr_carea' id='block_1_35' title="bbox 524 1964 2166 2034">
    <p class='ocr_par' dir='ltr' id='par_1_35' title="bbox 524 1964 2166 2034">
     <span class='ocr_line' id='line_1_35' title="bbox 524 1964 2166 2034; baseline -0.003 -14"><span class='ocrx_word' id='word_1_236' title='bbox 524 1966 872 2020; x_wconf 79' lang='lat' dir='ltr'>cationibus.</span> <span class='ocrx_word' id='word_1_237' title='bbox 910 1987 938 2012; x_wconf 84' lang='lat'>»</span> <span class='ocrx_word' id='word_1_238' title='bbox 970 1969 1026 2019; x_wconf 89' lang='lat' dir='ltr'>et</span> <span class='ocrx_word' id='word_1_239' title='bbox 1055 1981 1116 2018; x_wconf 85' lang='grc' dir='ltr'>ιιι</span> <span class='ocrx_word' id='word_1_240' title='bbox 1149 1965 1296 2018; x_wconf 83' lang='lat' dir='ltr'>Verr.</span> <span class='ocrx_word' id='word_1_241' title='bbox 1332 1979 1388 2020; x_wconf 87' lang='grc' dir='ltr'>ο.</span> <span class='ocrx_word' id='word_1_242' title='bbox 1430 1964 1496 2017; x_wconf 86' lang='grc'><strong>12</strong></span> <span class='ocrx_word' id='word_1_243' title='bbox 1527 1981 1581 2034; x_wconf 92' lang='lat' dir='ltr'>p.</span> <span class='ocrx_word' id='word_1_244' title='bbox 1617 1979 1631 2016; x_wconf 87' lang='lat'>:</span> <span class='ocrx_word' id='word_1_245' title='bbox 1665 1985 1693 2034; x_wconf 63' lang='grc' dir='ltr'>(ς</span> <span class='ocrx_word' id='word_1_246' title='bbox 1728 1964 1850 2025; x_wconf 88' lang='lat' dir='ltr'>Quo</span> <span class='ocrx_word' id='word_1_247' title='bbox 1900 1978 2166 2033; x_wconf 76' lang='lat' dir='ltr'>saepenu-</span> 
     </span>
    </p>
   </div>
   <div class='ocr_carea' id='block_1_36' title="bbox 527 2033 2168 2105">
    <p class='ocr_par' dir='ltr' id='par_1_36' title="bbox 527 2033 2168 2105">
     <span class='ocr_line' id='line_1_36' title="bbox 527 2033 2168 2105; baseline -0.003 -13"><span class='ocrx_word' id='word_1_248' title='bbox 527 2053 688 2092; x_wconf 89' lang='lat' dir='ltr'>mero</span> <span class='ocrx_word' id='word_1_249' title='bbox 720 2041 960 2091; x_wconf 87' lang='lat' dir='ltr'>senatus</span> <span class='ocrx_word' id='word_1_250' title='bbox 991 2041 1364 2101; x_wconf 87' lang='lat' dir='ltr'>convocatur,</span> <span class='ocrx_word' id='word_1_251' title='bbox 1397 2051 1511 2105; x_wconf 89' lang='lat' dir='ltr'>quo</span> <span class='ocrx_word' id='word_1_252' title='bbox 1531 2033 1928 2088; x_wconf 86' lang='lat' dir='ltr'>maximarum</span> <span class='ocrx_word' id='word_1_253' title='bbox 1972 2049 2168 2089; x_wconf 90' lang='lat' dir='ltr'>rerum</span> 
     </span>
    </p>
   </div>
   <div class='ocr_carea' id='block_1_37' title="bbox 527 2105 2169 2179">
    <p class='ocr_par' dir='ltr' id='par_1_37' title="bbox 527 2105 2169 2179">
     <span class='ocr_line' id='line_1_37' title="bbox 527 2105 2169 2179; baseline -0.002 -17"><span class='ocrx_word' id='word_1_254' title='bbox 527 2108 791 2179; x_wconf 88' lang='lat' dir='ltr'>quotidie</span> <span class='ocrx_word' id='word_1_255' title='bbox 818 2108 1226 2163; x_wconf 87' lang='lat' dir='ltr'>advocationes</span> <span class='ocrx_word' id='word_1_256' title='bbox 1261 2107 1436 2179; x_wconf 67' lang='lat' dir='ltr'>ﬁunt.</span> <span class='ocrx_word' id='word_1_257' title='bbox 1465 2128 1492 2155; x_wconf 87' lang='lat'>»</span> <span class='ocrx_word' id='word_1_258' title='bbox 1523 2105 1757 2176; x_wconf 85' lang='lat' dir='ltr'>Triplex</span> <span class='ocrx_word' id='word_1_259' title='bbox 1786 2105 1985 2179; x_wconf 87' lang='lat' dir='ltr'>itaque</span> <span class='ocrx_word' id='word_1_260' title='bbox 2017 2122 2169 2179; x_wconf 66' lang='lat' dir='ltr'>pra:-</span> 
     </span>
    </p>
   </div>
   <div class='ocr_carea' id='block_1_38' title="bbox 523 2176 2170 2306">
    <p class='ocr_par' dir='ltr' id='par_1_38' title="bbox 523 2176 2170 2306">
     <span class='ocr_line' id='line_1_38' title="bbox 523 2176 2170 2306; baseline -0.002 -72"><span class='ocrx_word' id='word_1_261' title='bbox 523 2176 743 2306; x_wconf 53' lang='lat' dir='ltr'>sz&#39;iidium</span> <span class='ocrx_word' id='word_1_262' title='bbox 774 2180 907 2246; x_wconf 90' lang='lat' dir='ltr'>reis,</span> <span class='ocrx_word' id='word_1_263' title='bbox 939 2181 1025 2235; x_wconf 94' lang='lat' dir='ltr'>vel</span> <span class='ocrx_word' id='word_1_264' title='bbox 1059 2187 1117 2234; x_wconf 82' lang='lat' dir='ltr'>in</span> <span class='ocrx_word' id='word_1_265' title='bbox 1145 2177 1480 2250; x_wconf 88' lang='lat' dir='ltr'>eloquentia</span> <span class='ocrx_word' id='word_1_266' title='bbox 1511 2193 1638 2242; x_wconf 87' lang='lat' dir='ltr'>sua,</span> <span class='ocrx_word' id='word_1_267' title='bbox 1664 2194 1801 2232; x_wconf 91' lang='lat' dir='ltr'>nam</span> <span class='ocrx_word' id='word_1_268' title='bbox 1834 2182 1899 2231; x_wconf 88' lang='lat' dir='ltr'>ut</span> <span class='ocrx_word' id='word_1_269' title='bbox 1927 2176 2170 2232; x_wconf 90' lang='lat' dir='ltr'>Publius</span> 
     </span>
    </p>
   </div>
   <div class='ocr_carea' id='block_1_39' title="bbox 680 2336 1972 2402">
    <p class='ocr_par' dir='ltr' id='par_1_39' title="bbox 680 2336 1972 2402">
     <span class='ocr_line' id='line_1_39' title="bbox 680 2336 1972 2402; baseline -0.002 -14"><span class='ocrx_word' id='word_1_270' title='bbox 680 2339 778 2399; x_wconf 89' lang='lat' dir='ltr'>Qui</span> <span class='ocrx_word' id='word_1_271' title='bbox 811 2353 904 2402; x_wconf 90' lang='lat' dir='ltr'>pro</span> <span class='ocrx_word' id='word_1_272' title='bbox 937 2339 1220 2387; x_wconf 89' lang='lat' dir='ltr'>innocente</span> <span class='ocrx_word' id='word_1_273' title='bbox 1252 2337 1394 2399; x_wconf 87' lang='lat' dir='ltr'>dicit,</span> <span class='ocrx_word' id='word_1_274' title='bbox 1426 2338 1550 2386; x_wconf 85' lang='lat' dir='ltr'>satis</span> <span class='ocrx_word' id='word_1_275' title='bbox 1584 2340 1663 2386; x_wconf 91' lang='lat' dir='ltr'>est</span> <span class='ocrx_word' id='word_1_276' title='bbox 1695 2336 1972 2400; x_wconf 87' lang='lat' dir='ltr'>eloquens.</span> 
     </span>
    </p>
   </div>
   <div class='ocr_carea' id='block_1_40' title="bbox 524 2426 2170 2496">
    <p class='ocr_par' dir='ltr' id='par_1_40' title="bbox 524 2426 2170 2496">
     <span class='ocr_line' id='line_1_40' title="bbox 524 2426 2170 2496; baseline -0.002 -12"><span class='ocrx_word' id='word_1_277' title='bbox 524 2429 864 2493; x_wconf 87' lang='lat' dir='ltr'>Suetonius,</span> <span class='ocrx_word' id='word_1_278' title='bbox 925 2428 995 2482; x_wconf 91' lang='lat' dir='ltr'>de</span> <span class='ocrx_word' id='word_1_279' title='bbox 1025 2443 1271 2482; x_wconf 90' lang='lat' dir='ltr'>censura</span> <span class='ocrx_word' id='word_1_280' title='bbox 1300 2426 1676 2496; x_wconf 87' lang='lat' dir='ltr'>Claudii,c.l6</span> <span class='ocrx_word' id='word_1_281' title='bbox 1708 2443 1721 2482; x_wconf 90' lang='lat'><strong>:</strong></span> <span class='ocrx_word' id='word_1_282' title='bbox 1763 2447 1784 2474; x_wconf 79' lang='grc' dir='ltr'>ι</span> <span class='ocrx_word' id='word_1_283' title='bbox 1819 2426 1933 2480; x_wconf 85' lang='lat' dir='ltr'>Nec</span> <span class='ocrx_word' id='word_1_284' title='bbox 1964 2442 2170 2496; x_wconf 87' lang='lat' dir='ltr'>quem-</span> 
     </span>
    </p>
   </div>
   <div class='ocr_carea' id='block_1_41' title="bbox 529 2499 2170 2572">
    <p class='ocr_par' dir='ltr' id='par_1_41' title="bbox 529 2499 2170 2572">
     <span class='ocr_line' id='line_1_41' title="bbox 529 2499 2170 2572; baseline -0.002 -17"><span class='ocrx_word' id='word_1_285' title='bbox 529 2518 707 2572; x_wconf 90' lang='lat' dir='ltr'>quam</span> <span class='ocrx_word' id='word_1_286' title='bbox 741 2501 854 2555; x_wconf 87' lang='lat' dir='ltr'>nisi</span> <span class='ocrx_word' id='word_1_287' title='bbox 899 2515 1008 2553; x_wconf 90' lang='lat' dir='ltr'>sua</span> <span class='ocrx_word' id='word_1_288' title='bbox 1061 2515 1218 2572; x_wconf 91' lang='lat' dir='ltr'>voce,</span> <span class='ocrx_word' id='word_1_289' title='bbox 1279 2505 1580 2572; x_wconf 86' lang='lat' dir='ltr'>utcunque</span> <span class='ocrx_word' id='word_1_290' title='bbox 1637 2499 1768 2569; x_wconf 87' lang='lat' dir='ltr'>quis</span> <span class='ocrx_word' id='word_1_291' title='bbox 1827 2504 2044 2572; x_wconf 78' lang='lat' dir='ltr'>posset,</span> <span class='ocrx_word' id='word_1_292' title='bbox 2106 2514 2170 2552; x_wconf 87' lang='lat' dir='ltr'>ac</span> 
     </span>
    </p>
   </div>
   <div class='ocr_carea' id='block_1_42' title="bbox 531 2569 2169 2642">
    <p class='ocr_par' dir='ltr' id='par_1_42' title="bbox 531 2569 2169 2642">
     <span class='ocr_line' id='line_1_42' title="bbox 531 2569 2169 2642; baseline -0.003 -15"><span class='ocrx_word' id='word_1_293' title='bbox 531 2569 659 2628; x_wconf 76' lang='lat' dir='ltr'>sine</span> <span class='ocrx_word' id='word_1_294' title='bbox 711 2578 978 2642; x_wconf 89' lang='lat' dir='ltr'>patrono,</span> <span class='ocrx_word' id='word_1_295' title='bbox 1007 2571 1290 2625; x_wconf 87' lang='lat' dir='ltr'>rationem</span> <span class='ocrx_word' id='word_1_296' title='bbox 1322 2571 1449 2642; x_wconf 60' lang='lat' dir='ltr'>vita</span> <span class='ocrx_word' id='word_1_297' title='bbox 1483 2569 1692 2640; x_wconf 85' lang='lat' dir='ltr'>passus</span> <span class='ocrx_word' id='word_1_298' title='bbox 1723 2573 1812 2624; x_wconf 89' lang='lat' dir='ltr'>est</span> <span class='ocrx_word' id='word_1_299' title='bbox 1832 2569 2101 2642; x_wconf 84' lang='lat' dir='ltr'>reddere.</span> <span class='ocrx_word' id='word_1_300' title='bbox 2142 2590 2169 2617; x_wconf 85' lang='lat'>»</span> 
     </span>
    </p>
   </div>
   <div class='ocr_carea' id='block_1_43' title="bbox 533 2641 2169 2714">
    <p class='ocr_par' dir='ltr' id='par_1_43' title="bbox 533 2641 2169 2714">
     <span class='ocr_line' id='line_1_43' title="bbox 533 2641 2169 2714; baseline -0.002 -17"><span class='ocrx_word' id='word_1_301' title='bbox 533 2641 819 2714; x_wconf 83' lang='lat' dir='ltr'>Diogenes</span> <span class='ocrx_word' id='word_1_302' title='bbox 853 2643 1105 2714; x_wconf 85' lang='lat' dir='ltr'>Laertius</span> <span class='ocrx_word' id='word_1_303' title='bbox 1139 2644 1208 2696; x_wconf 89' lang='lat' dir='ltr'>de</span> <span class='ocrx_word' id='word_1_304' title='bbox 1239 2641 1534 2713; x_wconf 85' lang='lat' dir='ltr'>Aristippo</span> <span class='ocrx_word' id='word_1_305' title='bbox 1568 2648 1763 2695; x_wconf 87' lang='lat' dir='ltr'>narrat</span> <span class='ocrx_word' id='word_1_306' title='bbox 1792 2641 2169 2714; x_wconf 85' lang='lat' dir='ltr'>objurgatum</span> 
     </span>
    </p>
   </div>
   <div class='ocr_carea' id='block_1_44' title="bbox 533 2712 2174 2784">
    <p class='ocr_par' dir='ltr' id='par_1_44' title="bbox 533 2712 2174 2784">
     <span class='ocr_line' id='line_1_44' title="bbox 533 2712 2174 2784; baseline -0.001 -15"><span class='ocrx_word' id='word_1_307' title='bbox 533 2712 724 2779; x_wconf 83' lang='lat' dir='ltr'>illum,</span> <span class='ocrx_word' id='word_1_308' title='bbox 759 2713 912 2783; x_wconf 86' lang='lat' dir='ltr'>quod</span> <span class='ocrx_word' id='word_1_309' title='bbox 944 2712 1003 2765; x_wconf 90' lang='lat' dir='ltr'>in</span> <span class='ocrx_word' id='word_1_310' title='bbox 1035 2731 1212 2768; x_wconf 88' lang='lat' dir='ltr'>causa</span> <span class='ocrx_word' id='word_1_311' title='bbox 1243 2712 1476 2784; x_wconf 85' lang='lat' dir='ltr'>propria</span> <span class='ocrx_word' id='word_1_312' title='bbox 1525 2714 1816 2768; x_wconf 89' lang='lat' dir='ltr'>rhetorem</span> <span class='ocrx_word' id='word_1_313' title='bbox 1866 2713 2174 2768; x_wconf 88' lang='lat' dir='ltr'>conduxis-</span> 
     </span>
    </p>
   </div>
   <div class='ocr_carea' id='block_1_45' title="bbox 530 2784 2172 2857">
    <p class='ocr_par' dir='ltr' id='par_1_45' title="bbox 530 2784 2172 2857">
     <span class='ocr_line' id='line_1_45' title="bbox 530 2784 2172 2857; baseline -0.002 -15"><span class='ocrx_word' id='word_1_314' title='bbox 530 2793 642 2850; x_wconf 86' lang='lat' dir='ltr'>set,</span> <span class='ocrx_word' id='word_1_315' title='bbox 674 2785 1070 2857; x_wconf 87' lang='lat' dir='ltr'>respondisse,</span> <span class='ocrx_word' id='word_1_316' title='bbox 1107 2790 1164 2839; x_wconf 91' lang='lat' dir='ltr'>et</span> <span class='ocrx_word' id='word_1_317' title='bbox 1195 2800 1445 2857; x_wconf 87' lang='lat' dir='ltr'>coquum</span> <span class='ocrx_word' id='word_1_318' title='bbox 1477 2785 1808 2857; x_wconf 82' lang='lat' dir='ltr'>conducere</span> <span class='ocrx_word' id='word_1_319' title='bbox 1832 2784 2018 2839; x_wconf 90' lang='lat' dir='ltr'>solere</span> <span class='ocrx_word' id='word_1_320' title='bbox 2041 2785 2172 2838; x_wconf 88' lang='lat' dir='ltr'>dem</span> 
     </span>
    </p>
   </div>
   <div class='ocr_carea' id='block_1_46' title="bbox 535 2855 2171 2941">
    <p class='ocr_par' dir='ltr' id='par_1_46' title="bbox 535 2855 2171 2941">
     <span class='ocr_line' id='line_1_46' title="bbox 535 2855 2171 2941; baseline -0.003 -27"><span class='ocrx_word' id='word_1_321' title='bbox 535 2855 1042 2941; x_wconf 52' lang='lat' dir='ltr'>ccenam&#39;t&#39;aceret;</span> <span class='ocrx_word' id='word_1_322' title='bbox 1073 2858 1159 2911; x_wconf 94' lang='lat' dir='ltr'>vel</span> <span class='ocrx_word' id='word_1_323' title='bbox 1189 2856 1251 2911; x_wconf 90' lang='lat' dir='ltr'>in</span> <span class='ocrx_word' id='word_1_324' title='bbox 1299 2856 1498 2926; x_wconf 81' lang='lat' dir='ltr'>lingua</span> <span class='ocrx_word' id='word_1_325' title='bbox 1552 2855 1814 2911; x_wconf 88' lang='lat' dir='ltr'>advocati</span> <span class='ocrx_word' id='word_1_326' title='bbox 1863 2857 2171 2926; x_wconf 87' lang='lat' dir='ltr'>conducta,</span> 
     </span>
    </p>
   </div>
   <div class='ocr_carea' id='block_1_47' title="bbox 541 2946 710 3000">
    <p class='ocr_par' dir='ltr' id='par_1_47' title="bbox 541 2946 710 3000">
     <span class='ocr_line' id='line_1_47' title="bbox 541 2946 710 3000; baseline -0.006 -15"><span class='ocrx_word' id='word_1_327' title='bbox 541 2946 710 3000; x_wconf 76' lang='lat' dir='ltr'>cujus</span> 
     </span>
    </p>
   </div>
   <div class='ocr_carea' id='block_1_48' title="bbox 1620 3000 1840 3045">
    <p class='ocr_par' dir='ltr' id='par_1_48' title="bbox 1620 3000 1840 3045">
     <span class='ocr_line' id='line_1_48' title="bbox 1620 3000 1840 3045; baseline -0.005 0"><span class='ocrx_word' id='word_1_328' title='bbox 1620 3000 1840 3045; x_wconf 72' lang='lat' dir='ltr'>mmstos</span> 
     </span>
    </p>
   </div>
   <div class='ocr_carea' id='block_1_49' title="bbox 717 3059 1855 3111">
    <p class='ocr_par' dir='ltr' id='par_1_49' title="bbox 717 3059 1855 3111">
     <span class='ocr_line' id='line_1_49' title="bbox 717 3059 1855 3111; baseline -0.001 -1"><span class='ocrx_word' id='word_1_329' title='bbox 717 3059 1009 3111; x_wconf 88' lang='lat' dir='ltr'>Defensura</span> <span class='ocrx_word' id='word_1_330' title='bbox 1036 3073 1154 3109; x_wconf 89' lang='lat' dir='ltr'>reos</span> <span class='ocrx_word' id='word_1_331' title='bbox 1184 3073 1370 3109; x_wconf 87' lang='lat' dir='ltr'>vocem</span> <span class='ocrx_word' id='word_1_332' title='bbox 1401 3059 1652 3109; x_wconf 80' lang='lat' dir='ltr'>facundia</span> <span class='ocrx_word' id='word_1_333' title='bbox 1680 3060 1855 3109; x_wconf 84' lang='lat' dir='ltr'>mittit.</span> 
     </span>
    </p>
   </div>
   <div class='ocr_carea' id='block_1_50' title="bbox 534 3174 2248 3258">
    <p class='ocr_par' dir='ltr' id='par_1_50' title="bbox 534 3174 2248 3258">
     <span class='ocr_line' id='line_1_50' title="bbox 534 3174 2248 3258; baseline -0.001 -27"><span class='ocrx_word' id='word_1_334' title='bbox 534 3181 596 3258; x_wconf 67' lang='lat' dir='ltr'>ut</span> <span class='ocrx_word' id='word_1_335' title='bbox 623 3177 697 3258; x_wconf 77' lang='lat' dir='ltr'>de</span> <span class='ocrx_word' id='word_1_336' title='bbox 730 3176 1172 3258; x_wconf 85' lang='lat' dir='ltr'>Pisone_auctor</span> <span class='ocrx_word' id='word_1_337' title='bbox 1201 3174 1527 3258; x_wconf 74' lang='lat' dir='ltr'>panegyrici</span> <span class='ocrx_word' id='word_1_338' title='bbox 1589 3176 1668 3258; x_wconf 41' lang='lat' dir='ltr'>ad.</span> <span class='ocrx_word' id='word_1_339' title='bbox 1711 3191 1868 3258; x_wconf 81' lang='lat' dir='ltr'>eum,</span> <span class='ocrx_word' id='word_1_340' title='bbox 1918 3175 2017 3246; x_wconf 92' lang='lat' dir='ltr'>qui</span> <span class='ocrx_word' id='word_1_341' title='bbox 2051 3191 2174 3256; x_wconf 26' lang='lat' dir='ltr'>“nec</span> <span class='ocrx_word' id='word_1_342' title='bbox 2205 3191 2248 3258; x_wconf 68' lang='grc' dir='ltr'><strong>ρ</strong></span> 
     </span>
    </p>
   </div>
   <div class='ocr_carea' id='block_1_51' title="bbox 533 3247 2173 3318">
    <p class='ocr_par' dir='ltr' id='par_1_51' title="bbox 533 3247 2173 3318">
     <span class='ocr_line' id='line_1_51' title="bbox 533 3247 2173 3318; baseline -0.001 -15"><span class='ocrx_word' id='word_1_343' title='bbox 533 3249 774 3303; x_wconf 89' lang='lat' dir='ltr'>Ovidius</span> <span class='ocrx_word' id='word_1_344' title='bbox 806 3265 910 3303; x_wconf 91' lang='lat' dir='ltr'>nec</span> <span class='ocrx_word' id='word_1_345' title='bbox 933 3253 1221 3316; x_wconf 82' lang='lat' dir='ltr'>Lucanus,</span> <span class='ocrx_word' id='word_1_346' title='bbox 1255 3250 1355 3302; x_wconf 88' lang='lat' dir='ltr'>sed</span> <span class='ocrx_word' id='word_1_347' title='bbox 1389 3247 1541 3302; x_wconf 89' lang='lat' dir='ltr'>alius</span> <span class='ocrx_word' id='word_1_348' title='bbox 1573 3247 1864 3318; x_wconf 89' lang='lat' dir='ltr'>quispiam</span> <span class='ocrx_word' id='word_1_349' title='bbox 1901 3265 2012 3302; x_wconf 91' lang='lat' dir='ltr'>non</span> <span class='ocrx_word' id='word_1_350' title='bbox 2047 3247 2173 3301; x_wconf 87' lang='lat' dir='ltr'>ine-</span> 
     </span>
    </p>
   </div>
   <div class='ocr_carea' id='block_1_52' title="bbox 545 3318 2180 3392">
    <p class='ocr_par' dir='ltr' id='par_1_52' title="bbox 545 3318 2180 3392">
     <span class='ocr_line' id='line_1_52' title="bbox 545 3318 2180 3392; baseline -0.001 -18"><span class='ocrx_word' id='word_1_351' title='bbox 545 3327 676 3392; x_wconf 89' lang='lat' dir='ltr'>ptus</span> <span class='ocrx_word' id='word_1_352' title='bbox 704 3326 892 3391; x_wconf 85' lang='lat' dir='ltr'>poeta,</span> <span class='ocrx_word' id='word_1_353' title='bbox 929 3325 992 3374; x_wconf 89' lang='lat' dir='ltr'>ut</span> <span class='ocrx_word' id='word_1_354' title='bbox 1021 3318 1165 3373; x_wconf 88' lang='lat' dir='ltr'>alias</span> <span class='ocrx_word' id='word_1_355' title='bbox 1196 3321 1534 3392; x_wconf 87' lang='lat' dir='ltr'>ostendam;</span> <span class='ocrx_word' id='word_1_356' title='bbox 1561 3318 1644 3373; x_wconf 87' lang='lat' dir='ltr'>vel</span> <span class='ocrx_word' id='word_1_357' title='bbox 1675 3320 1941 3392; x_wconf 86' lang='lat' dir='ltr'>denique</span> <span class='ocrx_word' id='word_1_358' title='bbox 1997 3320 2052 3372; x_wconf 89' lang='lat' dir='ltr'>in</span> <span class='ocrx_word' id='word_1_359' title='bbox 2087 3319 2180 3392; x_wconf 74' lang='lat' dir='ltr'>ad-</span> 
     </span>
    </p>
   </div>
   <div class='ocr_carea' id='block_1_53' title="bbox 536 3389 2178 3461">
    <p class='ocr_par' dir='ltr' id='par_1_53' title="bbox 536 3389 2178 3461">
     <span class='ocr_line' id='line_1_53' title="bbox 536 3389 2178 3461; baseline -0.002 -15"><span class='ocrx_word' id='word_1_360' title='bbox 536 3389 844 3459; x_wconf 58' lang='lat' dir='ltr'>iiocatione,</span> <span class='ocrx_word' id='word_1_361' title='bbox 884 3407 1068 3461; x_wconf 89' lang='lat' dir='ltr'>quum</span> <span class='ocrx_word' id='word_1_362' title='bbox 1099 3391 1414 3445; x_wconf 89' lang='lat' dir='ltr'>instruitur</span> <span class='ocrx_word' id='word_1_363' title='bbox 1444 3407 1578 3445; x_wconf 83' lang='lat' dir='ltr'>reus</span> <span class='ocrx_word' id='word_1_364' title='bbox 1605 3391 1984 3460; x_wconf 77' lang='lat' dir='ltr'>argumentis,</span> <span class='ocrx_word' id='word_1_365' title='bbox 2044 3389 2178 3460; x_wconf 89' lang='lat' dir='ltr'>qui-</span> 
     </span>
    </p>
   </div>
   <div class='ocr_carea' id='block_1_54' title="bbox 534 3461 2178 3517">
    <p class='ocr_par' dir='ltr' id='par_1_54' title="bbox 534 3461 2178 3517">
     <span class='ocr_line' id='line_1_54' title="bbox 534 3461 2178 3517; baseline 0.001 -1"><span class='ocrx_word' id='word_1_366' title='bbox 534 3465 648 3516; x_wconf 88' lang='lat' dir='ltr'>bus</span> <span class='ocrx_word' id='word_1_367' title='bbox 707 3479 945 3516; x_wconf 87' lang='lat' dir='ltr'>causam</span> <span class='ocrx_word' id='word_1_368' title='bbox 1003 3479 1167 3515; x_wconf 88' lang='lat' dir='ltr'>suam</span> <span class='ocrx_word' id='word_1_369' title='bbox 1228 3463 1519 3517; x_wconf 78' lang='lat' dir='ltr'>defendat.</span> <span class='ocrx_word' id='word_1_370' title='bbox 1581 3461 1734 3517; x_wconf 85' lang='lat' dir='ltr'>Talis</span> <span class='ocrx_word' id='word_1_371' title='bbox 1786 3461 2178 3517; x_wconf 86' lang='lat' dir='ltr'>mercenarius</span> 
     </span>
    </p>
   </div>
   <div class='ocr_carea' id='block_1_55' title="bbox 533 3533 2178 3604">
    <p class='ocr_par' dir='ltr' id='par_1_55' title="bbox 533 3533 2178 3604">
     <span class='ocr_line' id='line_1_55' title="bbox 533 3533 2178 3604; baseline -0.001 -16"><span class='ocrx_word' id='word_1_372' title='bbox 533 3534 855 3599; x_wconf 81' lang='lat' dir='ltr'>Tertullus,</span> <span class='ocrx_word' id='word_1_373' title='bbox 913 3538 1023 3587; x_wconf 86' lang='lat' dir='ltr'>act.</span> <span class='ocrx_word' id='word_1_374' title='bbox 1083 3535 1174 3598; x_wconf 77' lang='grc'>24,</span> <span class='ocrx_word' id='word_1_375' title='bbox 1225 3535 1272 3599; x_wconf 90' lang='grc'><strong>1,</strong></span> <span class='ocrx_word' id='word_1_376' title='bbox 1303 3550 1437 3589; x_wconf 90' lang='lat' dir='ltr'>cum</span> <span class='ocrx_word' id='word_1_377' title='bbox 1474 3533 1689 3588; x_wconf 89' lang='lat' dir='ltr'>Paulus</span> <span class='ocrx_word' id='word_1_378' title='bbox 1720 3535 1954 3604; x_wconf 90' lang='lat' dir='ltr'>proprio</span> <span class='ocrx_word' id='word_1_379' title='bbox 1986 3549 2083 3588; x_wconf 91' lang='lat' dir='ltr'>ore</span> <span class='ocrx_word' id='word_1_380' title='bbox 2115 3549 2178 3587; x_wconf 91' lang='lat' dir='ltr'>se</span> 
     </span>
    </p>
   </div>
   <div class='ocr_carea' id='block_1_56' title="bbox 535 3604 1067 3660">
    <p class='ocr_par' dir='ltr' id='par_1_56' title="bbox 535 3604 1067 3660">
     <span class='ocr_line' id='line_1_56' title="bbox 535 3604 1067 3660; baseline -0.006 0"><span class='ocrx_word' id='word_1_381' title='bbox 535 3607 892 3660; x_wconf 81' lang='lat' dir='ltr'>defenderet.</span> <span class='ocrx_word' id='word_1_382' title='bbox 929 3604 1067 3657; x_wconf 65' lang='lat' dir='ltr'>Hav.</span> 
     </span>
    </p>
   </div>
   <div class='ocr_carea' id='block_1_57' title="bbox 604 3673 2176 3749">
    <p class='ocr_par' dir='ltr' id='par_1_57' title="bbox 604 3673 2176 3749">
     <span class='ocr_line' id='line_1_57' title="bbox 604 3673 2176 3749; baseline -0.001 -18"><span class='ocrx_word' id='word_1_383' title='bbox 604 3675 1141 3749; x_wconf 83' lang='lat' dir='ltr'>(33)Repondendi,</span> <span class='ocrx_word' id='word_1_384' title='bbox 1182 3673 1486 3749; x_wconf 55' lang='lat' dir='ltr'>altercandi</span> <span class='ocrx_word' id='word_1_385' title='bbox 1511 3717 1527 3749; x_wconf 94' lang='lat'>._</span> <span class='ocrx_word' id='word_1_386' title='bbox 1574 3675 1734 3739; x_wconf 89' lang='lat' dir='ltr'>Quod</span> <span class='ocrx_word' id='word_1_387' title='bbox 1784 3691 2016 3747; x_wconf 90' lang='lat' dir='ltr'>semper</span> <span class='ocrx_word' id='word_1_388' title='bbox 2059 3675 2176 3730; x_wconf 85' lang='lat' dir='ltr'>fere</span> 
     </span>
    </p>
   </div>
   <div class='ocr_carea' id='block_1_58' title="bbox 534 3747 2175 3818">
    <p class='ocr_par' dir='ltr' id='par_1_58' title="bbox 534 3747 2175 3818">
     <span class='ocr_line' id='line_1_58' title="bbox 534 3747 2175 3818; baseline 0 -17"><span class='ocrx_word' id='word_1_389' title='bbox 534 3747 592 3801; x_wconf 92' lang='lat' dir='ltr'>in</span> <span class='ocrx_word' id='word_1_390' title='bbox 614 3747 860 3818; x_wconf 38' lang='lat' dir='ltr'>‘judiciis</span> <span class='ocrx_word' id='word_1_391' title='bbox 892 3748 1280 3802; x_wconf 82' lang='lat' dir='ltr'>Romanorum</span> <span class='ocrx_word' id='word_1_392' title='bbox 1316 3747 1640 3812; x_wconf 84' lang='lat' dir='ltr'>obtinebat,</span> <span class='ocrx_word' id='word_1_393' title='bbox 1673 3752 1913 3816; x_wconf 81' lang='lat' dir='ltr'>eratque</span> <span class='ocrx_word' id='word_1_394' title='bbox 1943 3749 2030 3818; x_wconf 92' lang='lat' dir='ltr'>[ut</span> <span class='ocrx_word' id='word_1_395' title='bbox 2081 3763 2175 3801; x_wconf 90' lang='lat' dir='ltr'>ve-</span> 
     </span>
    </p>
   </div>
   <div class='ocr_carea' id='block_1_59' title="bbox 539 3817 2175 3889">
    <p class='ocr_par' dir='ltr' id='par_1_59' title="bbox 539 3817 2175 3889">
     <span class='ocr_line' id='line_1_59' title="bbox 539 3817 2175 3889; baseline 0 -17"><span class='ocrx_word' id='word_1_396' title='bbox 539 3829 688 3874; x_wconf 84' lang='lat' dir='ltr'>teres</span> <span class='ocrx_word' id='word_1_397' title='bbox 738 3819 1046 3889; x_wconf 82' lang='lat' dir='ltr'>testantur]</span> <span class='ocrx_word' id='word_1_398' title='bbox 1098 3819 1155 3873; x_wconf 91' lang='lat' dir='ltr'>in</span> <span class='ocrx_word' id='word_1_399' title='bbox 1207 3819 1338 3873; x_wconf 89' lang='lat' dir='ltr'>istis</span> <span class='ocrx_word' id='word_1_400' title='bbox 1380 3819 1854 3874; x_wconf 87' lang='lat' dir='ltr'>altercationibus</span> <span class='ocrx_word' id='word_1_401' title='bbox 1888 3817 2175 3874; x_wconf 83' lang='lat' dir='ltr'>merdacis</span> 
     </span>
    </p>
   </div>
   <div class='ocr_carea' id='block_1_60' title="bbox 532 3889 2175 3962">
    <p class='ocr_par' dir='ltr' id='par_1_60' title="bbox 532 3889 2175 3962">
     <span class='ocr_line' id='line_1_60' title="bbox 532 3889 2175 3962; baseline 0 -18"><span class='ocrx_word' id='word_1_402' title='bbox 532 3893 648 3960; x_wconf 87' lang='lat' dir='ltr'>joci</span> <span class='ocrx_word' id='word_1_403' title='bbox 685 3892 868 3945; x_wconf 86' lang='lat' dir='ltr'>mirus</span> <span class='ocrx_word' id='word_1_404' title='bbox 900 3893 1103 3944; x_wconf 77' lang='lat' dir='ltr'>artifex</span> <span class='ocrx_word' id='word_1_405' title='bbox 1153 3891 1380 3945; x_wconf 88' lang='lat' dir='ltr'>Tullius</span> <span class='ocrx_word' id='word_1_406' title='bbox 1436 3892 1650 3944; x_wconf 89' lang='lat' dir='ltr'>Cicero.</span> <span class='ocrx_word' id='word_1_407' title='bbox 1709 3890 1995 3962; x_wconf 89' lang='lat' dir='ltr'>Apuleius</span> <span class='ocrx_word' id='word_1_408' title='bbox 2048 3889 2175 3962; x_wconf 75' lang='lat' dir='ltr'>haec</span> 
     </span>
    </p>
   </div>
   <div class='ocr_carea' id='block_1_61' title="bbox 538 3961 2175 4034">
    <p class='ocr_par' dir='ltr' id='par_1_61' title="bbox 538 3961 2175 4034">
     <span class='ocr_line' id='line_1_61' title="bbox 538 3961 2175 4034; baseline 0.001 -18"><span class='ocrx_word' id='word_1_409' title='bbox 538 3979 773 4034; x_wconf 91' lang='lat' dir='ltr'>quoque</span> <span class='ocrx_word' id='word_1_410' title='bbox 814 3964 895 4017; x_wconf 88' lang='lat' dir='ltr'>ita</span> <span class='ocrx_word' id='word_1_411' title='bbox 924 3963 1227 4032; x_wconf 83' lang='lat' dir='ltr'>conjunxit</span> <span class='ocrx_word' id='word_1_412' title='bbox 1258 3962 1426 4034; x_wconf 7' lang='lat' dir='ltr'>lib.ex</span> <span class='ocrx_word' id='word_1_413' title='bbox 1454 3962 1622 4016; x_wconf 75' lang='grc' dir='ltr'>Λιινεὶ</span> <span class='ocrx_word' id='word_1_414' title='bbox 1650 3963 1856 4034; x_wconf 75' lang='lat' dir='ltr'>Asini;</span> <span class='ocrx_word' id='word_1_415' title='bbox 1889 3984 1917 4011; x_wconf 91' lang='grc'><em>‹‹</em></span> <span class='ocrx_word' id='word_1_416' title='bbox 1951 3961 2175 4028; x_wconf 89' lang='lat' dir='ltr'>Quibus</span> 
     </span>
    </p>
   </div>
   <div class='ocr_carea' id='block_1_62' title="bbox 542 4032 2174 4104">
    <p class='ocr_par' dir='ltr' id='par_1_62' title="bbox 542 4032 2174 4104">
     <span class='ocr_line' id='line_1_62' title="bbox 542 4032 2174 4104; baseline 0 -16"><span class='ocrx_word' id='word_1_417' title='bbox 542 4032 736 4089; x_wconf 81' lang='lat' dir='ltr'>autem</span> <span class='ocrx_word' id='word_1_418' title='bbox 789 4034 981 4089; x_wconf 91' lang='lat' dir='ltr'>verbis</span> <span class='ocrx_word' id='word_1_419' title='bbox 1038 4038 1308 4088; x_wconf 90' lang='lat' dir='ltr'>acusator</span> <span class='ocrx_word' id='word_1_420' title='bbox 1364 4032 1671 4101; x_wconf 88' lang='lat' dir='ltr'>invenerit,</span> <span class='ocrx_word' id='word_1_421' title='bbox 1729 4033 1944 4104; x_wconf 89' lang='lat' dir='ltr'>quibus</span> <span class='ocrx_word' id='word_1_422' title='bbox 2000 4033 2174 4088; x_wconf 91' lang='lat' dir='ltr'>rebus</span> 
     </span>
    </p>
   </div>
   <div class='ocr_carea' id='block_1_63' title="bbox 539 4105 2174 4175">
    <p class='ocr_par' dir='ltr' id='par_1_63' title="bbox 539 4105 2174 4175">
     <span class='ocr_line' id='line_1_63' title="bbox 539 4105 2174 4175; baseline -0.001 -15"><span class='ocrx_word' id='word_1_423' title='bbox 539 4106 780 4160; x_wconf 86' lang='lat' dir='ltr'>diluerit</span> <span class='ocrx_word' id='word_1_424' title='bbox 831 4121 987 4170; x_wconf 89' lang='lat' dir='ltr'>reus,</span> <span class='ocrx_word' id='word_1_425' title='bbox 1045 4121 1111 4160; x_wconf 87' lang='lat' dir='ltr'>ac</span> <span class='ocrx_word' id='word_1_426' title='bbox 1156 4121 1396 4175; x_wconf 89' lang='lat' dir='ltr'>prorsus</span> <span class='ocrx_word' id='word_1_427' title='bbox 1425 4105 1718 4160; x_wconf 87' lang='lat' dir='ltr'>orationes</span> <span class='ocrx_word' id='word_1_428' title='bbox 1743 4105 2174 4160; x_wconf 87' lang='lat' dir='ltr'>altercationes-</span> 
     </span>
    </p>
   </div>
   <div class='ocr_carea' id='block_1_64' title="bbox 539 4175 2174 4258">
    <p class='ocr_par' dir='ltr' id='par_1_64' title="bbox 539 4175 2174 4258">
     <span class='ocr_line' id='line_1_64' title="bbox 539 4175 2174 4258; baseline 0 -26"><span class='ocrx_word' id='word_1_429' title='bbox 539 4194 668 4248; x_wconf 85' lang='lat' dir='ltr'>que,</span> <span class='ocrx_word' id='word_1_430' title='bbox 702 4193 891 4258; x_wconf 76' lang='lat' dir='ltr'>neque</span> <span class='ocrx_word' id='word_1_431' title='bbox 923 4179 1134 4232; x_wconf 84' lang='lat' dir='ltr'>absens</span> <span class='ocrx_word' id='word_1_432' title='bbox 1172 4178 1296 4258; x_wconf 87' lang='lat' dir='ltr'>ipse</span> <span class='ocrx_word' id='word_1_433' title='bbox 1355 4177 1511 4258; x_wconf 79' lang='lat' dir='ltr'>aqud</span> <span class='ocrx_word' id='word_1_434' title='bbox 1569 4177 1946 4248; x_wconf 83' lang='lat' dir='ltr'>praesceplum</span> <span class='ocrx_word' id='word_1_435' title='bbox 1976 4175 2174 4257; x_wconf 35' lang='lat' dir='ltr'>.scire,</span> 
     </span>
    </p>
   </div>
   <div class='ocr_carea' id='block_1_65' title="bbox 543 4248 2173 4321">
    <p class='ocr_par' dir='ltr' id='par_1_65' title="bbox 543 4248 2173 4321">
     <span class='ocr_line' id='line_1_65' title="bbox 543 4248 2173 4321; baseline -0.003 -19"><span class='ocrx_word' id='word_1_436' title='bbox 543 4265 731 4321; x_wconf 90' lang='lat' dir='ltr'>neque</span> <span class='ocrx_word' id='word_1_437' title='bbox 773 4249 844 4303; x_wconf 86' lang='lat' dir='ltr'>ad</span> <span class='ocrx_word' id='word_1_438' title='bbox 895 4265 1169 4321; x_wconf 68' lang='lat' dir='ltr'>vos,_quae</span> <span class='ocrx_word' id='word_1_439' title='bbox 1200 4248 1477 4321; x_wconf 77' lang='lat' dir='ltr'>ignoravi,</span> <span class='ocrx_word' id='word_1_440' title='bbox 1513 4264 1753 4321; x_wconf 83' lang='lat' dir='ltr'>possum</span> <span class='ocrx_word' id='word_1_441' title='bbox 1784 4249 2110 4321; x_wconf 85' lang='lat' dir='ltr'>enuntiare.</span> <span class='ocrx_word' id='word_1_442' title='bbox 2146 4271 2173 4297; x_wconf 89' lang='grc'><strong>››</strong></span> 
     </span>
    </p>
   </div>
   <div class='ocr_carea' id='block_1_66' title="bbox 542 4318 2178 4390">
    <p class='ocr_par' dir='ltr' id='par_1_66' title="bbox 542 4318 2178 4390">
     <span class='ocr_line' id='line_1_66' title="bbox 542 4318 2178 4390; baseline 0 -16"><span class='ocrx_word' id='word_1_443' title='bbox 542 4318 718 4376; x_wconf 85' lang='lat' dir='ltr'>Nemo</span> <span class='ocrx_word' id='word_1_444' title='bbox 749 4336 882 4375; x_wconf 80' lang='lat' dir='ltr'>vero</span> <span class='ocrx_word' id='word_1_445' title='bbox 915 4318 1124 4375; x_wconf 87' lang='lat' dir='ltr'>melius</span> <span class='ocrx_word' id='word_1_446' title='bbox 1154 4318 1432 4375; x_wconf 82' lang='lat' dir='ltr'>describit</span> <span class='ocrx_word' id='word_1_447' title='bbox 1477 4336 1654 4390; x_wconf 87' lang='lat' dir='ltr'>quam</span> <span class='ocrx_word' id='word_1_448' title='bbox 1701 4319 1826 4390; x_wconf 87' lang='lat' dir='ltr'>ipse</span> <span class='ocrx_word' id='word_1_449' title='bbox 1874 4319 2178 4383; x_wconf 89' lang='lat' dir='ltr'>Quintilia-</span> 
     </span>
    </p>
   </div>
   <div class='ocr_carea' id='block_1_67' title="bbox 539 4392 2172 4463">
    <p class='ocr_par' dir='ltr' id='par_1_67' title="bbox 539 4392 2172 4463">
     <span class='ocr_line' id='line_1_67' title="bbox 539 4392 2172 4463; baseline -0.001 -17"><span class='ocrx_word' id='word_1_450' title='bbox 539 4409 673 4461; x_wconf 88' lang='lat' dir='ltr'>nus,</span> <span class='ocrx_word' id='word_1_451' title='bbox 707 4393 805 4463; x_wconf 89' lang='lat' dir='ltr'>qui</span> <span class='ocrx_word' id='word_1_452' title='bbox 837 4408 906 4447; x_wconf 78' lang='lat' dir='ltr'><strong>ex</strong></span> <span class='ocrx_word' id='word_1_453' title='bbox 938 4393 1196 4463; x_wconf 85' lang='lat' dir='ltr'>professo</span> <span class='ocrx_word' id='word_1_454' title='bbox 1226 4393 1298 4446; x_wconf 93' lang='lat' dir='ltr'>de</span> <span class='ocrx_word' id='word_1_455' title='bbox 1328 4392 1432 4445; x_wconf 90' lang='lat' dir='ltr'>hac</span> <span class='ocrx_word' id='word_1_456' title='bbox 1463 4397 1587 4463; x_wconf 86' lang='lat' dir='ltr'>arte</span> <span class='ocrx_word' id='word_1_457' title='bbox 1618 4392 1754 4460; x_wconf 86' lang='lat' dir='ltr'>agit,</span> <span class='ocrx_word' id='word_1_458' title='bbox 1789 4393 1915 4447; x_wconf 77' lang='lat' dir='ltr'>Inst.</span> <span class='ocrx_word' id='word_1_459' title='bbox 1948 4399 2086 4447; x_wconf 77' lang='lat' dir='ltr'>orat.</span> <span class='ocrx_word' id='word_1_460' title='bbox 2117 4392 2172 4460; x_wconf 88' lang='lat'>6,</span> 
     </span>
    </p>
   </div>
   <div class='ocr_carea' id='block_1_68' title="bbox 540 4462 2173 4534">
    <p class='ocr_par' dir='ltr' id='par_1_68' title="bbox 540 4462 2173 4534">
     <span class='ocr_line' id='line_1_68' title="bbox 540 4462 2173 4534; baseline -0.001 -16"><span class='ocrx_word' id='word_1_461' title='bbox 540 4465 576 4518; x_wconf 88' lang='lat'>5</span> <span class='ocrx_word' id='word_1_462' title='bbox 610 4482 622 4520; x_wconf 92' lang='lat'>:</span> <span class='ocrx_word' id='word_1_463' title='bbox 657 4487 684 4513; x_wconf 91' lang='grc'>‹‹</span> <span class='ocrx_word' id='word_1_464' title='bbox 721 4462 914 4534; x_wconf 90' lang='lat' dir='ltr'>Neque</span> <span class='ocrx_word' id='word_1_465' title='bbox 945 4464 1060 4518; x_wconf 90' lang='lat' dir='ltr'>alia</span> <span class='ocrx_word' id='word_1_466' title='bbox 1092 4465 1368 4519; x_wconf 89' lang='lat' dir='ltr'>dicuntur</span> <span class='ocrx_word' id='word_1_467' title='bbox 1398 4463 1458 4534; x_wconf 89' lang='lat' dir='ltr'>in</span> <span class='ocrx_word' id='word_1_468' title='bbox 1489 4462 1882 4518; x_wconf 87' lang='lat' dir='ltr'>altercatione.</span> <span class='ocrx_word' id='word_1_469' title='bbox 1915 4484 1941 4512; x_wconf 88' lang='lat'>»</span> <span class='ocrx_word' id='word_1_470' title='bbox 1995 4479 2173 4534; x_wconf 88' lang='lat' dir='ltr'>quam</span> 
     </span>
    </p>
   </div>
   <div class='ocr_carea' id='block_1_69' title="bbox 540 4533 2176 4607">
    <p class='ocr_par' dir='ltr' id='par_1_69' title="bbox 540 4533 2176 4607">
     <span class='ocr_line' id='line_1_69' title="bbox 540 4533 2176 4607; baseline 0 -17"><span class='ocrx_word' id='word_1_471' title='bbox 540 4551 623 4590; x_wconf 84' lang='lat' dir='ltr'>sc.</span> <span class='ocrx_word' id='word_1_472' title='bbox 659 4536 716 4590; x_wconf 92' lang='lat' dir='ltr'>in</span> <span class='ocrx_word' id='word_1_473' title='bbox 748 4533 1006 4590; x_wconf 89' lang='lat' dir='ltr'>oratione</span> <span class='ocrx_word' id='word_1_474' title='bbox 1036 4536 1178 4606; x_wconf 86' lang='lat' dir='ltr'>ipsa,</span> <span class='ocrx_word' id='word_1_475' title='bbox 1215 4559 1234 4585; x_wconf 77' lang='grc' dir='ltr'>α</span> <span class='ocrx_word' id='word_1_476' title='bbox 1270 4535 1369 4591; x_wconf 90' lang='lat' dir='ltr'>sed</span> <span class='ocrx_word' id='word_1_477' title='bbox 1403 4533 1565 4602; x_wconf 89' lang='lat' dir='ltr'>alter,</span> <span class='ocrx_word' id='word_1_478' title='bbox 1619 4539 1719 4590; x_wconf 88' lang='lat' dir='ltr'>aut</span> <span class='ocrx_word' id='word_1_479' title='bbox 1763 4533 2176 4607; x_wconf 77' lang='lat' dir='ltr'>interrogando</span> 
     </span>
    </p>
   </div>
   <div class='ocr_carea' id='block_1_70' title="bbox 538 4605 2174 4678">
    <p class='ocr_par' dir='ltr' id='par_1_70' title="bbox 538 4605 2174 4678">
     <span class='ocr_line' id='line_1_70' title="bbox 538 4605 2174 4678; baseline 0.001 -17"><span class='ocrx_word' id='word_1_480' title='bbox 538 4609 639 4662; x_wconf 90' lang='lat' dir='ltr'>aut</span> <span class='ocrx_word' id='word_1_481' title='bbox 690 4605 1119 4678; x_wconf 88' lang='lat' dir='ltr'>respondendo.</span> <span class='ocrx_word' id='word_1_482' title='bbox 1183 4629 1210 4655; x_wconf 84' lang='lat'><strong>»</strong></span> <span class='ocrx_word' id='word_1_483' title='bbox 1271 4611 1338 4661; x_wconf 87' lang='lat' dir='ltr'>Et</span> <span class='ocrx_word' id='word_1_484' title='bbox 1395 4607 1565 4677; x_wconf 90' lang='lat' dir='ltr'>paulo</span> <span class='ocrx_word' id='word_1_485' title='bbox 1619 4610 1794 4678; x_wconf 87' lang='lat' dir='ltr'>post:</span> <span class='ocrx_word' id='word_1_486' title='bbox 1833 4629 1854 4655; x_wconf 71' lang='grc' dir='ltr'><strong>ε</strong></span> <span class='ocrx_word' id='word_1_487' title='bbox 1887 4605 2069 4678; x_wconf 52' lang='lat' dir='ltr'>Ita—in</span> <span class='ocrx_word' id='word_1_488' title='bbox 2102 4606 2174 4662; x_wconf 92' lang='lat' dir='ltr'>iis</span> 
     </span>
    </p>
   </div>
   <div class='ocr_carea' id='block_1_71' title="bbox 538 4675 2173 4749">
    <p class='ocr_par' dir='ltr' id='par_1_71' title="bbox 538 4675 2173 4749">
     <span class='ocr_line' id='line_1_71' title="bbox 538 4675 2173 4749; baseline -0.001 -16"><span class='ocrx_word' id='word_1_489' title='bbox 538 4677 734 4733; x_wconf 90' lang='lat' dir='ltr'>causis</span> <span class='ocrx_word' id='word_1_490' title='bbox 765 4675 916 4749; x_wconf 70' lang='lat' dir='ltr'>[quas</span> <span class='ocrx_word' id='word_1_491' title='bbox 947 4684 1086 4733; x_wconf 91' lang='lat' dir='ltr'>sunt</span> <span class='ocrx_word' id='word_1_492' title='bbox 1138 4675 1650 4749; x_wconf 65' lang='lat' dir='ltr'>frequentissimae]</span> <span class='ocrx_word' id='word_1_493' title='bbox 1705 4695 1832 4748; x_wconf 67' lang='lat' dir='ltr'>qua:</span> <span class='ocrx_word' id='word_1_494' title='bbox 1883 4675 1975 4732; x_wconf 90' lang='lat' dir='ltr'>vel</span> <span class='ocrx_word' id='word_1_495' title='bbox 2032 4677 2173 4733; x_wconf 91' lang='lat' dir='ltr'>solis</span> 
     </span>
    </p>
   </div>
   <div class='ocr_carea' id='block_1_72' title="bbox 536 4748 2171 4821">
    <p class='ocr_par' dir='ltr' id='par_1_72' title="bbox 536 4748 2171 4821">
     <span class='ocr_line' id='line_1_72' title="bbox 536 4748 2171 4821; baseline -0.001 -17"><span class='ocrx_word' id='word_1_496' title='bbox 536 4754 700 4804; x_wconf 86' lang='lat' dir='ltr'>extra</span> <span class='ocrx_word' id='word_1_497' title='bbox 725 4748 909 4821; x_wconf 84' lang='lat' dir='ltr'>artem</span> <span class='ocrx_word' id='word_1_498' title='bbox 941 4751 1416 4821; x_wconf 58' lang='lat' dir='ltr'>probationibus,</span> <span class='ocrx_word' id='word_1_499' title='bbox 1438 4748 1525 4804; x_wconf 91' lang='lat' dir='ltr'>vel</span> <span class='ocrx_word' id='word_1_500' title='bbox 1558 4748 1749 4805; x_wconf 32' lang='lat' dir='ltr'>mi’stis</span> <span class='ocrx_word' id='word_1_501' title='bbox 1779 4749 2171 4821; x_wconf 85' lang='lat' dir='ltr'>continentur,</span> 
     </span>
    </p>
   </div>
   <div class='ocr_carea' id='block_1_73' title="bbox 539 4819 2176 4893">
    <p class='ocr_par' dir='ltr' id='par_1_73' title="bbox 539 4819 2176 4893">
     <span class='ocr_line' id='line_1_73' title="bbox 539 4819 2176 4893; baseline 0 -17"><span class='ocrx_word' id='word_1_502' title='bbox 539 4820 863 4893; x_wconf 81' lang='lat' dir='ltr'>asperrima</span> <span class='ocrx_word' id='word_1_503' title='bbox 892 4819 956 4874; x_wconf 81' lang='lat' dir='ltr'>in</span> <span class='ocrx_word' id='word_1_504' title='bbox 986 4823 1092 4876; x_wconf 88' lang='lat' dir='ltr'>hac</span> <span class='ocrx_word' id='word_1_505' title='bbox 1152 4825 1312 4893; x_wconf 89' lang='lat' dir='ltr'>parte</span> <span class='ocrx_word' id='word_1_506' title='bbox 1365 4819 1662 4893; x_wconf 70' lang='lat' dir='ltr'>dimicatio</span> <span class='ocrx_word' id='word_1_507' title='bbox 1709 4825 1817 4890; x_wconf 88' lang='lat' dir='ltr'>est,</span> <span class='ocrx_word' id='word_1_508' title='bbox 1849 4836 1982 4893; x_wconf 17' lang='lat' dir='ltr'>inec</span> <span class='ocrx_word' id='word_1_509' title='bbox 2036 4820 2176 4876; x_wconf 90' lang='lat' dir='ltr'>alibi</span> 
     </span>
    </p>
   </div>
   <div class='ocr_carea' id='block_1_74' title="bbox 538 4891 2178 4962">
    <p class='ocr_par' dir='ltr' id='par_1_74' title="bbox 538 4891 2178 4962">
     <span class='ocr_line' id='line_1_74' title="bbox 538 4891 2178 4962; baseline 0.002 -15"><span class='ocrx_word' id='word_1_510' title='bbox 538 4891 754 4947; x_wconf 85' lang='lat' dir='ltr'>dixeris</span> <span class='ocrx_word' id='word_1_511' title='bbox 785 4893 970 4961; x_wconf 90' lang='lat' dir='ltr'>magis</span> <span class='ocrx_word' id='word_1_512' title='bbox 997 4891 1274 4948; x_wconf 79' lang='lat' dir='ltr'>mucrone</span> <span class='ocrx_word' id='word_1_513' title='bbox 1297 4893 1559 4962; x_wconf 79' lang='lat' dir='ltr'>pugnari.</span> <span class='ocrx_word' id='word_1_514' title='bbox 1591 4891 1734 4947; x_wconf 89' lang='lat' dir='ltr'>Nam</span> <span class='ocrx_word' id='word_1_515' title='bbox 1757 4896 1815 4948; x_wconf 88' lang='lat' dir='ltr'>et</span> <span class='ocrx_word' id='word_1_516' title='bbox 1836 4891 2178 4950; x_wconf 80' lang='lat' dir='ltr'>firmissima</span> 
     </span>
    </p>
   </div>
   <div class='ocr_carea' id='block_1_75' title="bbox 539 4963 2175 5036">
    <p class='ocr_par' dir='ltr' id='par_1_75' title="bbox 539 4963 2175 5036">
     <span class='ocr_line' id='line_1_75' title="bbox 539 4963 2175 5036; baseline 0.001 -18"><span class='ocrx_word' id='word_1_517' title='bbox 539 4980 786 5036; x_wconf 64' lang='lat' dir='ltr'>queque</span> <span class='ocrx_word' id='word_1_518' title='bbox 818 4964 1106 5020; x_wconf 71' lang='lat' dir='ltr'>memoriae</span> <span class='ocrx_word' id='word_1_519' title='bbox 1130 4963 1347 5034; x_wconf 87' lang='lat' dir='ltr'>judicis</span> <span class='ocrx_word' id='word_1_520' title='bbox 1377 4963 1724 5036; x_wconf 90' lang='lat' dir='ltr'>inculcanda</span> <span class='ocrx_word' id='word_1_521' title='bbox 1753 4968 1916 5030; x_wconf 89' lang='lat' dir='ltr'>sunt,</span> <span class='ocrx_word' id='word_1_522' title='bbox 1945 4968 2003 5020; x_wconf 84' lang='lat' dir='ltr'>et</span> <span class='ocrx_word' id='word_1_523' title='bbox 2032 4982 2175 5036; x_wconf 76' lang='lat' dir='ltr'>prte-</span> 
     </span>
    </p>
   </div>
   <div class='ocr_carea' id='block_1_76' title="bbox 537 5035 2180 5108">
    <p class='ocr_par' dir='ltr' id='par_1_76' title="bbox 537 5035 2180 5108">
     <span class='ocr_line' id='line_1_76' title="bbox 537 5035 2180 5108; baseline -0.001 -17"><span class='ocrx_word' id='word_1_524' title='bbox 537 5035 817 5091; x_wconf 82' lang='lat' dir='ltr'>standum</span> <span class='ocrx_word' id='word_1_525' title='bbox 849 5037 1134 5106; x_wconf 88' lang='lat' dir='ltr'>quidquid</span> <span class='ocrx_word' id='word_1_526' title='bbox 1155 5037 1211 5090; x_wconf 92' lang='lat' dir='ltr'>in</span> <span class='ocrx_word' id='word_1_527' title='bbox 1232 5036 1462 5090; x_wconf 89' lang='lat' dir='ltr'>actione</span> <span class='ocrx_word' id='word_1_528' title='bbox 1481 5035 1883 5108; x_wconf 89' lang='lat' dir='ltr'>promisimus,</span> <span class='ocrx_word' id='word_1_529' title='bbox 1905 5041 1972 5108; x_wconf 86' lang='lat' dir='ltr'>et</span> <span class='ocrx_word' id='word_1_530' title='bbox 2000 5035 2180 5107; x_wconf 85' lang='lat' dir='ltr'>repel-</span> 
     </span>
    </p>
   </div>
   <div class='ocr_carea' id='block_1_77' title="bbox 536 5107 2177 5180">
    <p class='ocr_par' dir='ltr' id='par_1_77' title="bbox 536 5107 2177 5180">
     <span class='ocr_line' id='line_1_77' title="bbox 536 5107 2177 5180; baseline 0.001 -17"><span class='ocrx_word' id='word_1_531' title='bbox 536 5108 710 5163; x_wconf 90' lang='lat' dir='ltr'>lenda</span> <span class='ocrx_word' id='word_1_532' title='bbox 744 5108 1065 5163; x_wconf 86' lang='lat' dir='ltr'>mendacia.</span> <span class='ocrx_word' id='word_1_533' title='bbox 1097 5113 1397 5180; x_wconf 87' lang='lat' dir='ltr'>Nusquam</span> <span class='ocrx_word' id='word_1_534' title='bbox 1425 5107 1513 5162; x_wconf 83' lang='lat' dir='ltr'>eet</span> <span class='ocrx_word' id='word_1_535' title='bbox 1531 5107 1793 5180; x_wconf 76' lang='lat' dir='ltr'>denique</span> <span class='ocrx_word' id='word_1_536' title='bbox 1821 5107 1919 5176; x_wconf 89' lang='lat' dir='ltr'>qui</span> <span class='ocrx_word' id='word_1_537' title='bbox 1962 5123 2177 5179; x_wconf 85' lang='lat' dir='ltr'>cogno-</span> 
     </span>
    </p>
   </div>
   <div class='ocr_carea' id='block_1_78' title="bbox 533 5179 2175 5251">
    <p class='ocr_par' dir='ltr' id='par_1_78' title="bbox 533 5179 2175 5251">
     <span class='ocr_line' id='line_1_78' title="bbox 533 5179 2175 5251; baseline 0 -16"><span class='ocrx_word' id='word_1_538' title='bbox 533 5181 645 5235; x_wconf 90' lang='lat' dir='ltr'>scit</span> <span class='ocrx_word' id='word_1_539' title='bbox 675 5180 969 5234; x_wconf 82' lang='lat' dir='ltr'>intentior.</span> <span class='ocrx_word' id='word_1_540' title='bbox 1002 5180 1116 5234; x_wconf 85' lang='lat' dir='ltr'>Nec</span> <span class='ocrx_word' id='word_1_541' title='bbox 1140 5179 1433 5235; x_wconf 90' lang='lat' dir='ltr'>immerito</span> <span class='ocrx_word' id='word_1_542' title='bbox 1459 5180 1721 5250; x_wconf 91' lang='lat' dir='ltr'>quidam,</span> <span class='ocrx_word' id='word_1_543' title='bbox 1745 5196 2085 5251; x_wconf 86' lang='lat' dir='ltr'>quanquam</span> <span class='ocrx_word' id='word_1_544' title='bbox 2116 5181 2175 5236; x_wconf 89' lang='lat' dir='ltr'>in</span> 
     </span>
    </p>
   </div>
   <div class='ocr_carea' id='block_1_79' title="bbox 533 5250 2176 5322">
    <p class='ocr_par' dir='ltr' id='par_1_79' title="bbox 533 5250 2176 5322">
     <span class='ocr_line' id='line_1_79' title="bbox 533 5250 2176 5322; baseline -0.001 -15"><span class='ocrx_word' id='word_1_545' title='bbox 533 5253 780 5307; x_wconf 86' lang='lat' dir='ltr'>dicendo</span> <span class='ocrx_word' id='word_1_546' title='bbox 815 5255 1154 5319; x_wconf 82' lang='lat' dir='ltr'>mediocres,</span> <span class='ocrx_word' id='word_1_547' title='bbox 1193 5252 1296 5305; x_wconf 85' lang='lat' dir='ltr'>hac</span> <span class='ocrx_word' id='word_1_548' title='bbox 1327 5257 1518 5304; x_wconf 81' lang='lat' dir='ltr'>tamen</span> <span class='ocrx_word' id='word_1_549' title='bbox 1551 5250 1862 5306; x_wconf 85' lang='lat' dir='ltr'>altercandi</span> <span class='ocrx_word' id='word_1_550' title='bbox 1898 5250 2176 5322; x_wconf 83' lang='lat' dir='ltr'>praestan-</span> 
     </span>
    </p>
   </div>
   <div class='ocr_carea' id='block_1_80' title="bbox 534 5323 2177 5394">
    <p class='ocr_par' dir='ltr' id='par_1_80' title="bbox 534 5323 2177 5394">
     <span class='ocr_line' id='line_1_80' title="bbox 534 5323 2177 5394; baseline 0.001 -16"><span class='ocrx_word' id='word_1_551' title='bbox 534 5323 616 5378; x_wconf 88' lang='lat' dir='ltr'>tia</span> <span class='ocrx_word' id='word_1_552' title='bbox 674 5329 1014 5379; x_wconf 86' lang='lat' dir='ltr'>meruerunt</span> <span class='ocrx_word' id='word_1_553' title='bbox 1056 5339 1265 5379; x_wconf 91' lang='lat' dir='ltr'>nomen</span> <span class='ocrx_word' id='word_1_554' title='bbox 1300 5329 1698 5393; x_wconf 90' lang='lat' dir='ltr'>patronorum.</span> <span class='ocrx_word' id='word_1_555' title='bbox 1735 5345 1762 5372; x_wconf 84' lang='lat'>»</span> <span class='ocrx_word' id='word_1_556' title='bbox 1793 5323 2177 5394; x_wconf 88' lang='lat' dir='ltr'>Ostenditque</span> 
     </span>
    </p>
   </div>
   <div class='ocr_carea' id='block_1_81' title="bbox 537 5394 2178 5467">
    <p class='ocr_par' dir='ltr' id='par_1_81' title="bbox 537 5394 2178 5467">
     <span class='ocr_line' id='line_1_81' title="bbox 537 5394 2178 5467; baseline 0.001 -17"><span class='ocrx_word' id='word_1_557' title='bbox 537 5395 754 5467; x_wconf 83' lang='lat' dir='ltr'>ibidem</span> <span class='ocrx_word' id='word_1_558' title='bbox 788 5413 899 5452; x_wconf 90' lang='lat' dir='ltr'>non</span> <span class='ocrx_word' id='word_1_559' title='bbox 934 5396 1206 5467; x_wconf 9' lang='lat' dir='ltr'>cujusvis,</span> <span class='ocrx_word' id='word_1_560' title='bbox 1225 5411 1374 5467; x_wconf 88' lang='lat' dir='ltr'>esse,</span> <span class='ocrx_word' id='word_1_561' title='bbox 1410 5394 1490 5448; x_wconf 92' lang='lat' dir='ltr'>ibi</span> <span class='ocrx_word' id='word_1_562' title='bbox 1522 5411 1536 5449; x_wconf 88' lang='lat'><strong>:</strong></span> <span class='ocrx_word' id='word_1_563' title='bbox 1575 5396 1796 5467; x_wconf 50' lang='lat' dir='ltr'>{Opus</span> <span class='ocrx_word' id='word_1_564' title='bbox 1853 5401 1941 5450; x_wconf 90' lang='lat' dir='ltr'>est</span> <span class='ocrx_word' id='word_1_565' title='bbox 1997 5395 2178 5467; x_wconf 86' lang='lat' dir='ltr'>igitur</span> 
     </span>
    </p>
   </div>
   <div class='ocr_carea' id='block_1_82' title="bbox 535 5465 2173 5542">
    <p class='ocr_par' dir='ltr' id='par_1_82' title="bbox 535 5465 2173 5542">
     <span class='ocr_line' id='line_1_82' title="bbox 535 5465 2173 5542; baseline 0.001 -21"><span class='ocrx_word' id='word_1_566' title='bbox 535 5465 595 5521; x_wconf 89' lang='lat' dir='ltr'>in</span> <span class='ocrx_word' id='word_1_567' title='bbox 629 5469 834 5542; x_wconf 86' lang='lat' dir='ltr'>primis</span> <span class='ocrx_word' id='word_1_568' title='bbox 866 5467 1098 5542; x_wconf 85' lang='lat' dir='ltr'>ingenio</span> <span class='ocrx_word' id='word_1_569' title='bbox 1130 5466 1308 5542; x_wconf 87' lang='lat' dir='ltr'>veloci</span> <span class='ocrx_word' id='word_1_570' title='bbox 1339 5483 1403 5542; x_wconf 80' lang='lat' dir='ltr'>ac</span> <span class='ocrx_word' id='word_1_571' title='bbox 1433 5466 1658 5542; x_wconf 74' lang='lat' dir='ltr'>mobili,</span> <span class='ocrx_word' id='word_1_572' title='bbox 1680 5465 2173 5542; x_wconf 72' lang='lat' dir='ltr'>animopraesenti</span> 
     </span>
    </p>
   </div>
   <div class='ocr_carea' id='block_1_83' title="bbox 538 5537 2179 5611">
    <p class='ocr_par' dir='ltr' id='par_1_83' title="bbox 538 5537 2179 5611">
     <span class='ocr_line' id='line_1_83' title="bbox 538 5537 2179 5611; baseline 0.001 -18"><span class='ocrx_word' id='word_1_573' title='bbox 538 5543 595 5611; x_wconf 79' lang='lat' dir='ltr'>et</span> <span class='ocrx_word' id='word_1_574' title='bbox 624 5537 761 5594; x_wconf 86' lang='lat' dir='ltr'>acri.</span> <span class='ocrx_word' id='word_1_575' title='bbox 793 5546 913 5595; x_wconf 85' lang='lat' dir='ltr'>Non</span> <span class='ocrx_word' id='word_1_576' title='bbox 934 5537 1103 5596; x_wconf 61' lang='lat' dir='ltr'>anim</span> <span class='ocrx_word' id='word_1_577' title='bbox 1129 5539 1528 5611; x_wconf 90' lang='lat' dir='ltr'>cogitandum,</span> <span class='ocrx_word' id='word_1_578' title='bbox 1562 5538 1663 5594; x_wconf 92' lang='lat' dir='ltr'>sed</span> <span class='ocrx_word' id='word_1_579' title='bbox 1696 5537 2006 5611; x_wconf 79' lang='lat' dir='ltr'>dicendum</span> <span class='ocrx_word' id='word_1_580' title='bbox 2065 5545 2179 5595; x_wconf 86' lang='lat' dir='ltr'>sta-</span> 
     </span>
    </p>
   </div>
   <div class='ocr_carea' id='block_1_84' title="bbox 537 5608 2177 5684">
    <p class='ocr_par' dir='ltr' id='par_1_84' title="bbox 537 5608 2177 5684">
     <span class='ocr_line' id='line_1_84' title="bbox 537 5608 2177 5684; baseline 0.004 -22"><span class='ocrx_word' id='word_1_581' title='bbox 537 5608 645 5684; x_wconf 85' lang='lat' dir='ltr'>tim</span> <span class='ocrx_word' id='word_1_582' title='bbox 677 5614 785 5684; x_wconf 88' lang='lat' dir='ltr'>est,</span> <span class='ocrx_word' id='word_1_583' title='bbox 815 5616 872 5667; x_wconf 91' lang='lat' dir='ltr'>et</span> <span class='ocrx_word' id='word_1_584' title='bbox 900 5608 1236 5684; x_wconf 13' lang='lat' dir='ltr'>propegsub</span> <span class='ocrx_word' id='word_1_585' title='bbox 1295 5608 1520 5684; x_wconf 19' lang='lat' dir='ltr'>conatu;</span> <span class='ocrx_word' id='word_1_586' title='bbox 1563 5610 1906 5684; x_wconf 82' lang='lat' dir='ltr'>adversarii,</span> <span class='ocrx_word' id='word_1_587' title='bbox 1965 5627 2177 5668; x_wconf 88' lang='lat' dir='ltr'>manus</span> 
     </span>
    </p>
   </div>
   <div class='ocr_carea' id='block_1_85' title="bbox 539 5680 2178 5754">
    <p class='ocr_par' dir='ltr' id='par_1_85' title="bbox 539 5680 2178 5754">
     <span class='ocr_line' id='line_1_85' title="bbox 539 5680 2178 5754; baseline 0.004 -20"><span class='ocrx_word' id='word_1_588' title='bbox 539 5680 835 5754; x_wconf 85' lang='lat' dir='ltr'>erigenda.</span> <span class='ocrx_word' id='word_1_589' title='bbox 874 5680 1270 5754; x_wconf 56' lang='lat' dir='ltr'>{Ro&#39;dolphus</span> <span class='ocrx_word' id='word_1_590' title='bbox 1292 5681 1576 5754; x_wconf 82' lang='lat' dir='ltr'>Agricola,</span> <span class='ocrx_word' id='word_1_591' title='bbox 1610 5683 1813 5754; x_wconf 86' lang='lat' dir='ltr'>omnis</span> <span class='ocrx_word' id='word_1_592' title='bbox 1830 5681 2178 5754; x_wconf 67' lang='lat' dir='ltr'>litteratura</span> 
     </span>
    </p>
   </div>
   <div class='ocr_carea' id='block_1_86' title="bbox 540 5752 2179 5825">
    <p class='ocr_par' dir='ltr' id='par_1_86' title="bbox 540 5752 2179 5825">
     <span class='ocr_line' id='line_1_86' title="bbox 540 5752 2179 5825; baseline 0.002 -18"><span class='ocrx_word' id='word_1_593' title='bbox 540 5752 842 5809; x_wconf 75' lang='lat' dir='ltr'>saecularis</span> <span class='ocrx_word' id='word_1_594' title='bbox 872 5752 1178 5810; x_wconf 82' lang='lat' dir='ltr'>accuratus</span> <span class='ocrx_word' id='word_1_595' title='bbox 1206 5752 1439 5823; x_wconf 73' lang='lat' dir='ltr'>vindex,</span> <span class='ocrx_word' id='word_1_596' title='bbox 1464 5754 1711 5825; x_wconf 89' lang='lat' dir='ltr'>jactavit</span> <span class='ocrx_word' id='word_1_597' title='bbox 1765 5753 1905 5810; x_wconf 89' lang='lat' dir='ltr'>olim</span> <span class='ocrx_word' id='word_1_598' title='bbox 1959 5755 2064 5811; x_wconf 91' lang='lat' dir='ltr'>lib.</span> <span class='ocrx_word' id='word_1_599' title='bbox 2115 5773 2179 5811; x_wconf 89' lang='lat' dir='ltr'>m</span> 
     </span>
    </p>
   </div>
   <div class='ocr_carea' id='block_1_87' title="bbox 538 5825 2178 5899">
    <p class='ocr_par' dir='ltr' id='par_1_87' title="bbox 538 5825 2178 5899">
     <span class='ocr_line' id='line_1_87' title="bbox 538 5825 2178 5899; baseline 0.004 -20"><span class='ocrx_word' id='word_1_600' title='bbox 538 5825 614 5880; x_wconf 86' lang='lat' dir='ltr'>De</span> <span class='ocrx_word' id='word_1_601' title='bbox 675 5825 886 5881; x_wconf 74' lang='lat' dir='ltr'>Inveni.</span> <span class='ocrx_word' id='word_1_602' title='bbox 952 5826 1180 5883; x_wconf 76' lang='lat' dir='ltr'>Dialect.</span> <span class='ocrx_word' id='word_1_603' title='bbox 1230 5841 1281 5881; x_wconf 81' lang='grc' dir='ltr'>ο.</span> <span class='ocrx_word' id='word_1_604' title='bbox 1335 5825 1403 5880; x_wconf 86' lang='grc'><strong>15</strong></span> <span class='ocrx_word' id='word_1_605' title='bbox 1447 5829 1504 5882; x_wconf 89' lang='lat' dir='ltr'>et</span> <span class='ocrx_word' id='word_1_606' title='bbox 1545 5842 1610 5899; x_wconf 76' lang='grc' dir='ltr'>ιι,</span> <span class='ocrx_word' id='word_1_607' title='bbox 1658 5842 1708 5882; x_wconf 89' lang='lat' dir='ltr'>c.</span> <span class='ocrx_word' id='word_1_608' title='bbox 1750 5827 1838 5899; x_wconf 81' lang='lat'>12,</span> <span class='ocrx_word' id='word_1_609' title='bbox 1868 5826 2085 5886; x_wconf 89' lang='lat' dir='ltr'>habere</span> <span class='ocrx_word' id='word_1_610' title='bbox 2115 5843 2178 5886; x_wconf 87' lang='lat' dir='ltr'>se</span> 
     </span>
    </p>
   </div>
   <div class='ocr_carea' id='block_1_88' title="bbox 2348 1881 3931 1960">
    <p class='ocr_par' dir='ltr' id='par_1_88' title="bbox 2348 1881 3931 1960">
     <span class='ocr_line' id='line_1_88' title="bbox 2348 1881 3931 1960; baseline -0.004 -17"><span class='ocrx_word' id='word_1_611' title='bbox 2348 1890 2460 1960; x_wconf 82' lang='grc'>(34)</span> <span class='ocrx_word' id='word_1_612' title='bbox 2493 1889 2716 1957; x_wconf 82' lang='lat' dir='ltr'>Quando</span> <span class='ocrx_word' id='word_1_613' title='bbox 2747 1904 2854 1944; x_wconf 81' lang='lat' dir='ltr'>non</span> <span class='ocrx_word' id='word_1_614' title='bbox 2881 1888 3061 1956; x_wconf 83' lang='lat' dir='ltr'>liceat,</span> <span class='ocrx_word' id='word_1_615' title='bbox 3095 1891 3204 1943; x_wconf 90' lang='lat' dir='ltr'>etc.</span> <span class='ocrx_word' id='word_1_616' title='bbox 3258 1887 3426 1960; x_wconf 78' lang='lat' dir='ltr'>Apud</span> <span class='ocrx_word' id='word_1_617' title='bbox 3481 1883 3699 1960; x_wconf 82' lang='lat' dir='ltr'>Livium</span> <span class='ocrx_word' id='word_1_618' title='bbox 3753 1881 3931 1960; x_wconf 86' lang='lat' dir='ltr'>Titus</span> 
     </span>
    </p>
   </div>
   <div class='ocr_carea' id='block_1_89' title="bbox 2277 1956 3939 2029">
    <p class='ocr_par' dir='ltr' id='par_1_89' title="bbox 2277 1956 3939 2029">
     <span class='ocr_line' id='line_1_89' title="bbox 2277 1956 3939 2029; baseline -0.004 -14"><span class='ocrx_word' id='word_1_619' title='bbox 2277 1956 2550 2023; x_wconf 74' lang='lat' dir='ltr'>Quintius</span> <span class='ocrx_word' id='word_1_620' title='bbox 2615 1961 2900 2026; x_wconf 90' lang='lat' dir='ltr'>clamitat,</span> <span class='ocrx_word' id='word_1_621' title='bbox 2953 1981 2981 2009; x_wconf 84' lang='lat'><strong>«</strong></span> <span class='ocrx_word' id='word_1_622' title='bbox 3032 1975 3199 2014; x_wconf 91' lang='lat' dir='ltr'>reum</span> <span class='ocrx_word' id='word_1_623' title='bbox 3245 1956 3454 2029; x_wconf 81' lang='lat' dir='ltr'>capitis</span> <span class='ocrx_word' id='word_1_624' title='bbox 3517 1956 3939 2010; x_wconf 84' lang='lat' dir='ltr'>indemnatum</span> 
     </span>
    </p>
   </div>
   <div class='ocr_carea' id='block_1_90' title="bbox 2280 2029 3936 2087">
    <p class='ocr_par' dir='ltr' id='par_1_90' title="bbox 2280 2029 3936 2087">
     <span class='ocr_line' id='line_1_90' title="bbox 2280 2029 3936 2087; baseline -0.004 0"><span class='ocrx_word' id='word_1_625' title='bbox 2280 2033 2499 2087; x_wconf 89' lang='lat' dir='ltr'>indicta</span> <span class='ocrx_word' id='word_1_626' title='bbox 2527 2048 2706 2087; x_wconf 89' lang='lat' dir='ltr'>causa</span> <span class='ocrx_word' id='word_1_627' title='bbox 2736 2048 2851 2086; x_wconf 90' lang='lat' dir='ltr'>non</span> <span class='ocrx_word' id='word_1_628' title='bbox 2880 2032 3088 2086; x_wconf 90' lang='lat' dir='ltr'>debere</span> <span class='ocrx_word' id='word_1_629' title='bbox 3117 2029 3339 2085; x_wconf 88' lang='lat' dir='ltr'>violari.</span> <span class='ocrx_word' id='word_1_630' title='bbox 3374 2051 3402 2080; x_wconf 87' lang='grc'><strong>››</strong></span> <span class='ocrx_word' id='word_1_631' title='bbox 3439 2030 3522 2083; x_wconf 91' lang='lat' dir='ltr'>Ita</span> <span class='ocrx_word' id='word_1_632' title='bbox 3550 2033 3746 2083; x_wconf 90' lang='lat' dir='ltr'>tamen</span> <span class='ocrx_word' id='word_1_633' title='bbox 3789 2042 3936 2080; x_wconf 91' lang='lat' dir='ltr'>cum</span> 
     </span>
    </p>
   </div>
   <div class='ocr_carea' id='block_1_91' title="bbox 2277 2097 3921 2160">
    <p class='ocr_par' dir='ltr' id='par_1_91' title="bbox 2277 2097 3921 2160">
     <span class='ocr_line' id='line_1_91' title="bbox 2277 2097 3921 2160; baseline -0.005 0"><span class='ocrx_word' id='word_1_634' title='bbox 2277 2104 2624 2160; x_wconf 86' lang='lat' dir='ltr'>Christianis</span> <span class='ocrx_word' id='word_1_635' title='bbox 2654 2108 2868 2158; x_wconf 89' lang='lat' dir='ltr'>actum.</span> <span class='ocrx_word' id='word_1_636' title='bbox 2903 2103 3046 2158; x_wconf 89' lang='lat' dir='ltr'>Vide</span> <span class='ocrx_word' id='word_1_637' title='bbox 3077 2118 3124 2157; x_wconf 88' lang='grc' dir='ltr'>ο.</span> <span class='ocrx_word' id='word_1_638' title='bbox 3158 2103 3222 2156; x_wconf 87' lang='grc'>31</span> <span class='ocrx_word' id='word_1_639' title='bbox 3259 2117 3274 2155; x_wconf 89' lang='lat'><strong>:</strong></span> <span class='ocrx_word' id='word_1_640' title='bbox 3316 2121 3346 2150; x_wconf 73' lang='grc' dir='ltr'>ι(</span> <span class='ocrx_word' id='word_1_641' title='bbox 3407 2098 3732 2154; x_wconf 87' lang='lat' dir='ltr'>Admittitis</span> <span class='ocrx_word' id='word_1_642' title='bbox 3791 2097 3921 2152; x_wconf 92' lang='lat' dir='ltr'>nim</span> 
     </span>
    </p>
   </div>
   <div class='ocr_carea' id='block_1_92' title="bbox 2279 2170 3927 2248">
    <p class='ocr_par' dir='ltr' id='par_1_92' title="bbox 2279 2170 3927 2248">
     <span class='ocr_line' id='line_1_92' title="bbox 2279 2170 3927 2248; baseline -0.005 -17"><span class='ocrx_word' id='word_1_643' title='bbox 2279 2178 2545 2248; x_wconf 88' lang='lat' dir='ltr'>probare,</span> <span class='ocrx_word' id='word_1_644' title='bbox 2596 2175 2986 2246; x_wconf 90' lang='lat' dir='ltr'>quodcunque</span> <span class='ocrx_word' id='word_1_645' title='bbox 3015 2173 3404 2248; x_wconf 81' lang='lat' dir='ltr'>defendimus.</span> <span class='ocrx_word' id='word_1_646' title='bbox 3441 2193 3469 2220; x_wconf 87' lang='lat'><strong>»</strong></span> <span class='ocrx_word' id='word_1_647' title='bbox 3503 2171 3744 2248; x_wconf 76' lang='lat' dir='ltr'>Iron_iee.</span> <span class='ocrx_word' id='word_1_648' title='bbox 3781 2170 3927 2248; x_wconf 58' lang='lat' dir='ltr'>Hav.</span> 
     </span>
    </p>
   </div>
   <div class='ocr_carea' id='block_1_93' title="bbox 2349 2241 3933 2319">
    <p class='ocr_par' dir='ltr' id='par_1_93' title="bbox 2349 2241 3933 2319">
     <span class='ocr_line' id='line_1_93' title="bbox 2349 2241 3933 2319; baseline -0.004 -18"><span class='ocrx_word' id='word_1_649' title='bbox 2349 2249 2459 2319; x_wconf 89' lang='grc'>(35)</span> <span class='ocrx_word' id='word_1_650' title='bbox 2523 2241 2776 2304; x_wconf 69' lang='lat' dir='ltr'>Iudicem</span> <span class='ocrx_word' id='word_1_651' title='bbox 2837 2241 2948 2300; x_wconf 79' lang='lat' dir='ltr'>non</span> <span class='ocrx_word' id='word_1_652' title='bbox 3005 2248 3186 2319; x_wconf 80' lang='lat' dir='ltr'>faciat</span> <span class='ocrx_word' id='word_1_653' title='bbox 3252 2245 3558 2312; x_wconf 75' lang='lat' dir='ltr'>iniustum.</span> <span class='ocrx_word' id='word_1_654' title='bbox 3593 2241 3933 2319; x_wconf 27' lang='lat' dir='ltr'>AEleganter</span> 
     </span>
    </p>
   </div>
   <div class='ocr_carea' id='block_1_94' title="bbox 2277 2312 3931 2388">
    <p class='ocr_par' dir='ltr' id='par_1_94' title="bbox 2277 2312 3931 2388">
     <span class='ocr_line' id='line_1_94' title="bbox 2277 2312 3931 2388; baseline -0.005 -15"><span class='ocrx_word' id='word_1_655' title='bbox 2277 2312 2524 2387; x_wconf 83' lang='lat' dir='ltr'>dictum,</span> <span class='ocrx_word' id='word_1_656' title='bbox 2577 2320 2662 2374; x_wconf 85' lang='lat' dir='ltr'>sic</span> <span class='ocrx_word' id='word_1_657' title='bbox 2712 2334 2892 2388; x_wconf 81' lang='lat' dir='ltr'>supra</span> <span class='ocrx_word' id='word_1_658' title='bbox 2940 2312 3069 2388; x_wconf 59' lang='grc' dir='ltr'>ο.ί1</span> <span class='ocrx_word' id='word_1_659' title='bbox 3126 2335 3140 2372; x_wconf 90' lang='lat'><strong>:</strong></span> <span class='ocrx_word' id='word_1_660' title='bbox 3194 2336 3222 2365; x_wconf 89' lang='grc'>‹‹</span> <span class='ocrx_word' id='word_1_661' title='bbox 3273 2320 3556 2388; x_wconf 68' lang='lat' dir='ltr'>Caeterum</span> <span class='ocrx_word' id='word_1_662' title='bbox 3590 2312 3931 2388; x_wconf 85' lang='lat' dir='ltr'>inauditam</span> 
     </span>
    </p>
   </div>
   <div class='ocr_carea' id='block_1_95' title="bbox 2279 2384 3936 2461">
    <p class='ocr_par' dir='ltr' id='par_1_95' title="bbox 2279 2384 3936 2461">
     <span class='ocr_line' id='line_1_95' title="bbox 2279 2384 3936 2461; baseline -0.005 -15"><span class='ocrx_word' id='word_1_663' title='bbox 2279 2391 2328 2446; x_wconf 91' lang='lat' dir='ltr'>si</span> <span class='ocrx_word' id='word_1_664' title='bbox 2373 2384 2673 2457; x_wconf 84' lang='lat' dir='ltr'>damnent,</span> <span class='ocrx_word' id='word_1_665' title='bbox 2725 2384 2935 2461; x_wconf 57' lang='lat' dir='ltr'>praeter</span> <span class='ocrx_word' id='word_1_666' title='bbox 2997 2387 3276 2461; x_wconf 83' lang='lat' dir='ltr'>invidiam</span> <span class='ocrx_word' id='word_1_667' title='bbox 3343 2386 3706 2461; x_wconf 66' lang='lat' dir='ltr'>iniquitatis,</span> <span class='ocrx_word' id='word_1_668' title='bbox 3746 2384 3936 2461; x_wconf 75' lang='lat' dir='ltr'>etiam</span> 
     </span>
    </p>
   </div>
   <div class='ocr_carea' id='block_1_96' title="bbox 2281 2455 3936 2533">
    <p class='ocr_par' dir='ltr' id='par_1_96' title="bbox 2281 2455 3936 2533">
     <span class='ocr_line' id='line_1_96' title="bbox 2281 2455 3936 2533; baseline -0.005 -16"><span class='ocrx_word' id='word_1_669' title='bbox 2281 2455 3129 2533; x_wconf 10' lang='lat' dir='ltr'>suspicionemg&#39;merebuntur</span> <span class='ocrx_word' id='word_1_670' title='bbox 3195 2455 3464 2533; x_wconf 48' lang='lat' dir='ltr'>alicujus&#39;</span> <span class='ocrx_word' id='word_1_671' title='bbox 3513 2455 3890 2513; x_wconf 82' lang='lat' dir='ltr'>conscientias</span> <span class='ocrx_word' id='word_1_672' title='bbox 3919 2495 3936 2521; x_wconf 94' lang='lat'>,</span> 
     </span>
    </p>
   </div>
   <div class='ocr_carea' id='block_1_97' title="bbox 2279 2531 3936 2603">
    <p class='ocr_par' dir='ltr' id='par_1_97' title="bbox 2279 2531 3936 2603">
     <span class='ocr_line' id='line_1_97' title="bbox 2279 2531 3936 2603; baseline -0.004 -14"><span class='ocrx_word' id='word_1_673' title='bbox 2279 2531 2542 2589; x_wconf 83' lang='lat' dir='ltr'>nolentes</span> <span class='ocrx_word' id='word_1_674' title='bbox 2575 2531 2776 2588; x_wconf 92' lang='lat' dir='ltr'>audire</span> <span class='ocrx_word' id='word_1_675' title='bbox 2805 2533 2959 2603; x_wconf 90' lang='lat' dir='ltr'>quod</span> <span class='ocrx_word' id='word_1_676' title='bbox 2993 2533 3270 2603; x_wconf 84' lang='lat' dir='ltr'>auditum</span> <span class='ocrx_word' id='word_1_677' title='bbox 3306 2532 3587 2585; x_wconf 89' lang='lat' dir='ltr'>damnare</span> <span class='ocrx_word' id='word_1_678' title='bbox 3631 2545 3746 2585; x_wconf 91' lang='lat' dir='ltr'>non</span> <span class='ocrx_word' id='word_1_679' title='bbox 3791 2543 3936 2603; x_wconf 43' lang='lat' dir='ltr'>post</span> 
     </span>
    </p>
   </div>
   <div class='ocr_carea' id='block_1_98' title="bbox 2281 2598 3934 2674">
    <p class='ocr_par' dir='ltr' id='par_1_98' title="bbox 2281 2598 3934 2674">
     <span class='ocr_line' id='line_1_98' title="bbox 2281 2598 3934 2674; baseline -0.005 -14"><span class='ocrx_word' id='word_1_680' title='bbox 2281 2606 2419 2661; x_wconf 91' lang='lat' dir='ltr'>sint.</span> <span class='ocrx_word' id='word_1_681' title='bbox 2469 2627 2496 2655; x_wconf 84' lang='lat'><strong>»</strong></span> <span class='ocrx_word' id='word_1_682' title='bbox 2542 2598 2865 2660; x_wconf 79' lang='lat' dir='ltr'>Alexander</span> <span class='ocrx_word' id='word_1_683' title='bbox 2912 2603 3067 2674; x_wconf 83' lang='lat' dir='ltr'>apud</span> <span class='ocrx_word' id='word_1_684' title='bbox 3116 2601 3417 2674; x_wconf 70' lang='lat' dir='ltr'>Curtium,</span> <span class='ocrx_word' id='word_1_685' title='bbox 3454 2604 3687 2674; x_wconf 15' lang='lat' dir='ltr'>vu,72_:</span> <span class='ocrx_word' id='word_1_686' title='bbox 3722 2620 3751 2648; x_wconf 93' lang='grc'>‹‹</span> <span class='ocrx_word' id='word_1_687' title='bbox 3788 2598 3934 2674; x_wconf 83' lang='lat' dir='ltr'>_Ni_si</span> 
     </span>
    </p>
   </div>
   <div class='ocr_carea' id='block_1_99' title="bbox 2280 2669 3938 2749">
    <p class='ocr_par' dir='ltr' id='par_1_99' title="bbox 2280 2669 3938 2749">
     <span class='ocr_line' id='line_1_99' title="bbox 2280 2669 3938 2749; baseline -0.004 -17"><span class='ocrx_word' id='word_1_688' title='bbox 2280 2693 2410 2749; x_wconf 67' lang='lat' dir='ltr'>quae</span> <span class='ocrx_word' id='word_1_689' title='bbox 2438 2675 2631 2732; x_wconf 89' lang='lat' dir='ltr'>delata</span> <span class='ocrx_word' id='word_1_690' title='bbox 2659 2681 2857 2732; x_wconf 91' lang='lat' dir='ltr'>essent</span> <span class='ocrx_word' id='word_1_691' title='bbox 2912 2669 3499 2749; x_wconf 51' lang='lat' dir='ltr'>excussissemjvalde</span> <span class='ocrx_word' id='word_1_692' title='bbox 3531 2669 3938 2728; x_wconf 89' lang='lat' dir='ltr'>dissimulatio</span> 
     </span>
    </p>
   </div>
   <div class='ocr_carea' id='block_1_100' title="bbox 2281 2746 3694 2820">
    <p class='ocr_par' dir='ltr' id='par_1_100' title="bbox 2281 2746 3694 2820">
     <span class='ocr_line' id='line_1_100' title="bbox 2281 2746 3694 2820; baseline -0.005 -15"><span class='ocrx_word' id='word_1_693' title='bbox 2281 2746 2408 2805; x_wconf 82' lang='lat' dir='ltr'>mea</span> <span class='ocrx_word' id='word_1_694' title='bbox 2443 2754 2715 2820; x_wconf 89' lang='lat' dir='ltr'>suspecta</span> <span class='ocrx_word' id='word_1_695' title='bbox 2742 2764 2871 2804; x_wconf 90' lang='lat' dir='ltr'>esse</span> <span class='ocrx_word' id='word_1_696' title='bbox 2901 2747 3210 2820; x_wconf 89' lang='lat' dir='ltr'>potuisset.</span> <span class='ocrx_word' id='word_1_697' title='bbox 3247 2766 3275 2795; x_wconf 90' lang='grc'><strong>››</strong></span> <span class='ocrx_word' id='word_1_698' title='bbox 3303 2746 3432 2817; x_wconf 90' lang='lat' dir='ltr'>Ipse</span> <span class='ocrx_word' id='word_1_699' title='bbox 3458 2758 3694 2815; x_wconf 90' lang='lat' dir='ltr'>quoque</span> 
     </span>
    </p>
   </div>
   <div class='ocr_carea' id='block_1_101' title="bbox 2403 2850 3718 2918">
    <p class='ocr_par' dir='ltr' id='par_1_101' title="bbox 2403 2850 3718 2918">
     <span class='ocr_line' id='line_1_101' title="bbox 2403 2850 3718 2918; baseline -0.005 -13"><span class='ocrx_word' id='word_1_700' title='bbox 2403 2855 2468 2906; x_wconf 87' lang='lat' dir='ltr'>Se</span> <span class='ocrx_word' id='word_1_701' title='bbox 2498 2855 2718 2904; x_wconf 87' lang='lat' dir='ltr'>damnat</span> <span class='ocrx_word' id='word_1_702' title='bbox 2737 2853 2923 2918; x_wconf 87' lang='lat' dir='ltr'>judex,</span> <span class='ocrx_word' id='word_1_703' title='bbox 2954 2854 3297 2902; x_wconf 89' lang='lat' dir='ltr'>innocentem</span> <span class='ocrx_word' id='word_1_704' title='bbox 3327 2851 3418 2916; x_wconf 87' lang='lat' dir='ltr'>qui</span> <span class='ocrx_word' id='word_1_705' title='bbox 3449 2850 3718 2915; x_wconf 87' lang='lat' dir='ltr'>opprimit.</span> 
     </span>
    </p>
   </div>
   <div class='ocr_carea' id='block_1_102' title="bbox 2280 2960 3018 3017">
    <p class='ocr_par' dir='ltr' id='par_1_102' title="bbox 2280 2960 3018 3017">
     <span class='ocr_line' id='line_1_102' title="bbox 2280 2960 3018 3017; baseline -0.003 -1"><span class='ocrx_word' id='word_1_706' title='bbox 2280 2962 2527 3017; x_wconf 90' lang='lat' dir='ltr'>Publius</span> <span class='ocrx_word' id='word_1_707' title='bbox 2557 2978 2705 3017; x_wconf 90' lang='lat' dir='ltr'>vers.</span> <span class='ocrx_word' id='word_1_708' title='bbox 2732 2961 2856 3014; x_wconf 86' lang='lat'>602.</span> <span class='ocrx_word' id='word_1_709' title='bbox 2879 2960 3018 3016; x_wconf 63' lang='lat' dir='ltr'>Hav.</span> 
     </span>
    </p>
   </div>
   <div class='ocr_carea' id='block_1_103' title="bbox 2351 3025 3932 3104">
    <p class='ocr_par' dir='ltr' id='par_1_103' title="bbox 2351 3025 3932 3104">
     <span class='ocr_line' id='line_1_103' title="bbox 2351 3025 3932 3104; baseline -0.004 -16"><span class='ocrx_word' id='word_1_710' title='bbox 2351 3034 2459 3104; x_wconf 85' lang='lat'>(36)</span> <span class='ocrx_word' id='word_1_711' title='bbox 2495 3036 2867 3104; x_wconf 75' lang='lat' dir='ltr'>Exspectatur.</span> <span class='ocrx_word' id='word_1_712' title='bbox 2918 3029 3137 3087; x_wconf 85' lang='lat' dir='ltr'>Meliori</span> <span class='ocrx_word' id='word_1_713' title='bbox 3186 3046 3390 3104; x_wconf 79' lang='lat' dir='ltr'>sensu,</span> <span class='ocrx_word' id='word_1_714' title='bbox 3437 3033 3504 3085; x_wconf 87' lang='lat' dir='ltr'>ut</span> <span class='ocrx_word' id='word_1_715' title='bbox 3552 3033 3714 3104; x_wconf 84' lang='lat' dir='ltr'>puto,</span> <span class='ocrx_word' id='word_1_716' title='bbox 3744 3025 3932 3104; x_wconf 77' lang='lat' dir='ltr'>legas</span> 
     </span>
    </p>
   </div>
   <div class='ocr_carea' id='block_1_104' title="bbox 2280 3101 3934 3176">
    <p class='ocr_par' dir='ltr' id='par_1_104' title="bbox 2280 3101 3934 3176">
     <span class='ocr_line' id='line_1_104' title="bbox 2280 3101 3934 3176; baseline -0.005 -16"><span class='ocrx_word' id='word_1_717' title='bbox 2280 3101 2569 3176; x_wconf 76' lang='lat' dir='ltr'>spectatur.</span> <span class='ocrx_word' id='word_1_718' title='bbox 2601 3101 2818 3158; x_wconf 50' lang='lat' dir='ltr'>&#39;Simile</span> <span class='ocrx_word' id='word_1_719' title='bbox 2867 3105 3146 3176; x_wconf 81' lang='lat' dir='ltr'>mendum</span> <span class='ocrx_word' id='word_1_720' title='bbox 3196 3102 3422 3157; x_wconf 90' lang='lat' dir='ltr'>obsedit</span> <span class='ocrx_word' id='word_1_721' title='bbox 3470 3101 3934 3176; x_wconf 85' lang='lat' dir='ltr'>codices_Augn-</span> 
     </span>
    </p>
   </div>
   <div class='ocr_carea' id='block_1_105' title="bbox 2288 3171 3933 3244">
    <p class='ocr_par' dir='ltr' id='par_1_105' title="bbox 2288 3171 3933 3244">
     <span class='ocr_line' id='line_1_105' title="bbox 2288 3171 3933 3244; baseline -0.004 -13"><span class='ocrx_word' id='word_1_722' title='bbox 2288 3171 2425 3232; x_wconf 77' lang='lat' dir='ltr'>stini</span> <span class='ocrx_word' id='word_1_723' title='bbox 2478 3179 2548 3231; x_wconf 91' lang='lat' dir='ltr'>de</span> <span class='ocrx_word' id='word_1_724' title='bbox 2603 3177 2842 3231; x_wconf 81' lang='lat' dir='ltr'>Civitate</span> <span class='ocrx_word' id='word_1_725' title='bbox 2901 3177 3013 3242; x_wconf 86' lang='lat' dir='ltr'>Dei,</span> <span class='ocrx_word' id='word_1_726' title='bbox 3070 3173 3170 3227; x_wconf 91' lang='lat' dir='ltr'>lib.</span> <span class='ocrx_word' id='word_1_727' title='bbox 3229 3191 3303 3244; x_wconf 71' lang='lat' dir='ltr'>vn,</span> <span class='ocrx_word' id='word_1_728' title='bbox 3354 3190 3402 3227; x_wconf 94' lang='lat' dir='ltr'>c.</span> <span class='ocrx_word' id='word_1_729' title='bbox 3467 3175 3530 3227; x_wconf 89' lang='grc'><strong>10</strong></span> <span class='ocrx_word' id='word_1_730' title='bbox 3582 3189 3594 3227; x_wconf 95' lang='lat'>:</span> <span class='ocrx_word' id='word_1_731' title='bbox 3649 3171 3933 3244; x_wconf 82' lang='lat' dir='ltr'>«Doctus</span> 
     </span>
    </p>
   </div>
   <div class='ocr_carea' id='block_1_106' title="bbox 2286 3242 3933 3316">
    <p class='ocr_par' dir='ltr' id='par_1_106' title="bbox 2286 3242 3933 3316">
     <span class='ocr_line' id='line_1_106' title="bbox 2286 3242 3933 3316; baseline -0.004 -13"><span class='ocrx_word' id='word_1_732' title='bbox 2286 3247 2699 3314; x_wconf 82' lang='lat' dir='ltr'>Archimimus,</span> <span class='ocrx_word' id='word_1_733' title='bbox 2766 3261 2942 3302; x_wconf 81' lang='lat' dir='ltr'>senex</span> <span class='ocrx_word' id='word_1_734' title='bbox 2999 3248 3146 3315; x_wconf 86' lang='lat' dir='ltr'>jam,</span> <span class='ocrx_word' id='word_1_735' title='bbox 3197 3242 3505 3316; x_wconf 86' lang='lat' dir='ltr'>deceptus,</span> <span class='ocrx_word' id='word_1_736' title='bbox 3557 3242 3817 3315; x_wconf 89' lang='lat' dir='ltr'>quotidie</span> <span class='ocrx_word' id='word_1_737' title='bbox 3867 3243 3933 3297; x_wconf 94' lang='lat' dir='ltr'>in</span> 
     </span>
    </p>
   </div>
   <div class='ocr_carea' id='block_1_107' title="bbox 2287 3315 3931 3390">
    <p class='ocr_par' dir='ltr' id='par_1_107' title="bbox 2287 3315 3931 3390">
     <span class='ocr_line' id='line_1_107' title="bbox 2287 3315 3931 3390; baseline -0.004 -15"><span class='ocrx_word' id='word_1_738' title='bbox 2287 3320 2570 3390; x_wconf 89' lang='lat' dir='ltr'>Capitolio</span> <span class='ocrx_word' id='word_1_739' title='bbox 2603 3320 2846 3373; x_wconf 90' lang='lat' dir='ltr'>Mimum</span> <span class='ocrx_word' id='word_1_740' title='bbox 2879 3319 3105 3390; x_wconf 80' lang='lat' dir='ltr'>agebat,</span> <span class='ocrx_word' id='word_1_741' title='bbox 3138 3319 3304 3387; x_wconf 88' lang='lat' dir='ltr'>quasi</span> <span class='ocrx_word' id='word_1_742' title='bbox 3337 3315 3417 3390; x_wconf 78' lang='lat' dir='ltr'>dii</span> <span class='ocrx_word' id='word_1_743' title='bbox 3442 3317 3686 3370; x_wconf 87' lang='lat' dir='ltr'>libenter</span> <span class='ocrx_word' id='word_1_744' title='bbox 3715 3331 3931 3390; x_wconf 77' lang='lat' dir='ltr'>exspe-</span> 
     </span>
    </p>
   </div>
   <div class='ocr_carea' id='block_1_108' title="bbox 2287 3385 3935 3461">
    <p class='ocr_par' dir='ltr' id='par_1_108' title="bbox 2287 3385 3935 3461">
     <span class='ocr_line' id='line_1_108' title="bbox 2287 3385 3935 3461; baseline -0.004 -14"><span class='ocrx_word' id='word_1_745' title='bbox 2287 3385 2529 3459; x_wconf 44' lang='lat' dir='ltr'>cta-rent,</span> <span class='ocrx_word' id='word_1_746' title='bbox 2580 3408 2752 3461; x_wconf 90' lang='lat' dir='ltr'>quem</span> <span class='ocrx_word' id='word_1_747' title='bbox 2805 3390 2886 3444; x_wconf 92' lang='lat' dir='ltr'>illi</span> <span class='ocrx_word' id='word_1_748' title='bbox 2915 3385 3204 3461; x_wconf 63' lang='lat' dir='ltr'>homines</span> <span class='ocrx_word' id='word_1_749' title='bbox 3251 3389 3595 3442; x_wconf 87' lang='lat' dir='ltr'>deriserant.</span> <span class='ocrx_word' id='word_1_750' title='bbox 3645 3408 3672 3436; x_wconf 85' lang='lat'><strong>»</strong></span> <span class='ocrx_word' id='word_1_751' title='bbox 3703 3388 3806 3440; x_wconf 90' lang='lat' dir='ltr'>Ubi</span> <span class='ocrx_word' id='word_1_752' title='bbox 3838 3385 3935 3461; x_wconf 76' lang='lat' dir='ltr'>ita</span> 
     </span>
    </p>
   </div>
   <div class='ocr_carea' id='block_1_109' title="bbox 2287 3457 3928 3535">
    <p class='ocr_par' dir='ltr' id='par_1_109' title="bbox 2287 3457 3928 3535">
     <span class='ocr_line' id='line_1_109' title="bbox 2287 3457 3928 3535; baseline -0.003 -18"><span class='ocrx_word' id='word_1_753' title='bbox 2287 3463 2413 3535; x_wconf 84' lang='lat' dir='ltr'>lego</span> <span class='ocrx_word' id='word_1_754' title='bbox 2448 3480 2460 3518; x_wconf 90' lang='lat'>:</span> <span class='ocrx_word' id='word_1_755' title='bbox 2497 3457 2524 3512; x_wconf 66' lang='grc' dir='ltr'>(ἐ</span> <span class='ocrx_word' id='word_1_756' title='bbox 2558 3457 2732 3535; x_wconf 77' lang='lat' dir='ltr'>Quasi</span> <span class='ocrx_word' id='word_1_757' title='bbox 2782 3462 2860 3535; x_wconf 91' lang='lat' dir='ltr'>dii</span> <span class='ocrx_word' id='word_1_758' title='bbox 2913 3460 3159 3515; x_wconf 90' lang='lat' dir='ltr'>libenter</span> <span class='ocrx_word' id='word_1_759' title='bbox 3209 3465 3560 3535; x_wconf 83' lang='lat' dir='ltr'>spectarent,</span> <span class='ocrx_word' id='word_1_760' title='bbox 3611 3475 3785 3535; x_wconf 82' lang='lat' dir='ltr'>quem</span> <span class='ocrx_word' id='word_1_761' title='bbox 3834 3457 3928 3512; x_wconf 90' lang='lat' dir='ltr'>illi</span> 
     </span>
    </p>
   </div>
   <div class='ocr_carea' id='block_1_110' title="bbox 2285 3530 3930 3601">
    <p class='ocr_par' dir='ltr' id='par_1_110' title="bbox 2285 3530 3930 3601">
     <span class='ocr_line' id='line_1_110' title="bbox 2285 3530 3930 3601; baseline -0.003 -12"><span class='ocrx_word' id='word_1_762' title='bbox 2285 3530 2434 3590; x_wconf 76' lang='lat' dir='ltr'>forte</span> <span class='ocrx_word' id='word_1_763' title='bbox 2479 3535 2640 3598; x_wconf 91' lang='lat' dir='ltr'>olim,</span> <span class='ocrx_word' id='word_1_764' title='bbox 2694 3533 2980 3599; x_wconf 90' lang='lat' dir='ltr'>homines,</span> <span class='ocrx_word' id='word_1_765' title='bbox 3030 3555 3057 3580; x_wconf 85' lang='lat'>»</span> <span class='ocrx_word' id='word_1_766' title='bbox 3107 3530 3254 3600; x_wconf 77' lang='lat' dir='ltr'>etc.,</span> <span class='ocrx_word' id='word_1_767' title='bbox 3274 3533 3372 3587; x_wconf 86' lang='lat' dir='ltr'>sed</span> <span class='ocrx_word' id='word_1_768' title='bbox 3409 3547 3591 3601; x_wconf 89' lang='lat' dir='ltr'>neque</span> <span class='ocrx_word' id='word_1_769' title='bbox 3622 3530 3706 3585; x_wconf 89' lang='lat' dir='ltr'>sic</span> <span class='ocrx_word' id='word_1_770' title='bbox 3738 3546 3930 3584; x_wconf 89' lang='lat' dir='ltr'>sanus</span> 
     </span>
    </p>
   </div>
   <div class='ocr_carea' id='block_1_111' title="bbox 2285 3602 3931 3676">
    <p class='ocr_par' dir='ltr' id='par_1_111' title="bbox 2285 3602 3931 3676">
     <span class='ocr_line' id='line_1_111' title="bbox 2285 3602 3931 3676; baseline -0.004 -15"><span class='ocrx_word' id='word_1_771' title='bbox 2285 3607 2448 3661; x_wconf 89' lang='lat' dir='ltr'>locus</span> <span class='ocrx_word' id='word_1_772' title='bbox 2481 3624 2494 3661; x_wconf 89' lang='lat'><strong>:</strong></span> <span class='ocrx_word' id='word_1_773' title='bbox 2529 3607 2654 3676; x_wconf 87' lang='lat' dir='ltr'>lege</span> <span class='ocrx_word' id='word_1_774' title='bbox 2721 3605 2917 3675; x_wconf 90' lang='lat' dir='ltr'>itaque</span> <span class='ocrx_word' id='word_1_775' title='bbox 2967 3603 3174 3676; x_wconf 89' lang='lat' dir='ltr'>ultima</span> <span class='ocrx_word' id='word_1_776' title='bbox 3220 3619 3286 3658; x_wconf 87' lang='lat' dir='ltr'>ex</span> <span class='ocrx_word' id='word_1_777' title='bbox 3318 3602 3659 3676; x_wconf 82' lang='lat' dir='ltr'>cellatione</span> <span class='ocrx_word' id='word_1_778' title='bbox 3714 3602 3931 3676; x_wconf 80' lang='lat' dir='ltr'>optimi</span> 
     </span>
    </p>
   </div>
   <div class='ocr_carea' id='block_1_112' title="bbox 2286 3672 3935 3745">
    <p class='ocr_par' dir='ltr' id='par_1_112' title="bbox 2286 3672 3935 3745">
     <span class='ocr_line' id='line_1_112' title="bbox 2286 3672 3935 3745; baseline -0.004 -12"><span class='ocrx_word' id='word_1_779' title='bbox 2286 3679 2504 3733; x_wconf 89' lang='lat' dir='ltr'>codicis</span> <span class='ocrx_word' id='word_1_780' title='bbox 2553 3672 2665 3734; x_wconf 67' lang='lat' dir='ltr'>nis.</span> <span class='ocrx_word' id='word_1_781' title='bbox 2716 3672 2925 3731; x_wconf 81' lang='lat' dir='ltr'>litteris</span> <span class='ocrx_word' id='word_1_782' title='bbox 2967 3675 3417 3745; x_wconf 88' lang='lat' dir='ltr'>Longohardicis</span> <span class='ocrx_word' id='word_1_783' title='bbox 3447 3674 3685 3736; x_wconf 83' lang='lat' dir='ltr'>exarati,</span> <span class='ocrx_word' id='word_1_784' title='bbox 3720 3672 3935 3745; x_wconf 85' lang='lat' dir='ltr'>Biblio-</span> 
     </span>
    </p>
   </div>
   <div class='ocr_carea' id='block_1_113' title="bbox 2281 3743 3929 3819">
    <p class='ocr_par' dir='ltr' id='par_1_113' title="bbox 2281 3743 3929 3819">
     <span class='ocr_line' id='line_1_113' title="bbox 2281 3743 3929 3819; baseline -0.004 -13"><span class='ocrx_word' id='word_1_785' title='bbox 2281 3751 2465 3806; x_wconf 75' lang='lat' dir='ltr'>thecae</span> <span class='ocrx_word' id='word_1_786' title='bbox 2496 3749 2824 3815; x_wconf 86' lang='lat' dir='ltr'>Fuldensis,</span> <span class='ocrx_word' id='word_1_787' title='bbox 2857 3765 2984 3819; x_wconf 63' lang='lat' dir='ltr'>qua:</span> <span class='ocrx_word' id='word_1_788' title='bbox 3017 3743 3192 3819; x_wconf 82' lang='lat' dir='ltr'>penes</span> <span class='ocrx_word' id='word_1_789' title='bbox 3225 3763 3317 3801; x_wconf 88' lang='lat' dir='ltr'>me</span> <span class='ocrx_word' id='word_1_790' title='bbox 3348 3751 3437 3802; x_wconf 91' lang='lat' dir='ltr'>est</span> <span class='ocrx_word' id='word_1_791' title='bbox 3469 3763 3482 3800; x_wconf 91' lang='lat'>:</span> <span class='ocrx_word' id='word_1_792' title='bbox 3517 3769 3545 3796; x_wconf 84' lang='lat'><strong>«</strong></span> <span class='ocrx_word' id='word_1_793' title='bbox 3579 3747 3760 3819; x_wconf 88' lang='lat' dir='ltr'>Quem</span> <span class='ocrx_word' id='word_1_794' title='bbox 3802 3743 3929 3819; x_wconf 84' lang='lat' dir='ltr'>illis</span> 
     </span>
    </p>
   </div>
   <div class='ocr_carea' id='block_1_114' title="bbox 2283 3816 3925 3890">
    <p class='ocr_par' dir='ltr' id='par_1_114' title="bbox 2283 3816 3925 3890">
     <span class='ocr_line' id='line_1_114' title="bbox 2283 3816 3925 3890; baseline -0.004 -13"><span class='ocrx_word' id='word_1_795' title='bbox 2283 3821 2554 3877; x_wconf 91' lang='lat' dir='ltr'>homines</span> <span class='ocrx_word' id='word_1_796' title='bbox 2583 3816 2897 3888; x_wconf 67' lang='lat' dir='ltr'>desierant,</span> <span class='ocrx_word' id='word_1_797' title='bbox 2931 3841 2958 3869; x_wconf 90' lang='lat'><strong>»</strong></span> <span class='ocrx_word' id='word_1_798' title='bbox 2988 3816 3068 3874; x_wconf 79' lang='lat' dir='ltr'>sc.</span> <span class='ocrx_word' id='word_1_799' title='bbox 3103 3823 3387 3890; x_wconf 84' lang='lat' dir='ltr'>spectare,</span> <span class='ocrx_word' id='word_1_800' title='bbox 3420 3822 3545 3890; x_wconf 86' lang='lat' dir='ltr'>erat</span> <span class='ocrx_word' id='word_1_801' title='bbox 3595 3816 3925 3890; x_wconf 80' lang='lat' dir='ltr'>enim__ja_m</span> 
     </span>
    </p>
   </div>
   <div class='ocr_carea' id='block_1_115' title="bbox 2283 3886 3928 3965">
    <p class='ocr_par' dir='ltr' id='par_1_115' title="bbox 2283 3886 3928 3965">
     <span class='ocr_line' id='line_1_115' title="bbox 2283 3886 3928 3965; baseline -0.001 -20"><span class='ocrx_word' id='word_1_802' title='bbox 2283 3893 2634 3965; x_wconf 85' lang='lat' dir='ltr'>decrepitus,</span> <span class='ocrx_word' id='word_1_803' title='bbox 2680 3891 2800 3965; x_wconf 67' lang='lat' dir='ltr'>haec</span> <span class='ocrx_word' id='word_1_804' title='bbox 2848 3886 3156 3947; x_wconf 75' lang='lat' dir='ltr'>verissima</span> <span class='ocrx_word' id='word_1_805' title='bbox 3185 3895 3274 3945; x_wconf 91' lang='lat' dir='ltr'>est</span> <span class='ocrx_word' id='word_1_806' title='bbox 3301 3889 3490 3945; x_wconf 86' lang='lat' dir='ltr'>lectio.</span> <span class='ocrx_word' id='word_1_807' title='bbox 3521 3889 3687 3960; x_wconf 82' lang='lat' dir='ltr'>Apud</span> <span class='ocrx_word' id='word_1_808' title='bbox 3720 3886 3928 3961; x_wconf 85' lang='lat' dir='ltr'>Virgil.</span> 
     </span>
    </p>
   </div>
   <div class='ocr_carea' id='block_1_116' title="bbox 2281 3964 2885 4035">
    <p class='ocr_par' dir='ltr' id='par_1_116' title="bbox 2281 3964 2885 4035">
     <span class='ocr_line' id='line_1_116' title="bbox 2281 3964 2885 4035; baseline -0.007 -13"><span class='ocrx_word' id='word_1_809' title='bbox 2281 3965 2384 4022; x_wconf 88' lang='lat' dir='ltr'>lib.</span> <span class='ocrx_word' id='word_1_810' title='bbox 2413 3964 2474 4035; x_wconf 81' lang='lat' dir='ltr'>II,</span> <span class='ocrx_word' id='word_1_811' title='bbox 2511 3966 2630 4019; x_wconf 87' lang='grc'>102.</span> <span class='ocrx_word' id='word_1_812' title='bbox 2662 3964 2838 4020; x_wconf 85' lang='lat' dir='ltr'>Sinon</span> <span class='ocrx_word' id='word_1_813' title='bbox 2871 3977 2885 4018; x_wconf 88' lang='lat'><strong>:</strong></span> 
     </span>
    </p>
   </div>
   <div class='ocr_carea' id='block_1_117' title="bbox 2717 4074 3829 4128">
    <p class='ocr_par' dir='ltr' id='par_1_117' title="bbox 2717 4074 3829 4128">
     <span class='ocr_line' id='line_1_117' title="bbox 2717 4074 3829 4128; baseline -0.004 -1"><span class='ocrx_word' id='word_1_814' title='bbox 2717 4081 2759 4127; x_wconf 87' lang='lat' dir='ltr'>si</span> <span class='ocrx_word' id='word_1_815' title='bbox 2791 4091 2978 4127; x_wconf 91' lang='lat' dir='ltr'>omnes</span> <span class='ocrx_word' id='word_1_816' title='bbox 3006 4091 3115 4128; x_wconf 89' lang='lat' dir='ltr'>uno</span> <span class='ocrx_word' id='word_1_817' title='bbox 3145 4077 3332 4128; x_wconf 89' lang='lat' dir='ltr'>ordine</span> <span class='ocrx_word' id='word_1_818' title='bbox 3361 4075 3570 4127; x_wconf 86' lang='lat' dir='ltr'>habetis</span> <span class='ocrx_word' id='word_1_819' title='bbox 3598 4074 3829 4126; x_wconf 82' lang='lat' dir='ltr'>Achivos</span> 
     </span>
    </p>
   </div>
   <div class='ocr_carea' id='block_1_118' title="bbox 2501 4141 3115 4206">
    <p class='ocr_par' dir='ltr' id='par_1_118' title="bbox 2501 4141 3115 4206">
     <span class='ocr_line' id='line_1_118' title="bbox 2501 4141 3115 4206; baseline -0.003 -15"><span class='ocrx_word' id='word_1_820' title='bbox 2501 4141 2667 4206; x_wconf 86' lang='lat' dir='ltr'>idque</span> <span class='ocrx_word' id='word_1_821' title='bbox 2695 4142 2879 4191; x_wconf 91' lang='lat' dir='ltr'>audire</span> <span class='ocrx_word' id='word_1_822' title='bbox 2911 4144 2991 4190; x_wconf 88' lang='lat' dir='ltr'>sat</span> <span class='ocrx_word' id='word_1_823' title='bbox 3018 4145 3115 4190; x_wconf 88' lang='lat' dir='ltr'>est.</span> 
     </span>
    </p>
   </div>
   <div class='ocr_carea' id='block_1_119' title="bbox 2282 4246 3928 4314">
    <p class='ocr_par' dir='ltr' id='par_1_119' title="bbox 2282 4246 3928 4314">
     <span class='ocr_line' id='line_1_119' title="bbox 2282 4246 3928 4314; baseline -0.003 -11"><span class='ocrx_word' id='word_1_824' title='bbox 2282 4248 2430 4304; x_wconf 90' lang='lat' dir='ltr'>Illud</span> <span class='ocrx_word' id='word_1_825' title='bbox 2462 4248 2584 4303; x_wconf 89' lang='lat' dir='ltr'>vult</span> <span class='ocrx_word' id='word_1_826' title='bbox 2614 4247 2803 4304; x_wconf 89' lang='lat' dir='ltr'>dicere</span> <span class='ocrx_word' id='word_1_827' title='bbox 2830 4246 3244 4312; x_wconf 85' lang='lat' dir='ltr'>Tertullianus,</span> <span class='ocrx_word' id='word_1_828' title='bbox 3301 4262 3417 4302; x_wconf 88' lang='lat' dir='ltr'>non</span> <span class='ocrx_word' id='word_1_829' title='bbox 3468 4259 3669 4300; x_wconf 88' lang='lat' dir='ltr'>curam</span> <span class='ocrx_word' id='word_1_830' title='bbox 3725 4257 3928 4314; x_wconf 86' lang='lat' dir='ltr'>gerere</span> 
     </span>
    </p>
   </div>
   <div class='ocr_carea' id='block_1_120' title="bbox 2279 4315 3929 4392">
    <p class='ocr_par' dir='ltr' id='par_1_120' title="bbox 2279 4315 3929 4392">
     <span class='ocr_line' id='line_1_120' title="bbox 2279 4315 3929 4392; baseline -0.004 -16"><span class='ocrx_word' id='word_1_831' title='bbox 2279 4320 2474 4392; x_wconf 89' lang='lat' dir='ltr'>legum</span> <span class='ocrx_word' id='word_1_832' title='bbox 2497 4320 2820 4390; x_wconf 90' lang='lat' dir='ltr'>judices,ut</span> <span class='ocrx_word' id='word_1_833' title='bbox 2848 4319 2962 4392; x_wconf 61' lang='lat' dir='ltr'>illa:</span> <span class='ocrx_word' id='word_1_834' title='bbox 2993 4321 3390 4392; x_wconf 79' lang='lat' dir='ltr'>observentur,</span> <span class='ocrx_word' id='word_1_835' title='bbox 3420 4318 3522 4392; x_wconf 82' lang='lat' dir='ltr'>sed</span> <span class='ocrx_word' id='word_1_836' title='bbox 3544 4315 3929 4392; x_wconf 75' lang='lat' dir='ltr'>vulgiamen-</span> 
     </span>
    </p>
   </div>
   <div class='ocr_carea' id='block_1_121' title="bbox 2283 4386 3925 4459">
    <p class='ocr_par' dir='ltr' id='par_1_121' title="bbox 2283 4386 3925 4459">
     <span class='ocr_line' id='line_1_121' title="bbox 2283 4386 3925 4459; baseline -0.003 -11"><span class='ocrx_word' id='word_1_837' title='bbox 2283 4386 2370 4448; x_wconf 68' lang='lat' dir='ltr'>tis</span> <span class='ocrx_word' id='word_1_838' title='bbox 2390 4397 2446 4446; x_wconf 90' lang='lat' dir='ltr'>et</span> <span class='ocrx_word' id='word_1_839' title='bbox 2473 4386 2758 4458; x_wconf 46' lang='lat' dir='ltr'>v&#39;ecordis,</span> <span class='ocrx_word' id='word_1_840' title='bbox 2790 4408 2862 4446; x_wconf 91' lang='lat' dir='ltr'>ne</span> <span class='ocrx_word' id='word_1_841' title='bbox 2884 4390 3030 4445; x_wconf 91' lang='lat' dir='ltr'>illud</span> <span class='ocrx_word' id='word_1_842' title='bbox 3062 4390 3342 4454; x_wconf 83' lang='lat' dir='ltr'>irritatur,</span> <span class='ocrx_word' id='word_1_843' title='bbox 3376 4389 3510 4444; x_wconf 90' lang='lat' dir='ltr'>hinc</span> <span class='ocrx_word' id='word_1_844' title='bbox 3540 4387 3596 4441; x_wconf 89' lang='lat' dir='ltr'>in</span> <span class='ocrx_word' id='word_1_845' title='bbox 3636 4386 3925 4459; x_wconf 90' lang='lat' dir='ltr'>principio</span> 
     </span>
    </p>
   </div>
   <div class='ocr_carea' id='block_1_122' title="bbox 2281 4459 3924 4536">
    <p class='ocr_par' dir='ltr' id='par_1_122' title="bbox 2281 4459 3924 4536">
     <span class='ocr_line' id='line_1_122' title="bbox 2281 4459 3924 4536; baseline -0.005 -17"><span class='ocrx_word' id='word_1_846' title='bbox 2281 4463 2520 4536; x_wconf 86' lang='lat' dir='ltr'>Apolog.</span> <span class='ocrx_word' id='word_1_847' title='bbox 2551 4463 2751 4536; x_wconf 87' lang='lat' dir='ltr'>hujus,</span> <span class='ocrx_word' id='word_1_848' title='bbox 2789 4485 2810 4511; x_wconf 74' lang='grc' dir='ltr'><strong><em>α</em></strong></span> <span class='ocrx_word' id='word_1_849' title='bbox 2843 4462 2898 4516; x_wconf 90' lang='lat' dir='ltr'>Si</span> <span class='ocrx_word' id='word_1_850' title='bbox 2931 4479 3044 4536; x_wconf 83' lang='lat' dir='ltr'>non</span> <span class='ocrx_word' id='word_1_851' title='bbox 3095 4460 3231 4536; x_wconf 85' lang='lat' dir='ltr'>licet</span> <span class='ocrx_word' id='word_1_852' title='bbox 3276 4460 3459 4526; x_wconf 89' lang='lat' dir='ltr'>vobis,</span> <span class='ocrx_word' id='word_1_853' title='bbox 3512 4459 3836 4536; x_wconf 77' lang='lat' dir='ltr'>Antistites,</span> <span class='ocrx_word' id='word_1_854' title='bbox 3892 4481 3924 4509; x_wconf 87' lang='lat'>»</span> 
     </span>
    </p>
   </div>
   <div class='ocr_carea' id='block_1_123' title="bbox 2284 4531 3918 4592">
    <p class='ocr_par' dir='ltr' id='par_1_123' title="bbox 2284 4531 3918 4592">
     <span class='ocr_line' id='line_1_123' title="bbox 2284 4531 3918 4592; baseline -0.005 -1"><span class='ocrx_word' id='word_1_855' title='bbox 2284 4531 2496 4592; x_wconf 57' lang='lat' dir='ltr'>odium&#39;</span> <span class='ocrx_word' id='word_1_856' title='bbox 2531 4531 2686 4590; x_wconf 80' lang='lat' dir='ltr'>enim</span> <span class='ocrx_word' id='word_1_857' title='bbox 2736 4539 2938 4590; x_wconf 88' lang='lat' dir='ltr'>contra</span> <span class='ocrx_word' id='word_1_858' title='bbox 2979 4534 3339 4590; x_wconf 86' lang='lat' dir='ltr'>Christianos</span> <span class='ocrx_word' id='word_1_859' title='bbox 3402 4537 3526 4587; x_wconf 88' lang='lat' dir='ltr'>erat</span> <span class='ocrx_word' id='word_1_860' title='bbox 3590 4531 3918 4592; x_wconf 89' lang='lat' dir='ltr'>publicum.</span> 
     </span>
    </p>
   </div>
   <div class='ocr_carea' id='block_1_124' title="bbox 2281 4603 3926 4677">
    <p class='ocr_par' dir='ltr' id='par_1_124' title="bbox 2281 4603 3926 4677">
     <span class='ocr_line' id='line_1_124' title="bbox 2281 4603 3926 4677; baseline -0.004 -14"><span class='ocrx_word' id='word_1_861' title='bbox 2281 4612 2430 4663; x_wconf 82' lang='lat' dir='ltr'>Sane</span> <span class='ocrx_word' id='word_1_862' title='bbox 2458 4607 2646 4662; x_wconf 91' lang='lat' dir='ltr'>Pontii</span> <span class='ocrx_word' id='word_1_863' title='bbox 2677 4605 2845 4662; x_wconf 89' lang='lat' dir='ltr'>Pilati</span> <span class='ocrx_word' id='word_1_864' title='bbox 2875 4605 3097 4677; x_wconf 90' lang='lat' dir='ltr'>similes</span> <span class='ocrx_word' id='word_1_865' title='bbox 3120 4605 3350 4677; x_wconf 91' lang='lat' dir='ltr'>judices</span> <span class='ocrx_word' id='word_1_866' title='bbox 3379 4603 3475 4677; x_wconf 85' lang='lat' dir='ltr'>hic</span> <span class='ocrx_word' id='word_1_867' title='bbox 3497 4603 3643 4677; x_wconf 78' lang='lat' dir='ltr'>mihi</span> <span class='ocrx_word' id='word_1_868' title='bbox 3665 4606 3926 4658; x_wconf 90' lang='lat' dir='ltr'>contem-</span> 
     </span>
    </p>
   </div>
   <div class='ocr_carea' id='block_1_125' title="bbox 2283 4675 3922 4804">
    <p class='ocr_par' dir='ltr' id='par_1_125' title="bbox 2283 4675 3922 4804">
     <span class='ocr_line' id='line_1_125' title="bbox 2283 4675 3922 4804; baseline -0.004 -69"><span class='ocrx_word' id='word_1_869' title='bbox 2283 4678 2448 4804; x_wconf 47' lang='grc' dir='ltr'>ἓωιέ</span> <span class='ocrx_word' id='word_1_870' title='bbox 2460 4679 2678 4746; x_wconf 91' lang='lat' dir='ltr'>videor,</span> <span class='ocrx_word' id='word_1_871' title='bbox 2730 4683 2790 4735; x_wconf 86' lang='lat' dir='ltr'>et</span> <span class='ocrx_word' id='word_1_872' title='bbox 2835 4675 3138 4745; x_wconf 36' lang='lat' dir='ltr'>fateberis,“</span> <span class='ocrx_word' id='word_1_873' title='bbox 3178 4677 3230 4733; x_wconf 89' lang='lat' dir='ltr'>si</span> <span class='ocrx_word' id='word_1_874' title='bbox 3273 4676 3540 4733; x_wconf 85' lang='lat' dir='ltr'>conferas</span> <span class='ocrx_word' id='word_1_875' title='bbox 3582 4675 3754 4732; x_wconf 86' lang='lat' dir='ltr'>Joan.</span> <span class='ocrx_word' id='word_1_876' title='bbox 3806 4691 3922 4743; x_wconf 80' lang='lat' dir='ltr'><strong>xix,</strong></span> 
     </span>
     <span class='ocr_line' id='line_1_126' title="bbox 2357 4767 2542 4804; baseline 0 0"><span class='ocrx_word' id='word_1_877' title='bbox 2357 4792 2370 4804; x_wconf 96' lang='lat'>.</span> <span class='ocrx_word' id='word_1_878' title='bbox 2453 4767 2542 4804; x_wconf 83' lang='grc' dir='ltr'>Αν.</span> 
     </span>
    </p>
   </div>
   <div class='ocr_carea' id='block_1_126' title="bbox 2281 4753 2542 4807">
    <p class='ocr_par' dir='ltr' id='par_1_126' title="bbox 2281 4753 2542 4807">
     <span class='ocr_line' id='line_1_127' title="bbox 2281 4753 2542 4807; baseline -0.004 0"><span class='ocrx_word' id='word_1_879' title='bbox 2281 4753 2370 4807; x_wconf 76' lang='grc'>42.</span> <span class='ocrx_word' id='word_1_880' title='bbox 2403 4753 2542 4806; x_wconf 83' lang='grc' dir='ltr'>ΗΑν.</span> 
     </span>
    </p>
   </div>
   <div class='ocr_carea' id='block_1_127' title="bbox 2354 4817 3921 4893">
    <p class='ocr_par' dir='ltr' id='par_1_127' title="bbox 2354 4817 3921 4893">
     <span class='ocr_line' id='line_1_128' title="bbox 2354 4817 3921 4893; baseline -0.002 -17"><span class='ocrx_word' id='word_1_881' title='bbox 2354 4822 2463 4893; x_wconf 89' lang='grc'>(37)</span> <span class='ocrx_word' id='word_1_882' title='bbox 2495 4821 2707 4893; x_wconf 76' lang='lat' dir='ltr'>Nostris</span> <span class='ocrx_word' id='word_1_883' title='bbox 2733 4821 2952 4893; x_wconf 72' lang='lat' dir='ltr'>elogiis.</span> <span class='ocrx_word' id='word_1_884' title='bbox 3004 4822 3173 4893; x_wconf 84' lang='lat' dir='ltr'>Recte</span> <span class='ocrx_word' id='word_1_885' title='bbox 3221 4819 3400 4893; x_wconf 90' lang='lat' dir='ltr'>iidem</span> <span class='ocrx_word' id='word_1_886' title='bbox 3454 4834 3468 4874; x_wconf 89' lang='lat'><strong>:</strong></span> <span class='ocrx_word' id='word_1_887' title='bbox 3519 4834 3656 4886; x_wconf 90' lang='lat' dir='ltr'>non,</span> <span class='ocrx_word' id='word_1_888' title='bbox 3703 4817 3921 4893; x_wconf 70' lang='lat' dir='ltr'>vestris,</span> 
     </span>
    </p>
   </div>
   <div class='ocr_carea' id='block_1_128' title="bbox 2282 4890 3926 4964">
    <p class='ocr_par' dir='ltr' id='par_1_128' title="bbox 2282 4890 3926 4964">
     <span class='ocr_line' id='line_1_129' title="bbox 2282 4890 3926 4964; baseline -0.002 -16"><span class='ocrx_word' id='word_1_889' title='bbox 2282 4890 2404 4948; x_wconf 75' lang='lat' dir='ltr'>haec</span> <span class='ocrx_word' id='word_1_890' title='bbox 2436 4890 2590 4948; x_wconf 88' lang='lat' dir='ltr'>enim</span> <span class='ocrx_word' id='word_1_891' title='bbox 2623 4891 2809 4964; x_wconf 91' lang='lat' dir='ltr'>elogia</span> <span class='ocrx_word' id='word_1_892' title='bbox 2838 4896 3006 4948; x_wconf 90' lang='lat' dir='ltr'>erant</span> <span class='ocrx_word' id='word_1_893' title='bbox 3030 4891 3517 4964; x_wconf 87' lang='lat' dir='ltr'>Christianorum,</span> <span class='ocrx_word' id='word_1_894' title='bbox 3550 4895 3616 4946; x_wconf 92' lang='lat' dir='ltr'>ut</span> <span class='ocrx_word' id='word_1_895' title='bbox 3662 4890 3830 4964; x_wconf 79' lang='lat' dir='ltr'>satis_</span> <span class='ocrx_word' id='word_1_896' title='bbox 3855 4905 3926 4945; x_wconf 88' lang='lat' dir='ltr'><strong>ex</strong></span> 
     </span>
    </p>
   </div>
   <div class='ocr_carea' id='block_1_129' title="bbox 2285 4961 3924 5036">
    <p class='ocr_par' dir='ltr' id='par_1_129' title="bbox 2285 4961 3924 5036">
     <span class='ocr_line' id='line_1_130' title="bbox 2285 4961 3924 5036; baseline -0.004 -14"><span class='ocrx_word' id='word_1_897' title='bbox 2285 4965 2664 5036; x_wconf 85' lang='lat' dir='ltr'>sequentibus</span> <span class='ocrx_word' id='word_1_898' title='bbox 2693 4961 3030 5036; x_wconf 72' lang='lat' dir='ltr'>apparebit.</span> <span class='ocrx_word' id='word_1_899' title='bbox 3061 4963 3288 5036; x_wconf 87' lang='lat' dir='ltr'>Gaudet</span> <span class='ocrx_word' id='word_1_900' title='bbox 3317 4968 3512 5036; x_wconf 87' lang='lat' dir='ltr'>autem</span> <span class='ocrx_word' id='word_1_901' title='bbox 3543 4962 3757 5033; x_wconf 64' lang='lat' dir='ltr'>saepius</span> <span class='ocrx_word' id='word_1_902' title='bbox 3787 4961 3924 5036; x_wconf 79' lang='lat' dir='ltr'>Ter-</span> 
     </span>
    </p>
   </div>
   <div class='ocr_carea' id='block_1_130' title="bbox 2283 5033 3923 5107">
    <p class='ocr_par' dir='ltr' id='par_1_130' title="bbox 2283 5033 3923 5107">
     <span class='ocr_line' id='line_1_131' title="bbox 2283 5033 3923 5107; baseline -0.003 -15"><span class='ocrx_word' id='word_1_903' title='bbox 2283 5033 2414 5092; x_wconf 89' lang='lat' dir='ltr'>tull.</span> <span class='ocrx_word' id='word_1_904' title='bbox 2450 5039 2599 5092; x_wconf 88' lang='lat' dir='ltr'>hanc</span> <span class='ocrx_word' id='word_1_905' title='bbox 2626 5033 2823 5092; x_wconf 81' lang='lat' dir='ltr'>vocem</span> <span class='ocrx_word' id='word_1_906' title='bbox 2857 5041 3117 5107; x_wconf 89' lang='lat' dir='ltr'>repetere</span> <span class='ocrx_word' id='word_1_907' title='bbox 3146 5053 3212 5092; x_wconf 94' lang='lat' dir='ltr'>eo</span> <span class='ocrx_word' id='word_1_908' title='bbox 3245 5035 3600 5107; x_wconf 87' lang='lat' dir='ltr'>significatu,</span> <span class='ocrx_word' id='word_1_909' title='bbox 3633 5049 3808 5105; x_wconf 88' lang='lat' dir='ltr'>quem</span> <span class='ocrx_word' id='word_1_910' title='bbox 3862 5033 3923 5088; x_wconf 89' lang='lat' dir='ltr'>in</span> 
     </span>
    </p>
   </div>
   <div class='ocr_carea' id='block_1_131' title="bbox 2285 5107 3926 5180">
    <p class='ocr_par' dir='ltr' id='par_1_131' title="bbox 2285 5107 3926 5180">
     <span class='ocr_line' id='line_1_132' title="bbox 2285 5107 3926 5180; baseline -0.002 -16"><span class='ocrx_word' id='word_1_911' title='bbox 2285 5109 2656 5180; x_wconf 87' lang='lat' dir='ltr'>rejudiciara</span> <span class='ocrx_word' id='word_1_912' title='bbox 2701 5109 3032 5171; x_wconf 76' lang='lat' dir='ltr'>obtinebat;</span> <span class='ocrx_word' id='word_1_913' title='bbox 3085 5107 3262 5163; x_wconf 86' lang='lat' dir='ltr'>moris</span> <span class='ocrx_word' id='word_1_914' title='bbox 3310 5107 3466 5180; x_wconf 85' lang='lat' dir='ltr'>enim</span> <span class='ocrx_word' id='word_1_915' title='bbox 3517 5111 3660 5180; x_wconf 88' lang='lat' dir='ltr'>erat,</span> <span class='ocrx_word' id='word_1_916' title='bbox 3706 5109 3772 5161; x_wconf 86' lang='lat' dir='ltr'>ut</span> <span class='ocrx_word' id='word_1_917' title='bbox 3805 5121 3926 5180; x_wconf 87' lang='lat' dir='ltr'>_no-</span> 
     </span>
    </p>
   </div>
   <div class='ocr_carea' id='block_1_132' title="bbox 2285 5177 3925 5250">
    <p class='ocr_par' dir='ltr' id='par_1_132' title="bbox 2285 5177 3925 5250">
     <span class='ocr_line' id='line_1_133' title="bbox 2285 5177 3925 5250; baseline -0.003 -14"><span class='ocrx_word' id='word_1_918' title='bbox 2285 5177 2547 5236; x_wconf 79' lang='lat' dir='ltr'>minibus</span> <span class='ocrx_word' id='word_1_919' title='bbox 2577 5181 2989 5236; x_wconf 90' lang='lat' dir='ltr'>damnatorum</span> <span class='ocrx_word' id='word_1_920' title='bbox 3021 5180 3372 5249; x_wconf 89' lang='lat' dir='ltr'>adjiceretur</span> <span class='ocrx_word' id='word_1_921' title='bbox 3417 5177 3610 5234; x_wconf 86' lang='lat' dir='ltr'>brevis</span> <span class='ocrx_word' id='word_1_922' title='bbox 3657 5177 3925 5250; x_wconf 75' lang='lat' dir='ltr'>quaedam</span> 
     </span>
    </p>
   </div>
   <div class='ocr_carea' id='block_1_133' title="bbox 2286 5249 3927 5324">
    <p class='ocr_par' dir='ltr' id='par_1_133' title="bbox 2286 5249 3927 5324">
     <span class='ocr_line' id='line_1_134' title="bbox 2286 5249 3927 5324; baseline -0.003 -16"><span class='ocrx_word' id='word_1_923' title='bbox 2286 5253 2595 5324; x_wconf 87' lang='lat' dir='ltr'>scriptura,</span> <span class='ocrx_word' id='word_1_924' title='bbox 2630 5269 2730 5307; x_wconf 91' lang='lat' dir='ltr'>seu</span> <span class='ocrx_word' id='word_1_925' title='bbox 2764 5252 2969 5307; x_wconf 90' lang='lat' dir='ltr'>titulus</span> <span class='ocrx_word' id='word_1_926' title='bbox 3002 5251 3635 5324; x_wconf 85' lang='lat' dir='ltr'>demonstrans,cujus</span> <span class='ocrx_word' id='word_1_927' title='bbox 3684 5249 3927 5324; x_wconf 56' lang='lat' dir='ltr'>potissie</span> 
     </span>
    </p>
   </div>
   <div class='ocr_carea' id='block_1_134' title="bbox 2286 5322 3930 5394">
    <p class='ocr_par' dir='ltr' id='par_1_134' title="bbox 2286 5322 3930 5394">
     <span class='ocr_line' id='line_1_135' title="bbox 2286 5322 3930 5394; baseline -0.004 -14"><span class='ocrx_word' id='word_1_928' title='bbox 2286 5322 2448 5380; x_wconf 86' lang='lat' dir='ltr'>mum</span> <span class='ocrx_word' id='word_1_929' title='bbox 2481 5324 2744 5381; x_wconf 90' lang='lat' dir='ltr'>criminis</span> <span class='ocrx_word' id='word_1_930' title='bbox 2777 5324 2858 5378; x_wconf 90' lang='lat' dir='ltr'>rei</span> <span class='ocrx_word' id='word_1_931' title='bbox 2889 5328 3105 5387; x_wconf 83' lang='lat' dir='ltr'>essent,</span> <span class='ocrx_word' id='word_1_932' title='bbox 3137 5323 3286 5392; x_wconf 92' lang='lat' dir='ltr'>quod</span> <span class='ocrx_word' id='word_1_933' title='bbox 3321 5322 3643 5394; x_wconf 88' lang='lat' dir='ltr'>clarissime</span> <span class='ocrx_word' id='word_1_934' title='bbox 3688 5323 3930 5394; x_wconf 90' lang='lat' dir='ltr'>apparet</span> 
     </span>
    </p>
   </div>
   <div class='ocr_carea' id='block_1_135' title="bbox 2286 5393 3926 5464">
    <p class='ocr_par' dir='ltr' id='par_1_135' title="bbox 2286 5393 3926 5464">
     <span class='ocr_line' id='line_1_136' title="bbox 2286 5393 3926 5464; baseline -0.003 -11"><span class='ocrx_word' id='word_1_935' title='bbox 2286 5415 2353 5454; x_wconf 86' lang='lat' dir='ltr'><strong>ex</strong></span> <span class='ocrx_word' id='word_1_936' title='bbox 2385 5397 2654 5452; x_wconf 87' lang='lat' dir='ltr'>Suetonio</span> <span class='ocrx_word' id='word_1_937' title='bbox 2684 5396 2744 5451; x_wconf 89' lang='lat' dir='ltr'>in</span> <span class='ocrx_word' id='word_1_938' title='bbox 2775 5394 2972 5464; x_wconf 84' lang='lat' dir='ltr'>Callig.</span> <span class='ocrx_word' id='word_1_939' title='bbox 3006 5411 3055 5449; x_wconf 85' lang='grc' dir='ltr'>ο.</span> <span class='ocrx_word' id='word_1_940' title='bbox 3104 5396 3174 5448; x_wconf 88' lang='grc'><strong>27</strong></span> <span class='ocrx_word' id='word_1_941' title='bbox 3225 5412 3238 5450; x_wconf 90' lang='lat'>:</span> <span class='ocrx_word' id='word_1_942' title='bbox 3295 5416 3322 5444; x_wconf 85' lang='lat'><strong>«</strong></span> <span class='ocrx_word' id='word_1_943' title='bbox 3369 5393 3779 5450; x_wconf 89' lang='lat' dir='ltr'>Custodiarum</span> <span class='ocrx_word' id='word_1_944' title='bbox 3835 5409 3926 5448; x_wconf 90' lang='lat' dir='ltr'>se—</span> 
     </span>
    </p>
   </div>
   <div class='ocr_carea' id='block_1_136' title="bbox 2286 5465 3923 5538">
    <p class='ocr_par' dir='ltr' id='par_1_136' title="bbox 2286 5465 3923 5538">
     <span class='ocr_line' id='line_1_137' title="bbox 2286 5465 3923 5538; baseline -0.002 -14"><span class='ocrx_word' id='word_1_945' title='bbox 2286 5469 2430 5524; x_wconf 92' lang='lat' dir='ltr'>riem</span> <span class='ocrx_word' id='word_1_946' title='bbox 2478 5483 2918 5537; x_wconf 83' lang='lat' dir='ltr'>recognoscens,</span> <span class='ocrx_word' id='word_1_947' title='bbox 2955 5465 3176 5521; x_wconf 90' lang='lat' dir='ltr'>nullius</span> <span class='ocrx_word' id='word_1_948' title='bbox 3209 5467 3468 5537; x_wconf 89' lang='lat' dir='ltr'>inspecto</span> <span class='ocrx_word' id='word_1_949' title='bbox 3494 5465 3923 5538; x_wconf 26' lang='lat' dir='ltr'>elogiotstans,</span> 
     </span>
    </p>
   </div>
   <div class='ocr_carea' id='block_1_137' title="bbox 2284 5535 3922 5610">
    <p class='ocr_par' dir='ltr' id='par_1_137' title="bbox 2284 5535 3922 5610">
     <span class='ocr_line' id='line_1_138' title="bbox 2284 5535 3922 5610; baseline -0.002 -14"><span class='ocrx_word' id='word_1_950' title='bbox 2284 5535 2693 5597; x_wconf 85' lang='lat' dir='ltr'>tantummodo</span> <span class='ocrx_word' id='word_1_951' title='bbox 2721 5539 2878 5595; x_wconf 89' lang='lat' dir='ltr'>intra</span> <span class='ocrx_word' id='word_1_952' title='bbox 2906 5539 3194 5610; x_wconf 87' lang='lat' dir='ltr'>porticum</span> <span class='ocrx_word' id='word_1_953' title='bbox 3238 5535 3519 5604; x_wconf 84' lang='lat' dir='ltr'>medium,</span> <span class='ocrx_word' id='word_1_954' title='bbox 3569 5535 3625 5610; x_wconf 28' lang='lat' dir='ltr'>at</span> <span class='ocrx_word' id='word_1_955' title='bbox 3650 5536 3808 5594; x_wconf 89' lang='lat' dir='ltr'>calvo</span> <span class='ocrx_word' id='word_1_956' title='bbox 3851 5535 3922 5610; x_wconf 79' lang='lat' dir='ltr'>ad</span> 
     </span>
    </p>
   </div>
   <div class='ocr_carea' id='block_1_138' title="bbox 2286 5607 3923 5683">
    <p class='ocr_par' dir='ltr' id='par_1_138' title="bbox 2286 5607 3923 5683">
     <span class='ocr_line' id='line_1_139' title="bbox 2286 5607 3923 5683; baseline -0.004 -14"><span class='ocrx_word' id='word_1_957' title='bbox 2286 5612 2517 5670; x_wconf 89' lang='lat' dir='ltr'>calvum</span> <span class='ocrx_word' id='word_1_958' title='bbox 2570 5611 2706 5667; x_wconf 91' lang='lat' dir='ltr'>duci</span> <span class='ocrx_word' id='word_1_959' title='bbox 2761 5607 3123 5683; x_wconf 44' lang='lat' dir='ltr'>imperavit,</span> <span class='ocrx_word' id='word_1_960' title='bbox 3155 5632 3182 5660; x_wconf 84' lang='lat'><strong>»</strong></span> <span class='ocrx_word' id='word_1_961' title='bbox 3243 5611 3318 5683; x_wconf 61' lang='lat' dir='ltr'>Et</span> <span class='ocrx_word' id='word_1_962' title='bbox 3364 5608 3737 5683; x_wconf 83' lang='lat' dir='ltr'>insigni__looo</span> <span class='ocrx_word' id='word_1_963' title='bbox 3769 5607 3923 5683; x_wconf 78' lang='lat' dir='ltr'>apud</span> 
     </span>
    </p>
   </div>
   <div class='ocr_carea' id='block_1_139' title="bbox 2284 5680 3921 5740">
    <p class='ocr_par' dir='ltr' id='par_1_139' title="bbox 2284 5680 3921 5740">
     <span class='ocr_line' id='line_1_140' title="bbox 2284 5680 3921 5740; baseline -0.004 0"><span class='ocrx_word' id='word_1_964' title='bbox 2284 5684 2617 5740; x_wconf 76' lang='lat' dir='ltr'>Volcatium</span> <span class='ocrx_word' id='word_1_965' title='bbox 2682 5680 3046 5739; x_wconf 77' lang='lat' dir='ltr'>Gallicanum</span> <span class='ocrx_word' id='word_1_966' title='bbox 3111 5682 3174 5738; x_wconf 89' lang='lat' dir='ltr'>in</span> <span class='ocrx_word' id='word_1_967' title='bbox 3239 5681 3374 5738; x_wconf 85' lang='lat' dir='ltr'>Vita</span> <span class='ocrx_word' id='word_1_968' title='bbox 3435 5680 3627 5738; x_wconf 79' lang='lat' dir='ltr'>Avidii</span> <span class='ocrx_word' id='word_1_969' title='bbox 3690 5681 3921 5738; x_wconf 88' lang='lat' dir='ltr'>Cassii:</span> 
     </span>
    </p>
   </div>
   <div class='ocr_carea' id='block_1_140' title="bbox 2288 5752 3919 5828">
    <p class='ocr_par' dir='ltr' id='par_1_140' title="bbox 2288 5752 3919 5828">
     <span class='ocr_line' id='line_1_141' title="bbox 2288 5752 3919 5828; baseline -0.001 -20"><span class='ocrx_word' id='word_1_970' title='bbox 2288 5777 2318 5808; x_wconf 85' lang='grc'>‹‹</span> <span class='ocrx_word' id='word_1_971' title='bbox 2348 5756 2524 5828; x_wconf 85' lang='lat' dir='ltr'>Vides</span> <span class='ocrx_word' id='word_1_972' title='bbox 2550 5753 2756 5828; x_wconf 83' lang='lat' dir='ltr'>multis</span> <span class='ocrx_word' id='word_1_973' title='bbox 2785 5771 2933 5828; x_wconf 89' lang='lat' dir='ltr'>opus</span> <span class='ocrx_word' id='word_1_974' title='bbox 2963 5768 3092 5810; x_wconf 90' lang='lat' dir='ltr'>esse</span> <span class='ocrx_word' id='word_1_975' title='bbox 3147 5752 3381 5828; x_wconf 64' lang='lat' dir='ltr'>gladiis,</span> <span class='ocrx_word' id='word_1_976' title='bbox 3440 5753 3657 5828; x_wconf 77' lang='lat' dir='ltr'>multis</span> <span class='ocrx_word' id='word_1_977' title='bbox 3684 5752 3919 5828; x_wconf 77' lang='lat' dir='ltr'>elogiis,</span> 
     </span>
    </p>
   </div>
   <div class='ocr_carea' id='block_1_141' title="bbox 2289 5824 3916 5900">
    <p class='ocr_par' dir='ltr' id='par_1_141' title="bbox 2289 5824 3916 5900">
     <span class='ocr_line' id='line_1_142' title="bbox 2289 5824 3916 5900; baseline -0.002 -15"><span class='ocrx_word' id='word_1_978' title='bbox 2289 5831 2356 5885; x_wconf 90' lang='lat' dir='ltr'>ut</span> <span class='ocrx_word' id='word_1_979' title='bbox 2401 5827 2462 5883; x_wconf 90' lang='lat' dir='ltr'>in</span> <span class='ocrx_word' id='word_1_980' title='bbox 2493 5825 2804 5900; x_wconf 88' lang='lat' dir='ltr'>antiquum</span> <span class='ocrx_word' id='word_1_981' title='bbox 2824 5824 3055 5885; x_wconf 76' lang='lat' dir='ltr'>statum</span> <span class='ocrx_word' id='word_1_982' title='bbox 3086 5824 3319 5898; x_wconf 76' lang='lat' dir='ltr'>publica</span> <span class='ocrx_word' id='word_1_983' title='bbox 3350 5825 3538 5883; x_wconf 85' lang='lat' dir='ltr'>forma</span> <span class='ocrx_word' id='word_1_984' title='bbox 3563 5824 3857 5882; x_wconf 88' lang='lat' dir='ltr'>reddatur.</span> <span class='ocrx_word' id='word_1_985' title='bbox 3894 5843 3916 5871; x_wconf 72' lang='grc' dir='ltr'><strong><em>ι</em></strong></span> 
     </span>
    </p>
   </div>
  </div>
