4366 6354
414 345 529 406 321

1529 343 2121 406 APOLOGETICUS
2164 344 2345 405 ADV.
2400 344 2735 406 GENTES.

3719 346 3838 409 322

413 493 756 543 numerum,
806 476 1000 533 locum
1050 477 1118 542 ⁸³,
1163 477 1428 543 modum,
1479 480 1735 549 tempus,
1788 477 2073 544 conscios,
2105 483 2160 550 Α
2191 482 2476 549 oportere.
2511 478 2555 533 Ο
2586 478 2941 533 sententiam
2974 477 3325 533 necessitate
3355 476 3659 533 confusam
3685 477 3697 533 l
3722 483 3834 534 Ne-

414 567 634 621 socios.
670 566 747 621 De
780 567 948 621 nobis
978 565 1123 621 nihil
1155 565 1291 634 tale,
1338 581 1472 621 cum
1536 582 1699 637 isque
1743 565 2071 637 extorqueri

413 661 734 727 oporteret,
768 655 1160 727 quodcunque
1183 655 1327 710 falso
1352 656 1632 725 jactatur,
1653 658 1795 725 quot
1823 655 2073 726 quisque

408 746 537 815 jam
576 745 947 799 infanticidia
978 745 1518 815 degustasset,quot
1550 744 1771 798 incesta
1802 750 2073 798 contene-

413 834 659 888 brasset
688 833 749 900 ⁸³,
783 833 883 904 qui
910 832 1052 897 coci,
1087 833 1186 903 qui
1218 848 1391 887 canes
1420 832 1747 887 aﬂ‘uissent.
1778 832 1821 887 Ο
1854 836 2075 903 quanta

414 922 581 977 illius
614 922 883 993 praesidis
915 921 1119 993 gloria,
1152 922 1198 976 si
1233 922 1481 976 eruisset
1538 922 1582 955 “
1638 921 1913 992 aliquem,
1972 922 2072 991 qui

414 1015 663 1065 centum
707 1011 833 1081 jam
892 1011 1147 1065 infantes
1207 1009 1591 1065 comedisset!
1648 1009 1865 1080 Atquin
1920 1010 2075 1065 inve-

414 1100 622 1154 nimus
671 1099 1112 1171 inquisitionem
1162 1114 1395 1170 quoque
1443 1099 1503 1153 in
1555 1115 1659 1154 nos
1691 1098 2070 1170 prohibitam.

413 1188 651 1243 Plinius
682 1189 836 1243 enim
870 1188 1175 1243 Secundus
1206 1188 1319 1259 (38)
1350 1204 1481 1243 cum
1517 1188 1873 1259 provinciam
1905 1204 2073 1261 rege-

413 1283 520 1340 ret.
554 1277 858 1333 damnatis
891 1277 1246 1348 quibusdam
1296 1278 1663 1347 Christianis,
1715 1279 2071 1349 quibusdam

412 1367 568 1422 «ηδ
633 1367 819 1437 gradu
880 1366 1067 1437 pulsis
1121 1366 1254 1437 (39),
1308 1367 1435 1436 ipsa
1468 1372 1660 1422 tamen
1694 1367 2072 1423 multitudine

411 1454 971 1527 perturbatus,quid
996 1456 1066 1510 de
1087 1460 1294 1511 caetero
1317 1456 1835 1528 ageret,consuluit
1857 1461 1998 1512 tunc
2028 1458 2072 1491 “

411 1544 738 1616 Trajanum
771 1544 1206 1616 imperatorem,
1239 1543 1500 1616 allegans
1548 1549 1753 1616 praeter
1809 1546 2070 1601 obstina-

412 1634 640 1689 tionem
692 1649 807 1688 non
859 1632 1251 1701 sacriﬁcandi,
1302 1634 1448 1688 nihil
1484 1633 1640 1689 aliud
1679 1650 1740 1688 se
1770 1634 1841 1689 de
1870 1652 2070 1690 sacra-

414 1722 636 1776 mentis
667 1722 710 1757 “
740 1738 942 1777 eorum
975 1721 1353 1792 comperisse,
1378 1738 1554 1793 quam
1599 1727 1782 1777 coetus
1837 1723 2070 1778 antelu-

412 1827 593 1866 canos
626 1811 739 1882 (40)
767 1811 835 1865 ad
870 1810 1197 1865 canendum
1232 1811 1341 1881 (41)
1372 1811 1600 1867 Christo
1632 1816 1695 1866 ut
1738 1812 1780 1846 ‘7
1842 1818 1953 1867 Deo
2012 1816 2069 1867 et

412 1899 482 1953 ad
541 1899 1057 1954 confmderandam
1116 1899 1159 1933 ⁴⁸
1217 1898 1613 1971 disciplinam,
1664 1900 2065 1972 homicidium,

411 1988 795 2057 adulterium,
832 1988 1115 2053 fraudem,
1151 1986 1480 2058 perﬁdiam,
1508 1993 1564 2043 et
1596 1992 1801 2044 caetera
1848 1988 2068 2044 scelera

410 2076 813 2146 prohibentes.
865 2076 1026 2131 Tunc
1073 2076 1362 2145 Traianus
1393 2076 1710 2147 rescripsit,
1745 2077 1853 2133 hoc
1880 2094 2066 2149 genus

408 2164 800 2236 inquirendos
826 2164 1063 2235 quidem
1098 2180 1212 2219 non
1244 2180 1393 2235 esse,
1428 2164 1655 2221 oblatos
1684 2182 1818 2221 vero
1869 2165 2068 2237 puniri

2097 1857 2144 1921 B

2180 570 2279 637 gat
2311 566 2691 637 inquirendos
2722 572 2788 621 ut
2818 566 3179 631 innocentes,
3212 573 3269 621 et
3300 568 3540 622 mandat
3582 568 3833 639 punien-

2182 655 2288 709 dos
2318 656 2361 689 ⁸³
2392 660 2456 710 ut
2490 661 2781 711 nocentes.
2814 656 3003 711 Parcit
3032 662 3089 711 et
3141 656 3322 722 saevit,
3384 656 3721 712 dissimulat
3777 661 3835 713 et

2183 743 2616 799 animadvertit.
2651 746 2795 808 Quid
2824 745 3199 815 temetipsum
3228 746 3272 779 ⁶⁰
3301 762 3549 799 censura
3583 747 3832 803 circum-

2180 833 2391 887 venis?
2424 833 2472 887 si
2505 835 2772 901 damnas,
2806 851 2907 889 cur
2941 850 3051 888 non
3085 840 3141 888 et
3170 834 3211 870 εί
3246 834 3495 905 inquiris
3525 838 3547 888 Ρ
3605 836 3650 889 si
3714 853 3829 891 non

2182 920 2453 990 inquiris,
2515 938 2619 975 cur
2676 939 2791 976 non
2851 925 2906 975 et
2950 921 3245 977 absolvist‘
3279 923 3622 978 Latronibus
3653 925 3826 978 vesti-

2180 1010 2390 1080 gandis
2422 1010 2465 1043 ²⁵
2498 1026 2597 1081 per
2628 1009 2929 1065 universas
2961 1011 3290 1081 provincias
3323 1011 3596 1066 militaris
3656 1012 3830 1068 statio

2180 1098 2457 1165 sortitur;
2490 1097 2548 1152 in
2581 1115 2709 1153 reos
2740 1098 3067 1168 majestatis
3098 1103 3154 1153 et
3184 1098 3450 1170 publicos
3481 1098 3678 1155 hostes
3710 1117 3834 1155 om-

2180 1186 2272 1241 nis
2304 1186 2477 1241 homo
2506 1186 2675 1241 miles
2697 1191 2805 1254 est,
2839 1188 2910 1241 ad
2943 1187 3154 1252 socios,
3189 1188 3257 1242 ad
3321 1187 3584 1243 conscios
3645 1204 3830 1260 usque

2178 1275 2481 1345 inquisitio
2528 1276 2879 1331 extenditur.
2933 1276 3133 1331 Solum
3175 1276 3571 1331 Christianum
3604 1277 3828 1350 inquiri

2180 1382 2295 1419 non
2330 1366 2483 1431 licet,
2518 1365 2711 1420 oli'erri
2745 1364 2897 1435 licet,
2932 1365 3100 1436 quasi
3135 1365 3294 1420 aliud
3325 1372 3477 1420 esset
3508 1372 3710 1422 actura
3740 1368 3831 1422 in-

2178 1452 2416 1524 quisitio
2444 1469 2619 1524 quam
2652 1451 3008 1509 oblationem
3044 1454 3107 1509 ⁸³.
3142 1453 3445 1509 Damnatis
3495 1455 3649 1510 274
3692 1472 3829 1527 ergo

2178 1542 2480 1609 oblatum;
2516 1558 2687 1613 quem
2722 1559 2892 1597 nemo
2915 1541 3097 1597 voluit
3128 1542 3504 1613 requisitum,
3528 1544 3627 1614 qui
3659 1550 3825 1614 puto,

2169 1632 2295 1701 jam
2329 1647 2441 1685 non
2476 1630 2604 1685 ideo
2632 1630 2846 1685 meruit
2878 1647 3131 1702 poenam,
3167 1632 3302 1701 quia
3335 1648 3550 1688 nocens
3584 1638 3693 1702 est,
3726 1634 3827 1689 sed

2179 1719 2341 1790 quia,
2376 1736 2486 1773 non
2521 1719 2931 1789 requirendus,
2962 1719 3237 1774 inventus
3261 1726 3350 1775 est
3396 1721 3458 1774 ⁵⁸.
3492 1725 3693 1792 Itaque
3724 1738 3827 1777 nec

2180 1811 2238 1864 in
2271 1810 2370 1864 illo
2401 1825 2469 1863 ex
2501 1810 2685 1863 forma
2719 1808 3478 1879 malorumjudicandorum
3498 1811 3671 1880 agitis
3694 1828 3828 1882 erga

2180 1916 2307 1965 nos,
2342 1900 2495 1969 quod
2529 1897 2749 1953 ceteris
2801 1898 3152 1971 negantibus
3197 1898 3488 1954 adhibetis
3516 1903 3829 1969 6tormenta

2175 1989 2247 2044 ad
2280 1988 2698 2054 conﬁtendum,
2734 1987 2875 2043 solis
2925 1987 3276 2043 Christianis
3327 1989 3397 2043 ad
3450 1990 3826 2059 negandum;

2175 2094 2331 2146 cum,
2365 2078 2414 2131 si
2450 2075 2676 2131 malum
2708 2080 2883 2143 esset,
2918 2094 3025 2132 nos
3056 2078 3292 2148 quidem
3329 2080 3828 2148 negaremusﬁvos

2174 2182 2305 2221 vero
2328 2166 2592 2221 conﬁteri
2615 2164 2927 2221 tormentis
2951 2166 3403 2238 compelleretis.
3438 2166 3637 2238 Neque
3669 2168 3827 2223 enim

1839 2310 2041 2370 Varias
2073 2309 2394 2372 lectiones.

479 2416 525 2450 ⁴²
556 2415 884 2471 Numerum
915 2413 1087 2470 abest.
1118 2420 1249 2470 Par.
1283 2415 1403 2485 Rig.

1479 2414 1524 2449 ἰθ
1553 2415 1847 2471 Rhenanus
1878 2417 1938 2471 in
1966 2416 2051 2472 ed.
2081 2418 2123 2473 ι.
2156 2425 2207 2472 et
2239 2415 2494 2472 Gelenius
2528 2438 2539 2471 ;
2575 2414 3059 2472 concelebrasset.
3136 2417 3181 2451 “
3210 2416 3534 2472 Invenisset
3561 2418 3816 2474 Parisin.

412 2487 457 2521 ⁴⁸
484 2491 651 2542 Tunc
683 2488 847 2542 abest
872 2488 1119 2542 Parisin.
1198 2488 1242 2521 ⁸⁸
1273 2486 1536 2541 Heraldus
1565 2504 1593 2541 θ
1620 2505 1722 2543 ms.
1756 2492 1810 2543 et
1838 2490 2061 2543 Haverc.
2090 2505 2119 2544 θ
2146 2489 2261 2544 cod.
2293 2488 2455 2544 Fuld.
2508 2488 2921 2554 sacramentis;
2982 2488 3190 2543 Semler
3244 2489 3342 2542 all.
3399 2505 3411 2543 :

3478 2490 3680 2546 sacris.
3733 2489 3819 2561 Cf.

412 2560 590 2631 Plinii
645 2575 767 2631 epp.
818 2559 917 2631 10,
948 2560 1035 2612 96.
1112 2559 1155 2593 ⁸⁷
1186 2560 1269 2613 Ila
1299 2558 1459 2614 Fuld.
1482 2575 1502 2619 ;
1534 2558 1703 2614 Rhen.
1736 2564 1793 2614 et
1822 2560 1924 2615 Ch.
1956 2566 2012 2615 et
2046 2562 2189 2627 Deo;
2222 2562 2326 2615 alii
2355 2578 2373 2614 :
2406 2560 2508 2615 Ch.
2543 2566 2601 2615 et
2633 2567 2764 2616 Deo.
2840 2560 2883 2594 ⁸⁸
2914 2561 3335 2615 Conferendam
3369 2562 3547 2615 Paris.
3626 2562 3672 2595 ‘9
3704 2558 3817 2615 Pu-

412 2630 520 2705 uiri
534 2630 740 2705 AParis’.
787 2630 1126 2705 __‘°_Woutv.,
1160 2631 1274 2705 Rig.
1306 2634 1354 2685 at
1394 2632 1617 2686 Haverc.
1650 2632 2043 2703 temetipsam.
2120 2633 2160 2668 δί
2197 2637 2264 2689 Et
2292 2632 2460 2688 abest.
2494 2633 2687 2688 Franc.
2764 2632 2808 2666 ⁵³
2842 2632 3268 2705 Investigandis
3302 2634 3485 2687 Paris.
3571 2632 3615 2667 ⁵³
3645 2632 3817 2689 Obla-

412 2703 489 2758 tio
520 2702 751 2758 Semler.
785 2702 831 2737 ⁸⁸
855 2701 954 2757 Est
983 2702 1136 2758 abest
1165 2703 1314 2757 aliis.

1855 2803 2378 2865 Commentarius.

412 2906 479 2961 Et
532 2907 758 2979 optime
816 2907 1163 2978 Spartianus
1212 2907 1281 2962 de
1308 2906 1516 2962 Severo
1550 2924 1562 2961 :
1599 2929 1627 2957 «
1662 2906 1723 2961 In
1756 2923 1872 2977 qua
1901 2905 2062 2978 lega-

410 2979 587 3051 tione,
624 2995 807 3051 quum
839 2979 1077 3050 quidam
1109 2979 1473 3050 municipum
1515 2995 1757 3051 suorum
1809 2981 2061 3049 Leptita-

418 3067 546 3122 nus,
574 3050 1053 3122 praecedentibus
1084 3051 1365 3117 fascibus,
1401 3054 1465 3104 ut
1494 3050 1807 3121 antiquum
1854 3056 2061 3105 contu-

415 3121 722 3178 bernalem
757 3123 905 3194 ipse
937 3122 1197 3194 plebeius
1229 3122 1567 3194 complexus
1598 3128 1772 3191 esset,
1806 3122 2061 3177 fustibus

413 3208 541 3249 cum
575 3195 690 3250 sub
720 3193 906 3266 elogio
938 3193 1202 3265 ejusdem
1234 3193 1511 3266 praeconis
1543 3194 2060 3265 cecidit,Legatum

414 3267 473 3317 P.
508 3266 571 3323 Β.
607 3266 1073 3338 ῂοωοᾼρὶθὺθίυε
1101 3272 1316 3321 temere
1344 3266 1615 3338 amplecti
1637 3266 1787 3338 noli.
1840 3287 1867 3314 »
1916 3266 2061 3321 Hinc

415 3344 613 3409 noster
659 3336 1100 3409 intelligendus,
1150 3354 1283 3392 cum
1332 3336 1535 3393 scribit
1575 3337 1645 3392 ad
1666 3337 1976 3408 Scapulam,
2004 3354 2058 3409 c.

419 3408 448 3461 4
481 3424 493 3461 :
531 3432 559 3459 ί(
594 3414 820 3465 Pudens
843 3407 1019 3465 etiam
1055 3409 1301 3464 missum
1338 3410 1407 3463 ad
1440 3426 1503 3464 se
1528 3409 1948 3477 Christianum,
1999 3407 2059 3463 in

420 3478 607 3552 elogio
642 3482 1028 3537 concussione
1058 3483 1187 3551 ejus
1216 3481 1531 3549 intellecta,
1584 3481 1832 3545 dimisit,
1877 3481 2061 3536 scisso

419 3554 621 3625 eodem
652 3552 837 3625 elogio
868 3553 996 3608 sine
1025 3562 1360 3608 excusatore
1383 3569 1604 3623 negans
1630 3570 1691 3608 se
1722 3552 2060 3607 auditurum

419 3622 816 3680 hominemf»
868 3626 935 3679 Et
976 3625 1040 3679 de
1089 3625 1299 3680 Corona
1344 3622 1563 3692 militis,
1615 3641 1664 3679 c.
1697 3626 1732 3678 5
1765 3642 1778 3679 :
1818 3645 1845 3674 «
1878 3625 2062 3679 Omne

419 3702 610 3752 autem
646 3697 801 3767 quod
835 3704 1033 3751 contra
1064 3702 1333 3751 naturam
1364 3702 1472 3764 est,
1506 3696 1754 3751 monstri
1806 3700 2063 3767 meretur

420 3774 612 3823 notam
647 3766 851 3823 omnes
883 3784 1264 3840 penes,penes
1297 3785 1402 3823 nos
1434 3784 1564 3822 vero
1597 3770 1772 3824 etiam
1804 3766 2060 3838 elogium

417 3840 791 3910 sacrilegii,in
811 3840 993 3895 Deum
1026 3846 1249 3895 naturae
1279 3840 1583 3894 dominum
1617 3844 1675 3895 et
1706 3845 2059 3894 auctorem.»

416 3910 485 3983 De
514 3912 739 3977 Anima,
773 3928 822 3966 c.
857 3913 922 3965 17
954 3928 968 3965 :
1003 3934 1030 3960 «
1065 3912 1184 3967 Imo
1210 3913 1336 3981 jam
1369 3929 1440 3967 ne
1469 3912 1615 3983 ipsis
1648 3912 1885 3982 quidem
1925 3927 2060 3965 cau-

415 3979 492 4036 sis
512 3984 971 4055 adscribendum
1006 3989 1095 4038 est
1123 3979 1365 4039 fallacias
1396 3979 1680 4055 elogium:
1709 4005 1737 4031 »
1770 3983 1907 4037 ΗΑν.

480 4054 590 4125 (38)
628 4057 846 4110 Plinius
869 4056 1021 4109 enim
1050 4055 1337 4110 secundus.
1372 4054 1565 4124 Magni
1616 4055 1788 4110 istius
1839 4057 2060 4108 naturae

417 4121 767 4199 Indigatoris
821 4143 911 4199 ex_
942 4143 1140 4183 sorore
1196 4143 1398 4198 nepos,
1458 4121 1735 4199 omnibus
1757 4127 1884 4199 jam
1915 4126 2059 4179 satis

418 4197 610 4269 notus,
644 4199 813 4269 cuius
839 4197 1164 4253 etiamnum
1196 4197 1425 4254 exstant
1468 4198 1608 4253 tersi
1659 4203 1716 4253 et
1763 4197 2060 4269 elegantes

415 4268 796 4337 epistolarum
854 4270 987 4324 libri
1038 4288 1094 4337 x,
1142 4286 1390 4341 quorum
1459 4270 1708 4325 ultimus
1777 4268 2061 4341 rescripta

418 4353 645 4414 quoque
675 4340 909 4412 Trajani
939 4340 1495 4414 Caesariscontinet,
1527 4341 1586 4395 in
1614 4340 1828 4413 quibus
1860 4340 2058 4414 etddi-

419 4410 607 4490 vinus,
653 4419 733 4490 _ut
784 4410 1029 4490 vocabat
1068 4411 1342 4490 scaliger,
1373 4414 1447 4490 ad
1478 4410 1891 4490 imperatorem
1924 4412 2060 4466 Tra-

412 4484 618 4557 janum
652 4486 1057 4557 Panegyricus.
1109 4484 1297 4556 Hujus
1355 4485 1522 4557 epist.
1568 4484 1673 4553 ’97,
1734 4484 1833 4539 lib.
1890 4501 1956 4557 x,
2004 4490 2061 4557 et

418 4551 649 4627 Trajani
708 4551 1082 4628 responsum,
1138 4551 1229 4629 ep.
1261 4558 1350 4625 91,
1383 4551 2059 4629 dignissimaersuntlegi

418 4630 625 4684 etnon
691 4627 921 4684 tantum
990 4630 1058 4684 ad
1130 4627 1281 4683 hanc
1348 4629 1558 4685 veteris
1630 4627 2063 4684 Christianismi

2172 2926 2305 2963 cum
2338 2908 2653 2981 quamdam
2688 2908 3045 2981 provinciam
3079 2912 3384 2980 regeret,et
3414 2908 3471 2962 in
3506 2910 3821 2981 magistra-

2171 2986 2232 3034 tu
2267 2997 2372 3035 suo
2407 2980 2688 3051 plurimos
2720 2980 3183 3034 Christianorum
3219 2980 3623 3045 interfecisset,
3666 2981 3816 3035 mul-

2172 3052 2421 3106 titudine
2446 3067 2647 3105 eorum
2680 3053 3040 3119 perterritus,
3102 3052 3365 3121 qumsivit
3417 3054 3484 3106 de
3540 3053 3813 3121 Trajano,

2171 3123 2311 3193 quid
2372 3124 2517 3177 facto
2568 3138 2714 3192 opus
2742 3122 3207 3190 esset,nuntians
3236 3123 3284 3177 ei
3324 3128 3527 3192 praeter
3556 3124 3817 3177 obstina-

2171 3196 2392 3275 tionem
2422 3210 2535 3248 non
2568 3194 2957 3275 sacriﬁcandi,
2989 3199 3045 3249 et
3083 3194 3692 3275 antelucanosncmtus
3742 3195 3815 3250 ad

2172 3266 2502 3321 canendum
2561 3265 2793 3323 cuidam
2824 3264 3051 3321 Christo
3087 3271 3147 3319 ut
3177 3266 3311 3331 Deo,
3348 3264 3492 3319 nihil
3527 3268 3681 3337 apud
3714 3283 3812 3322 eos

2172 3338 2433 3410 reperiri,
2469 3339 2844 3410 przetcreaad
2877 3338 3382 3410 confoederandam
3434 3338 3809 3410 disciplinam

2172 3407 2349 3465 vetari
2384 3407 2575 3463 abhis
2608 3407 2941 3477 homicidia,
2991 3410 3161 3475 furta,
3220 3408 3525 3475 adulteria,
3588 3407 3820 3465 latroci-

2172 3484 2291 3550 nia,
2344 3486 2401 3535 et
2456 3480 2814 3552 hissimilia.
2876 3482 2959 3535 Ad
3018 3499 3143 3551 quas
3177 3486 3506 3535 commotus
3531 3484 3816 3552 Trajanus

2174 3552 2518 3624 rescripsit:
2555 3551 2663 3606 hoc
2720 3569 2904 3622 genus
2963 3555 3201 3623 quidem
3261 3551 3651 3621 inquirendos
3702 3570 3816 3609 non

2171 3642 2322 3689 esse,
2362 3623 2602 3678 ’oblatos
2651 3640 2782 3678 vero
2836 3625 3032 3695 puniri
3092 3630 3377 3696 Oportcre.
3420 3625 3817 3681 Tertullianus

2170 3698 2343 3753 relert
2370 3698 2429 3750 in
2460 3696 2848 3766 Apologetico.
2886 3719 2912 3743 ››
2948 3696 3085 3751 ΗΑν.

2242 3769 2353 3839 (39)
2415 3767 2746 3833 Quibusdam
2803 3768 2975 3837 gradu
3032 3768 3225 3837 pulsis.
3278 3767 3356 3821 Ex
3398 3766 3471 3839 iis
3501 3784 3581 3834 se,
3618 3767 3716 3839 qui
3749 3782 3816 3822 ex

2169 3838 2506 3895 honestiore
2550 3840 2753 3893 ordine
2803 3840 2871 3893 ad
2925 3842 3098 3894 istam
3148 3842 3365 3893 sectam
3416 3838 3813 3906 inclinabant,

2172 3928 2307 3966 nam
2342 3911 2410 3965 ad
2444 3911 2551 3964 hoc
2581 3926 2790 3965 nomen
2824 3910 3013 3965 omnis
3041 3910 3317 3976 conditio,
3350 3910 3526 3965 etiam
3559 3911 3818 3979 dignitas

2169 3982 2733 4054 transgrediebatur,
2770 3990 2832 4036 ut
2863 3999 3043 4053 supra
3073 3983 3235 4037 dixit.
3260 3974 3419 4046 Quod
3452 3999 3585 4035 cum
3621 3974 3818 4037 Severi

2170 4053 2743 4123 etiam'temporibus
2774 4053 3369 4125 accideret.principis
3403 4055 3529 4123 ejus
3561 4054 3814 4109 clemen-

2170 4129 2311 4181 tiam
2347 4131 2400 4180 et
2423 4124 2717 4194 justitiam
2756 4126 3029 4194 pradicet
3058 4124 3296 4181 Tertull.
3336 4132 3533 4180 noster
3560 4127 3631 4181 ad.
3686 4125 3816 4180 Sca-

2164 4200 2378 4269 pulam,
2434 4213 2484 4250 o.
2509 4198 2563 4269 _4
2598 4213 2610 4250 :
2649 4218 2675 4245 «
2710 4197 2817 4251 Sed
2852 4202 2906 4251 et
2937 4198 3298 4252 clarissimas
3331 4197 3579 4251 feminas
3612 4202 3668 4252 et
3698 4197 3814 4251 cla-

2169 4265 2439 4325 rissimos
2470 4265 2623 4321 viros
2678 4269 2923 4323 Severus
2954 4270 3144 4324 sciens
3202 4269 3382 4339 hujus
3441 4275 3609 4323 sectas
3668 4285 3817 4337 esse,

2169 4359 2284 4397 non
2343 4340 2516 4395 modo
2576 4356 2688 4393 non
2750 4339 2919 4406 laesit,
2966 4358 3165 4395 verum
3201 4345 3257 4396 et
3286 4340 3621 4395 testimonio
3651 4357 3816 4395 exor-

2168 4412 2350 4480 navit,
2383 4416 2441 4468 et
2471 4411 2707 4482 populo,
2742 4411 2955 4466 furenti
3002 4412 3061 4466 in
3110 4429 3209 4467 eos
3257 4412 3448 4483 palam
3501 4410 3735 4466 restitit.
3785 4433 3813 4462 ››

2169 4487 2309 4541 ΗΑν.

2237 4559 2353 4624 (40)
2388 4558 2573 4611 Gavius
2604 4555 2975 4609 antelucanos.
3013 4557 3086 4605 De
3119 4558 3267 4607 coetu
3303 4558 3392 4607 est
3421 4555 3574 4621 quod
3628 4557 3815 4623 notes,

2157 4629 2387 4683 solitam
2424 4629 2547 4683 dari
2583 4644 2779 4681 vocem
2814 4626 2963 4680 hanc
2994 4626 3169 4678 rebus
3203 4626 3409 4679 sacris.
3435 4626 3581 4679 Hinc
3619 4625 3814 4680 Meurc

415 4700 685 4771 notitiam
723 4701 1059 4757 memoriter
1088 4701 1373 4756 tenendis.
1406 4706 1552 4755 Nam
1585 4718 1683 4757 eas
1705 4699 1929 4771 legisse,
1964 4716 2070 4753 suo
2104 4696 2278 4757 "sius
2311 4700 2457 4754 illud
2493 4698 2859 4754 Constantini
2896 4699 3177 4751 ll‘lanassze
3206 4696 3264 4752 in
3295 4698 3622 4753 Annalibus
3656 4713 3668 4751 :

416 4770 673 4845 Lempore
721 4773 1159 4845 Hieronymum,
1186 4777 1349 4827 notat
1377 4772 1631 4845 Scaliger
1660 4774 1718 4827 in
1750 4770 2050 4845 laboribus

415 4838 775 4911 Eusebianis.
806 4838 1065 4910 Orosius,
1098 4843 1192 4899 lib.
1224 4860 1305 4900 νη
1330 4838 1562 4909 Hister:
1584 4863 1633 4900 c.
1686 4846 1739 4911 8,
1792 4845 1863 4898 de
1910 4843 2049 4898 Tra-

411 4910 545 4978 iano
599 4934 613 4971 :
666 4939 693 4966 ι(
749 4921 809 4972 ln
838 4917 1259 4988 persequendis
1288 4916 1633 4972 Christianis
1663 4932 1857 4972 errore
1887 4914 2050 4988 dece-

416 4989 543 5051 ptus
576 4990 785 5044 tertius
815 4986 854 5044 a
877 4986 1100 5043 Nerone
1132 5004 1265 5042 cum
1299 4989 1519 5059 passim
1544 4995 1803 5059 repertos
1827 4986 1953 5058 cogi
1979 4988 2050 5042 ad

415 5059 860 5115 sacriﬁcandum
891 5059 1085 5125 idolis,
1117 5076 1185 5116 ac
1215 5058 1881 5115 detrectantes’interﬁci
1917 5076 2052 5129 pra:-

419 5132 661 5204 cepisset
680 5131 1037 5204 plurimique
1071 5131 1574 5200 interﬁcerentur;
1602 5131 1769 5188 Plinii
1801 5130 2051 5185 Secundi

420 5203 513 5276 qui
542 5204 694 5260 inter
722 5203 962 5260 caeteros
991 5204 1225 5276 judices
1281 5208 1617 5275 persecutor
1673 5206 1871 5276 datus,
1906 5208 2049 5269 erat,

416 5271 592 5330 relatu
626 5276 962 5332 admonitus
992 5271 1090 5333 eos
1106 5271 1376 5332 homines
1395 5283 1601 5333 nrzster
1625 5273 2052 5333 confessionem

415 5342 617 5421 Christi
652 5348 1016 5421 honesteque
1047 5342 1451 5404 conventicula
1498 5348 1644 5404 nihil
1694 5347 2053 5421 contrarium

418 5410 686 5475 Romanis
736 5410 973 5493 legibus
1015 5421 1222 5493 facere,
1274 5421 1490 5477 ﬁducia
1537 5436 1676 5476 sane
1724 5420 2053 5493 innocentis

418 5490 1043 5565 confessionis‘nemini
1078 5497 1323 5565 mortem
1343 5509 1589 5565 gravem
1623 5508 1690 5547 ac
1725 5490 2054 5565 formidolo-

419 5571 533 5635 Sqm
566 5564 769 5635 videri,
803 5563 1106 5635 rescriptis
1138 5563 1295 5619 illico
1341 5563 1660 5620 levioribus
1706 5563 2055 5634 temperavit

417 5630 683 5708 edictum.
740 5630 769 5694 ἦ
816 5630 1152 5708 Hieronymi
1199 5636 1374 5692 verba
1420 5654 1488 5692 ex
1539 5636 1788 5691 Eusebio
1821 5630 1879 5690 et
1909 5636 2052 5708 Ter-

416 5701 647 5765 tulliano
679 5708 931 5765 conﬂata
961 5701 1102 5763 sunt
1132 5706 1190 5761 in
1234 5708 1517 5765 Chronico
1566 5726 1673 5763 suo
1720 5707 2051 5763 Eusebiano

418 5775 480 5829 ad
528 5796 744 5837 annum
791 5780 997 5838 mundi
1046 5780 1308 5836 XXCXXI
1346 5796 1357 5836 :
1397 5804 1418 5830 ι
1457 5781 1682 5837 Plinius
1721 5782 2051 5846 Secundus,

2231 4806 2394 4861 Οὗτοι
2425 4804 2515 4858 καὶ
2544 4805 2647 4879 γὰρ
2680 4802 3018 4878 ἀθροίσαντες
3054 4798 3247 4876 ἄνδρας
3281 4802 3669 4878 Θεοφορῆτους,

2160 4914 2243 4969 ita
2274 4914 2465 4967 reddit
2497 4928 2510 4965 :
2552 4932 2573 4961 ι
2610 4917 2747 4967 Nam
2780 4911 2840 4965 hi
2874 4909 3279 4981 religiosorum
3313 4910 3619 4966 hominum
3663 4915 3814 4967 cmtu

2161 4992 2381 5042 coacto.
2420 5008 2439 5032 ιι
2482 4985 2791 5055 Dionysius
2842 4984 3095 5055 Exiguus
3147 4982 3298 5055 hanc
3347 5000 3543 5037 vocem
3595 4985 3694 5037 dat
3722 4984 3815 5037 in-

2160 5063 2487 5127 terpretans
2545 5056 2601 5109 in
2633 5053 2797 5108 "Vita
2857 5053 3243 5127 StPachomii
3282 5070 3293 5107 :
3330 5078 3356 5103 ‹‹
3396 5056 3813 5111 Monachorum

2162 5126 2411 5186 cmtibus
2446 5128 2821 5199 aggregabat.
2850 5147 2885 5199 ί»
2920 5126 3047 5179 ΙλΑο.

2235 5202 2345 5271 (41)
2373 5200 2451 5255 Ad
2481 5195 2812 5253 canendum.
2848 5198 3015 5252 Pium
3058 5195 3430 5271 exercitium,
3474 5197 3544 5251 de
3577 5213 3709 5271 _quo
3742 5199 3819 5271 _et

2160 5273 2230 5328 ad
2286 5267 2517 5331 Uxorem
2560 5271 2663 5325 lib.
2714 5288 2774 5335 ιι,
2809 5286 2935 5340 cap.
2968 5271 3002 5323 9
3037 5287 3049 5325 :
3085 5289 3113 5317 ‹‹
3144 5273 3267 5322 Non
3296 5268 3507 5323 furtiva
3542 5267 3815 5340 signatio,

2163 5363 2279 5400 non
2307 5344 2533 5415 trepida
2564 5339 2899 5415 gratulatio,
2936 5359 3048 5396 non
3084 5346 3248 5415 muta
3282 5339 3605 5395 benedictio
3657 5355 3670 5392 :
3725 5356 3817 5393 so-

2164 5422 2308 5472 nant
2338 5413 2487 5471 inter
2510 5413 2659 5469 duos
2686 5414 2902 5469 Psalmi
2933 5418 2990 5467 et
3026 5413 3254 5483 Hymni,
3287 5419 3342 5468 et
3375 5418 3578 5467 mutuo
3608 5427 3811 5481 provo-

2162 5496 2317 5551 cant,
2349 5490 2483 5558 quis
2515 5487 2723 5541 melius
2756 5487 2871 5541 Deo
2901 5501 3007 5540 suo
3040 5490 3226 5558 canet.
3279 5506 3317 5558 _»
3378 5484 3572 5539 Scribe
3599 5556 3608 5558 Α
3631 5488 3820 5558 cantet

2159 5561 2247 5617 vel
2308 5555 2491 5615 ca—nal.
2541 5560 2610 5613 Et
2666 5560 2957 5613 Eae/torrat.
3019 5555 3091 5609 ad
3139 5555 3412 5619 Caslitat.,
3466 5573 3516 5611 c.
3554 5556 3620 5610 10
3653 5572 3665 5609 2
3699 5555 3808 5607 «Si
3878 5600 3885 5605 .

2163 5633 2485 5688 orationem
2510 5631 2648 5686 fecit
2677 5631 2746 5684 ad
2783 5627 3121 5687 Dominum,
3176 5642 3354 5697 prope
3405 5633 3494 5682 est
3541 5626 3703 5682 coelo.
3756 5626 3812 5681 Si

2162 5705 2477 5777 Scriptura
2536 5700 2868 5777 incumbit;
2902 5703 3061 5753 totus
3110 5696 3230 5752 illic
3282 5696 3388 5753 est.
3423 5700 3474 5753 Si
3512 5699 3810 5755 Psalmum

2164 5772 2339 5848 canit,
2374 5776 2563 5850 placet
2593 5773 2725 5831 sibi.
2762 5795 2790 5823 ››
2826 5772 2966 5829 ΗΑν.
