4366 6348
533 367 648 426 321

1051 363 1578 426 TERTULLIANI
1624 362 1949 425 ΟΡΕῆοΜ
1998 363 2195 424 PARS
2241 361 2287 422 I.
2319 394 2397 405 —
2427 361 2703 422 SERIES
2746 362 2795 433 Ι,
2841 361 3414 426 APOLOGETICA.

3819 365 3952 428 322

536 496 667 552 ideo
698 496 983 568 putaretis
1013 512 1128 550 non
1157 495 1202 530 ⁸⁸
1233 494 1582 566 requirenda
1611 495 1722 566 (42)
1756 493 2180 566 questionibus
2209 505 2264 571 Α
2294 491 2456 547 sione
2486 507 2874 563 perseverare,
2909 508 3087 564 quam
3125 497 3504 564 necessitate,
3557 513 3673 552 non
3725 497 3978 569 justitia

535 584 771 650 scelera,
807 585 947 655 quia
975 583 1114 638 certi
1162 584 1368 639 essetis
1413 583 1642 638 admitti
1697 599 1764 638 ea
1811 599 1879 638 ex
1923 583 2176 637 nominis

536 674 922 742 confessione,
991 673 1091 744 qui
1161 673 1335 727 hodie
1400 673 1470 727 de
1537 673 1805 727 confesso
1859 672 2174 738 homicida,

535 765 785 819 scientes
817 761 1196 816 homicidium
1231 763 1371 832 quid
1405 761 1894 826 sit,nihilominus
1917 761 2182 816 ordinem

534 850 890 922 extorquetis
921 851 1166 905 admissi
1202 867 1214 905 :
1251 866 1364 921 quo
1396 851 1748 922 perversius,
1782 865 1914 904 cum
1969 866 2183 920 praesu-

535 940 709 994 matis
730 939 800 994 de
825 938 1142 994 sceleribus
1167 939 1385 995 nostris
1409 956 1477 993 ex
1527 938 1782 993 nominis
1815 937 2181 993 confessione

531 1029 574 1063 ⁵⁸
632 1029 841 1099 cogitis
897 1028 1208 1082 tormentis
1257 1028 1327 1082 de
1355 1027 1752 1082 confesssione
1783 1027 2084 1091 decedere,
2117 1031 2183 1082 ut

530 1123 812 1189 negantes
835 1133 1045 1172 nomen
1072 1117 1290 1188 pariter
1311 1116 1512 1188 utique
1540 1131 1821 1187 negemus
1842 1121 1898 1171 et
1937 1115 2177 1187 scelera,

529 1207 601 1260 de
618 1206 832 1276 quibus
855 1221 923 1260 ex
943 1205 1330 1261 confessiome
1352 1205 1608 1260 nominis
1646 1204 2176 1277 praesumpseratis.

530 1297 662 1364 Sed,
693 1294 920 1366 opinor,
953 1311 1068 1350 non
1100 1294 1274 1350 vultis
1306 1311 1412 1350 nos
1443 1294 1653 1366 perire,
1684 1310 1834 1365 quos
1893 1295 2178 1364 pessimos

533 1381 790 1439 creditis.
857 1383 952 1438 Sic
1017 1383 1174 1438 enim
1241 1382 1444 1438 soletis
1493 1383 1684 1438 dicere
1732 1381 2036 1437 homicidas
2085 1383 2173 1438 57:

535 1475 698 1544 Nega
743 1471 788 1505 ⁸⁸
819 1471 950 1542 ¹(43)
1001 1486 1014 1526 :
1069 1470 1278 1526 laniari
1327 1471 1439 1543 (44)
1463 1471 1688 1542 l-jubere
1718 1470 2094 1542 sacrilegum,
2127 1469 2178 1525 si

531 1559 795 1616 confiteri
825 1561 1299 1631 perseveraverit.
1357 1559 1416 1614 Si
1477 1577 1592 1614 non
1650 1559 1732 1615 ita
1789 1559 1966 1631 agitis
2025 1559 2178 1614 circa

531 1649 679 1705 ατε
717 1653 1015 1720 nocentes,
1046 1664 1182 1720 ergo
1209 1664 1315 1704 nos
1339 1647 2174 1718 innocentissimosjudicatis,

531 1753 665 1794 cum
693 1737 860 1809 quasi
892 1737 1404 1793 innocentissimos
1428 1753 1541 1794 non
1565 1737 1741 1794 vultis
1761 1736 1822 1792 in
1852 1754 1919 1793 ea
1949 1737 2173 1792 confes-

2307 581 2698 636 damnandam
2747 598 2781 636 a
2810 581 2974 637 vobis
3034 583 3256 640 sciatis.
3314 585 3682 642 Vociferatur
3729 587 3914 643 homo
3955 604 3970 642 :

2287 670 2654 726 Christianus
2686 687 2846 726 sum.
2883 672 3044 735 Quod
3098 679 3187 728 est
3237 675 3418 740 dicit;
3479 680 3541 730 tu
3598 675 3685 730 vis
3741 675 3956 732 audire

2292 761 2448 830 quod
2483 777 2597 814 non
2630 764 2737 814 est.
2775 759 3048 816 Veritatis
3078 764 3486 834 extorquendae
3517 765 3816 835 praesides,
3871 766 3952 820 de

2291 849 2461 903 nobis
2492 849 2634 904 solis
2666 849 3038 905 mendacium
3071 852 3388 908 elaboratis
3419 853 3766 910 audire.Hoc
3785 871 3952 922 sum,

2287 936 2503 1010 inquit,
2539 939 2694 1009 quod
2728 939 2964 1009 quaeris,
2989 955 3062 994 an
3095 940 3207 994 sim
3236 958 3248 1008 ;
3278 941 3418 1012 quid
3453 958 3544 997 me
3575 946 3815 1013 torques
3878 943 3945 998 in

2288 1024 2683 1097 per'versum?
2743 1027 3040 1097 conﬁteor,
3093 1034 3150 1084 et
3205 1034 3482 1102 torques;
3529 1032 3665 1101 quid
3699 1032 3953 1099 faceres,

2286 1115 2335 1170 si
2369 1116 2850 1188 negarem?Plane
2881 1116 3011 1172 aliis
3043 1118 3392 1189 negantibus
3418 1136 3534 1174 non
3557 1119 3725 1175 facile
3757 1120 3945 1176 ﬁdem

2286 1205 2743 1260 accommodatis
2769 1223 2782 1273 ;
2814 1205 3002 1274 nobis,
3023 1205 3072 1260 si
3105 1207 3532 1278 negaverimus,
3561 1208 3761 1265 statim
3793 1225 3935 1263 cre-

2285 1292 2444 1348 ditis.
2477 1294 2760 1364 Suspecta
2789 1293 2867 1348 sit
2897 1295 3059 1350 vobis
3089 1295 3133 1330 ⁶⁹
3161 1296 3276 1351 ista
3310 1296 3680 1367 perversitas,
3716 1313 3787 1351 ne
3821 1313 3950 1368 qua

2284 1381 2371 1436 vis
2401 1381 2577 1436 lateat
2607 1382 2665 1436 in
2698 1381 2925 1438 occulto
2957 1383 3109 1438 270
3143 1384 3278 1456 (45),
3309 1401 3434 1451 quis
3491 1400 3595 1440 vos
3645 1385 3940 1444 adversus

2285 1469 2555 1538 formam,
2590 1471 2657 1525 ad
2671 1487 2872 1526 versus
2902 1477 3174 1526 naturam
3199 1473 3742 1542 judicandi,contra
3771 1474 3946 1546 ipsas

2285 1576 2519 1630 quoque
2559 1558 2716 1630 leges
2749 1559 3043 1615 ministret
3065 1561 3110 1596 σο
3159 1561 3294 1630 (46).
3361 1561 3478 1617 Nisi
3529 1561 3685 1617 enim
3744 1561 3947 1631 fallor,

2283 1646 2443 1718 leges
2493 1647 2680 1703 malos
2727 1648 2851 1703 erui
2891 1648 3004 1720 (47)
3027 1649 3261 1718 jubent,
3293 1665 3408 1704 non
3442 1651 3763 1718 abscondi;
3797 1667 3951 1706 con-

2286 1736 2472 1792 fessos
2495 1735 2759 1790 damnari
2790 1737 2901 1808 (48)
2938 1738 3350 1808 praescribunt,
3383 1754 3500 1794 non
3531 1737 3779 1796 absolvi.
3825 1739 3952 1797 Hoc

1952 1835 2154 1895 Variae
2187 1834 2505 1896 lectiones.

601 1931 647 1966 ⁸⁸
673 1931 803 2004 Non
831 1931 1114 2004 putaretis
1140 1930 1488 2003 requirenda
1518 1932 1637 2002 Rig.
1689 1931 1756 2004 7“
1791 1931 1865 2004 De
1895 1931 2160 1987 confesso
2191 1931 2369 1987 Latin.
2445 1931 2486 1965 ⁸⁷
2511 1928 2851 2004 Homicidas
2881 1932 3047 2004 Fran.
3124 1931 3167 1966 ⁸⁸
3195 1931 3420 2004 Negare
3449 1933 3621 1988 Fran.

531 2017 680 2060 raeus
710 2019 731 2061 :
761 2003 839 2058 sit
869 2003 1060 2069 nobis,
1092 2002 1283 2060 Pamel
1310 2006 1360 2059 et
1390 2003 1596 2060 Semler
1627 2020 1640 2059 :
1675 2003 1741 2059 ﬁt
1771 2003 1962 2071 nobis,
1992 2005 2179 2060 caeteri
2206 2019 2388 2059 omnes
2423 2020 2435 2058 :
2471 2002 2549 2058 sit
2593 2003 2786 2071 vobis;
2835 2003 3125 2072 legendum
3169 2002 3401 2074 fortasse
3447 2021 3467 2059 :

599 2076 645 2110 ⁶⁰
675 2076 911 2131 lnfeste‘.
949 2076 1210 2131 Wouwer.

3716 1934 3763 1970 ”
3793 1939 3948 1991 Bar-

3518 2005 3594 2060 sit
3640 2004 3700 2061 in
3750 2008 3948 2064 vobis.

1962 2144 2485 2207 Commentarius.

600 2244 710 2314 (42)
743 2243 1008 2319 ideoAnon
1035 2244 1325 2314 putaretis.
1365 2249 1438 2298 La
1458 2243 1642 2319 Cerda
1671 2242 1755 2319 sic
1787 2241 1974 2319 legit_:
2009 2246 2174 2319 «uNe-
2203 2255 2250 2319 Β

527 2331 640 2387 que
661 2315 817 2370 enim
849 2314 976 2370 ideo
996 2313 1108 2370 nan
1127 2319 1349 2387 putatis
1376 2315 1727 2386 requirenda
1753 2313 2170 2387 quaestionibus

525 2386 766 2457 scelera,
797 2387 934 2457 quia
965 2387 1104 2442 certi
1131 2386 1344 2442 essetis
1402 2387 1632 2441 admitti
1665 2403 1732 2440 ea
1788 2403 1856 2442 ex
1912 2386 2167 2441 nominis

523 2460 910 2514 confessione.
971 2459 1075 2523 Qui
1135 2459 1328 2522 hodie,
1388 2460 1458 2513 de
1517 2459 1784 2513 confesso
1851 2457 2165 2524 homicida,

530 2532 781 2585 scientes
813 2529 1191 2584 homicidium
1227 2530 1377 2600 quod
1414 2529 1511 2597 sit,
1548 2547 1605 2583 n.
1640 2547 1690 2584 ο.
1721 2545 1778 2600 q.
1812 2527 2106 2584 admissi?
2138 2549 2165 2576 ››

521 2602 736 2656 Addita
776 2608 910 2656 nota
939 2600 1416 2673 interrogationis
1446 2605 1510 2673 et
1565 2603 2021 2673 explicansqui
2066 2615 2169 2673 per

527 2674 814 2744 quomodo.
874 2673 1082 2728 Afﬁnis
1142 2668 1290 2744 h'uic
1330 2671 1497 2726 valde
1531 2668 1656 2744 Aest'
1691 2672 1851 2726 locus
1883 2668 1940 2725 in
1963 2668 2168 2744 libiad

527 2740 648 2798 Nat.
681 2761 741 2807 ll,
775 2759 901 2813 cap.
933 2745 1021 2806 43,
1057 2760 1229 2814 quem
1278 2742 1336 2797 in
1393 2742 1640 2814 gratiam
1699 2743 1971 2798 JCtorum
2030 2740 2163 2796 illu-

523 2816 743 2882 strabo,
768 2821 826 2868 et
849 2816 1193 2869 emendabo.
1228 2815 1530 2886 Scriptura
1561 2814 1710 2869 male
1741 2831 1842 2886 per
1883 2814 2162 2884 injuriam

523 2887 807 2957 temporis
838 2887 1040 2940 habita
1069 2887 1188 2941 haec
1215 2891 1304 2940 est
1335 2885 1408 2941 :7-
1445 2885 1893 2949 Quomodo’...de
1923 2885 2163 2956 fugitivo

523 2959 715 3029 palam
751 2961 968 3012 factum
1018 2957 1274 3013 solemus
1323 2963 1388 3030 et
1427 2973 1660 3027 operam
1707 2958 1835 3027 ejus
1880 2973 2161 3030 percon...

522 3027 709 3084 abusu
745 3030 1093 3083 nundinare.
1131 3052 1152 3078 ι
1187 3027 1391 3101 Sumni
1424 3030 1539 3101 viri
1561 3031 1748 3101 Riget
1774 3027 2162 3084 Gothofredus

522 3102 810 3172 attingere
842 3117 957 3173 non
988 3105 1127 3155 sunt
1165 3100 1312 3155 ausi.
1364 3100 1580 3173 supple
1630 3100 1754 3156 meo
1804 3102 2063 3173 periculo
2093 3106 2164 3173 iet

525 3171 713 3228 scribe
746 3189 759 3228 :
797 3193 825 3244 ε(
855 3171 1176 3241 Quomodo,
1220 3171 1461 3242 quando
1483 3171 1552 3226 de
1584 3171 1823 3244 fugitivo
1857 3172 2048 3244 palam
2084 3172 2162 3226 fa-

520 3249 701 3309 ctum,
734 3242 995 3300 solemus
1025 3249 1082 3299 et
1112 3259 1344 3314 operam
1378 3245 1506 3312 ejus
1539 3242 1928 3315 percontando
1951 3244 2161 3299 abusui

524 3317 874 3372 nundinare.
907 3336 936 3366 »
971 3316 1175 3370 Nullus
1202 3315 1512 3384 dubitabit,
1546 3317 1644 3385 qui
1678 3316 1868 3371 locum
1902 3317 2163 3387 inspexe-

518 3387 614 3442 rit.
646 3387 891 3442 Utenim
928 3404 1034 3443 nos
1063 3387 1208 3451 JCti,
1261 3387 1471 3458 inquit,
1523 3389 1674 3442 male
1732 3389 1910 3442 nimis
1965 3387 2159 3456 inqui-

518 3459 698 3514 rendo
755 3459 1004 3527 agimus,
1066 3459 1303 3512 modum
1355 3461 1650 3529 patranda:
1691 3459 1836 3528 luges
1862 3459 2159 3526 docentes,

526 3531 608 3584 ita
637 3534 696 3584 et
728 3535 901 3598 poetas
935 3529 1146 3584 fabulis
1177 3530 1298 3584 suis
1329 3534 1397 3585 de
1427 3530 1568 3584 Diis.
1609 3531 1775 3601 Dixit
1823 3547 2002 3601 supra
2051 3529 2160 3583 hoc

521 3603 963 3686 eodemﬂcapite
992 3617 1004 3656 :
1033 3623 1067 3686 .‹‹
1095 3602 1358 3686 “Quando
1389 3603 1438 3657 si
1470 3602 1540 3656 de
1570 3600 1766 3672 aliquo
1799 3600 2043 3686 nocente
2068 3618 2162 3686 ρο·
2189 3618 2233 3686 C

519 3671 823 3746 gnioscitis,
848 3671 970 3746 non
997 3675 1194 3746 statim
1220 3673 1482 3746 confesso
1507 3689 1573 3726 eo
1597 3671 1807 3746 nomen
1833 3672 2158 3738 homicidae,

520 3743 605 3798 vel
639 3743 927 3817 sacrilegi,
961 3746 1045 3817 vel
1073 3745 1305 3817 incesti,
1337 3744 1734 3817 etc.,contenti
1764 3745 1895 3800 sitis
1926 3745 1995 3800 ad
2029 3761 2162 3817 pro-

519 3815 936 3882 nuntiandum,
971 3815 1082 3871 nisi
1115 3821 1170 3870 et
1193 3816 1610 3887 consequentia
1639 3815 2160 3886 exigatis,qualita-

525 3894 641 3944 tem
678 3888 834 3957 facti,
864 3887 1080 3951 locum,
1115 3889 1373 3954 modum,
1411 3911 1430 3935 ι
1469 3893 1576 3943 etc.
1609 3891 1748 3942 HAV.

589 3959 704 4029 (43)
735 3959 823 4014 Sic
851 3962 999 4014 enim
1029 3959 1209 4014 soletis
1235 3961 1414 4016 dicere
1472 3959 1780 4027 homicida,
1833 3957 1999 4029 Nega.
2057 3959 2160 4011 La-

519 4031 1071 4102 niarijub.sacr.Qui
1092 4033 1416 4102 torquendo
1439 4030 1765 4085 Christiano
1792 4029 2160 4102 praesidebat,

522 4101 714 4158 dicere
762 4102 1002 4171 solebat,
1062 4102 1210 4171 Nega
1259 4108 1312 4158 te
1362 4119 1489 4157 esse
1519 4103 1957 4157 Christianum:
1993 4101 2160 4170 quasi

517 4179 848 4244 suggereret
915 4190 1019 4245 per
1082 4173 1234 4244 quod
1303 4175 1542 4228 evadere
1592 4173 1686 4228 ille
1737 4177 1955 4245 posset,
2000 4173 2159 4245 Idem

515 4244 928 4301 Christianum
947 4245 1323 4300 conﬁtentem
1359 4245 1617 4316 torqueri
1649 4244 2161 4316 nihilominusju-

517 4318 690 4372 bebat
722 4333 734 4372 :
768 4333 901 4372 cum
934 4321 1129 4372 tamen
1163 4317 1379 4372 frustra
1403 4315 1744 4387 torqueatur
1772 4318 1871 4388 qui
1920 4315 2160 4388 confite-

515 4394 632 4445 tur.
665 4393 871 4461 Itaque
922 4393 1372 4461 perversammet
1436 4388 1752 4461 absurdam
1798 4387 2159 4461 judiciorum

519 4457 1019 4532 formam'_carpit
1075 4459 1503 4525 Tertullianus;
1564 4457 2044 4532 Nempe,inquit.
2078 4457 2162 4512 sic

519 4531 722 4587 soletis
751 4530 1274 4587 dicere—homicidia
1333 4531 1632 4587 confitenti
1667 4549 1679 4587 :
1713 4530 1869 4602 Nega
1921 4535 1978 4602 te
2035 4545 2164 4584 esse

518 4603 895 4668 homicidam,
924 4620 1133 4675 nempe
1164 4603 1446 4675 sacrilego
1479 4604 1677 4658 fatenti
1712 4600 2160 4675 sersacrilegum

520 4675 813 4729 admoveri
858 4673 1084 4745 jubetis
1109 4673 1420 4729 tormenta.
1453 4675 1550 4746 Ipe
1580 4674 1980 4746 Tertullianus
2007 4673 2110 4746 lib.
2144 4689 2162 4726 1

517 4746 588 4800 ad
618 4747 971 4800 Nationesm
1017 4752 1166 4801 Sane
1223 4745 1585 4801 cetei°oaad
1646 4747 1755 4800 hoc
1811 4745 2052 4800 tenditis
2109 4748 2166 4798 et

520 4817 974 4882 excarniﬁcatis,
1031 4823 1096 4872 ut
1152 4823 1367 4886 negent
1423 4833 1550 4872 esse
1604 4818 1756 4886 quod
1798 4833 1926 4871 esse
1956 4816 2162 4870 dicun-

516 4893 634 4956 tur,
671 4910 698 4939 ››
731 4894 838 4943 etc.
874 4889 974 4942 Hic
1005 4905 1138 4944 vero
1165 4890 1220 4960 in
1255 4889 1633 4959 sequentibus
1666 4889 1977 4960 legendum
2008 4889 2162 4944 vide-

516 4965 614 5016 tur
645 4975 658 5012 :
695 4981 723 5008 ‹‹
759 4960 813 5012 Si
849 4976 961 5014 non
994 4960 1073 5014 ila
1104 4959 1276 5031 agitis
1309 4961 1462 5015 circa
1492 4959 1789 5016 nocentes.
1826 4981 1852 5008 »
1886 4965 2035 5014 PAM.

588 5031 701 5102 (44)
734 5031 982 5086 ιαηίανί·
1026 5029 1340 5087 Tormenta
1400 5048 1631 5102 nempe,
1691 5032 1966 5102 qualibus
2008 5029 2162 5102 Phi-

516 5101 667 5157 lotas
725 5103 878 5173 apud
911 5103 1306 5186 Curtiumhvl,
1340 5121 1380 5158 ιι
1411 5122 1483 5186 ia
1515 5101 1624 5186 Sed
1658 5101 1967 5186 postquam
2001 5101 2162 5186 intu-

517 5190 787 5230 mescens
818 5191 1026 5245 corpus
1058 5174 1373 5239 ulceribus,
1409 5174 1772 5247 flagellorum
1804 5174 1955 5230 ictus
1989 5174 2164 5229 nudis

517 5247 752 5302 ossibus
782 5247 1053 5302 incussos
1086 5249 1230 5302 ferre
1263 5265 1375 5302 non
1410 5253 1672 5318 poterat;
1703 5269 1730 5298 »
1784 5247 1882 5318 qui
1942 5263 2042 5318 pro
2099 5261 2163 5300 eo

518 5319 672 5387 quod
709 5323 907 5374 noster
939 5319 1169 5386 laniari,
1203 5319 1347 5373 dixit
1380 5317 1636 5374 lacerari.
1693 5339 1714 5366 α
1774 5319 1874 5374 Per
1923 5317 2164 5372 ultimos

515 5390 725 5450 deinde
776 5391 1092 5457 cruciatus,
1131 5395 1324 5460 utpote
1357 5391 1692 5457 damnatus,
1728 5395 1783 5444 et
1814 5390 2070 5444 inimicis
2103 5389 2162 5444 in

517 5463 768 5535 gratiam,
827 5464 979 5535 regis
1010 5462 1422 5535 torquentibus
1453 5461 1759 5535 laceratur.
1793 5485 1820 5535 ξ)
1855 5462 2161 5535 Proprium

517 5533 628 5587 hoc
656 5532 906 5589 verbum“
934 5536 992 5589 in
1025 5532 1469 5606 gladiatoribus,
1504 5534 1657 5587 unde
1691 5532 2030 5588 acclamatio
2073 5550 2161 5589 se-

517 5611 691 5658 natus
723 5607 792 5661 de
824 5605 1099 5662 cadavere
1138 5605 1439 5662 Commodi
1486 5606 1644 5676 apud
1706 5606 2109 5676 Lampridium
2147 5623 2159 5661 :

519 5698 546 5750 ς(
582 5677 777 5750 Hostis
819 5679 1018 5750 patria:
1075 5677 1397 5750 parricida,
1445 5675 1754 5748 gladiator,
1794 5675 2161 5750 iu’rspoliario

518 5747 848 5820 laniatum}
887 5747 1132 5806 Sensum
1166 5747 1500 5804 Tertulliafn
1531 5751 1698 5804 unice
1728 5747 1937 5820 tetigit
1962 5748 2164 5803 Hera]-

517 5820 630 5876 dus
663 5818 762 5892 qui
792 5819 887 5877 hic
916 5826 1033 5878 est:
1055 5822 1172 5879 Vos
1203 5822 1427 5879 scilicet
1454 5823 1515 5877 in
1548 5818 1867 5894 quaestione
1893 5820 2164 5877 habenda

2193 4981 2240 5046 D

2281 2240 2612 2315 admonetis
2643 2239 3022 2315 homicidam,
3058 2245 3123 2297 ut
3153 2245 3322 2315 neget
3352 2241 3762 2315 homicidium;
3782 2244 3868 2302 ita
3895 2245 3948 2302 si

2281 2313 2610 2378 confitetur,
2647 2314 2817 2388 cujus
2857 2314 2940 2388 rei
2985 2315 3178 2385 gratia
3231 2313 3618 2388 quaestionem
3677 2314 3939 2388 habetis,

2276 2388 2497 2457 tamen,
2561 2387 2729 2455 quasi
2768 2385 3122 2457 confessum
3181 2385 3465 2452 nondum,
3517 2387 3834 2457 torquetis.
3869 2385 3931 2444 Id

2277 2461 2432 2511 certe
2470 2455 2628 2526 leges
2659 2455 2990 2527 prohibent,
3041 2473 3146 2511 nec
3192 2474 3295 2514 vos
3328 2458 3559 2526 facitis;
3617 2455 3935 2516 nobiscum

2277 2528 2479 2601 itaque
2533 2528 2581 2582 si
2613 2532 3178 2601 nocentessumus,
3211 2531 3460 2601 agitent
3489 2545 3623 2601 cum
3656 2533 3926 2587 nocenti-

2275 2597 2391 2654 bus
2421 2615 2434 2652 :
2469 2597 2627 2669 loqui
2660 2614 2762 2670 per
2789 2599 3036 2654 ironiam
3074 2597 3447 2670 patethuld.
3509 2600 3651 2671 legit
3709 2603 3935 2659 laniari

2274 2671 2494 2743 debere.
2557 2671 2618 2724 ln
2677 2671 2899 2726 ceteris
2945 2687 3056 2727 ms.
3093 2673 3274 2743 Lugd.
3307 2677 3429 2727 Bat.
3459 2672 3667 2743 Barraei
3689 2673 3834 2729 edit.
3871 2681 3934 2731 et

2275 2741 2406 2817 Her.
2441 2743 2654 2817 et_Rig.
2680 2741 3285 2817 consentit,quom6do
3315 2742 3726 2817 etiangunips
3758 2744 3928 2817 legit,

2273 2815 2374 2869 sed
2411 2813 2560 2868 male
2589 2813 3026 2885 interpretatur.
3063 2819 3244 2882 Pam.,
3277 2816 3331 2870 la
3359 2815 3541 2870 Cerda
3560 2818 3617 2870 et
3647 2813 3923 2874 Rhenan.

2271 2885 2529 2958 pessime
2548 2885 2813 2958 Alegunt,«
2847 2886 3001 2949 Quos
3031 2891 3319 2958 pessimos
3351 2885 3587 2958 creditis
3617 2886 3729 2956 (sic
3760 2889 3926 2945 enim

2271 2955 2472 3031 soletis
2502 2955 2713 3025 dicere)
2752 2955 3101 3031 homicidas.
3159 2959 3396 3030 Negatis
3452 2955 3659 3012 laniari
3715 2959 3932 3031 jubere

2271 3027 2640 3102 sacrilegum,
2675 3050 2704 3078 »
2732 3034 2864 3096 etc.;
2899 3030 3065 3102 quasi
3089 3029 3181 3102 ita
3221 3027 3480 3102 medium
3541 3027 3938 3102 suggererent

2271 3045 2640 3097 sacrilegum,
2675 3050 2704 3078 »
2732 3045 2864 3096 etc.;
2899 3045 3065 3154 quasi
3089 3045 3171 3085 ita
3221 3045 3480 3085 medium
3541 3045 3934 3102 suggererent

2270 3117 2394 3182 quo.
2415 3100 2743 3182 evaderent,
2777 3105 2917 3182 et‘ta
2943 3116 2973 3156 e
3009 3100 3239 3182 «cquid.
3446 3101 3698 3182 induere
3753 3104 3934 3182 vellet

2268 3171 2683 3244 Tertullianus,
2717 3171 2886 3242 quale
2917 3170 3202 3244 respicit»
3226 3172 3283 3227 in
3319 3173 3463 3228 libro
3494 3171 3564 3227 ad
3591 3170 3926 3244 Scapulam,

2270 3260 2321 3300 c.
2355 3246 2405 3299 4.
2437 3243 2647 3307 Quanti
2680 3249 2877 3298 autem
2905 3244 2965 3312 [i.
3000 3243 3048 3298 e.
3085 3247 3272 3314 quot.]
3305 3266 3332 3294 «
3367 3245 3643 3312 praesides
3676 3243 3734 3300 et
3782 3243 3922 3302 con?

2270 3316 2585 3402 stantiores
2616 3321 2673 3397 et
2701 3314 3605 3402 erudgiores,di‘ssimulaverun‘t
3628 3317 3700 3398 ab
3723 3318 3929 3402 hujus-

2271 3387 2427 3462 modi
2461 3386 2731 3462 caussis?
2761 3391 2826 3441 ut
2855 3386 3091 3462 Cinctus
3121 3387 3509 3462 severus_,qui
3539 3387 3762 3462 Thistri
3793 3386 3925 3462 ipse

2268 3460 2432 3534 dedit
2462 3457 2782 3534 remedium
2814 3458 3104 3534 quomodo
3137 3458 3559 3534 responderent
3579 3457 3924 3534 Christiani,

2270 3535 2336 3584 ut
2365 3530 2579 3585 dimitti
2615 3537 2875 3602 possent.
2912 3552 2938 3579 »
2980 3528 3087 3584 Ubi
3145 3528 3265 3602 non
3319 3528 3506 3602 placet
3560 3528 3922 3601 crudeliores,

2270 3603 2495 3672 corrigo
2543 3606 2593 3674 et
2624 3601 2791 3674 iidem
2820 3603 3092 3669 meliores,
3127 3601 3223 3669 qui
3254 3601 3457 3674 lapsus
3488 3617 3556 3656 ex
3586 3603 3926 3661 litterarum

2269 3675 2450 3748 ductu
2484 3672 2649 3748 facile
2680 3672 2898 3748 liquere
2923 3672 3925 3748 potesl.TalemipsumAugustum,

2271 3746 2371 3801 sed
2415 3761 2482 3800 ex
2535 3745 2940 3816 misericordia
2995 3745 3308 3816 injustum,
3369 3745 3685 3816 descripsit
3742 3745 3916 3805 nobis

2267 3816 2579 3892 Suetonius
2625 3815 2684 3892 in
2736 3815 3261 3892 Vita_ejus,’xxxm
3292 3833 3308 3892 _:
3343 3838 3371 3864 «
3406 3815 3791 3892 Dixitautem
3816 3821 3924 3892 jus

2269 3905 2383 3963 non
2417 3887 2917 3963 diligentiamon
2948 3889 3310 3963 summa,sed
3341 3894 3400 3943 et
3424 3888 3664 3963 lenitate
3685 3931 3700 3957 ,
3735 3887 3923 3963 siq'ui-

2272 3961 2405 4015 dem
2437 3958 2732 4014 manifesti
2765 3959 3060 4030 parricidii
3094 3976 3281 4028 reum,
3328 3975 3399 4014 ne
3454 3958 3621 4016 culeo
3668 3958 3928 4018 insuere-

2270 4037 2408 4105 tur,_
2436 4031 2610 4105 quod
2641 4047 2757 4084 non
2790 4031 2902 4086 nisi
2936 4031 3184 4105 confessi
3216 4031 3560 4086 afficiuntur
3591 4031 3700 4090 hac
3732 4051 3926 4105 pcena,

2271 4104 2351 4157 ita
2387 4100 2570 4157 fertur
2597 4100 2986 4174 interrogasse
3019 4119 3031 4156 :
3065 4103 3291 4157 Patrem
3324 4110 3489 4157 tuum
3541 4120 3659 4159 non
3710 4100 3926 4161 occidi;

2272 4175 2345 4230 sti
2367 4174 2394 4228 ?
2450 4196 2476 4222 »
2525 4174 2633 4228 Sed
2665 4178 2722 4227 et
2757 4174 2844 4228 hic
2876 4175 2984 4229 loci
3017 4180 3245 4246 acetum
3269 4174 3540 4246 Septimii
3578 4177 3838 4242 adverte,
3871 4181 3928 4233 et

2269 4261 2468 4301 vocem
2500 4249 2885 4317 tyrannorum,
2914 4244 3231 4317 pr0priam,
3265 4251 3328 4300 ut
3349 4244 3601 4301 ~Gallieni
3637 4248 3697 4303 in
3729 4249 3924 4304 vindi-

2272 4318 2457 4374 canda
2489 4316 2775 4372 seditione
2806 4316 2892 4372 vel
2917 4316 2993 4373 ad
3027 4333 3235 4373 senum
3268 4322 3323 4371 et
3350 4317 3648 4373 infantum
3672 4320 3926 4376 interne-

2272 4391 2496 4461 cionem
2527 4405 2540 4442 :
2574 4389 2778 4443 Lacera
2810 4406 2830 4443 :
2860 4390 3058 4457 occide,
3089 4389 3326 4454 concide,
3361 4389 3513 4461 apud
3563 4391 3921 4448 Trebellium

2270 4460 2610 4517 Pollionem.
2646 4463 2784 4514 Hav.

2342 4533 2454 4603 (45)
2484 4532 2560 4586 No
2588 4549 2697 4603 qua
2725 4533 2809 4587 vis
2841 4530 3029 4603 lateat
3046 4530 3109 4582 in
3139 4530 3368 4586 occulto.
3415 4534 3694 4587 Satanam
3746 4533 3921 4588 intel-

2270 4601 2444 4676 ligit.
2488 4601 2709 4676 Pariter
2772 4601 3151 4676 Lactantius,_
3201 4603 3379 4676 Instit.
3450 4603 3634 4676 Dicin.
3670 4620 3761 4676 ii,
3823 4605 3849 4657 1
3906 4619 3920 4656 :

2276 4700 2296 4725 α
2320 4672 2595 4739 'Quanam
2630 4674 2786 4728 istud
2815 4689 2884 4726 ex
2912 4689 3090 4727 causa
3123 4672 3245 4727 ﬁeri
3281 4674 3598 4743 putemus?
3623 4672 3752 4729 nisi
3788 4690 3919 4729 esse

2273 4747 2552 4817 aliquam,
2584 4760 2914 4817 perversam
2974 4749 3344 4817 potestatem,
3398 4761 3524 4815 quae
3551 4745 3814 4801 veritatis
3845 4745 3923 4800 sit

2273 4815 2450 4890 super
2479 4815 2736 4870 inimica.
2771 4838 2798 4866 »
2831 4821 2950 4890 etc_._
2973 4815 3179 4871 Noster
3219 4816 3372 4871 infra
3428 4823 3595 4873 vocat
3650 4818 3922 4872 rationem

2271 4886 2489 4946 eniqu
2519 4889 2874 4961 operationis.
2909 4886 3046 4942 HAV.

2341 4962 2453 5032 (46)
2484 4955 2627 5032 om
2655 4976 2746 5016 vos
2773 4969 2965 5016 contra
2993 4962 3155 5032 ipsas
3169 4973 3379 5030 quoque
3430 4955 3572 5027 leges
3619 4956 3918 5032 ministret.

2271 5026 2388 5088 Hoc
2420 5026 2526 5088 est.
2556 5031 2690 5095 Quae
2721 5038 2923 5088 contra
2953 5026 3113 5104 ipsas
3144 5026 3299 5102 leges
3341 5026 3530 5084 vestro
3592 5026 3919 5083 ministerio

2273 5110 2493 5160 utatur.
2530 5104 2677 5159 PAM.

2348 5176 2457 5247 (¹ι7)
2490 5177 2620 5230 Erat
2641 5174 2856 5245 jubent.
2891 5178 3067 5247 Amat
3097 5171 3203 5247 hoc
3233 5171 3474 5247 verbum
3508 5168 3918 5247 _Tertullianus

2273 5241 2363 5320 in:
2393 5241 2804 5320 disquisitione
2859 5245 3201 5320 judiciaria.
3226 5243 3298 5320 de
3348 5241 3646 5320 maleficia.
3679 5244 3911 5320 supra:

2276 5342 2302 5370 «
2337 5319 2380 5374 Ο
2412 5308 2630 5392 quanta
2662 5317 2822 5372 illius
2855 5308 3118 5392 praesidis
3148 5312 3356 5392 gloria,
3403 5314 3451 5368 si
3501 5308 3776 5392 eruisset
3805 5308 3916 5392 ali:

2273 5378 2445 5462 queui
2511 5393 2608 5462 qui
2671 5378 2904 5446 centum
2932 5390 3054 5458 jam
3090 5378 3351 5442 inlentes
3382 5386 3752 5442 comedisset.
3787 5400 3814 5427 »
3851 5378 3916 5430 Et

2272 5463 2426 5518 infra
2457 5481 2505 5519 c.
2551 5464 2584 5515 7
2621 5479 2632 5516 :
2669 5485 2695 5511 ‹‹
2756 5462 3016 5515 Dicimur
3069 5463 3262 5514 tamen
3318 5473 3568 5528 semper,
3629 5468 3733 5508 nec
3791 5464 3910 5528 vos,

2274 5536 2428 5602 quod
2487 5541 2607 5590 tam
2656 5533 2754 5587 diu
2787 5533 3039 5586 dicimur
3090 5547 3288 5586 eruere
3345 5522 3585 5585 curatis.
3622 5529 3765 5602 Ergo
3811 5522 3911 5572 aut

2273 5608 2480 5671 eruite,
2542 5607 2591 5660 si
2650 5604 2906 5671 creditis,
2967 5608 3066 5658 aut
3123 5603 3302 5658 nolite
3356 5602 3608 5667 credere,
3655 5609 3753 5666 qui
3793 5605 3909 5645 non

2272 5679 2530 5736 eruistis.
2563 5699 2592 5726 ))
2623 5675 2764 5736 ΗΑν.

2441 5731 2794 5820 illim/esses
2850 5746 3132 5820 damnari.
3183 5745 3261 5820 Ex
3312 5737 3714 5820 vetustissima,

2343 5751 2456 5878 (48)
2515 5751 2794 5818 Con/“esses
2850 5751 3132 5802 damnari.
3183 5751 3261 5799 Ex
3317 5751 3714 5822 vetustissima
3766 5751 3908 5811 iege.

2274 5822 2348 5880 Sa
2375 5820 2514 5880 luat.
2547 5819 2714 5879 Catil.
2751 5835 2824 5876 Lu
2855 5835 2867 5875 :
2903 5840 2931 5868 ‹‹
2965 5819 3042 5876 De
3073 5817 3379 5888 confessis,
3411 5815 3588 5873 sicuti
3634 5809 3704 5864 de
3734 5819 3914 5861 mani-
