4526 6330
232 328 345 389 395

1334 318 1930 383 APOLOGETICUS
1974 317 2156 381 ADV.
2204 321 2541 386 GENTES.

3522 330 3644 391 326

227 466 461 519 senatus
477 457 894 530 consulta,hoc
909 455 1239 529 principum
1264 455 1541 510 mandata
1562 450 1875 520 deﬁniunt,
1906 457 1961 524 Α
1991 455 2082 506 est
2109 452 2248 525 (51),
2282 470 2397 511 non
2428 456 2767 515 eximendus
2797 460 2929 530 (52).
2980 460 3243 532 Denique
3274 460 3441 518 illum
3473 478 3643 520 nemo

226 552 328 607 hoc
375 550 712 622 imperium,
763 547 932 618 cujus
977 544 1233 600 ministri
1286 544 1447 599 estis.
1502 541 1722 609 Civilis,
1758 556 1873 595 non

225 639 522 713 tyrannica
552 636 877 695 dominatio
899 636 941 671 θί
981 633 1214 708 [vestra]
1251 638 1358 690 est.
1393 633 1563 704 Apud
1596 636 1878 703 tyrannos

225 733 378 786 enim
414 733 708 783 tormenta
738 727 912 781 etiam
945 742 1044 795 pro
1093 740 1265 796 pcnna
1293 723 1686 787 adhibentur;
1721 720 1874 790 apud

226 836 326 874 vos
357 817 465 873 soli
493 814 800 889 quaestioni
851 818 1255 886 temperantur
1284 811 1415 883 (49).
1468 812 1729 867 Vestram
1762 808 1875 863 illis

227 913 449 964 servate
478 906 664 976 legem
698 920 883 975 usque
916 904 985 957 ad
1020 901 1486 969 confessionem;
1522 904 1577 955 et
1607 900 1654 953 si
1680 899 1722 933 ⁵³
1744 916 1878 955 eon-

228 997 480 1053 fessione
529 992 974 1065 praeveniantur,
1024 991 1334 1045 vacabunt.
1387 988 1686 1044 Sententia
1728 1003 1876 1059 Opus

228 1093 369 1154 est;
446 1083 639 1139 debito
700 1080 811 1153 (50)
869 1081 1015 1137 277
1081 1095 1297 1134 nocens
1357 1077 1781 1150 expungendus
1832 1076 1876 1111 ⁸³

1985 541 2160 611 gestit
2213 544 2511 602 absolvere
2541 550 2607 618 ⁶⁴,
2661 565 2777 603 non
2808 548 2943 604 licet
2973 549 3083 606 hoc
3134 550 3317 620 velle;
3372 553 3499 607 ideo
3541 569 3644 609 nec

1987 632 2216 702 cogitur
2249 637 2563 706 quisquam
2599 654 2833 709 negare.
2885 638 3309 710 Christianum,
3342 640 3643 697 hominem

1989 722 2253 777 omnium
2283 726 2567 779 scelerum
2594 744 2756 781 reum
2778 729 2888 797 (53)
2912 730 3173 798 deorum,
3202 729 3642 803 imperatorum,

1986 809 2207 880 legum,
2234 829 2488 878 morum,
2515 820 2736 870 naturae
2768 817 2948 871 totius
2976 816 3283 873 inimicum
3315 818 3642 885 existimas,

1985 906 2041 954 et
2089 901 2249 971 cogis
2300 920 2534 975 negare,
2572 910 2635 959 ut
2688 905 2979 974 absolvas,
3032 922 3204 977 quem
3257 923 3374 962 non
3424 910 3644 979 poteris

1984 988 2306 1061 absolvere,
2362 992 2475 1047 nisi
2536 994 2933 1060 negaverit“.
2986 994 3390 1051 Praevaricaris
3442 997 3499 1051 in
3558 997 3639 1053 le-

1984 1094 2085 1150 ges
2108 1080 2237 1150 (54).
2266 1080 2361 1137 Vis
2391 1098 2530 1153 ergo
2553 1089 2725 1155 neget
2748 1100 2809 1139 se
2842 1091 3167 1151 nocentem,
3196 1090 3261 1140 ut
3290 1101 3424 1141 eum
3459 1086 3637 1142 facias

1648 1178 1848 1239 Variae
1877 1178 2201 1241 lectiones.

294 1290 335 1325 ⁶¹
371 1287 908 1368 Qeﬁniunt.‘Hoe._..
942 1285 1266 1368 dominatio
1295 1289 1387 1368 est
1417 1285 1664 1368 Βξρᾳμεη
1693 1284 1739 1319 ⁶⁹
1770 1285 1853 1340 Αι.
1891 1286 2575 1368 ad__conf.__necessariam
2607 1308 2620 1359 ;
2656 1294 2712 1346 et
2737 1291 2864 1362 jam
2897 1291 2948 1348 si
2979 1292 3155 1364 conf.,
3189 1297 3299 1350 etc.
3376 1295 3420 1331 ⁸³
3450 1296 3638 1368 Expu-

222 1362 500 1435 gnandus
530 1360 775 1415 Parisin.
811 1359 1051 1414 Rhenan.
1129 1359 1176 1393 ⁶⁴
1207 1358 1384 1413 Vobis
1414 1357 1565 1412 addit
1603 1358 1871 1413 Wouwer.
1946 1358 1991 1391 ⁸⁵
2021 1358 2106 1413 lta
2141 1364 2347 1415 Wouw.

1664 1458 2185 1517 Commentarius.

220 1566 387 1622 festis
440 1581 634 1621 rerum
687 1562 1051 1635 capitalium,
1094 1577 1255 1619 more
1308 1562 1596 1635 majorum
1649 1560 1872 1635 supplif

222 1640 381 1694 cium
423 1633 800 1693 sumendum.
840 1658 865 1684 ››
916 1634 1150 1689 Curtius
1181 1650 1378 1705 supra.
1426 1634 1585 1688 Adde
1613 1633 1876 1688 Suetonii

225 1712 430 1774 locum,
452 1726 585 1764 mox
615 1709 970 1767 adductum;
1007 1707 1142 1761 inde
1170 1706 1329 1774 illud
1352 1705 1565 1761 Matth.
1598 1722 1748 1774 xxvr,
1783 1707 1872 1759 65.

226 1786 346 1837 Ὀτι
379 1772 622 1856 ὲϐλασφή
636 1798 776 1856 (alios
799 1796 836 1856 ;_
865 1775 919 1830 τί
968 1773 1044 1831 ἔτι
1077 1774 1266 1856 χρέςν
1307 1772 1510 1851 ἓχομιν
1548 1772 1831 1849 μαρτύρων
1860 1794 1873 1845 ;

226 1870 363 1909 nam
398 1859 461 1907 ut
492 1851 643 1908 recte
674 1851 919 1906 Publius
947 1866 1098 1905 vers.
1133 1851 1237 1904 473
1271 1864 1283 1904 :

381 1958 493 2008 Nisi
519 1958 760 2007 vindices
788 1956 979 2007 delicta
1006 1956 1419 2020 improbitatem,
1461 1954 1701 2018 adjuvas.

223 2059 297 2114 Et
324 2058 528 2113 eodem
559 2060 707 2112 teste
737 2070 885 2112 vers.
921 2055 1027 2109 642
1058 2070 1071 2109 :

378 2166 476 2225 Qui
508 2164 677 2226 culpis
708 2162 936 2227 ignoscit
965 2162 1076 2222 uni,
1110 2160 1303 2211 suadet
1335 2160 1598 2223 pluribus.

224 2266 345 2321 [mo
376 2280 525 2319 vers.
558 2262 628 2315 99
660 2279 672 2317 :

381 2361 546 2410 Bonis
576 2362 735 2409 nocet
764 2357 1010 2421 quisquis
1040 2357 1277 2422 pepercit
1305 2356 1476 2406 malis.

223 2459 482 2525 Denique
512 2473 663 2511 vers.
696 2457 804 2510 215
837 2471 851 2511 :

381 2547 527 2595 Felix
554 2545 869 2607 improbitas
898 2543 1223 2605 optimorum
1254 2547 1333 2593 est
1361 2542 1649 2592 calamitas.

223 2642 465 2699 Tertull.
515 2641 593 2696 Ad
637 2642 799 2713 Scep.
834 2657 959 2712 cap.
992 2641 1025 2694 4
1078 2657 1090 2696 :
1144 2661 1173 2691 «
1218 2640 1367 2707 Quid
1413 2641 1570 2696 enim
1621 2641 1875 2713 amplius

225 2716 329 2770 tibi
362 2715 694 2780 mandatur,
720 2730 896 2783 quam
933 2718 1207 2767 nocentes
1238 2713 1538 2768 confessos
1571 2714 1877 2774 damnare.

226 2793 507 2857 negantes
538 2791 732 2840 autem
780 2785 851 2839 ad
884 2790 1178 2857 tormenta
1207 2790 1523 2839 revocare?
1556 2806 1577 2833 ι
1614 2785 1777 2853 Nam,
1814 2793 1877 2841 ut

226 2856 378 2912 idem
412 2858 479 2912 de
508 2857 776 2929 Spectac.,
824 2873 952 2981 capi.
987 2856 1054 2909 19
1087 2873 1098 2910 :
1143 2878 1163 2906 α
1198 2857 1424 2912 Bonum
1473 2860 1563 2911 est
1604 2872 1736 2911 cum
1766 2876 1874 2930 pu-

234 2933 479 2981 niuntur
507 2934 803 2981 nocentes.
836 2950 863 2977 »
947 2944 1035 2981 Αν.

234 2933 479 2986 niuntur
507 2934 803 2984 nocentes.
836 2950 863 2977 »
898 2933 1035 2981 Hxv.

293 3002 407 3073 (49)
441 3000 601 3055 Ultra
630 2997 1284 3073 confessionemitaque
1314 2998 1560 3073 quaestio
1594 3016 1707 3054 non
1741 3017 1874 3071 pro-

224 3071 398 3127 cedit.
450 3074 665 3139 Cicero,
718 3072 867 3126 Orat.
918 3085 1014 3141 pro
1060 3071 1276 3139 Milone,
1324 3087 1451 3140 cap.
1501 3071 1616 3125 57:
1666 3095 1687 3121 α
1724 3073 1871 3137 Quid

223 3160 374 3214 opus
406 3150 494 3197 est
524 3142 788 3199 tortore?
820 3143 956 3214 quid
993 3142 1208 3213 quaeris
1236 3142 1255 3195 Ρ
1285 3143 1685 3197 occideritne?
1716 3146 1871 3198 occi-

222 3213 329 3270 dit.
362 3216 522 3277 Jure,
549 3233 619 3270 an
644 3213 906 3285 injuria?
937 3214 1081 3267 nihil
1106 3214 1174 3267 ad
1206 3219 1504 3268 tortorem.
1530 3214 1686 3269 Facti
1711 3218 1864 3270 enim

218 3288 277 3341 in
325 3286 873 3358 equuleoqusestio»
904 3291 1011 3355 est,
1059 3285 1206 3358 juris
1252 3285 1307 3338 in
1353 3286 1597 3355 judicio.
1636 3310 1657 3337 ι
1701 3293 1867 3343 Com-

221 3356 534 3413 mendatur
581 3357 809 3412 interim
862 3356 956 3411 hic
1006 3357 1173 3411 nobis
1220 3358 1579 3413 consuetudo
1626 3358 1784 3414 mitis
1816 3364 1871 3415 et

226 3432 484 3485 humana
532 3429 760 3501 imperii
811 3428 1095 3501 Romani;
1146 3444 1324 3501 quam
1375 3430 1622 3485 laudans
1661 3431 1868 3500 Livius,

224 3502 323 3556 lib.
359 3520 397 3565 1,
432 3519 558 3573 cap.
588 3498 675 3568 18,
714 3500 806 3573 ubi
842 3498 1523 3573 crudeleMettiiFuli‘etii
1553 3498 1871 3573 proditoris

224 3572 578 3644 supplicium
608 3572 937 3644 descripsit,
968 3572 1132 3626 addit
1162 3587 1175 3626 :
1218 3591 1237 3619 α
1276 3572 1532 3627 Primum
1558 3572 1869 3631 ultimum-

226 3643 337 3717 que
355 3645 499 3700 illud
526 3643 882 3717 supplicium
903 3644 1054 3715 apud
1079 3648 1369 3717 Romanos
1391 3645 1636 3717 exempli
1663 3664 1868 3717 parum

226 3715 739 3790 memorislegum‘
777 3716 1168 3790 humanarum
1215 3715 1357 3790 fuit.
1382 3720 1448 3771 In
1480 3715 1608 3772 aliis
1635 3715 1871 3790 gloriari

224 3788 373 3858 licet,
410 3788 556 3843 nulli
586 3787 846 3860 gentium
877 3788 1137 3842 mitiores
1170 3787 1459 3857 placuisse
1491 3787 1711 3860 pcenas.
1734 3811 1759 3841 ι»
1794 3796 1869 3846 Ut

223 3877 351 3915 vero
385 3866 585 3915 noster
615 3860 761 3913 dixit
781 3861 1067 3929 quaestioni
1096 3863 1424 3930 temperare,
1452 3862 1531 3915 ita
1554 3861 1869 3918 Sallustius

222 3936 396 3987 etiam
430 3933 661 3987 videtur
691 3930 920 3986 locutus
951 3947 1101 3997 esse,
1126 3932 1261 3985 dum
1297 3932 1437 3987 dicit
1468 3936 1713 3991 victoria
1736 3939 1868 3989 tem-

215 4020 435 4073 perare,
487 4019 675 4077 neque
724 4003 877 4058 enim
929 4002 1094 4077 illud,
1146 4008 1209 4058 ut
1239 4003 1304 4077 fit
1352 4004 1543 4076 vulgo,
1582 4006 1868 4077 explicare

218 4077 426 4139 ausim,
485 4074 653 4145 quasi
703 4080 857 4149 esset
904 4074 1189 4149 scriptum
1245 4074 1672 4149 ορῑετηρῖεθνανε,⁷
1698 4085 1903 4149 prout.

220 4149 433 4217 pejoris
468 4152 612 4202 notae
645 4147 873 4201 codices
925 4145 1192 4201 nonnulli
1225 4145 1518 4203 exhibent.
1564 4145 1747 4205 Locus
1780 4157 1869 4206 est

217 4220 378 4274 Catil.
412 4236 538 4290 cap.
574 4220 634 4273 11
674 4235 685 4273 :
725 4239 751 4266 «
788 4220 968 4290 Igitur
994 4217 1304 4290 iigmilites,
1337 4224 1651 4290 postquam
1688 4224 1865 4277 victo-

218 4290 361 4345 riam
394 4288 587 4376 adepti
616 4288 942 4376 suum-nihil
976 4288 1184 4371 reliqui
1216 4288 1385 4376 victis
1410 4288 1614 4376 fecere.
1644 4294 1866 4376 Quippe

218 4312 361 4345 nam
394 4312 587 4362 808p“
616 4312 775 4354 sunt,
798 4312 942 4345 ῐΠΠΙΙ
977 4312 1184 4371 Γθιιψξι
1216 4312 1385 4345 νιοιιε
1412 4312 1614 4349 ΙΘΟΘΓΘ.
1644 4312 1864 4420 ΩΠῘΡῩΕ

218 4364 484 4437 secundae
520 4378 611 4417 res
662 4361 1019 4437 sapientium
1069 4378 1298 4437 animos
1350 4363 1609 4432 fatigant.
1644 4366 1725 4421 Ne
1757 4366 1795 4420 ll
1828 4366 1864 4437 i,

218 4434 505 4505 corruptis
553 4433 835 4501 moribus,
887 4433 1155 4505 victorian
1184 4438 1599 4505 temperarent.
1636 4460 1662 4486 »
1690 4438 1728 4491 i.
1763 4454 1813 4494 e.
1849 4433 1863 4493 Ξ

217 4504 462 4561 Tantum
500 4506 686 4567 abest,
719 4511 782 4559 ut
813 4504 1161 4577 nequissimi
1213 4504 1387 4562 illi’et
1418 4508 1627 4577 perditi
1662 4511 1865 4565 mode-

220 4584 423 4632 rentur
467 4577 742 4644 victoriae,
801 4593 913 4631 non
950 4583 1011 4631 ut
1062 4579 1327 4643 victores,
1362 4581 1462 4635 sed
1496 4585 1559 4635 ut
1608 4579 1865 4638 latrones

217 4654 695 4720 gressatoresque
727 4665 789 4703 se
820 4654 1108 4719 gerentes.
1142 4653 1283 4704 ΗΑν.

286 4723 398 4791 (50)
445 4722 847 4792 Expungendus
903 4726 1001 4776 est.
1062 4720 1179 4775 Hoc
1224 4721 1467 4777 verbum
1526 4726 1582 4778 et
1632 4724 1864 4779 Tertul-

216 4790 387 4868 nam
425 4790 743 4865 proprium.
794 4792 923 4868 Ade.
981 4795 1217 4868 luamus,
1270 4809 1319 4868 c.
1372 4795 1400 4846 4
1457 4811 1469 4849 :
1526 4816 1559 4868 ες
1593 4796 1867 4868 Sequitur

216 4864 432 4940 itaque.
462 4870 523 4940 u_t
538 4864 840 4940 quatenus
862 4864 1326 4940 circumcisionis
1350 4865 1619 4940 carnalis,
1643 4864 1699 4923 et
1720 4867 1866 4940 legis

214 4936 425 4991 veteris
457 4936 695 4991 abolitio
733 4947 1024 5008 expuncta
1070 4937 1195 4992 suis
1225 4937 1589 5008 temporibus
1623 4936 1863 4995 demen-

219 5011 460 5081 stratur,
495 5008 576 5063 ita
604 5007 838 5062 Sabbati
889 5025 1121 5081 quoque
1144 5080 1147 5081 ν
1169 5007 1495 5064 observatio
1527 5013 1865 5079 temporalis

217 5079 398 5155 fuisse
429 5080 882 5155 demonstretur.
910 5079 943 5131 3.
967 5080 1295 5155 _Significat
1342 5083 1496 5153 apud
1529 5083 1695 5137 illum
1728 5102 1865 5155 pas-

218 5150 328 5227 sim
361 5152 596 5227 explere,
627 5151 908 5223 perﬁcere.
966 5150 1245 5227 Ilic'_vero
1277 5150 1537 5227 eamdem
1573 5150 1865 5227 significa-

220 5223 436 5279 tionem
472 5224 667 5287 habet,
693 5239 867 5296 quam
894 5226 1045 5295 apud
1071 5224 1331 5280 Persium
1358 5226 1470 5280 Sat.
1502 5243 1565 5291 ΙΙ,
1588 5223 1861 5284 vers.12:

420 5321 748 5385 Pupillumve
778 5321 1001 5379 utinam,
1034 5336 1190 5385 quem
1223 5324 1461 5385 proxime
1490 5324 1661 5375 haares

305 5384 554 5497 iuipetllo,
588 5387 925 5497 :xpungam!
958 5384 1198 5451 Namque
1229 5391 1309 5437 est
1331 5388 1623 5447 scabiosus,
1657 5392 1709 5438 et
1736 5391 1867 5439 acri-

346 5462 410 5496 l8
468 5462 587 5496 unie
650 5462 662 5496 :

214 5543 309 5619 ubi
344 5549 506 5598 vetus
552 5543 904 5619 Scholiastes
945 5548 1108 5619 notat
1142 5569 1162 5595 ι
1199 5550 1453 5602 tractum
1489 5565 1520 5602 a
1555 5548 1861 5619 militibus,

214 5614 333 5684 qui.
362 5617 640 5687 expuncti
689 5616 986 5684 dicuntur,
1032 5618 1173 5673 dum
1210 5620 1362 5674 foras
1395 5636 1428 5676 a
1476 5620 1664 5677 milita
1700 5614 1865 5678 emit—

210 5692 434 5763 tuntur.
471 5689 619 5745 Item
668 5688 1011 5761 metaphora
1059 5707 1092 5745 a
1141 5689 1312 5753 bello,
1344 5691 1404 5747 in
1453 5709 1590 5763 quo,
1622 5696 1865 5751 cadente

211 5761 309 5831 qui
347 5763 582 5836 primus
613 5765 724 5830 est,
769 5763 1237 5821 succenturiatur
1261 5762 1435 5841 alius.
1471 5761 1499 5816 5:
1535 5767 1735 5838 Itaque
1764 5786 1865 5825 ea:-

1908 1886 1956 1951 B

1980 1565 2157 1688 {pingi
2186 1568 2273 1619 est
2325 1564 2525 1633 deleri,
2578 1568 2649 1622 de
2701 1568 2888 1623 medio
2919 1570 3183 1624 conferri.
3241 1571 3402 1627 Adde
3440 1576 3636 1629 notam

2006 1660 2009 1661 ν
2036 1634 2241 1688 iualtii.
2277 1638 2377 1688 aui
2432 1643 2584 1688 recte
2617 1641 2781 1688 docet
2808 1658 2840 1688 ἢ
2871 1642 3199 1688 ratinnihns
3231 1644 3632 1688 damimntnm-

1987 1634 2241 1760 gigaltii,
2277 1638 2377 1707 qui
2432 1643 2584 1693 recte
2617 1641 2781 1694 docet
2808 1658 2840 1693 a
2871 1642 3199 1698 rationibus
3231 1644 3634 1715 desumptum.

2036 1723 2124 1760 AV.

2036 1723 2124 1760 AV.

2060 1779 2171 1855 (51)
2203 1778 2393 1855 De_bi_to
2434 1795 2616 1850 paena
2639 1797 2836 1837 nocens
2864 1784 3262 1855 expungendus
3290 1790 3437 1839 est...
3470 1784 3636 1841 Noxii

1987 1851 2207 1919 quique
2264 1850 2495 1925 debent,
2534 1870 2758 1925 pmnas.
2819 1850 3084 1910 Damnati
3157 1856 3428 1911 dicuntur
3486 1857 3634 1912 servi

1988 1938 2170 1998 poenae
2203 1937 2217 1976 :
2251 1923 2549 1998 supplicio
2588 1930 2843 1995 sumpto,
2894 1927 3126 1983 dedisse
3169 1944 3368 1998 pcenas
3416 1927 3637 1983 intelli-

1985 1996 2223 2063 guntur.
2278 1994 2499 2071 Itaque
2527 1996 2596 2071 in
2638 1994 2963 2071 peragenda
3006 1994 3357 2071 cognitione,
3402 2006 3635 2055 exactor

1986 2081 2290 2135 pmnarum
2323 2067 2394 2120 de
2425 2067 2651 2141 tabella
2667 2086 2768 2123 seu
2794 2067 3121 2139 matricula',
3147 2072 3407 2125 damnati
3433 2075 3631 2141 cujus-

1986 2152 2098 2206 que
2130 2153 2338 2210 nomen
2385 2154 2516 2192 cum
2561 2139 2747 2210 elogio
2795 2158 2895 2195 seu
2930 2158 3107 2197 causa
3153 2142 3421 2208 citatum,
3454 2139 3632 2199 simul

1985 2206 2276 2285 supplicio
2309 2214 2543 2278 sumpto
2589 2206 2973 2283 expungebat.
3025 2213 3116 2268 Sic
3166 2206 3629 2285 peractacogni-

1983 2279 2169 2359 tione,_
2214 2280 2623 2359 damnatorum
2663 2279 3225 2359 'omniumhomina
3273 2286 3329 2340 in
3366 2279 3630 2359 catalogo

1984 2351 2374 2478 cernebatntiﬁr
2420 2359 2729 2425 expuncta,
2782 2360 2837 2410 et
2884 2355 3079 2411 debito
3128 2374 3304 2428 poenae
3355 2351 3630 2414 nocentes

1985 2439 2279 2478 exnunci.
2362 2440 2436 2477 ιο.

1985 2439 2279 2493 expunet].
2314 2439 2436 2478 me.

2058 2495 2167 2565 (52)
2224 2495 2337 2549 Non
2392 2494 2728 2550 eximendus.
2779 2496 3103 2551 Alexander
3150 2498 3416 2563 Severus,
3475 2498 3626 2554 refe-

1983 2575 2148 2621 rente
2202 2567 2529 2639 Lampridio
2589 2569 2645 2620 in
2706 2569 2837 2623 Vita
2894 2586 3042 2636 ejus,
3111 2590 3130 2617 α
3168 2572 3454 2639 prasl'ectis
3503 2570 3627 2626 suis

1985 2654 2217 2711 semper
2247 2638 2475 2711 detulit,
2510 2654 2779 2693 asserens
2810 2657 2966 2703 eum,
2999 2641 3097 2711 qui
3152 2638 3444 2696 mereatur
3476 2642 3629 2711 inju-

1985 2710 2129 2762 riam
2166 2709 2309 2783 pati,
2335 2711 2405 2763 ab
2438 2711 2787 2783 imperatore
2809 2709 3207 2766 damnandum
3230 2731 3376 2783 esse,
3402 2731 3515 2767 non
3532 2709 3629 2767 “di-

1986 2782 2417 2873 mittendumﬂ
2432 2781 2697 2873 GLraviter
2713 2800 2942 2873 queque
2974 2781 3473 2873 Pythagoras,;,s’eu
3497 2785 3631 2873 quis

1984 2851 2134 2932 alius
2165 2854 2316 2932 apud
2359 2851 2746 2932 Stob.__serm:
2801 2851 2866 2932 ili
2903 2872 2914 2909 :
2940 2851 3036 2932 ita?
3064 2855 3125 2932 oi
3147 2851 3317 2932 ᾠυγῆς
3348 2852 3487 2932 ἄξιος,
3515 2851 3628 2932 etc.

1983 2923 2020 2976 i.
2056 2940 2117 2998 φ.-
2165 2924 2739 2998 «μΒειῐῐιηωιὰἱρνηοη
2790 2927 3127 2982 absolvendi
3159 2923 3335 2990 'sunt,
3369 2923 3479 2998 qui
3517 2928 3629 2982 ali-

1982 2995 2121 3063 quid
2181 2994 2422 3067 dignum
2470 2996 2673 3067 exilio,
2734 3005 2835 3052 aut
2893 2998 3161 3056 vinculis.
3215 2994 3401 3053 aliave
3461 3016 3661 3067 pcsna

1982 3066 2377 3121 committunt.
2424 3066 2645 3135 Siquis
2692 3084 2821 3124 vero
2856 3075 3071 3124 temere
3121 3066 3626 3137 absolverialucri

1982 3144 2082 3211 aut
2111 3138 2429 3207 voluptatis
2460 3140 2667 3207 gratia,
2700 3140 2915 3208 injuste
2967 3142 3104 3195 facit
3135 3158 3147 3193 :
3183 3147 3240 3194 et
3271 3143 3623 3211 injustitiam

1981 3209 2031 3263 ei
2064 3210 2221 3262 cordi
2272 3226 2399 3263 esse
2453 3212 2842 3266 necessarium
2878 3217 2984 3266 est.
3041 3236 3061 3258 ιι
3119 3212 3268 3267 Usus
3316 3209 3403 3267 est
3451 3215 3625 3269 verbo

1978 3282 2223 3356 eximere
2250 3281 2490 3356 Tertull.
2529 3283 2766 3356 perindie
2792 3289 2877 3356 fut
2924 3290 2981 3339 et
3013 3283 3229 3356 Livius,
3262 3286 3415 3356 apud
3450 3302 3624 3356 quem

1978 3352 2387 3428 Papirius,__de
2443 3353 2652 3418 Quinto
2689 3354 2905 3428 Fabio,
2939 3354 3213 3428 Alt'Iaximo
3273 3352 3493 3428 postea,
3545 3358 3629 3412 ita

1979 3423 2121 3479 insit
2152 3440 2164 3479 :
2200 3446 2227 3473 «
2260 3424 2383 3479 Non
2416 3441 2574 3479 noxas
2614 3425 2888 3481 eximitur
2920 3426 2982 3492 Q.
3018 3427 3228 3483 Fabius
3258 3423 3289 3493 ;’
3327 3428 3427 3483 sed
3462 3444 3621 3483 noxae

1979 3496 2589 3623 gamnatusztiionatur
2638 3498 2851 3569 populo
2902 3499 3186 3554 Romano.
3225 3518 3250 3551 ι›
3309 3500 3506 3555 Horat.
3563 3518 3619 3568 ιι,

2026 3584 2172 3622 arm.
2208 3576 2309 3623 n.‘
2376 3610 2389 3623 .

1980 3569 2172 3622 Carm.
2208 3585 2269 3633 ιι,
2298 3570 2389 3623 21.

2164 3706 2449 3756 Redditum
2479 3708 2597 3769 Cyri
2632 3710 2746 3757 solo
2780 3708 3039 3758 Phraaten

2168 3770 2439 3818 Dissidens
2470 3771 2627 3831 plebi,
2659 3785 2885 3819 numero
2919 3773 3099 3823 beato-

2169 3833 2303 3881 Rum
2333 3834 2520 3882 eximit
2548 3834 2741 3882 Virtus.
2782 3836 2908 3885 Hav.

2048 3975 2158 4050 (53)
2183 3975 2448 4050 Omnium
2480 3977 2743 4032 scelerum
2774 3994 2949 4034 reum.
3002 3979 3082 4035 De
3115 3980 3330 4050 quibus
3360 3976 3636 4036 omnibus

1976 4045 2288 4122 insigniter
2316 4065 2415 4103 eos
2461 4056 2674 4120 purgat
2721 4051 2964 4107 Tertull.
3004 4053 3063 4106 In
3115 4045 3223 4107 hoc
3255 4053 3496 4122 Apoloy.,
3526 4068 3629 4106 na-

1975 4122 2116 4191 tura:
2148 4121 2397 4175 inimicos
2448 4127 2631 4187 vocat,
2685 4122 2823 4191 quia
2854 4123 3228 4191 infanticidia,
3264 4121 3489 4191 incesti,
3539 4123 3631 4178 in-

1977 4190 2260 4245 fructuosi
2295 4194 2563 4262 negotiis,
2598 4198 2661 4245 ut
2702 4190 3023 4263 putabant.
3080 4197 3162 4250 Ita
3206 4190 3276 4250 de
3308 4193 3627 4256 Dolabella,

1978 4264 2272 4332 quondam
2307 4264 2494 4319 amico
2517 4264 2651 4338 sibi,
2671 4263 2876 4338 Cicero
2901 4267 2982 4321 ait
3012 4268 3258 4338 Philipp.
3287 4285 3365 4330 xx,
3390 4284 3513 4336 cap.
3541 4267 3626 4338 140,

1977 4350 2037 4388 se
2077 4351 2266 4405 neque
2316 4352 2470 4389 nunc
2521 4335 2765 4391 fortasse
2805 4336 3060 4392 alienum
3116 4335 3285 4393 abieo
3342 4335 3480 4403 fore,
3515 4336 3627 4392 nisi

1976 4421 2151 4480 super
2183 4405 2293 4480 alia
2328 4406 2514 4460 multa
2564 4406 3148 4480 sceleragugdenique
3181 4416 3402 4465 natura:
3431 4414 3488 4463 et
3519 4407 3628 4462 hu-

1977 4477 2244 4532 manitati
2276 4478 2548 4533 inventus
2597 4484 2751 4533 esset
2798 4477 3098 4535 inimicus.
3131 4501 3155 4532 υ
3194 4485 3626 4549 Imperatorum,

1976 4549 2254 4630 quoniam
2284 4550 2502 4630 crinem
2544 4549 2969 4630 perduellionis
3018 4558 3074 4607 et
3123 4552 3628 4630 lassis-maiestatis

1892 4622 1940 4688 D
1972 4620 2044 4676 iis
2076 4621 2495 4676 intentabatur.
2531 4626 2710 4695 Genus
2732 4622 3017 4678 hominum
3040 4620 3449 4695 superstitionis
3473 4638 3633 4679 navie

1975 4708 2039 4746 ac
2102 4696 2387 4762 male/irae,
2435 4694 2693 4765 appellat
2747 4695 2982 4751 Sueten.
3043 4714 3168 4767 cap.
3234 4699 3311 4750 l6.
3367 4697 3437 4751 Ut
3482 4697 3629 4749 talos

1975 4768 2264 4838 persecuti
2319 4767 2477 4821 fuere
2522 4767 2814 4836 principes
2866 4768 3047 4838 impii.
3114 4770 3283 4825 Vetus
3324 4768 3631 4837 inscriptio

1975 4837 2441 4912 ex_lliocl_etiani
2504 4845 2561 4892 et
2620 4837 2961 4893 Maximiani
3010 4857 3126 4893 aevo
3186 4841 3333 4912 apud
3397 4846 3628 4912 Gruter,

1977 4925 2031 4980 p.
2060 4909 2164 4961 280
2197 4926 2209 4962 :
2246 4910 2697 4965 SUPERSTI’I‘IONE
2745 4928 2965 4966 CHRIST.
3019 4929 3175 4975 UBIQ.
3206 4909 3434 4968 nam“.
3468 4911 3632 4966 Unde

1975 4984 2032 5055 et
2062 4982 2401 5055 eorumdem
2435 4982 2588 5055 apud
2644 4982 2980 5039 Baromium
3011 4983 3068 5038 in
3120 4985 3321 5039 Annal.
3356 4990 3413 5039 et
3439 4989 3630 5055 Span-

1974 5052 2128 5106 hem.
2165 5052 2221 5107 in
2255 5052 2357 5107 lib.
2409 5053 2473 5109 de
2507 5055 2610 5109 Usu
2638 5058 2688 5109 et
2740 5059 2938 5111 Prwsl.
2994 5061 3155 5109 Num.
3200 5052 3541 5111 Diocletiani
3578 5060 3633 5109 et

1974 5125 2308 5180 Maximiani
2342 5127 2523 5195 impp.
2561 5125 2882 5195 inscriptio,
2905 5144 3125 5182 NOMINE
3158 5143 3631 5183 CHRISTIANORUM

1975 5212 2205 5253 nsnsro.
2257 5214 2355 5258 QUI
2406 5214 2581 5251 unus.
2633 5215 3011 5253 EVERTERANT.
3064 5202 3265 5265 Legum
3294 5208 3345 5254 et
3394 5214 3629 5264 morum,

1975 5269 2109 5336 quia
2143 5269 2491 5323 festivitates
2528 5269 2793 5339 publicas
2825 5276 2881 5326 et
2933 5270 3221 5326 idolorum
3272 5270 3497 5325 cultum
3531 5285 3631 5323 ne-

1974 5339 2293 5423 gligebant.
2342 5340 2586 5423 Tacitus
2636 5359 2706 5423 xi.
2756 5344 2961 5423 Annal:
3016 5344 3081 5397 44
3116 5360 3128 5423 ς
3167 5343 3405 5423 u_lgi_tur
3454 5340 3629 5423 primi

1975 5413 2221 5484 correpti
2256 5412 2353 5483 qui
2410 5414 2766 5479 fatebantur,
2802 5414 2955 5468 haud
3008 5412 3272 5484 perinde
3297 5416 3353 5469 in
3388 5412 3631 5469 crimine

1972 5483 2201 5551 incidit,
2236 5500 2411 5553 quam
2441 5485 2576 5540 odio
2611 5485 2853 5541 humani
2886 5483 3115 5554 generis
3147 5487 3391 5543 convicti
3418 5489 3573 5541 sunt.
3601 5506 3629 5534 »

1974 5555 2091 5610 Hoc
2135 5558 2335 5610 odium
2387 5559 2535 5611 unde
2569 5558 2686 5612 illis
2721 5562 2783 5610 ut
2831 5559 3049 5610 crimen
3098 5558 3270 5613 fuerit
3313 5559 3631 5628 ohjectum,

1974 5644 2155 5696 quare
2186 5629 2356 5683 hostes
2388 5630 2594 5691 publici
2643 5628 3009 5691 dicebantur,
3048 5628 3240 5683 disces
3284 5648 3352 5686 ex
3389 5629 3629 5685 Tertull.

1973 5714 2099 5766 cap.
2134 5701 2223 5755 35.
2248 5700 2403 5754 Pone
2434 5717 2663 5755 comma
2698 5705 2829 5771 post
2860 5700 3253 5755 Christianum.
3291 5702 3434 5757 ΗΑν.

2045 5772 2159 5843 (54)
2198 5773 2598 5828 Praevaricaris
2652 5776 2711 5827 in
2760 5773 2924 5842 leges,
2958 5774 3039 5827 Ila
3088 5772 3230 5841 lege:
3261 5774 3329 5828 V.
3365 5776 3423 5830 C.
3458 5787 3629 5844 quem
