4366 6340
177 382 297 444 329

1285 384 1883 448 APOLOGETICUS
1925 387 2107 446 ADV.
2156 388 2488 448 GENTES.

3474 385 3595 446 330

174 530 307 570 nem
343 531 357 570 :
391 514 582 569 Bonus
603 513 690 567 vir
717 513 892 569 Caius
922 514 1088 570 Seius
1121 515 1498 585 (58),tantum
1533 517 1686 588 quod
1712 516 1825 589 (59)
1857 524 1910 591 Α
1941 518 2203 573 amasius
2230 518 2242 572 l
2277 518 2434 574 Facti
2465 521 2599 574 sunt
2628 516 2967 572 Christiani.
2999 517 3084 572 Ita
3130 532 3342 571 nomen
3393 532 3595 572 emen-

172 601 564 660 Chriatianus.
611 604 754 658 Item
789 602 946 658 alius
980 621 992 658 :
1028 604 1145 674 Ego
1181 605 1359 660 miror
1386 606 1432 639 ⁷³
1467 606 1709 661 Lucium
1743 623 1835 661 sa-

167 694 418 765 pientein
457 694 656 746 virum
702 697 939 763 repente
975 694 1192 747 factum
1227 694 1837 751 Christianum.Nemo

167 787 488 838 retractat:
556 781 762 836 Nonne
811 781 942 836 ideo
1002 781 1188 837 bonus
1223 784 1414 848 Caius,
1474 789 1529 839 et
1580 785 1838 856 prudens

168 871 378 927 Lucius
407 872 475 937 η,
509 888 544 942 q
573 870 672 925 uia
701 870 1072 926 Christianus
1097 871 1124 925 ?
1153 879 1255 926 aut
1286 873 1414 928 ideo
1445 873 1836 940 Christianus,

170 963 306 1032 quia
340 960 610 1031 prudens
641 962 700 1013 et
733 959 921 1014 bonus
945 958 972 1010 ?
1005 960 1272 1014 Laudant
1291 979 1414 1032 quae
1436 962 1650 1026 sciunt,
1686 961 1835 1015 vitu-

169 1055 374 1121 perant
402 1065 534 1121 quaa
582 1048 879 1120 ignorant,
914 1053 970 1102 et
1000 1048 1056 1102 id
1107 1051 1264 1120 quod
1315 1049 1530 1118 sciunt,
1585 1067 1650 1105 eo
1681 1051 1834 1122 quod

169 1138 457 1211 ignorant,
492 1153 593 1191 cor
611 1142 898 1208 rumpunt
927 1155 939 1204 ;
975 1153 1106 1192 cum
1141 1137 1217 1192 sit
1240 1139 1466 1208 justius
1509 1138 1738 1194 occulta
1768 1139 1837 1193 de

173 1225 498 1282 manifestis
524 1225 1112 1297 priejudicare,quam
1147 1226 1458 1282 manifesta
1485 1227 1555 1282 de
1584 1227 1837 1282 occultis

171 1315 592 1388 praedamnare.
640 1313 777 1385 Alii,
837 1330 987 1385 quos
1050 1321 1202 1370 retro
1263 1321 1398 1370 ante
1456 1315 1565 1370 hoc
1622 1332 1835 1370 nomen

167 1420 365 1477 vagos,
396 1403 564 1470 viles,
606 1403 906 1474 improbos
939 1404 1055 1474 (60)
1107 1410 1406 1474 noverant,
1457 1421 1526 1459 ex
1571 1405 1700 1476 ipso
1733 1405 1831 1459 de-

170 1497 373 1548 notant
401 1492 536 1564 (61),
572 1507 690 1562 quo
729 1490 975 1546 laudant
1003 1493 1081 1558 7‘;
1108 1493 1366 1548 caecitate
1388 1493 1505 1549 odii
1539 1493 1599 1548 in
1625 1495 1835 1548 suﬂ‘ra-

171 1583 331 1654 gium
388 1580 759 1653 impingunt.
821 1581 956 1644 Quas
1037 1581 1288 1637 mulier!
1341 1598 1519 1653 quam
1597 1582 1836 1650 lasciva,

173 1687 348 1742 quam
381 1669 588 1725 festiva
623 1668 635 1724 l
669 1669 782 1733 Qui
806 1669 1081 1740 juvenis!
1118 1687 1296 1742 quam
1346 1670 1623 1740 lascivus,
1655 1687 1834 1743 quam

1949 606 2168 662 dationi
2205 607 2552 678 imputatur.
2587 605 2865 661 Nonnulli
2907 605 3082 661 etiam
3125 606 3195 660 de
3244 603 3597 659 utilitatibus

1950 695 2075 751 suis
2107 713 2237 750 cum
2271 698 2403 751 odio
2437 698 2549 751 isto
2587 696 2985 766 paciscuntur,
3041 695 3299 749 contenti
3359 694 3598 764 injuria,

1948 785 2089 839 dum
2143 801 2213 840 ne
2272 787 2425 840 domi
2483 786 2755 850 habeant,
2815 786 2964 853 quod
3021 783 3289 839 oderunt.
3353 783 3597 838 Uxorem

1940 873 2064 943 jam
2098 874 2142 908 ⁷⁸
2194 874 2462 944 pudicam
2509 875 2620 944 (62)
2673 873 2918 927 maritus
2967 873 3090 941 jam
3135 889 3248 927 non
3298 871 3599 943 zelotypus

1949 962 2140 1032 ejecit,
2174 963 2360 1016 illium
2400 963 2527 1032 jam
2578 963 2913 1030 subjectum
2963 967 3126 1030 pater
3171 967 3317 1016 retro
3369 961 3597 1032 patiens

1947 1051 2259 1120 abdicavit,
2294 1051 2439 1107 281
2480 1067 2708 1106 servum
2729 1053 2851 1119 jam
2886 1049 3116 1104 fidelem
3149 1049 3422 1104 domibus
3452 1049 3593 1104 olim

1949 1137 2106 1193 mitis
2129 1139 2200 1193 ab
2233 1139 2416 1194 oculis
2452 1139 2726 1210 relegavit
2761 1155 2772 1193 :
2809 1143 2872 1192 ut
2902 1137 3154 1209 quisque
3212 1137 3320 1192 hoc
3361 1138 3596 1193 nomine

1947 1228 2296 1283 emendatur
2324 1229 2585 1282 offendit.
2617 1226 2789 1282 Tanti
2835 1243 2950 1282 non
2992 1232 3080 1282 est
3112 1227 3354 1292 bonum,
3388 1226 3594 1297 quanti

1946 1320 2036 1371 est
2064 1317 2264 1371 odium
2287 1317 2329 1351 ⁷⁷
2359 1317 2846 1372 Christianorum.
2875 1315 3041 1369 Nunc
3074 1315 3275 1386 igitur,
3321 1315 3368 1370 si
3403 1313 3596 1370 nomi-

1947 1405 2040 1460 nis
2069 1406 2271 1461 odium
2300 1412 2408 1473 est,
2442 1408 2574 1478 quis
2610 1405 2912 1461 nominum
2958 1408 3155 1459 reatus
3183 1403 3211 1457 ‘I
3241 1404 3377 1467 Qum
3424 1420 3598 1458 accu-

1948 1495 2099 1549 satio
2127 1494 2566 1565 vocabulorum,
2619 1493 2731 1548 nisi
2789 1494 2839 1548 si
2900 1499 3002 1548 aut
3052 1491 3368 1547 barbarum
3429 1497 3600 1547 sonat

1948 1583 2146 1654 aliqua
2170 1600 2280 1639 vox
2311 1583 2591 1649 nominis,
2614 1588 2714 1638 aut
2734 1583 3193 1648 intaustum,aut
3226 1580 3598 1651 maledicum,

1950 1678 2054 1727 aut
2083 1672 2451 1742 impudicum
2475 1672 2502 1726 ?
2532 1671 2898 1726 Christianus
2927 1687 3082 1740 vero,
3102 1673 3388 1741 quantum
3418 1668 3599 1723 inter-

1614 1778 1818 1839 Variae
1847 1778 2171 1840 lectiones.

248 1876 294 1910 ⁷³
329 1874 518 1945 Rigalt
549 1882 618 1949 et
666 1875 893 1930 Haverc.
932 1890 972 1949 Ae
1004 1877 1133 1949 cod.
1185 1875 1341 1930 Fuld.
1389 1880 1512 1946 Ego
1561 1876 1746 1949 miror
1790 1876 1950 1949 Luci,
2001 1882 2113 1949 etc.
2150 1894 2163 1945 ;
2198 1878 2314 1949 Ego
2368 1876 2680 1931 Lucium...
2742 1876 2875 1932 Chr.
2938 1875 3204 1949 defero,

177 1948 440 2073 {lurimis
463 1945 614 2002 codd.
648 1962 756 2001 non
786 1947 960 2016 magis
983 1945 1349 2016 desideratur,
1381 1945 1544 2018 quam
1583 1964 1634 2002 υ.
1672 1946 1870 2001 miror.
1907 1947 2024 2002 Led
2057 1949 2127 2002 cf.
2165 1945 2400 2005 ad'Nat.
2434 1965 2484 2003 c.
2519 1950 2570 2002 4.
2607 1949 2732 2003 Haec
2760 1950 2921 2018 Le0p.

227 2021 396 2073 ucius
429 2036 477 2073 s.
512 2018 720 2073 Lutius
751 2035 796 2072 s.
838 2018 1080 2073 Lusius:
1120 2018 1272 2073 codd.
1310 2021 1496 2073 Ursini
1525 2023 1575 2073 et
1596 2020 1860 2073 Scriverii
1892 2034 1904 2072 :
1936 2019 2210 2073 lascivus.
2289 2021 2332 2054 ⁷⁵
2371 2020 2629 2073 Wouwer.
2661 2036 2730 2073 ea:
2758 2028 2882 2073 vett.
2910 2019 2921 2072 ι

3267 1871 3408 1944 quod
3455 1890 3505 1928 v.
3539 1874 3602 1927 in

2999 1948 3045 1981 π
3078 1945 3239 2002 Codd.
3295 1945 3546 2016 plerique
3575 1961 3588 1997 :

227 2021 396 2073 ucius
429 2036 477 2073 s.
512 2018 720 2073 Lutius
751 2035 796 2072 s.
838 2018 1080 2085 Lusius;
1120 2018 1272 2073 codd.
1310 2016 1496 2076 Ursini
1525 2023 1575 2073 et
1596 2020 1860 2074 Scriverii
1892 2034 1904 2072 :
1936 2019 2210 2075 lascivus.
2289 2021 2332 2054 ⁷⁵
2371 2020 2629 2075 Wouwer.
2661 2036 2730 2074 ea:
2758 2016 2882 2074 vett.
2910 2018 3002 2073 lib.
3039 2020 3118 2072 sic
3157 2019 3286 2085 legit
3320 2033 3332 2071 :
3369 2016 3595 2086 exipso

183 2092 611 2164 quoidenotant
641 2089 919 2164 laudant;
954 2107 1002 2144 c.
1044 2106 1096 2164 o.
1201 2107 1249 2164 s.
1282 2090 1327 2164 ἰἈ
1355 2091 1782 2164 Quodmulier,
1818 2091 1970 2161 quod
1998 2091 2242 2164 lasciva,
2269 2093 2425 2164 quod
2452 2089 3283 2161 festiva.Quodjuvenis,quod
3314 2085 3594 2155 lascivius,

180 2161 329 2234 quod
367 2161 650 2226 amasius,
678 2161 815 2217 lacti
849 2166 989 2216 sunt
1016 2161 1354 2217 Christiani.
1431 2163 1474 2197 7‘
1501 2162 1634 2218 Jam
1666 2162 1832 2217 obest.
1868 2163 2049 2218 Paris.
2127 2165 2169 2198 ”¹“¹
2200 2161 2331 2219 Jam
2359 2163 2514 2218 addit
2542 2165 2727 2218 Paris.

1215 2322 1217 2324 .
1623 2263 2147 2323 Commentarius.

250 2361 363 2431 (58)
398 2359 561 2414 Caius
611 2359 789 2414 Seius.
847 2358 1038 2431 Verba
1093 2363 1233 2414 sunt
1261 2359 1694 2415 Jureconsultis
1728 2361 1832 2414 fre-

1954 2358 2184 2426 ἱαυτοὺς,
2219 2356 2390 2431 δι’,ὦν
2428 2358 2770 2431 σκώπτουσιν
2813 2355 3152 2431 ἐπᾳιλνσῢγτες
3203 2352 3384 2431 αῷτὸν,
3439 2357 3497 2431 et
3525 2354 3598 2408 de

185 2430 594 2503 quentissima,
632 2431 746 2503 ubi,
765 2430 1013 2501 exempli
1046 2433 1252 2502 gratia,
1289 2432 1503 2503 aliquid
1541 2431 1833 2486 inculcare

184 2501 390 2559 volunt
417 2505 486 2557 de
521 2501 786 2573 personis
817 2503 872 2557 in
910 2501 1142 2574 genere.
1181 2504 1307 2558 Lac.

261 2577 376 2656 (59)
438 2576 668 2656 Tantum
724 2576 882 2655 quod.
918 2573 1572 2656 ili‘amiliarisuAuctori
1636 2578 1834 2656 unostro

190 2645 404 2702 locutio
447 2664 460 2701 ε
516 2647 830 2718 Suetonius
877 2663 1108 2718 quoque
1158 2647 1216 2700 in
1269 2646 1513 2709 Nerone,
1574 2662 1623 2700 c.
1655 2647 1709 2710 6,
1766 2646 1838 2700 de

195 2724 454 2791 tempore
486 2717 805 2773 nativitatis
825 2720 957 2791 ejus
989 2735 1001 2772 :
1037 2741 1063 2766 ‹‹
1089 2719 1341 2773 Tantum
1367 2719 1519 2789 quod
1546 2717 1839 2791 exoriente

193 2789 334 2855 sole,
373 2806 513 2859 pene
547 2795 608 2844 ut
655 2789 1217 2860 radiis’priusquam
1269 2794 1420 2844 terra
1474 2790 1836 2858 contingere-

192 2868 306 2917 tur.
338 2885 368 2912 ››
401 2869 619 2917 Sensus
648 2869 737 2916 est
765 2866 1048 2917 Neronem
1091 2862 1470 2932 intercepisse
1519 2862 1716 2916 radios
1746 2877 1838 2915 so-

193 2933 367 2990 lares.
402 2934 501 3004 qui
535 2933 697 3005 prius
729 2935 922 3004 ipsum
958 2951 1132 3005 quam
1166 2940 1382 2989 terram
1418 2934 1544 2987 luce
1574 2950 1681 2987 sua
1712 2949 1839 3004 per-

197 3006 528 3133 fugerugtzg
557 3007 830 3077 sumpsit,
891 3011 956 3062 ut
1013 3006 1200 3078 plura,
1259 3007 1331 3060 ab
1392 3005 1678 3060 Lucretio.
1742 3005 1842 3059 llle

220 3095 232 3132 ι
284 3119 296 3133 .
331 3087 470 3133 u...‘
559 3094 572 3132 :

220 3087 296 3133 Ib.
331 3094 397 3142 ll,
424 3087 528 3131 228
559 3094 572 3132 Ζ

343 3183 574 3232 Tantum
603 3183 745 3246 quod
780 3196 974 3232 nomen
1005 3187 1266 3232 mutatum
1297 3181 1470 3232 dicere
1499 3181 1690 3244 possis.

191 3290 432 3345 Veteres
462 3290 658 3344 excusi
688 3289 904 3344 habent
937 3290 1030 3345 hic
1059 3290 1150 3345 sed
1179 3289 1368 3345 mulus
1405 3292 1624 3344 tantum
1679 3289 1839 3360 quod,

194 3363 342 3432 quod
383 3362 651 3432 putidum
684 3360 828 3414 nulli
863 3363 1134 3417 meliores
1166 3362 1293 3416 libri
1320 3379 1460 3416 mss.
1495 3367 1839 3428 agnoscunt,

195 3441 249 3489 et
275 3434 629 3501 Salinasius,
664 3432 875 3504 Rigalt.
909 3434 964 3488 la
993 3435 1173 3490 Cerda
1222 3434 1569 3504 etqb‘caliger
1625 3433 1838 3504 delent.

196 3507 427 3560 Tantum
459 3505 603 3576 quod
634 3501 783 3559 idem
818 3507 970 3576 quod
1004 3507 1214 3560 Graecis
1246 3502 1390 3576 πλὴν
1425 3501 1542 3557 δέοι
1573 3504 1663 3576 vel
1693 3501 1840 3570 πλὴν

199 3576 297 3650 ὅτι.
334 3575 640 3646 Synesius,
668 3575 886 3650 citante
915 3579 1206 3650 Stephano
1231 3575 1376 3644 πλὴν
1409 3575 1534 3650 ὅσον
1569 3575 1841 3650 ηὐξάμην.

197 3649 285 3703 Sic
318 3665 554 3721 quoque
583 3647 1292 3721 Aristophanes'Nubibus
1351 3649 1496 3704 dixit
1553 3647 1700 3714 πλὴν
1762 3648 1843 3700 ὅτι

200 3725 335 3775 ΗΑν.

271 3791 385 3863 (60)
423 3792 608 3859 Vagos,
641 3790 801 3846 viles.
832 3793 1126 3861 improbos.
1172 3793 1335 3863 Vagus
1394 3792 1465 3846 ob
1514 3790 1845 3856 libidinem,

203 3861 342 3918 viles
373 3864 447 3917 ob
479 3863 703 3932 copiam
740 3863 833 3917 sui
863 3864 1199 3931 vilil‘actam,
1233 3861 1502 3934 improbos
1541 3863 1614 3917 ob
1657 3879 1848 3916 mores

205 3936 394 3990 malos
428 3951 442 3988 :
476 3950 633 4005 vagos
665 3935 809 3990 istos
843 3952 944 4005 per
989 3936 1275 3990 ambulare
1312 3939 1598 4005 expressit
1644 3937 1848 3988 Adria-

204 4023 314 4062 nus
346 4011 537 4061 Ctesar
567 4007 626 4061 in
659 4006 758 4061 illo
781 4008 851 4062 ad
891 4007 1118 4062 Florum
1153 4009 1336 4079 epigr.
1372 4007 1525 4078 apud
1555 4006 1848 4078 Spartian.

453 4129 562 4184 Ego
593 4128 718 4179 nolo
748 4129 932 4179 Florus
963 4145 1097 4193 esse,

454 4193 742 4242 Ambulare
774 4207 867 4254 per
899 4194 1168 4252 tabernas,

463 4255 692 4304 Latitare
723 4269 818 4315 per
846 4257 1096 4317 popinas,

456 4317 654 4367 Calices
679 4319 782 4380 pati
809 4319 1091 4368 rotundos.

274 4433 390 4503 (61)
425 4437 510 4488 Ea:
529 4432 652 4505 ipso
683 4432 966 4504 denoiant,
1019 4439 1127 4490 etc.
1182 4434 1477 4489 Pamclius
1526 4438 1583 4488 et
1614 4433 1740 4505 Rig.
1775 4432 1856 4487 le-

211 4511 409 4578 gunt:
444 4527 470 4552 ‹‹
504 4504 583 4578 Ex
613 4505 738 4578 ipso
770 4507 1071 4574 denotant,
1107 4508 1260 4578 quod
1294 4507 1558 4569 laudant,
1604 4504 1858 4560 czecitate

210 4575 418 4650 odiiin
451 4577 796 4650 suffragium
829 4575 1186 4650 impingunt.
1222 4579 1354 4642 Qum
1390 4579 1642 4650 mulier!
1681 4594 1858 4650 quam

211 4647 466 4720 lasciva!
503 4647 678 4718 quam
707 4647 948 4705 festival
985 4647 1091 4714 Qui
1116 4652 1363 4720 juvenes
1390 4647 1523 4720 lqui
1557 4649 1770 4704 Lucius
1797 4648 1808 4702 ι
1833 4670 1860 4696 ι)

213 4719 428 4794 Rigalt:
464 4741 492 4768 ‹‹
518 4737 700 4794 quam
736 4720 961 4777 lusiusl
999 4719 1174 4794 quam
1217 4719 1495 4794 amasius,
1557 4721 1690 4794 facti
1726 4725 1864 4775 sunt

215 4790 553 4847 Christiani.
591 4796 752 4847 nMS.
814 4794 957 4849 Fuld
1016 4790 1047 4844 ἶ(
1084 4796 1160 4848 Ex
1210 4794 1318 4849 hoc
1376 4793 1502 4864 ipso
1561 4793 1860 4859 denotant,

216 4865 369 4935 quod
405 4864 658 4937 laudant
677 4866 931 4920 caecitate
964 4866 1167 4932 odii,in
1201 4866 1547 4937 suifragium
1581 4881 1862 4937 enarrem

219 4941 329 5020 tes,
362 4952 491 5017 qua
515 4935 750 5021 mulier,
784 4955 959 5021 quem
996 4937 1229 5001 lasciva,
1261 4935 1437 5019 quam
1482 4937 1687 5021 festiva
1718 4935 1730 4990 l
1765 4935 1864 5008 qui

211 5007 470 5080 juvenis,
497 5024 677 5080 quam
710 5007 920 5072 lusius,
964 5026 1137 5080 quam
1173 5007 1571 5066 amasius.etc.
1600 5007 1863 5063 Rhenan.

1943 2425 2219 2506 zenone;
2249 2428 2315 2487 Οῗ
2353 2451 2416 2506 γε
2465 2430 2558 2502 μὲν
2614 2429 2852 2506 δςωμικοξ
2904 2425 3191 2506 ἐλάνθανσν
3245 2425 3592 2506 ἒςπᾳινρῦντες

1943 2503 2102 2556 αὐτὸν
2134 2500 2220 2556 διὰ
2249 2498 2376 2555 τῶν’
2407 2498 2779 2574 σκωμμάτων,
2832 2503 2869 2565 i,
2901 2518 2978 2574 8.,
3043 2522 3070 2550 ‹‹
3123 2498 3336 2574 Comici
3392 2503 3595 2574 tamen

1946 2576 2371 2647 imprudentes,
2425 2569 2582 2629 hunc
2640 2575 2780 2647 dum
2831 2573 3212 2647 _vituperant,
3274 2569 3591 2647 laudant.)

1944 2641 2220 2720 Spectant
2252 2649 2321 2702 ad
2357 2648 2665 2720 sequentia
2691 2645 2794 2699 illa
2831 2641 3022 2720 Nostri
3055 2646 3127 2697 ad
3158 2643 3502 2720 Scap.,_cap.
3535 2641 3590 2720 2_,

1947 2712 2115 2774 «.nec
2146 2719 2380 2774 aliunde
2411 2712 2724 2773 n'oscihiles
2755 2734 2932 2788 quam
2962 2717 3032 2770 de
3071 2712 3479 2770 emendatione
3510 2712 3595 2767 vi-

1945 2793 2160 2846 tiorum
2197 2791 2602 2862 pristinorum.
2638 2812 2664 2862 ξι
2697 2793 2839 2843 ΗΑν.

2017 2864 2129 2933 (62)
2161 2854 2295 2918 fam
2322 2864 2601 2932 pudicam.
2640 2861 2826 2933 Rhen.
2861 2865 2918 2912 et
2951 2855 3264 2933 ms.Lng_d.
3297 2854 3422 2933 But.
3456 2868 3594 2933 τέῳο-

1949 2925 2364 3004 νεὴιρἰιίιὶεατὴ.
2402 2935 2484 2988 lta
2518 2935 2617 2988 lib.
2672 2932 2749 2986 Ad
2799 2932 2986 2999 Scarp.
3043 2925 3254 2998 capfB,
3302 2925 3594 3004 Claudius

1951 2998 2385 3061 Herminiamus
2410 3005 2661 3078 indigne
2682 3006 2788 3078 l'ert
2803 2998 3027 3056 uxorem
3054 3016 3214 3053 suam
3237 2998 3310 3078 ac!
3330 2998 3472 3051 hanc
3490 3011 3599 3050 sce-

1951 3083 2069 3132 tam
2101 3081 2386 3133 transisse.
2423 3078 2620 3131 Fiebat
2651 3076 2704 3128 id
2742 3090 2918 3145 prava
2958 3075 3594 3145 priesuniptione,‘quae

1994 3157 2146 3204 atere
2179 3154 2370 3220 potest
2391 3164 2460 3202 ex
2490 3140 2786 3213 sacrilegis
2819 3140 3045 3220 Apuleii
3079 3142 3394 3220 verbis-As.
3429 3140 3602 3218 Aur:-

1975 3222 2050 3275 ib.
2087 3238 2144 3275 ix
2174 3213 2247 3275 ἔα
2281 3221 2443 3274 Tunc
2461 3219 2672 3288 spretis
2705 3213 2881 3286 atque
2901 3214 3140 3269 calcatis
3171 3213 3386 3288 divinis
3409 3213 3601 3288 numi-

1951 3295 2148 3355 nibus,
2181 3293 2239 3346 in
2269 3293 2451 3346 vicem
2486 3281 2649 3345 certae
2682 3281 3001 3357 religionis,
3037 3283 3288 3338 mentitae
3307 3281 3596 3352 sacrilega

1950 3364 2554 3436 priesumptionelmi,
2589 3376 2762 3434 quem
2796 3358 3134 3436 pradicaret
3163 3357 3426 3436 unicum,
3459 3369 3593 3433 cori-

1954 3425 2107 3491 iictis
2139 3425 2643 3491 observationibus
2674 3425 2894 3492 vacuis,
2929 3429 3133 3484 fallens
3173 3443 3377 3482 omnes
3409 3425 3600 3480 homi-

1955 3527 2080 3573 nes,
2104 3513 2162 3562 et
2196 3509 2475 3562 miserum
2502 3507 2776 3560 maritum
2803 3499 3418 3577 decipiensmatutino
3440 3512 3600 3577 mero

1954 3586 2011 3635 et
2041 3571 2316 3635 continuo
2349 3585 2550 3648 stupro
2583 3592 2796 3650 corpus
2828 3571 3213 3644 manciparat.
3235 3593 3288 3650 _>_>_
3321 3571 3604 3650 Loquitur

1957 3654 2034 3707 ibi
2071 3653 2139 3706 de
2172 3643 2478 3706 matutinis
2509 3643 2969 3704 Christianorum
3003 3643 3601 3707 conventibus,sacris

1878 3729 1921 3796 C
1958 3723 2079 3778 illis
2110 3729 2166 3777 et
2189 3723 2480 3796 innocuis,
2514 3722 2613 3796 sed
2646 3737 2678 3796 a
2711 3718 3027 3796 gentilibus
3077 3713 3396 3796 mendaciis
3421 3717 3477 3795 et
3507 3727 3601 3796 ca-

1961 3796 2206 3850 lumniis
2227 3785 2871 3850 oneratis.0mniavero
2904 3789 3024 3842 haec
3058 3803 3157 3857 per
3185 3785 3603 3857 hyphenjuxta

1960 3867 2331 3937 antiquitatis
2363 3881 2584 3920 morem
2642 3855 3603 3937 suntscribendajain-puiticaui

1959 3923 2345 4011 retrohatiens,
2378 3935 2726 4008 iam-ﬁdelis,
2748 3933 3092 4000 olim-mitis,
3117 3923 3364 4000 ut'apud
3393 3923 3600 3997 Virgil.

1919 4035 1922 4037 ’
1959 4013 2106 4068 Εσσὶ.
2139 4027 2178 4065 ι,

2114 4119 2357 4180 Namque
2389 4115 2488 4165 erit
2517 4113 2600 4164 ille
2631 4113 2763 4162 mihi
2798 4123 3007 4173 semper
3038 4110 3200 4170 Deus,

1964 4222 2021 4273 et
2051 4217 2236 4286 Georg.
2272 4232 2361 4280 ιιι,
2391 4215 2481 4286 92,
2532 4213 2602 4266 de
2634 4211 2818 4266 nobili
2876 4225 3048 4281 equo,
3108 4205 3211 4278 qui
3269 4207 3334 4260 ut
3389 4201 3615 4258 Ennius

1964 4292 2116 4346 senio
2155 4285 2416 4359 confectu’
2457 4286 2706 4356 quiescit.

1967 4397 2120 4446 Hunc
2149 4407 2365 4456 quoque
2384 4392 2488 4456 ubi~
2502 4394 2595 4439 aut
2611 4389 2797 4456 morbo
2809 4382 3218 4456 gravis,autjam
3233 4381 3446 4456 segnior
3463 4377 3620 4427 annis

2063 4449 2430 4506 Deficitfabde
2461 4454 2619 4502 domo
2652 4449 2929 4511 nec-turpi
2959 4449 3175 4511 ignosce
3210 4449 3461 4493 senectae.

1969 4559 2034 4612 In
2068 4554 2238 4625 cujus
2269 4549 2748 4625 interpretatione
2780 4544 3029 4615 turpiter
3059 4557 3120 4598 se
3147 4537 3621 4625 datngil'aniusin

1973 4612 2168 4683 Indice
2201 4612 2560 4688 Lucretiano,
2595 4621 2696 4690 qui
2727 4619 2851 4689 ipse
2879 4612 3117 4687 quoque
3149 4631 3189 4683 1,
3227 4612 3325 4668 125
3359 4627 3371 4665 :

2099 4731 2246 4799 [lude
2280 4730 2379 4778 sibi
2411 4731 2656 4799 exortam
2683 4737 2892 4786 semper
2923 4720 3164 4771 ﬂorentis
3195 4717 3414 4768 Homeri

2097 4796 2486 4844 Commemorat
2515 4796 2766 4852 speciem.

1977 4909 2083 4950 nec
2116 4892 2227 4946 alio
2259 4891 2431 4945 modo
2467 4886 2731 4951 Publius,
2757 4899 2906 4939 vers.
2937 4882 3038 4936 731
3078 4896 3091 4935 :

2104 5001 2276 5048 Suum.
2302 4994 2744 5058 sequiturlumen
2777 5002 2987 5051 semper
3018 4987 3349 5036 innocentia.

217 5078 444 5165 ex‘ips‘o
476 5079 778 5162 denotant,
805 5077 1142 5165 collaudant
1173 5099 1280 5165 co.
1306 5103 1348 5165 ‘»
1385 5082 1492 5135 Ms.
1528 5097 1699 5165 quem
1720 5098 1848 5165 ἐστι·

1978 5096 2277 5163 Quomodo
2301 5091 2640 5148 acclamatio
2657 5093 2903 5165 senatus
2925 5083 3078 5165 apud
3107 5084 3347 5165 Vopisci]
3360 5077 3631 5165 m‘,Probo

219 5151 354 5224 tulit
385 5151 705 5224 Scriverius
737 5170 751 5207 :
787 5176 811 5202 ‹‹
848 5155 930 5208 Ex
962 5154 1088 5224 ipso
1113 5155 1262 5222 quod
1290 5152 1865 5224 denotant,laudant,

221 5223 295 5296 al.
331 5221 710 5296 collaudant;
749 5247 775 5272 n
810 5234 864 5280 et
924 5221 1055 5280 mox
1091 5243 1104 5279 :
1135 5221 1169 5274 u
1201 5226 1354 5296 quod
1416 5223 1648 5289 mulier,
1710 5224 1864 5294 quod

222 5294 459 5368 lasciva.
496 5296 648 5368 quod
684 5297 902 5362 festiva,
937 5298 1092 5368 quod
1117 5294 1375 5367 juvenis,
1405 5299 1560 5367 quod
1596 5297 1868 5359 lascivus,

227 5367 380 5441 quod
414 5367 698 5441 amasius,
734 5391 759 5416 n
793 5367 970 5441 peto,
1016 5371 1375 5441 approbante
1436 5369 1556 5423 illo.
1615 5370 1874 5438 Scaliger

225 5437 475 5513 denique
505 5455 574 5513 ex
605 5439 838 5513 ingenio
871 5437 1197 5513 corrigebat
1226 5441 1552 5507 rotundius,
1580 5463 1605 5489 ‹‹
1641 5457 1706 5494 eo
1742 5437 1872 5511 ipso

230 5510 528 5583 denotant,
564 5509 824 5566 laudant.
862 5537 883 5564 ι
923 5509 1210 5578 Οἱοέεηθε
1267 5514 1528 5567 Laertius
1559 5509 1782 5583 pariter
1804 5514 1875 5566 de

228 5582 619 5654 Aristophane
651 5588 708 5637 et
740 5585 977 5640 comicis
1009 5586 1151 5639 dicit
1182 5584 1337 5651 illos,
1381 5586 1520 5639 dum
1561 5582 1873 5638 ’Socratem

232 5655 534 5728 traducere
564 5659 619 5710 et
652 5657 982 5726 vituperare
1013 5661 1319 5712 conantur.
1354 5672 1420 5711 eo
1455 5657 1581 5728 ipso
1615 5655 1875 5728 laudare.

231 5727 419 5784 Verba
452 5727 581 5799 ejus
613 5730 753 5783 sunt
785 5725 854 5784 in
896 5730 1149 5786 Socratis
1195 5729 1330 5785 Vita
1363 5745 1376 5786 :
1413 5725 1492 5781 Οἳ’
1521 5725 1876 5793 λανθάνουσιν

555 5856 824 5920 ΡΑτιιοῐ..
876 5859 926 5919 l.

1979 5152 2317 5240 i‘mperatori
2345 5167 2514 5225 facta.
2549 5161 2936 5240 accipiebam
2964 5152 3158 5210 debet
3186 5152 3212 5240 ΞΔ
3242 5152 3633 5240 «ηΡςρῦσιιΑέσ-

1982 5226 2173 5314 guste,
2203 5240 2284 5294 dii
2317 5240 2650 5314 tenservent.
2671 5226 3109 5314 illim-«lignus,
3166 5231 3236 5314 et.
3264 5226 3515 5314 fortisget

1984 5295 2134 5375 stus,
2162 5295 2194 5360 ’››
2231 5317 2337 5365 etc.
2374 5309 2638 5376 Denique
2668 5304 2766 5357 ille
2823 5295 3132 5376 dominus“
3161 5295 3487 5376 olim-mitis
3541 5295 3633 5347 est

1985 5366 2256 5441 Terentio
2288 5384 2421 5435 Afro
2453 5366 2572 5434 heri
2601 5373 3062 5446 semper-lenitas.
3098 5369 3256 5430 Quod
3289 5385 3404 5446 non
3437 5366 3639 5446 obser-

1985 5439 2185 5512 vatum
2220 5455 2471 5517 etinfra,
2506 5457 2569 5505 ut
2636 5439 2742 5503 suo
2803 5447 2924 5498 loco
2979 5443 3224 5517 dicetur,
3256 5439 3637 5517 _elegantiam

1988 5547 2094 5584 suo
2128 5526 2351 5583 auctori
2383 5513 2581 5579 nostro
2614 5517 2942 5580 abstulit,et
2972 5515 3219 5568 nitorem
3256 5513 3489 5567 Lucano
3517 5524 3642 5563 ma-

1991 5602 2202 5674 gnifico
2234 5603 2432 5671 poetic,
2467 5595 2565 5666 qui
2595 5593 2696 5648 lib.
2728 5607 2804 5657 1x,
2842 5587 2941 5643 148
2964 5586 3044 5641 ita
3077 5585 3356 5655 legendus
3390 5599 3403 5637 :

2116 5731 2364 5784 Evolvam
2400 5731 2558 5782 busto
2584 5726 2923 5792 jam-numen
2955 5717 3202 5785 gentibus
3232 5717 3356 5768 Isim
3389 5716 3519 5766 HAV.

3246 5841 3318 5902 11
