4366 6474
165 485 290 546 333

1295 481 1891 548 APOLOGETICUS
1931 484 2118 545 ADV.
2166 485 2498 548 GENTES.

3489 487 3612 547 334

239 617 479 698 minans
524 615 739 698 quibus.
770 615 1076 698 Christiani
1120 617 1522 672 morabantur.
1561 615 1686 698 sed,
1717 630 1843 698 cum
1871 633 1926 698 Α
1958 613 2367 688 dicimur,qum
2401 615 2532 673 illos
2553 617 2747 689 palam
2779 616 3158 674 admittentes
3186 617 3518 675 invenimus
3541 619 3614 688 ⁸³,

237 688 330 742 vel
355 691 480 758 post
517 689 888 758 justissimam
935 689 1306 758 defensio-nem
1356 699 1534 744 tamen
1567 688 1842 742 violentia

240 760 392 832 tegis
425 759 748 832 obsequium
801 762 1008 830 exigat,
1039 762 1336 830 artiﬁciose
1367 769 1416 816 et
1453 760 1632 814 valide
1660 767 1840 814 osten-

235 831 346 896 dit,
387 831 550 900 leges,
583 837 644 886 ut
689 833 868 898 con-di,
903 835 984 886 ita
1015 833 1302 902 reprobari
1337 837 1390 886 et
1421 833 1626 886 mutari
1667 847 1837 898 posse,

241 905 362 956 imo
395 903 588 958 debere
621 917 1141 974 nonnunquammec
1170 903 1226 957 id
1251 907 1379 958 sine
1408 903 1656 974 exempto
1675 919 1694 962 ;
1717 917 1839 954 cuin

237 975 580 1046 sciticetrvel
631 973 897 1042 crudeles,
931 975 1023 1030 vel
1069 977 1291 1044 injustas
1319 977 1432 1028 sint
1461 973 1836 1046 deprehensis.

237 1047 364 1100 Lex
393 1045 546 1101 enim
589 1047 734 1114 iusta
764 1063 880 1102 esse
932 1047 1230 1118 colligitur,
1261 1056 1542 1118 postquam
1585 1047 1644 1098 in
1687 1045 1836 1098 valo—

237 1135 370 1172 rem
403 1119 524 1188 ejus
573 1119 860 1190 inquisitio
907 1121 1054 1188 facta
1097 1123 1217 1180 est;
1250 1119 1500 1190 improba
1553 1131 1696 1186 vero,
1731 1133 1840 1170 non

227 1192 360 1262 jam
395 1191 510 1260 (ex,
545 1190 642 1244 sed
699 1192 960 1260 tyrannis
992 1191 1300 1246 invenitur.

239 1279 410 1334 284
436 1279 618 1350 Atque
631 1279 774 1334 adeo
790 1279 954 1351 quasi
989 1279 1264 1352 praefatus
1286 1278 1406 1334 haec
1421 1277 1490 1332 ad
1513 1275 1836 1348 suggillan-

168 1367 304 1422 dam
339 1367 462 1440 (67)
497 1369 612 1423 odii
645 1385 784 1440 erga
817 1385 920 1422 nos
955 1367 1171 1440 publici
1207 1367 1732 1438 iniquitatem,jam
1766 1365 1838 1420 de

165 1473 350 1512 causa
367 1456 718 1512 innocentia:
736 1455 1054 1514 consistam
1071 1459 1180 1528 (68)
1195 1473 1316 1512 ἠερ
1331 1461 1556 1510 tantum
1571 1453 1836 1509 refutabo

165 1563 292 1616 qua:
313 1545 494 1602 nobis
515 1545 1002 1616 objiciuntur,sed
1021 1545 1194 1601 ctiam
1223 1546 1280 1600 in
1305 1545 1466 1617 ipsos
1489 1543 1835 1614 retorquebo

167 1635 266 1705 qui
303 1635 346 1668 ⁸³
386 1635 680 1705 objiciunt
708 1653 720 1702 ;
745 1641 892 1689 utex
925 1635 1032 1690 hoc
1061 1651 1292 1706 quoque
1324 1633 1512 1688 sciant
1541 1647 1742 1686 omnes
1775 1631 1834 1686 in

167 1723 534 1779 Christianis
561 1741 674 1778 non
695 1739 964 1796 cssequzs
993 1725 1044 1778 in
1071 1741 1132 1778 se
1156 1721 1832 1792 nonnescinntesse(69),

169 1811 352 1867 simul
389 1812 480 1867 uti
511 1813 854 1868 erubescant
886 1817 1253 1882 accusantes,
1287 1829 1400 1867 non
1433 1813 1560 1866 dico
1595 1809 1832 1880 pessimi

168 1902 461 1972 optimos,
493 1902 594 1957 sed
619 1902 769 1972 jam,
805 1905 870 1956 ut
915 1901 1140 1971 volunt,
1173 1917 1476 1972 compares
1526 1901 1636 1971 (70)
1672 1915 1830 1956 suos.

1955 711 2014 766 in
2075 713 2294 784 quibus
2351 715 2600 782 scelesti,
2661 714 2718 770 in
2781 717 2994 786 quibus
3054 717 3204 784 vani,
3265 716 3322 770 in
3383 717 3603 788 quibus

1953 801 2297 866 damnandi,
2339 803 2396 857 in
2447 804 2661 874 quibus
2717 805 2996 859 irridendi
3057 804 3414 875 deputamur
3469 808 3604 880 (71).

1949 901 2058 954 Sed
2095 901 2401 972 quoniam,
2434 917 2566 956 cum
2601 903 2670 956 ad
2707 902 2904 956 omnia
2935 907 3186 956 occurrit
3217 905 3430 959 veritas
3461 921 3602 960 nos—

1945 993 2060 1052 tra,
2115 995 2410 1060 postremo
2470 990 2666 1062 legum
2727 991 3052 1046 obstruitur
3109 993 3427 1048 auctoritas
3488 997 3596 1064 (72)

1948 1079 2230 1132 adversus
2281 1095 2430 1146 eam,
2469 1085 2662 1134 utaut
2693 1079 2840 1134 nihil
2890 1080 3120 1134 dicatur
3159 1083 3596 1138 retractandum

1947 1166 2058 1236 (73)
2092 1183 2220 1222 esse
2269 1175 2399 1238 post
2429 1167 2604 1240 leges,
2639 1175 2740 1222 aut
2773 1171 3018 1238 ingratis
3069 1171 3384 1224 necessitas
3426 1173 3596 1227 obse-

1945 1255 2068 1324 quii
2105 1257 2443 1326 praeferatur
2479 1257 2703 1311 veritati
2741 1273 2754 1310 :
2787 1257 2858 1311 de
2885 1257 3114 1328 legibus
3147 1259 3308 1328 prius
3349 1275 3592 1314 concur-

1945 1358 2070 1397 ram
2123 1343 2167 1376 ⁸³
2217 1345 2514 1398 vobiscum
2567 1351 2631 1399 ut
2677 1361 2812 1400 cum
2859 1345 3151 1400 tutoribus
3199 1346 3418 1419 legum.
3459 1349 3592 1404 Jam

1946 1433 2094 1489 285
2137 1432 2389 1504 primum
2421 1433 2466 1466 ⁸⁸
2496 1450 2672 1504 quam
2708 1435 2852 1488 dure
2875 1434 3129 1490 definitis
3155 1435 3402 1492 dicendo
3429 1453 3440 1490 :
3467 1437 3590 1493 Non

1941 1520 2076 1576 licet
2091 1539 2222 1577 esse
2239 1539 2340 1578 vos
2361 1523 2372 1576 l
2401 1523 2464 1576 Et
2489 1523 2596 1578 hoc
2616 1523 2740 1578 sine
2767 1521 2884 1578 ullo
2909 1528 3221 1578 retractatu
3245 1525 3594 1582 humaniore

1943 1611 2360 1680 praescribitis;
2395 1613 2509 1666 vim
2563 1614 2916 1683 proﬁtemini
2947 1617 3002 1668 et
3049 1613 3314 1685 iniquam
3349 1632 3417 1670 ex
3461 1633 3594 1671 arce

1940 1709 1986 1744 ⁸³
2017 1711 2476 1766 dominationem
2510 1711 2648 1782 (74),
2682 1711 2730 1765 si
2771 1711 2900 1766 ideo
2947 1712 3174 1784 negatis
3229 1713 3421 1782 licere,
3455 1715 3594 1786 quia

1942 1799 2140 1866 vultis,
2177 1816 2289 1854 non
2342 1801 2479 1870 quia
2505 1799 2708 1854 debuit
2756 1817 2870 1854 non
2902 1801 3092 1856 licere.
3148 1804 3310 1868 Quod
3355 1805 3404 1858 si
3455 1803 3594 1876 quia

1943 1913 2056 1951 non
2110 1897 2302 1965 debet,
2333 1895 2466 1952 ideo
2519 1913 2637 1952 non
2683 1897 2858 1952 vultis
2905 1898 3097 1968 licere,
3130 1899 3257 1955 sine
3306 1901 3484 1956 dubio
3532 1901 3592 1956 id

170 1971 696 2064 Respondebimus
719 1991 788 2046 ad
810 1991 1254 2064 singulaquiein
1271 1971 1496 2046 occulto
1528 1989 1836 2044 admittere
1865 1971 1912 2036 B
1944 2003 2056 2042 non
2090 1987 2262 2042 debet
2309 1983 2505 2054 licere,
2538 1987 2694 2058 quod
2743 1987 2896 2042 male
2928 1987 2992 2042 ﬁt
3020 1987 3085 2057 ⁸⁵,
3118 1994 3178 2044 et
3225 1991 3429 2061 utique
3481 1990 3590 2046 hoc

1607 2087 1808 2148 Varias
1841 2085 2160 2147 lectiones.

233 2186 276 2221 ⁸¹
309 2189 456 2252 Quae
487 2189 672 2243 Paris.

765 2187 811 2222 ³³
845 2189 919 2242 lta
951 2193 1056 2244 Ms.
1091 2187 1348 2243 Biblioth.
1381 2187 1568 2254 regite.
1599 2186 1742 2240 2616
1771 2213 1840 2222 ——
1866 2199 1992 2253 quae
2025 2181 2220 2253 palam
2267 2181 2762 2238 adinvenirentur.
2803 2185 2922 2254 Βία.

3016 2183 3062 2219 ⁸³
3091 2185 3418 2240 Consistam
3458 2187 3582 2257 Rig.

167 2257 211 2291 ⁸⁸
243 2259 328 2312 At.
369 2275 512 2314 cum
547 2261 692 2314 dure
719 2277 732 2326 ;
765 2259 962 2322 Πήρη..
996 2261 1082 2314 Fr.
1113 2261 1312 2316 Junius
1341 2267 1390 2314 et
1429 2260 1672 2314 ll’ouwer
1698 2274 1716 2310 :
1747 2271 1922 2326 quam
1953 2255 2132 2322 dure;
2165 2255 2516 2326 Havercamp.
2550 2271 2680 2310 cum
2707 2255 2861 2326 jure.
2939 2255 2983 2290 ⁸⁸
3009 2259 3090 2310 Ex
3114 2273 3245 2312 arce
3273 2255 3584 2327 Parileib.

169 2329 211 2363 ⁸⁶
239 2329 408 2393 Quod
447 2331 598 2388 male
628 2331 694 2387 ﬁt
723 2331 862 2387 delet
892 2333 1074 2387 Paris.

1622 2405 2146 2469 Commentaries.

243 2517 358 2588 (67)
393 2518 476 2572 Ad
504 2517 954 2590 suggillandam.
991 2519 1047 2573 Id
1083 2523 1172 2574 est
1203 2517 1664 2590 convincendam
1701 2531 1831 2590 non

175 2587 436 2656 tantum,
471 2592 567 2645 sed
603 2587 1298 2660 turpitudinemdivorem
1332 2595 1388 2644 et
1416 2589 1662 2644 vibicem
1698 2587 1834 2640 inu-

177 2663 448 2732 rendam,
485 2667 546 2716 ut
587 2661 816 2732 publice
847 2663 1104 2717 ostentui
1139 2663 1231 2718 sit.
1275 2664 1356 2716 lta
1384 2660 1832 2732 suggillationem

185 2731 322 2805 dicit
353 2750 486 2800 cap.
523 2731 660 2788 tim
695 2735 1041 2805 Suggillatio
1072 2741 1161 2789 est
1189 2734 1244 2788 in
1279 2733 1422 2787 coelo
1455 2732 1835 2805 vestrajnstij

185 2803 278 2875 tia.
309 2827 337 2852 υ
383 2805 581 2860 Minus
635 2802 951 2861 recteﬂms.
985 2805 1027 2860 l.
1063 2806 1126 2860 B.
1177 2811 1233 2860 et
1285 2811 1623 2875 conjectura
1669 2802 1831 2857 Junii

184 2874 318 2948 item
351 2893 424 2931 ex
462 2895 601 2932 mss.
632 2879 1018 2948 sigillandum.
1055 2880 1264 2932 Eodem
1299 2874 1470 2931 modo
1503 2875 1830 2948 licet_invs-

183 2947 306 3022 nias
339 2947 396 3001 in
429 2950 658 3022 Fabulis
684 2945 970 3020 Esopicis,
997 2949 1270 3022 anonymi
1305 2949 1458 3020 apud
1491 2945 1825 3002 Neveletum

183 3015 308 3072 Fab.
347 3022 436 3086 16,
473 3021 542 3075 de
573 3021 758 3076 Leone
777 3015 906 3092 'jam
937 3015 1106 3090 cene,

331 3125 498 3175 Saevit
525 3125 717 3176 asellus
749 3127 894 3176 iners
923 3131 974 3176 et
1001 3127 1235 3176 frontem
1266 3124 1407 3174 calce
1438 3123 1648 3187 sigillat.

181 3215 234 3274 id
263 3227 352 3276 est
381 3228 564 3280 notat.
599 3223 738 3279 Hav.

246 3337 358 3409 ((38)
389 3339 724 3395 Con-sistam.
755 3340 932 3394 Amat
957 3339 1036 3392 ita
1065 3337 1222 3409 loqui
1271 3336 1688 3392 Tertullianus.
1726 3336 1820 3390 Sic

184 3404 240 3460 de
267 3404 594 3481 _Idtil.,c.13:
637 3432 656 3460 ι
689 3410 767 3465 De
799 3412 905 3466 hoc
937 3404 1171 3481 quidem
1205 3409 1394 3481 primo
1425 3410 1742 3464 consistam
1767 3426 1818 3474 ;››

187 3481 238 3530 et
267 3479 319 3533 in
353 3483 508 3552 Apol.
543 3498 592 3548 ο,
629 3482 695 3534 46
732 3499 744 3536 :
783 3503 808 3533 (ι
840 3479 1242 3548 Constitimus,
1279 3485 1342 3536 ut
1371 3483 1598 3551 opinor,
1622 3482 1821 3534 adver-

187 3565 278 3603 sus
305 3553 572 3608 omnium
603 3554 912 3609 criminum
951 3555 1352 3618 intentionem,
1387 3570 1514 3624 qua:
1545 3552 1824 3606 Christia-

191 3636 386 3680 norum
413 3625 766 3696 sanguinem
819 3627 1060 3698 ﬂagitat.
1097 3649 1123 3674 ››
1157 3627 1256 3680 Est
1287 3623 1480 3679 autem
1525 3641 1710 3694 genus
1741 3623 1822 3698 lo—_

193 3699 391 3760 quendi
442 3693 696 3752 tractum
749 3698 820 3750 ab
868 3693 1102 3752 athletis
1141 3706 1194 3751 et
1248 3693 1691 3767 giadiatoribus,
1725 3693 1826 3765 qui

194 3767 386 3838 pedem
412 3769 474 3823 in
503 3785 678 3824 arena
703 3769 988 3838 figunt,ne
1008 3768 1172 3824 facile
1196 3769 1563 3838 supplantari
1579 3767 1664 3822 vel
1691 3767 1830 3835 deji-

195 3835 236 3888 εἰ
259 3840 572 3908 possint.ln
606 3855 668 3894 re
697 3835 925 3912 quoque
956 3835 1358 3898 milituri.cum
1386 3845 1506 3908 jam
1541 3840 1597 3894 id
1619 3855 1830 3893 manus

195 3913 701 3982 estvenicndum,
759 3913 1070 3982 subsistere,
1121 3912 1203 3966 vel
1263 3915 1554 3966 consistere
1618 3927 1828 3982 agmen

199 3979 736 4040 dicitur.Lucrctius
767 3987 968 4040 eodem
1005 3979 1173 4040 modo
1205 3982 1302 4037 lib.
1343 4000 1414 4051 γι,
1449 3985 1571 4051 454,
1607 3979 1702 4037 ubi
1737 3999 1832 4036 ra-

199 4051 402 4127 tionem
435 4057 955 4127 reddit,quomodo
979 4057 1164 4112 nubes
1189 4055 1622 4110 condenseiitur
1643 4061 1698 4108 et
1721 4071 1834 4108 cm-

199 4119 309 4180 lum
342 4119 712 4185 obscuretur.

343 4236 468 4287 Haec
497 4236 698 4285 faciunt
727 4237 954 4299 primum
987 4249 1180 4298 parvas
1210 4234 1502 4284 consistere
1535 4233 1723 4282 nubes.

201 4331 250 4381 et
277 4333 448 4401 paulo
483 4338 615 4404 post
647 4351 660 4389 :

345 4442 628 4504 Propterea
660 4442 786 4504 quia
814 4455 934 4490 cum
968 4441 1264 4490 consistant
1292 4438 1476 4488 nubila
1507 4439 1758 4501 primum.

205 4533 280 4609 thl
313 4537 568 4609 denique
601 4556 632 4592 a
655 4539 900 4608 judiciis
931 4537 1310 4592 translatum.
1363 4537 1588 4592 Psalmo
1621 4555 1658 4598 i,
1683 4553 1836 4591 vers.

211 4603 300 4658 Ult-
331 4625 344 4661 :
380 4633 408 4658 «
449 4603 576 4666 Ideo
613 4603 877 4682 peccator
909 4628 1020 4664 non
1063 4611 1432 4682 consistetiin
1467 4609 1703 4678 judicio,
1739 4625 1836 4664 ne-

210 4689 308 4754 que
338 4681 641 4754 improbus
673 4684 727 4736 in
763 4691 912 4738 ccetu
939 4684 1258 4754 justoruui.
1295 4703 1324 4730 ››
1357 4681 1496 4735 ΗΑν.

272 4752 370 4822 169)
403 4744 462 4809 In
489 4771 543 4809 se
589 4771 698 4809 non
727 4744 980 4809 nesciunt
1010 4771 1142 4808 esse.
1180 4753 1252 4808 Ut
1303 4753 1492 4806 sciant
1522 4749 1838 4805 adversarii
1873 4744 1920 4807 D

213 4826 375 4876 nostri
407 4843 516 4878 nos
545 4843 653 4878 non
691 4833 918 4880 tantum
955 4827 1248 4879 immunes
1280 4842 1407 4878 esse
1441 4825 1688 4878 istorum
1723 4838 1840 4876 sce-

215 4887 403 4969 lerum,
438 4900 536 4952 sed
573 4899 704 4953 illos
735 4899 894 4969 ipsos
928 4897 1028 4951 illa
1056 4897 1243 4968 palam
1282 4903 1636 4969 perpetrare,
1668 4895 1714 4948 si
1746 4911 1836 4969 v-e-

215 4975 324 5040 tum
359 4968 646 5040 inspicere
679 4965 972 5024 velintJta
1002 4965 1132 5024 vero
1164 4985 1230 5022 ex
1262 4969 1402 5022 Coll.
1435 4967 1584 5021 Mod.
1623 4965 1836 5036 Rigalt.

213 5033 314 5100 alii.
348 5061 372 5086 ‹‹
411 5033 474 5097 lii
505 5059 566 5097 se
595 5043 866 5096 nesciunt
897 5059 1046 5096 esse.
1085 5063 1111 5089 ι)
1146 5041 1284 5094 ΗΑν.

271 5107 371 5184 (70)
423 5113 732 5184 Compares.
789 5115 916 5170 ideo
975 5127 1273 5182 compares,
1309 5111 1344 5164 i.
1381 5127 1429 5165 e.
1465 5109 1838 5184 similes,_qui

216 5175 672 5240 Ch'ristianis'illa
720 5186 1031 5256 objiciunt,
1069 5175 1212 5239 falso
1243 5185 1534 5256 quamvis.
1569 5198 1696 5256 qum
1727 5175 1836 5252 ipsi

215 5259 390 5308 revera
437 5259 675 5313 faciunt.
722 5253 868 5313 Acer
914 5263 1106 5311 autem
1158 5254 1396 5308 Tertull.
1450 5259 1540 5307 est
1595 5253 1654 5306 in
1715 5271 1838 5322 per-

217 5323 549 5390 stringendis
605 5329 752 5385 falso
812 5335 1134 5386 scommate
1189 5325 1531 5398 gentilibus.
1572 5325 1651 5398 ita
1684 5327 1838 5394 quod

218 5400 463 5470 cumAhoc
497 5401 620 5458 loco
671 5401 836 5456 valde
868 5401 1158 5470 congruit,
1191 5417 1240 5452 c.
1279 5399 1342 5452 16
1377 5415 1388 5450 :
1425 5419 1450 5446 ‹‹
1487 5397 1594 5450 Sed
1629 5403 1686 5470 et
1740 5398 1840 5467 qui

219 5467 384 5544 crucis
417 5491 518 5529 nos
569 5471 872 5543 religiosos
922 5467 1110 5544 putat,
1141 5485 1568 5544 consecraneus
1602 5469 1710 5520 erit
1739 5487 1843 5524 no-

224 5539 338 5593 ster.
367 5569 385 5592 ι
425 5546 613 5600 Utitur
660 5539 867 5600 rursus
919 5539 1132 5598 Auctor
1161 5543 1266 5596 hac
1299 5557 1437 5594 voce
1483 5556 1710 5612 compar
1741 5557 1842 5612 pro

221 5611 328 5686 Pflt‘i
357 5615 448 5671 lib.
481 5619 546 5672 de
587 5619 759 5686 Orat,
794 5635 840 5672 c.
877 5617 940 5670 10
975 5633 987 5670 :
1031 5637 1056 5668 ci
1087 5616 1268 5669 Nemo
1321 5611 1718 5686 adversarium
1757 5629 1842 5686 re-

225 5681 364 5760 “Pll.
388 5705 578 5760 Anemo
631 5681 767 5760 nisi:
793 5704 1124 5760 comparem
1176 5703 1348 5760 suum
1399 5684 1678 5760 admittit.
1713 5705 1738 5732 n
1773 5685 1848 5760 Et

228 5749 722 5830 adv._Marcionem,
757 5759 796 5814 l.
829 5777 868 5822 ι,
903 5749 953 5813 θ’.
987 5760 1054 5812 16
1085 5775 1096 5812 :
1134 5779 1169 5830 a
1197 5757 1324 5830 Alia
1355 5757 1619 5811 membra
1651 5757 1844 5830 fortia,

230 5817 324 5880 alia
349 5827 576 5890 infirma
597 5833 625 5888 ?
657 5817 768 5889 alia
799 5817 1542 5902 honestia,aliainhonesta
1575 5843 1586 5882 :
1624 5827 1736 5883 alia
1756 5817 1849 5902 ge;

1945 2511 2251 2586 mina,alia
2277 2512 2448 2568 unica
2472 2512 2620 2586 :alia
2640 2513 3076 2584 comparia,alia
3096 2515 3408 2586 disparia.»
3444 2515 3583 2572 Hsv.

2013 2585 2126 2654 (71)
2156 2587 2514 2654 Deputamur.
2549 2585 2606 2640 Id
2641 2589 2730 2640 est
2759 2587 2924 2641 valde
2956 2585 3255 2657 putamur,
3289 2587 3582 2652 ducimur,

1941 2653 2086 2710 illud
2109 2653 2276 2730 enim
2307 2657 2371 2711 de
2403 2659 2456 2709 in
2491 2658 2910 2730 compOsitione
2945 2653 3300 2726 auget.Alias
3329 2659 3587 2730 deputari

1940 2729 2176 2782 Auctori
2210 2735 2404 2782 nostro
2436 2735 2522 2782 est
2551 2729 2998 2786 detruncare.Sic
3029 2731 3253 2786 Exhort.
3287 2733 3360 2786 ad
3392 2729 3582 2786 ϐαδιεῖ.

1942 2815 1985 2874 9-
2023 2801 2058 2854 6
2100 2817 2112 2854 :
2148 2823 2177 2874 it
2213 2801 2345 2854 Erat
2393 2806 2557 2855 vetus
2608 2801 2936 2872 dispositio,
2989 2820 3116 2874 quas
3167 2805 3224 2857 in
3275 2803 3586 2870 Evangelio

1940 2870 2096 2924 Novo
2130 2873 2482 2942 deputatur;
2517 2873 2573 2926 in
2606 2870 2742 2942 quo,
2773 2881 2904 2941 etc.,
2938 2870 3162 2929 securis
3210 2874 3282 2929 ad
3328 2875 3584 2930 radicem

1938 2943 2164 2996 arboris
2197 2943 2382 3014 posita
2406 2948 2514 3000 est.
2551 2966 2578 2994 ››
2613 2944 2749 2998 ΗΑν.

2009 3015 2122 3084 (42)
2154 3013 2356 3083 Legum
2407 3016 2717 3070 obstruitur
2760 3018 3082 3070 auctoritas.
3115 3015 3274 3070 Pam.
3307 3020 3364 3070 et
3391 3013 3578 3071 Rhen.

1937 3085 2436 3156 adstruatur,quod
2471 3089 2667 3140 minus
2697 3087 2953 3156 elegans.
2989 3105 3095 3142 ms.
3139 3092 3193 3141 L.
3229 3087 3288 3142 B.
3321 3087 3579 3142 obstrua-

1932 3159 2043 3226 tur,
2078 3159 2230 3227 quod
2280 3175 2514 3212 necesse
2547 3175 2658 3212 non
2701 3169 2804 3212 est.
2841 3161 2988 3212 Dicit
3035 3164 3230 3213 autem
3281 3160 3576 3229 elegantes

1935 3229 2156 3300 obstrui
2191 3229 2347 3300 leges
2377 3230 2723 3296 defensioni,
2757 3235 2820 3284 ut
2853 3230 3060 3284 molem
3095 3230 3574 3300 invictam,quam

1933 3299 2018 3356 fas
2054 3318 2167 3354 non
2201 3303 2278 3356 sit
2329 3301 2552 3356 veritati
2585 3319 2952 3372 perunipere,
2983 3307 3074 3355 est
3103 3303 3259 3356 enim
3304 3299 3441 3356 inde
3472 3305 3570 3358 de-

1851 3371 1892 3438 C
1932 3380 2171 3444 sumpta
2229 3373 2551 3428 similitudo
2577 3371 2603 3440 ζ
2635 3375 2715 3428 ita
2769 3374 2924 3445 apud
2989 3374 3288 3428 Lucanum
3351 3373 3451 3428 lib.
3513 3391 3580 3442 ιι,

1933 3461 2098 3500 versu
2131 3445 2236 3498 495
2269 3461 2282 3499 :

2087 3533 2374 3582 Obstruitis
2410 3547 2630 3596 campos
2657 3534 2938 3597 ﬂuviisque
2973 3547 3154 3582 arcere
3183 3535 3382 3596 paratis
3412 3549 3425 3583 :

1934 3626 1992 3677 et
2018 3623 2117 3676 661
2157 3637 2171 3676 :

2803 3693 2905 3743 Sed
2937 3695 3166 3744 molibus
3198 3695 3372 3744 undas

2095 3755 2350 3815 Obstruit,
2387 3759 2438 3804 et
2467 3754 2628 3804 latum
2661 3755 2881 3818 dejectis
2911 3758 3135 3820 rupibus
3165 3772 3366 3822 aequor.

1939 3847 2012 3899 Et
2043 3841 2277 3917 planius
2311 3843 2486 3917 etiam
2511 3849 2720 3917 noster
2750 3861 2874 3914 cap.
2912 3847 2962 3913 1,
2994 3847 3226 3900 obstruit
3258 3845 3588 3917 defensioni,

1942 3914 2125 3968 simili
2155 3914 2469 3968 locutione.
2509 3913 2578 3968 Ut
2625 3915 2780 3970 hunc
2813 3913 3000 3970 locum
3049 3913 3328 3972 imitatus
3347 3919 3422 3972 sit
3457 3913 3590 3972 Lac;

1943 3987 2188 4048 tantius,
2240 3988 2439 4058 Instit.
2469 3987 2615 4050 Div.,
2677 3989 2744 4057 ll,
2796 3990 2865 4042 20
2902 4005 2913 4042 :
2949 3988 3176 4044 «Nunc
3223 4005 3357 4043 vero
3405 3991 3592 4058 major

1947 4059 2113 4112 nobis
2145 4073 2209 4111 ac
2241 4057 2540 4112 diliiciliur
2565 4075 2697 4112 cum
2735 4058 3098 4130 philosophis
3145 4061 3442 4131 proposita
3472 4057 3592 4116 luc-

1943 4135 2517 4206 tatio_est,_quor_um
2571 4147 2804 4206 summa
2838 4133 3105 4206 doctrina
3134 4139 3191 4186 et
3237 4131 3593 4206 eloquentia,

1946 4201 2116 4274 quasi
2145 4201 2326 4274 moles
2358 4203 2552 4270 aliqua
2584 4201 2726 4256 mihi
2759 4204 3093 4274 opponitur.
3126 4223 3151 4255 υ
3182 4207 3324 4259 ΗΑν.

2017 4275 2129 4344 (73)
2161 4273 2311 4327 Nihil
2341 4276 2562 4328 dicatur
2593 4273 3218 4339 retractahdumﬂuasi
3251 4274 3598 4340 dicat,Vana

1948 4345 2208 4418 defensio
2235 4351 2382 4418 ;_aut
2413 4346 2565 4399 enim
2586 4347 3192 4418 respondebitjudex,
3219 4347 3362 4401 nihil
3396 4352 3598 4418 contra

1946 4417 2100 4482 leges
2149 4415 2272 4470 fieri
2319 4417 2550 4476 debere,
2582 4415 2829 4486 illasque
2879 4419 3180 4472 reformari
3232 4435 3346 4472 non
3397 4416 3594 4482 licere,

1951 4490 2196 4550 ideoque
2229 4487 2582 4552 inauditum,
2617 4495 2682 4542 ut
2713 4489 2801 4544 lex
2832 4489 3022 4558 jubet,
3055 4490 3366 4559 ablegabit,
3401 4495 3502 4544 aut
3547 4489 3599 4543 si

1950 4559 2348 4630 defensionem
2383 4559 2834 4630 audiatpronus
2865 4561 3282 4622 etiamfacilis,
3317 4563 3434 4616 imo
3466 4576 3600 4616 con-

1949 4632 2166 4706 victus,
2191 4629 2524 4706 velituelit,
2559 4629 2672 4684 sibi
2705 4638 2900 4686 tamen
2933 4633 3084 4687 dicet
3115 4633 3599 4706 legibusiobtem-

1953 4719 2082 4774 pera
2097 4701 2558 4776 udum.Vocibus
2593 4708 2891 4760 retractare
2922 4709 2978 4759 et
3009 4701 3248 4772 ingratis
3279 4705 3368 4760 vel
3405 4705 3600 4776 ingra-

1953 4770 2066 4840 tiis,
2101 4775 2196 4828 Gr.
2230 4770 2522 4836 ἀκουσίως,
2556 4791 2708 4844 sape
2742 4776 2924 4831 utitur
2953 4770 3164 4832 Auctor
3199 4777 3330 4831 adv.
3365 4770 3603 4832 Hermo-

1949 4862 2154 4920 genam
2189 4861 2238 4898 ο.
2270 4847 2671 4920 i._5_:_«_lgitur
2701 4848 2760 4901 in
2819 4849 3258 4918 prmstrnctione
3289 4849 3468 4920 hujus
3502 4867 3598 4903 ar-

1949 4917 2136 4984 ticuli,
2185 4924 2242 4971 et
2273 4917 2408 4971 alibi
2465 4917 2704 4972 forsitan
2741 4921 3114 4988 retractandi,
3159 4917 3426 4989 equidem
3460 4921 3600 4974 deii-

1951 4992 2068 5051 nio.
2107 5011 2132 5036 ››
2165 4995 2302 5050 etc.,
2338 4989 2534 5042 statim
2573 5007 2584 5042 :
2625 5013 2649 5039 ‹‹
2681 4995 2798 5044 Hoc
2831 4991 2956 5046 sine
2988 4991 3107 5046 ullo
3141 4998 3452 5048 retractatu
3489 4993 3602 5046 bu-

1951 5061 2226 5135 maniore
2264 5060 2661 5135 praescribitis.
2702 5085 2728 5108 ››
2773 5061 2928 5135 infra
2975 5063 3032 5117 in
3077 5065 3295 5135 Apolog.
3349 5081 3477 5135 cap.
3509 5065 3602 5130 26,

1952 5156 1978 5183 ‹‹
2017 5133 2264 5203 ingratis
2298 5132 2692 5186 resistimus.»
2733 5134 2893 5188 Adde
2929 5132 3605 5202 Plautum,Terentium,

1957 5207 2289 5260 Lucretium
2345 5205 2618 5272 denique,
2655 5207 2748 5273 qui
2785 5211 2908 5260 tum
2966 5206 3124 5272 alibi,
3167 5213 3290 5261 tum
3345 5207 3445 5260 lib.
3481 5207 3603 5270 111,

1951 5275 2444 5345 vers.1083,quasi
2481 5276 2638 5330 hunc
2673 5283 2940 5331 nostrum
2966 5279 3228 5346 judicem
3263 5277 3604 5334 describat:

2049 5363 2290 5426 Effugere
2321 5363 2462 5411 haud
2499 5365 2637 5424 potis
2671 5371 2766 5424 est,
2801 5367 3024 5428 ingratis
3055 5366 3222 5414 hazrct
3250 5370 3303 5416 et
3334 5365 3499 5430 angit.

3313 5447 3455 5502 HAV.

2026 5541 2136 5612 (74)
2171 5541 2422 5612 Iniquum
2479 5557 2548 5597 ea:
2604 5559 2735 5598 arce
2793 5543 3248 5600 dominationem.
3309 5543 3608 5615 Phaedrus,

1954 5613 2158 5738 ilarcem
2227 5619 2514 5685 tyrannus
2601 5629 2840 5686 occupat
2924 5615 3290 5672 Pisistratus.
3359 5613 3610 5672 Juvena-

1983 5701 2136 5738 is.x.

1983 5702 2054 5751 is,
2081 5701 2136 5752 x,

2795 5775 2979 5824 Nullus
3009 5777 3280 5838 ephebum

2115 5837 2416 5886 Deformem
2446 5851 2590 5887 saeva
2616 5841 2865 5889 castravit
2894 5839 2948 5889 in
2981 5837 3098 5890 arce
3130 5845 3408 5906 tyrannus.
3441 5841 3557 5893 Ric.
