4366 6346
556 499 677 561 335

1073 499 1600 561 TERTULLIANI
1644 495 1974 560 OPERUM
2014 496 2217 557 PARS
2262 496 2314 557 l.
2342 526 2423 541 —
2451 493 2727 557 SERIES
2772 494 2823 570 Ι,
2864 491 3439 554 APOLOGETICA.

3840 495 3966 557 336

552 634 681 707 ipso
712 632 1125 707 praejudicatur
1163 631 1357 700 licere,
1392 633 1547 705 quod
1580 634 1731 707 bene
1756 633 1841 688 ﬁt.
1876 632 1936 689 Si
1984 632 2204 689 bonum
2233 632 2289 700 Α
2319 628 2536 685 doloris
2584 627 2982 693 incusserunt,
3018 630 3083 681 ut
3124 625 3183 682 in
3236 642 3467 683 secessu
3504 628 3617 700 (76)
3646 628 3843 685 inedia
3893 630 3968 687 de

552 723 828 779 invenero
859 738 1011 789 esse,
1043 721 1195 793 quod
1244 719 1336 776 lex
1384 725 1486 776 tua
1534 720 1862 794 paohibuit,
1895 736 2089 776 nonne
2137 736 2205 775 ex

551 810 651 867 illo
702 809 1041 882 praajudicio
1094 809 1401 881 prohibere
1424 826 1516 865 me
1565 827 1679 864 non
1729 813 1921 880 potest
1948 810 2012 877 ⁸⁷,
2047 809 2201 881 quod

555 896 606 953 si
634 896 854 951 malum
889 900 1063 966 esset,
1090 897 1220 965 jure
1270 896 1604 968 prohiberet
1632 896 1659 952 '?
1690 897 1748 952 Si
1781 896 1871 951 lex
1915 900 2016 951 tua
2044 912 2203 952 erra-

549 986 652 1051 vit,
698 988 860 1057 puto,
912 984 985 1040 ab
1038 983 1275 1040 homine
1322 992 1605 1057 concepta
1655 991 1779 1053 est;
1813 1002 2003 1057 neque
2046 984 2203 1041 enim

556 1074 627 1129 de
661 1073 801 1129 caelo
834 1072 952 1128 ruit
981 1073 1118 1144 (75).
1155 1073 1451 1129 Miramini
1498 1074 1792 1129 hominem
1844 1074 1997 1130 286
2029 1079 2131 1128 aut
2159 1073 2202 1107 ⁸⁸

555 1179 749 1219 errare
798 1162 1058 1234 potuisse
1102 1162 1160 1217 in
1202 1161 1330 1234 lege
1382 1163 1705 1232 condenda,
1738 1167 1838 1218 aut
1887 1162 2205 1234 resipuisse

554 1252 602 1287 ⁸⁸
630 1251 689 1306 in
723 1249 1126 1323 reprobaudal
1160 1254 1363 1306 Nonne
1393 1252 1437 1286 ⁹⁰
1466 1243 1531 1307 et
1551 1251 1741 1323 ipsius
1774 1252 2015 1324 Lycurgi
2048 1252 2205 1322 leges

557 1356 592 1395 a
647 1338 1103 1396 Lacedaemoniis
1154 1340 1497 1408 emendatas,
1538 1344 1766 1395 tantum
1816 1341 2039 1396 auctori
2097 1356 2203 1394 suo

2313 719 2629 790 semetipso
2671 714 3000 789 judicarit?
3026 714 3229 772 Nonne
3257 716 3304 751 ⁹⁰
3332 720 3391 771 at
3415 733 3517 773 vos
3561 718 3673 791 (77)
3704 718 3967 790 quotidie

2311 806 2723 879 experimentis
2755 805 3229 861 illuminantibus
3276 806 3552 861 tenebras
3591 806 3965 879 antiquitatis

2311 900 2493 951 totam
2526 894 2686 949 illam
2739 898 2992 949 veterem
3024 898 3081 947 et
3108 892 3477 963 squalentem
3529 892 3735 949 silvam
3766 894 3961 968 legum

2312 984 2477 1040 novis
2510 981 2924 1055 principalium
2957 982 3375 1053 rescriptorum
3408 984 3525 1054 (78)
3555 988 3612 1038 et
3640 983 3963 1041 edictorum

2313 1072 2619 1129 securibus
2667 1070 2956 1127 truncatis
2984 1072 3028 1106 ⁹¹
3063 1074 3120 1124 et
3164 1070 3387 1125 caeditis
3413 1071 3441 1125 ?
3474 1071 3676 1129 Nonne
3716 1074 3965 1129 vanissi-

2313 1177 2440 1217 mas
2473 1160 2680 1232 Papias
2714 1160 2825 1229 (79)
2858 1159 3171 1231 leges,quaa
3202 1163 3336 1215 ante
3367 1158 3582 1215 liberos
3615 1161 3838 1234 suscipi
3872 1179 3965 1219 co-

2312 1254 2474 1320 gunt,
2525 1265 2704 1321 quam
2749 1247 2919 1303 Julia:
2945 1248 2989 1282 ⁹²
3034 1246 3476 1303 matrimonium
3530 1248 3647 1320 (80)
3696 1249 3965 1306 contrahi

2313 1337 2462 1394 281
2535 1342 2668 1410 post
2731 1340 2906 1391 tanta:
2974 1335 3340 1392 auctoritatis
3421 1340 3783 1393 senectutem
3850 1340 3961 1411 (81)

1970 1438 2175 1498 Variae
2206 1436 2528 1498 lectiones.

624 1525 669 1561 ⁸⁷
701 1525 790 1582 Sic
811 1525 926 1583 cod.
960 1524 1153 1597 Lugd,
1185 1526 1421 1598 Herald.
1453 1530 1503 1581 et
1528 1525 1752 1581 Semler.
1780 1544 1795 1598 ;
1829 1526 2086 1583 Gelenius
2115 1542 2134 1581 :
2168 1524 2469 1596 prohibuit
2517 1538 2753 1593 nomen,
2785 1539 2862 1598 ex
2912 1520 3011 1578 illo
3042 1520 3363 1598 prohibere
3413 1537 3506 1598 me
3542 1538 3677 1598 _non
3728 1528 3961 1598 potest;

552 1598 754 1669 Rigalt.
785 1606 837 1653 et
869 1593 1099 1653 Haverc.
1134 1613 1147 1653 :
1182 1615 1240 1652 n.
1273 1614 1322 1653 e.
1356 1596 1394 1652 i.
1449 1593 1789 1668 praejudico'
1814 1598 2121 1669 prohibere
2170 1593 2300 1651 eam
2350 1612 2462 1650 non
2515 1611 2707 1669 posse.
2734 1664 2757 1669 Δ
2782 1594 2977 1669 “tam.
3020 1593 3161 1669 delet
3205 1593 3387 1669 Paris.
3462 1594 3508 1628 ⁸ο
3541 1593 3855 1669 Recepisse
3900 1614 3965 1669 se

550 1671 759 1739 Paris.
820 1670 863 1704 9°
891 1669 1017 1725 Non
1048 1669 1205 1724 enim
1238 1670 1354 1739 Rig.

1431 1664 1474 1705 οἶ
1510 1664 1740 1732 Ρὰτηθιη
1765 1664 2039 1725 Heraldus
2068 1670 2282 1739 aliique
2310 1684 2340 1739 :_
2360 1664 2690 1739 truncatis;
2723 1664 2976 1737 Scaliger
3004 1669 3053 1720 et
3081 1664 3324 1721 Scriver.
3363 1681 3378 1722 :
3414 1664 3715 1735 runcatis}
3752 1667 3964 1737 Rigalt.

558 1738 840 1809 rustatis;
872 1742 1101 1796 Havere.
1136 1737 1409 1796 ruscatis.
1486 1741 1531 1775 ⁹²
1568 1742 1814 1797 Wouwer
1840 1758 1870 1797 e
1898 1741 2006 1797 MS.
2042 1737 2219 1812 quam
2249 1737 2417 1794 Julia:
2448 1739 2800 1810 permittunt
2829 1743 3003 1792 matr.
3035 1742 3145 1792 etc.

1995 1839 2517 1900 Commentarius.

554 2000 865 2054 Evidenter
888 2014 1020 2053 vero
1044 1999 1230 2063 tangit
1254 2003 1311 2052 et
1330 1998 1535 2052 irridet
1555 1998 1767 2054 ancilia
1780 2004 2203 2068 Romanorum,

555 2077 613 2127 et
640 2071 823 2142 Trojae
850 2069 1509 2142 originisizEneadarum
1562 2070 1884 2126 Palladium
1922 2088 1934 2125 :
1968 2088 2036 2126 ex
2067 2087 2207 2140 quo-

558 2160 691 2197 rum
724 2140 1055 2196 imitatione
1084 2141 1253 2211 illud,
1282 2142 1433 2211 quod
1468 2140 1719 2212 legimus
1750 2143 1806 2196 in
1838 2144 1959 2212 Act,
2000 2144 2201 2212 Apost.

553 2231 671 2287 xix,
698 2213 872 2287 _35_de
904 2213 1046 2287 urbe
1096 2209 1323 2287 Epheso
1354 2209 1568 2287 aedith
1602 2230 1615 2269 :
1648 2218 1756 2281 Τῆς
1804 2209 2066 2287 μεγάληξ
2084 2217 2204 2274 θεᾶς

558 2279 997 2357 Ἀρτέμιδοςᾼκαὶ
1026 2286 1121 2336 τοῦ
1146 2279 1774 2357 Ἁιοπετοῦς7ΝΥιηρᾶὲω
1805 2279 2036 2356 quoque
2067 2289 2206 2355 Ege-

555 2354 658 2411 riae
681 2372 816 2429 cum
851 2355 1041 2413 Numa
1076 2354 1363 2427 Pompilio
1395 2354 1748 2427 colloquium
1778 2354 2073 2429 suggilare
2105 2354 2206 2427 pa-

556 2429 701 2483 riter
726 2427 978 2484 videtur.
1012 2430 1155 2481 Hav.

628 2499 739 2623 S76)
775 2499 837 2555 Ut
868 2498 930 2553 in
971 2513 1201 2564 secessu,
1246 2500 1366 2580 etc:
1392 2496 1552 2561 Quod
1604 2513 1805 2552 verum
1860 2495 2206 2551 Plutarchus

601 2570 639 2623 lt
668 2576 841 2625 rmat.
875 2569 974 2625 sed
1008 2574 1245 2625 nronter
1291 2567 1466 2623 altam
1499 2584 1764 2625 causam.
1795 2585 1924 2623 cum
1972 2583 2205 2625 nempe.

558 2585 841 2638 ainrmat,
875 2585 974 2625 seu
1008 2585 1245 2641 propter
1291 2585 1466 2623 auam
1499 2585 1764 2635 causam,
1795 2585 1924 2623 cum
1972 2585 2205 2639 nempe,

555 2641 730 2712 quasi
778 2642 1089 2712 denuoad
1139 2639 1452 2712 Oraculum
1501 2642 1891 2709 profecturus,
1940 2639 2204 2712 Lacedae-

555 2710 785 2767 monios
814 2710 1623 2780 obstrinxissetjurejurando
1647 2712 1802 2782 leges
1848 2728 1987 2765 suas
2009 2710 2206 2764 incor-

558 2790 762 2854 ruptas
789 2783 861 2837 ad
894 2784 1147 2838 reditum
1180 2790 1532 2849 servaturos,
1566 2799 1692 2852 quae
1745 2787 1808 2837 ut
1838 2798 2069 2854 semper
2091 2782 2203 2854 im-

559 2852 730 2910 mota;
786 2860 1106 2921 manerent,
1141 2870 1439 2924 nunquam
1496 2854 1686 2922 rediit,
1734 2855 1831 2910 sed
1894 2852 2207 2909 in'Crissa

560 2927 756 2981 inedia
804 2930 1051 2981 mortem
1106 2924 1217 2979 sibi
1267 2924 1566 2979 conscivit.
1603 2926 1739 2980 Post
1794 2940 1927 2980 vero
1985 2925 2205 2979 multas

561 2999 704 3054 alias
734 2997 891 3069 leges
922 2996 1147 3069 legibus
1183 2995 1421 3069 Lycurgi
1450 2997 1711 3068 adjectae
1741 2996 1924 3053 fuisse
1961 2997 2203 3052 demon-

562 3074 710 3126 strat
739 3068 894 3123 idem
926 3068 1171 3139 Gragius
1202 3068 1297 3134 lll,
1329 3069 1377 3121 1.

631 3142 743 3211 (77)
774 3141 963 3196 Nonne
989 3137 1175 3207 et'oos,
1208 3144 1318 3195 etc.
1350 3138 1434 3193 Ab
1466 3138 1676 3211 exteris
1701 3139 1787 3211 ad,
1825 3138 1984 3209 ipsos
2035 3137 2202 3193 Rom.

560 3212 973 3268 transitionem
1036 3212 1191 3280 facit,
1236 3227 1385 3282 quos
1444 3210 1704 3282 quotidie
1760 3210 1927 3266 docet
1983 3214 2204 3265 veteres

791 1927 862 1982 De
905 1926 1033 1982 cwlo
1080 1928 1216 1981 ruit.
1275 1924 1541 1993 Διοπετής
1595 1932 1660 1981 ut
1706 1930 1912 1983 notant
1956 1926 2201 1997 interpr.
2236 1930 2283 1994 B
2317 1926 2539 1997 fragm.
2557 1926 2646 1980 tit.
2682 1925 2769 1990 16,
2803 1924 2861 1979 in
2894 1922 3141 1996 princip.
3174 1924 3379 1997 agens)
3413 1925 3502 1979 vir
3531 1927 3587 1979 et
3636 1939 3784 1981 uxor
3814 1927 3966 1997 inter

2318 2013 2374 2051 se
2402 1996 2638 2052 Solidum
2666 2012 2858 2068 capere
2903 2000 3146 2068 possunt,
3178 1996 3358 2050 veluti
3381 1998 3436 2050 si
3480 2006 3711 2065 uterque
3758 1998 3839 2052 vel
3882 1996 3967 2050 al-

2313 2073 2520 2152 teruter
2551 2067 2743 2152 gerunt
2789 2068 3033 2151 nonduin
3079 2067 3199 2136 eiu:
3244 2072 3429 2123 aetati:
3459 2070 3557 2152 sit,
3589 2084 3712 2152 quae
3759 2068 3963 2152 libero:

2315 2141 2513 2209 exigit,
2543 2140 2599 2194 id
2628 2147 2726 2204 est,
2758 2139 2809 2194 .ςί
2836 2141 2924 2193 vir
2952 2141 3137 2193 minor
3177 2154 3452 2195 annorum
3482 2139 3690 2210 viginti
3722 2142 3964 2211 quinque

2312 2214 2411 2277 sit,
2444 2215 2541 2266 aut
2569 2227 2710 2266 uxor
2756 2226 3031 2266 annorum
3060 2211 3289 2281 viginti.
3310 2213 3389 2266 Ac
3420 2226 3492 2265 ne
3522 2211 3656 2281 quis
3687 2210 3963 2267 dubitare

2315 2283 2591 2355 deinceps
2622 2283 2809 2354 possit
2837 2287 3066 2355 aetatem
3096 2290 3249 2355 certe
3280 2280 3407 2354 lege
3435 2280 3963 2355 Papia‘suscipien-

2315 2354 2408 2426 dis
2434 2351 2638 2409 liberis
2655 2351 3386 2419 detinitam,Tertullianu's
3410 2351 3541 2408 cum
3565 2351 3820 2426 Ulpiano'
3841 2353 3961 2409 col-

2316 2425 2471 2480 latus
2510 2427 2844 2496 Apologetici
2874 2442 2950 2491 1v,
2982 2426 3151 2479 faciet
3182 2440 3195 2478 :
3229 2426 3419 2480 Nonne
3464 2425 3812 2491 vanissimas,
3847 2431 3957 2481 etc.

2313 2496 2715 2569 Suscipiendis
2763 2497 2945 2568 igitur
2997 2496 3337 2569 liberis_ea,
3387 2512 3565 2569 quam
3623 2497 3764 2553 dixi.
3818 2502 3962 2552 tetas

2317 2566 2694 2639 Lege'Papia
2724 2566 3006 2639 praeﬁnita
3055 2568 3182 2622 fuit.
3213 2566 3429 2639 Verum
3480 2567 3664 2623 laxior
3692 2585 3725 2623 a
3752 2572 3963 2624 Severo

2316 2637 2655 2706 constituta,
2690 2637 2900 2711 nempe
2947 2637 3066 2708 illa,
3098 2655 3273 2707 quam
3322 2638 3621 2711 Ulpiauus
3655 2640 3759 2695 ait.
3790 2639 3859 2694 Et
3889 2642 3962 2695 ad

2316 2712 2657 2782 nuptiarum
2691 2710 3223 2767 contrahendarum
3255 2714 3483 2766 aetatem
3515 2710 3572 2765 id
3605 2710 3967 2767 Sozomenus

2315 2781 2496 2838 de’L.
2527 2783 2686 2838 Julia
2739 2789 2795 2854 et
2844 2783 3024 2854 Papia
3068 2781 3395 2854 ageusglib.
3436 2798 3477 2850 ι,
3509 2799 3636 2854 cap.
3679 2784 3737 2848 9,
3768 2800 3968 2854 errore

2313 2854 2663 2924 transtulit:
2717 2850 2944 2924 Νόμοςξ
2979 2850 3195 2924 inquit,
3249 2852 3315 2919 ἦν
3350 2850 3654 2924 (Ῥωμαίόις
3704 2851 3965 2921 παλαιὸς,

2315 2924 2420 2978 ἀπὸ
2452 2923 2621 2979 εἴκοσι
2669 2925 2758 2977 καὶ
2806 2921 2959 2979 πέντε
3007 2921 3162 2992 ἐτῶν,
3194 2926 3302 2977 τῶν
3344 2921 3480 2977 *ἰσωύ
3541 2923 3816 2993 ἀξιοῦσθαι
3853 2945 3965 2979 κω-

2315 2993 2461 3050 λύων
2492 2994 2619 3058 τοὺς
2649 2994 2907 3067 ξᾶγάμους
2952 2995 3029 3067 μὴ
3048 2993 3370 3067 οτοιοᾷτοις,
3407 2997 3833 3067 diceredebuit
3859 3003 3967 3052 So-

2313 3084 2595 3124 zomonus
2643 3062 2893 3140 ἂτὲκῆρους
2923 3062 3025 3140 seu
3071 3062 3480 3140 c’ina181;,_non
3517 3065 3786 3140 ἀγάμους.
3815 3068 3969 3124 Deti-

2314 3140 2438 3195 nita
2469 3142 2663 3211 itaque
2721 3138 2844 3211 lege
2896 3138 3068 3211 Papio
3124 3138 3520 3211 suscipiendis
3567 3138 3770 3196 liberis
3816 3144 3965 3197 satas

2316 3211 2424 3294 fuit
2448 3210 2705 3294 ;_nempe
2735 3210 3049 3294 vicesimus
3080 3210 3324 3294 quintus
3355 3227 3546 3266 annus
3569 3211 3635 3294 lin
3669 3212 3966 3294 masculo,

558 3285 860 3362 abrogare,
893 3284 1198 3362 eerrigere,
1232 3281 1408 3362 novas
1454 3281 1915 3362 superinducere
1951 3285 2028 3362 et_
2057 3297 2196 3335 san-
2231 3293 2276 3362 α
2311 3281 2622 3362 sicesimu‘s
2669 3282 2726 3337 in
2782 3283 3000 3362 femina
3030 3299 3044 3337 :
3085 3281 3257 3362 intra
3289 3298 3464 3362 quam
3516 3287 3741 3362 {etatem
3768 3281 3962 3362 _l_eges

558 3356 674 3413 cire
704 3354 879 3425 leges.
911 3355 1034 3410 Huc
1084 3354 1305 3426 faciunt
1334 3369 1460 3424 quea
1495 3354 1648 3426 legas
1680 3354 1831 3426 apud
1892 3357 2199 3408 Auctorem

560 3424 825 3482 nostrum
856 3426 1081 3481 Exhort.
1114 3424 1184 3479 ad
1213 3424 1807 3495 castitatem,'cap.6,«
1841 3427 1986 3479 Puto
2004 3430 2204 3478 autem

560 3499 884 3553 humanam
934 3497 1410 3552 constitutionem
1446 3502 1621 3567 atque
1657 3497 1956 3552 decretum
2008 3501 2207 3567 postea

607 3568 830 3624 ristinis
880 3566 1273 3640 praevalere.)
1310 3568 1521 3640 Notum
1572 3567 1748 3622 etiam
1793 3571 1883 3640 est
1915 3568 1971 3623 S.
2007 3570 2065 3621 Ο.
2099 3566 2206 3640 Qr-

607 3587 830 3624 HSUDIS
880 3587 1210 3640 praevalere.
1248 3590 1273 3618 η
1310 3587 1521 3623 “Otum
1572 3587 1748 3622 etiam
1793 3587 1883 3622 εει
1915 3587 1971 3623 D.
2007 3587 2065 3621 υ.
2099 3587 2206 3622 UP-

562 3587 854 3705 lxitianum,
886 3641 1100 3695 factum
1133 3638 1310 3695 Orfito
1340 3638 1609 3711 etNetto
1634 3639 1903 3711 posside
1951 3653 2066 3711 quo
2112 3637 2207 3692 in-

564 3712 918 3783 telligendus
943 3711 1330 3783 Hieronymus
1359 3708 1877 3783 adeann.CLXXIX
1911 3726 1924 3764 :
1960 3708 1987 3761 ιὶ
2023 3710 2207 3783 Impe-

567 3780 787 3862 ratores
836 3780 1262 3862 mnltismulta
1308 3780 1691 3862 largitiusunt
1721 3798 1735 3836 :
1768 3786 1825 3862 et
1875 3780 2206 3862 pecuniam,

567 3873 693 3927 quas
726 3856 865 3927 fisco
894 3854 1236 3917 debebatur,
1256 3852 1584 3927 provinciis
1613 3852 1994 3927 concedentes
2046 3854 2210 3927 tabuf

566 3924 655 3983 las
685 3926 1019 3982 debitorum
1051 3926 1109 3981 in
1144 3925 1333 3980 medio
1356 3925 1626 3979 Romanis
1647 3924 1810 3978 urbis
1834 3925 1954 3978 foro
1977 3924 2208 3979 incendi

565 3999 872 4054 fecerunt:
907 4015 973 4053 ac
1023 4013 1095 4051 ne
1144 3996 1283 4067 quid
1334 3996 1439 4066 [ita
1470 3995 1614 4066 lege]
1667 3995 1907 4049 bonitati
1957 3996 2205 4061 deesset,

567 4072 749 4125 duras
798 4085 1063 4141 quasque
1092 4066 1247 4141 leges
1285 4067 1451 4122 novis
1498 4066 2017 4123 constitutionibus
2067 4068 2209 4123 tem-

605 4144 863 4199 erarunt.
891 4162 920 4192 »

851 4183 863 4196 .
906 4162 920 4191 )

563 4158 1199 4282 peggfgi'incipaliung
1206 4216 1618 4282 rescriptorum.
1643 4211 1896 4282 Rursum
1917 4207 2204 4282 Jurecon-

563 4279 851 4341 sultorum
884 4279 1135 4356 phrasis.
1172 4280 1261 4350 D.,
1295 4297 1332 4356 1_.
1365 4279 1431 4356 de
1462 4281 1608 4356 Orig.
1634 4279 1854 4356 jur.,_l.
1889 4296 1950 4348 ιι,
1984 4281 2053 4356 de
2088 4298 2204 4356 qua

557 4356 856 4427 Zephyrus
878 4351 900 4411 Ξ
921 4352 1222 4427 Rescripta
1246 4351 1609 4423 principalia,
1630 4353 1907 4427 mandata
1920 4351 2200 4424 principis

554 4423 929 4493 dicebantur,
960 4424 1176 4497 quibus
1198 4433 1429 4497 _sponle
1460 4440 1568 4479 sua
1616 4423 1885 4497 precibus
1929 4423 2201 4497 exoratus

558 4498 895 4570 imperator,
928 4493 1100 4551 alicui
1127 4493 1359 4570 privatae
1383 4493 1639 4570 personae
1660 4496 1745 4570 vel
1793 4496 2199 4551 communitati

554 4567 778 4642 aliquid
827 4573 930 4623 aut
977 4567 1276 4642 concedat,
1319 4573 1420 4642 aut
1466 4567 1788 4642 excluebat,

2310 3354 2484 3409 Juliaa
2515 3358 2684 3409 antea
2714 3370 2784 3408 ne
2817 3354 3061 3425 quidem,
3088 3353 3529 3410 matrimonium
3559 3354 3828 3410 contrahi
3860 3353 3961 3411 co-

2314 3427 2549 3498 gebant,
2612 3433 2675 3480 ut
2718 3424 3003 3496 superiori
3051 3424 3176 3498 loco
3227 3425 3627 3498 Tertullianus
3671 3427 3859 3498 docet.
3914 3429 3967 3483 A

2315 3496 2434 3569 qua
2454 3504 2856 3569 autemAzstate
2886 3497 3343 3569 Amatrimonium
3396 3497 3554 3569 leges
3592 3496 3783 3552 Jullia:
3816 3515 3968 3553 con-

2315 3567 2488 3641 trahi,
2521 3568 2608 3623 vel
2655 3567 2839 3641 Papiae
2884 3567 3808 3641 liberossuscipere'coegerint,
3845 3570 3967 3625 dici

2316 3640 2542 3712 liquido
2594 3656 2709 3712 non
2738 3639 2965 3712 potest.
2998 3639 3249 3712 Proinde
3280 3639 3519 3712 tertium
3552 3641 3704 3708 quod
3736 3642 3796 3695 in
3828 3640 3974 3697 Ter-

2317 3657 2542 3765 "quino
2594 3657 2709 3694 non
2757 3657 2965 3712 porest.
2998 3657 3249 3696 rromue
3280 3657 3519 3695 ternum
3552 3657 3704 3708 quoa
3736 3658 3796 3695 in
3828 3657 3974 3697 'l'er-

2316 3716 2377 3766 tu
2411 3711 2550 3766 liani
2599 3711 2793 3767 verbis
2835 3713 3079 3767 dubium
3107 3710 3329 3783 haeret,
3362 3711 3643 3783 quidnam
3693 3712 3974 3769 videlicet

2318 3784 2395 3867 sit
2424 3782 2594 3867 illud,
2626 3785 2779 3853 quod
2804 3784 3079 3866 Severum
3106 3781 3261 3867 leges
3286 3781 3520 3867 Papias,
3552 3799 3681 3867 qua:
3712 3800 3969 3867 prema-

2321 3859 2446 3910 ture
2501 3855 2716 3910 liberos
2776 3854 2993 3925 suscipi
3031 3854 3337 3926 cogebant,
3371 3854 3689 3910 exclusisse
3716 3854 3966 3921 scribit,

2318 3943 2557 3982 sensum
2609 3928 2763 3981 hunc
2810 3927 2986 3981 habet
3030 3927 3399 3998 perspicuum
3452 3926 3577 3997 [qui
3627 3931 3837 3998 tamen,
3872 3929 3968 3983 vel

2318 3997 2732 4070 sagacissimos
2792 3997 3076 4053 hactenus
3126 3997 3289 4070 fugit]
3324 4001 3633 4053 :Severum
3692 3997 3972 4056 videlicet

2316 4069 2591 4125 laxiorem
2653 4072 2721 4124 ad
2780 4070 3187 4140 suscipiendos
3235 4069 3451 4125 liberos
3498 4074 3747 4135 aetatem,
3781 4085 3969 4140 quam

2314 4140 2407 4206 lex
2442 4141 2620 4213 Papia
2658 4142 2894 4213 fecerat,
2928 4139 3271 4213 indulsisse,
3319 4140 3673 4210 deﬁnivisse,
3722 4139 3967 4200 reducto

2315 4228 2441 4283 quae
2471 4212 2771 4284 superiore
2802 4212 3144 4268 Tertulliani
3162 4212 3285 4268 loco
3317 4228 3430 4268 non
3461 4214 3685 4284 caeteris
3708 4220 3962 4282 tantum,

2312 4282 2412 4339 sed
2473 4282 2917 4355 et'Apologetici
2974 4283 3265 4341 scoliastis
3320 4282 3701 4353 doctissimis,
3730 4284 3961 4342 incom-

2309 4360 2475 4482 ﬁerta
2540 4355 2775 4412 fuerunt
2841 4355 3151 4422 hactenus,
3219 4355 3556 4428 accipienda
3620 4372 3850 4413 censeo.
3930 4381 3953 4408 ι

2360 4443 2451 4482 av.

2360 4443 2451 4484 Αν.

2379 4516 2490 4586 (80)
2519 4516 2688 4572 Julia?
2732 4516 3153 4571 matrimonium
3199 4516 3474 4572 contrahi.
3527 4515 3605 4572 La
3658 4516 3842 4572 Cerda
3899 4523 3957 4573 et

1882 4584 1965 4657 ιξὲ
2012 4584 2097 4657 ex,
2130 4585 2195 4651 (ῗο
2227 4652 2261 4657 _
2305 4584 2546 4643 Scriver.
2587 4604 2656 4642 ex
2699 4587 2929 4642 Wouw.
2982 4586 3122 4643 Coll.
3173 4588 3305 4643 addi
3354 4587 3560 4644 volunt
3600 4590 3958 4657 permittunt,

553 4637 1980 4731 22P°lité¥if119izﬂﬁiiEPE_T‘¥‘EEtPiSEfi‘?ii].
2014 4640 2195 4731 neris
2223 4652 2274 4719 D
2308 4637 2656 4731 psi-sese:
2684 4637 2898 4731 sensus:
2918 4637 3098 4714 ἐιῖίίἱί
3112 4637 3121 4640 ⁷
3146 4637 3791 4731 θέῐῖἱθὲὲὶιῖ”ἱ³ίιῖίὶέᾶἷ
3808 4637 3955 4717 ’ἔόέἶ

551 4712 662 4767 fuit
684 4711 1009 4784 principem,
1026 4716 1752 4784 quemquamprmsentem
1770 4711 1987 4784 scripto
2009 4711 2190 4782 adire,

550 4780 925 4853 quae—scripta
974 4780 1154 4837 libelli
1203 4780 1844 4853 supplicesaMartiale
1888 4780 2189 4850 dicuntur,

549 4860 749 4911 nostra
774 4860 1114 4925 tempestate
1134 4853 1607 4924 supplicationes.
1645 4854 1789 4909 PAM.

617 4926 725 4996 (79)
765 4924 1090 4982 Vanissimas
1136 4926 1342 4996 Papias
1375 4926 1626 4995 ἱεράςΑά
1659 4942 1803 4993 quas
1834 4926 1893 4979 in
1943 4924 2186 4980 deorum

542 4994 719 5070 etiam
770 4994 1367 5070 generationelepide
1414 4994 1644 5070 alludit,
1680 4997 1778 5051 lib.
1814 5013 1875 5063 ιι,
1908 5012 2036 5066 cap.
2072 4998 2138 5050 12
2171 5013 2185 5052 :

540 5091 570 5118 ‹‹
600 5067 966 5125 Ετιηιύηὰθ
1018 5068 1247 5125 caelibes
1278 5069 1377 5124 diu
1410 5073 1468 5123 et
1517 5067 1665 5129 orbi,
1699 5072 2011 5139 antequam
2067 5084 2186 5122 ma-

538 5140 635 5196 riti
652 5147 727 5213 et
757 5147 1027 5213 parentes
1049 5142 1076 5196 ?
1101 5163 1128 5189 ››
1155 5139 1296 5194 Cum
1326 5157 1458 5196 vero
1481 5139 1847 5195 clarissimus
1865 5144 1921 5213 et
1942 5139 2181 5213 doctiss.

535 5209 922 5269 Gothofredus
969 5214 1028 5268 in
1061 5212 1222 5268 Notis
1251 5213 1375 5267 suis
1403 5214 1472 5267 ad
1530 5213 1702 5267 finem
1736 5228 1862 5282 cap.
1893 5212 1951 5277 6,
1984 5209 2082 5282 lib.
2121 5228 2180 5281 ιι,

535 5285 614 5339 Ad
660 5286 783 5341 Nat.
819 5285 1039 5341 scribat
1088 5284 1142 5338 in
1201 5283 1358 5339 hunc
1415 5284 1655 5339 modum
1712 5280 1986 5337 Severum
2036 5280 2178 5353 imp.

533 5353 763 5427 legibus
796 5357 954 5428 Papii
1007 5356 1309 5428 derogasse,
1343 5370 1457 5409 non
1508 5355 1814 5428 etiamgeas
1866 5354 2179 5428 abrogasse,

534 5425 708 5496 quod,
756 5425 970 5499 inquit,
1018 5425 1161 5484 falso
1210 5426 1504 5497 plerisque
1552 5426 1832 5481 traditum
1873 5425 2008 5481 alibi
2050 5426 2172 5494 jam

534 5498 786 5553 refutare
833 5498 1095 5553 memini.
1131 5504 1362 5553 gratum
1417 5496 1746 5553 positurum
1800 5513 1890 5552 me
1940 5513 2172 5553 oneram

534 5513 786 5554 retutare
833 5516 1095 5568 memini,
1131 5513 1362 5569 gratum
1417 5513 1746 5568 posnurum
1800 5513 1890 5552 me
1940 5513 2174 5567 operam

531 5570 1114 5650 putavi._si__maxi_mi
1146 5569 1481 5650 viripotam
1523 5586 1589 5624 ex
1614 5568 2071 5650 _co_mmcnt_ariis
2103 5571 2174 5624 ad

527 5639 714 5711 legem
746 5641 966 5696 Juliam
1021 5644 1089 5695 de
1131 5640 1481 5695 maritandis
1529 5640 1832 5695 ordinibus
1885 5640 1978 5695 hic
2028 5640 2175 5696 inse-

525 5728 739 5794 rerem.
766 5714 844 5794 Ita
873 5714 1077 5794 scribit
1106 5714 1175 5768 ad
1211 5729 1338 5794 cap.
1372 5716 1441 5766 23
1476 5713 1640 5794 Legi‘s
1669 5713 1838 5794 Julia:
1861 5718 1925 5794 et
1962 5713 2167 5794 Papiri}.

521 5806 551 5834 «
583 5785 864 5847 Orbitatis
895 5785 1081 5855 pmnis
1130 5784 1412 5855 coniuges
1444 5784 1573 5839 non,
1602 5785 1969 5852 tenebantur,
2003 5784 2051 5838 si
2085 5786 2173 5839 vir

519 5857 781 5911 nondum
816 5854 1104 5911 annorum
1154 5854 1359 5927 viginti
1414 5856 1693 5927 quinque,
1726 5873 1871 5911 uxor
1906 5856 2167 5927 nondum

514 5927 724 5999 viginti
754 5931 954 5984 essent
981 5943 995 5982 :
1026 5926 1334 5997 Aliquando
1363 5926 1470 5997 (ait
1501 5925 1782 6001 Ulpiauus
1806 5928 1876 5984 de
1896 5932 1935 5980 L
1963 5925 2167 5998 Papia,

2304 4731 2460 4803 gisse
2492 4730 2709 4785 liberos
2739 4729 3037 4800 suscipere
3067 4734 3202 4786 ante
3233 4729 3376 4803 illud
3412 4729 3660 4803 tempus,
3684 4748 3796 4801 quo
3829 4748 3954 4786 ma-

2300 4800 2646 4857 trimonium
2660 4807 2715 4856 et
2736 4818 3083 4874 congressus
3106 4802 3388 4873 nuptialis
3404 4800 3681 4872 jam'ante
3702 4800 3955 4872 despon-

2299 4873 2442 4928 satis
2469 4874 2837 4946 indicebatur
2859 4873 2968 4945 per
2997 4874 3182 4945 legem
3224 4874 3461 4946 Iuliam,
3496 4875 3756 4946 adeoque
3786 4875 3950 4932 illam

2298 4960 2535 5016 rogasse
2583 4945 2853 5001 orbitatis
2904 4962 3101 5016 poenas
3149 4950 3263 5006 τοῖς
3310 4945 3570 5013 ἀτέκνοις,
3618 4945 3752 5002 ante
3801 4946 3946 5003 illud

2296 5020 2550 5101 tempus,
2583 5033 2699 5088 quo
2743 5018 2861 5102 ΙΜξο
2912 5018 3445 5102 pmnascaalihatus
3488 5017 3788 5102 irrogabat
3829 5024 3950 5081 τοῖς

2293 5085 2529 5163 ἀγάμοις
2564 5085 2759 5163 {quas
2812 5085 2969 5161 leges
3000 5088 3208 5163 Papias
3258 5091 3386 5163 ideo
3428 5085 3783 5163 vanissimas
3839 5109 3944 5163 po-

2294 5160 2406 5233 tuit
2435 5160 2746 5233 appellare,
2780 5160 2912 5216 cum
2948 5162 3270 5233 praesertim
3307 5161 3618 5217 Christiani
3654 5163 3779 5231 jam
3814 5160 3942 5219 tum

2291 5232 2465 5287 finem
2517 5232 2712 5288 seaculi
2761 5232 3185 5305 exspectarent.
3244 5233 3479 5289 Scilicet
3523 5248 3659 5288 cum
3709 5238 3944 5359 mlature

3530 5322 3829 5359 sponsaia

3530 5322 3829 5377 sponsana

2356 5500 2470 5569 (81)
2535 5503 2718 5556 Tanta:
2782 5499 3131 5556 auctoritatis
3194 5507 3545 5557 senectutem.
3614 5500 3813 5557 Cicero
3873 5500 3941 5555 de

2287 5570 2535 5638 Legibus,
2571 5572 2607 5625 Ι.
2639 5573 2730 5625 21.
2761 5594 2789 5621 ‹‹
2821 5577 2969 5626 Sunt.
3016 5577 3174 5628 certa
3207 5572 3404 5643 legum
3457 5572 3650 5637 verba,
3704 5571 3934 5639 Quinte,

2286 5659 2471 5714 neque
2502 5644 2582 5698 ita
2608 5643 2820 5714 prisca,
2855 5643 2998 5698 utin
3050 5645 3341 5700 veteribus
3367 5661 3433 5699 ex
3464 5644 3536 5699 iis
3568 5643 3935 5714 sacratisque

2281 5711 2509 5786 legibus
2544 5732 2556 5769 :
2592 5711 2647 5769 et
2679 5719 2895 5779 tamen,
2931 5733 3047 5786 quo
3078 5718 3212 5786 plus
3242 5715 3611 5772 auctoritatis
3653 5711 3929 5781 habeant,

2280 5783 2452 5857 paulo
2483 5786 2836 5857 antiquiora,
2868 5783 3040 5855 quam
3071 5783 3166 5843 hic
3198 5804 3392 5844 sermo
3434 5791 3543 5844 est.
3583 5810 3603 5834 ι
3642 5788 3929 5842 Arnobius

2277 5855 2555 5982 similiter
2598 5855 2962 5943 inverteratas
3012 5860 3307 5931 religiones
3359 5858 3505 5916 dixit
3554 5858 3612 5914 in
3673 5857 3920 5930 princip.

2300 5944 2317 5982 ι
2364 5944 2409 5982 ri
2441 5945 2635 5982 Dl‘lml.

2300 5944 2409 5983 um
2439 5945 2635 6002 primi.
