4366 6348
529 315 647 377 339

529 446 1052 513 recognoscuntur,
1115 443 1321 499 merito
1377 445 1756 517 damnantur,
1822 446 1957 502 licet
2009 447 2176 501 dam-
2203 454 2257 521 Α

531 531 757 587 nent“.
809 532 1109 596 Quomodo
1158 531 1388 602 iniquas
1436 533 1736 590 dicimus?
1784 535 1925 602 imo,
1977 536 2025 591 si
2076 552 2178 589 no-

531 636 667 676 men
700 621 973 691 puniunt,
1014 620 1193 675 etiam
1227 622 1460 677 stultas.
1511 624 1570 678 Si
1620 641 1750 680 vero
1783 626 1953 691 facta,
1988 640 2093 678 cur
2119 622 2181 677 in

532 709 703 765 nobis
722 710 766 753 οδ
797 710 866 764 de
896 709 1019 765 solo
1053 709 1286 765 nomine
1318 712 1576 783 puniunt
1607 714 1776 780 facta,
1802 730 1927 786 qua:
1962 716 2017 767 in
2052 713 2183 768 aliis

531 798 603 853 de
632 798 916 868 admisso,
964 814 1077 852 non
1109 799 1179 853 de
1212 801 1449 854 nomine
1480 801 1725 872 probata
1755 801 2072 857 defendunt
2094 802 2185 854 ’τι

530 887 793 942 Incestus
825 902 982 956 sum,
1016 903 1120 941 cur
1150 904 1265 942 non
1295 888 1650 960 requirunt?
1679 890 2044 958 infanticida,
2078 906 2184 945 cur

528 992 643 1030 non
675 976 1073 1047 extorquent?
1106 976 1165 1031 iu
1198 977 1357 1046 deos,
1393 978 1452 1033 in
1483 980 1734 1035 Caesares
1766 978 1987 1051 aliquid
2020 995 2182 1034 com-

526 1062 718 1132 mitto,
750 1079 856 1118 cur
886 1079 1001 1118 non
1034 1065 1264 1131 audior,
1298 1066 1399 1137 qui
1431 1066 1615 1123 habeo
1638 1068 1680 1102 ⁹⁸
1710 1084 1826 1139 quo
1858 1083 2075 1140 purger
2093 1066 2182 1121 θοι

522 1149 697 1207 Nulla
749 1150 842 1207 lex
898 1155 1056 1207 vetat
1107 1152 1326 1208 discuti
1383 1156 1539 1225 quod
1592 1154 1863 1226 prohibet
1908 1154 2179 1222 admitti;

522 1238 663 1311 quia
703 1256 889 1311 neque
919 1240 1099 1311 judex
1140 1242 1302 1311 juste
1350 1241 1677 1309 ulciscitur,
1709 1243 1823 1299 nisi
1871 1247 2182 1315 cognoscat

523 1326 851 1384 admissum
905 1345 1034 1385 esse
1091 1332 1243 1400 quod
1285 1330 1421 1386 licet
1471 1350 1484 1401 ;
1547 1348 1735 1403 neque
1792 1333 1933 1388 civis
1994 1330 2180 1388 ﬁdeli-

521 1419 613 1473 ter
641 1417 755 1490 legi
804 1418 1168 1489 obsequitur,
1218 1420 1494 1491 ignorans
1548 1422 1719 1494 quale
1758 1421 1834 1477 sit
1882 1422 2038 1493 quod
2089 1421 2179 1477 ul-

527 1505 785 1561 ciscitur.
820 1505 993 1561 Nulla
1042 1506 1133 1562 lex
1163 1508 1277 1563 sibi
1332 1508 1438 1564 soli
1492 1509 1909 1565 conscientiam
1934 1509 2179 1582 justitie

529 1610 648 1650 suae
678 1595 869 1661 debet,
903 1596 1003 1651 sed
1036 1596 1143 1661 eis,
1176 1613 1209 1652 a
1240 1596 1452 1667 quibus
1480 1598 1828 1670 obsequium
1860 1603 2176 1670 exspectat.

529 1682 812 1739 Caeterum
866 1691 1139 1756 suspecta
1184 1684 1276 1740 lex
1332 1692 1444 1754 est,
1487 1703 1613 1759 quae
1663 1687 1894 1758 probari
1950 1703 2012 1741 se
2061 1704 2177 1742 non

527 1769 672 1842 vult,
706 1772 974 1843 improba
1005 1779 1221 1841 autem,
1254 1773 1304 1830 si
1336 1792 1450 1831 non
1476 1776 1722 1847 probata
1752 1776 2104 1831 dominetur.

1191 1899 1421 1955 CAPUT
1458 1899 1525 1955 V.

528 1984 1299 2061 AacumeurUM.-—¢_lnquirit
1316 1990 1373 2044 in
1391 1989 1657 2055 eiusmodi
1678 1990 1855 2061 legum
1884 1989 2177 2059 originem,

600 2066 654 2113 et
680 2058 956 2114 occasione
986 2058 1239 2131 Alburni,
1272 2076 1429 2133 quem
1447 2061 1705 2117 Emilius
1728 2058 1794 2117 in
1822 2061 2051 2117 deorum
2074 2058 2177 2117 nué

1047 315 1577 379 TERTULLIANI
1622 318 1949 381 OPERUM
1994 317 2196 379 PARS
2238 318 2287 379 Ι.
2322 349 2402 363 -
2433 316 2713 379 SERIES
2757 316 2808 389 Ι,
2852 315 3423 377 APOLOGETICA.

3825 317 3948 378 340

2356 460 2565 500 merum
2585 445 2788 514 referri
2804 443 3033 510 volebat,
3058 443 3311 506 ostendit,
3329 457 3431 513 per
3453 442 3582 498 illas
3602 442 3949 499 divinitatem

2360 517 2649 570 hominum
2696 517 2898 584 placito
2929 515 3083 571 πω)
3115 515 3434 581 subiectam.
3486 515 3617 570 Inde
3650 515 3856 570 Tiberii
3884 517 3949 571 de

2363 587 2578 642 Christo
2605 591 2933 641 sententiam
2959 590 3311 657 pronuntiat,
3335 597 3664 658 senatusque
3688 591 3943 657 refraga-

2362 661 2562 713 tionem
2592 675 2611 712 :
2646 659 3091 719 ostenditnullos,
3110 660 3224 713 nisi
3240 657 3521 722 Neronem,
3547 657 3746 728 illique
3761 659 3943 713 simil-

2367 732 2545 799 (imos,
2583 745 2783 784 nomen
2832 730 3211 784 Christianum
3256 730 3547 798 af/lixisse,
3597 745 3721 783 cum
3751 734 3942 784 contra

2362 805 2441 858 Μ.
2474 801 2730 856 Aurelius
2758 801 3029 855 miraculo
3060 804 3232 855 etiam
3260 802 3522 869 monitus,
3552 817 3676 855 cum
3716 802 3813 855 illo
3851 803 3941 857 Ve-

2361 889 2477 940 rus,
2510 881 2561 929 et
2587 882 2713 928 ante
2742 873 2867 928 illos
2901 873 3282 943 Vespasianus,
3317 873 3611 943 Trajanus,
3642 872 3940 940 Adrianus,

2364 946 2514 1011 Pius,
2550 944 2885 999 Christianos
2914 960 3027 1000 esse
3053 945 3205 1013 passi
3231 946 3359 998 sint.
3387 943 3671 999 Concludit
3688 943 3940 1014 denique,

2360 1017 2508 1083 illos,
2538 1024 2598 1070 ut
2627 1034 2660 1070 α
2690 1018 2845 1070 bonis
2883 1018 3158 1086 probatos,
3191 1033 3225 1069 a
3272 1016 3440 1069 matis
3466 1016 3723 1086 afﬂictos,
3754 1015 3943 1082 bonos,

2358 1103 2467 1142 non
2498 1088 2691 1158 malos,
2723 1103 2792 1142 ex
2820 1086 3194 1142 similitudine
3237 1102 3481 1154 morum,
3507 1089 3701 1158 putari
3727 1086 3941 1142 debere.

2362 1175 2474 1231 Ut‘
2528 1176 2599 1231 de
2646 1176 2871 1248 origine
2929 1174 3151 1246 aliquid
3213 1179 3597 1231 retractemus
3646 1175 3944 1246 ejusmodi

2290 1259 2485 1333 legum
2517 1266 2682 1318 vetus
2714 1266 2839 1317 erat
2867 1262 3187 1328 decretum,
3225 1278 3296 1316 ne
3344 1261 3442 1333 qui
3475 1262 3620 1318 deus
3651 1262 3721 1317 ab
3756 1263 3944 1334 impe-

2290 1355 2478 1405 ratore
2507 1355 2967 1418 consecraretur,
2990 1350 3102 1405 nisi
3123 1368 3155 1405 a
3180 1354 3387 1405 senatu
3422 1350 3741 1421 probamus
3762 1352 3783 1385 ²
3805 1352 3942 1423 (88).

2287 1440 2407 1493 Scit
2454 1426 2527 1494 M.
2580 1439 2849 1494 IEmilius
2879 1439 2951 1493 de
2994 1439 3101 1494 deo
3145 1454 3254 1493 suo
3301 1437 3584 1495 Alburno.
3635 1440 3837 1494 Facit’
3889 1444 3949 1496 et

2289 1527 2499 1598 hoc;ad
2532 1545 2768 1583 causam
2795 1532 3080 1595 nostram,
3107 1528 3262 1598 quod
3283 1528 3437 1598 apud
3458 1544 3560 1583 vos
3588 1529 3658 1583 de
3681 1528 3945 1585 humano

2288 1617 2570 1672 arbitratu
2592 1616 2866 1671 divinitas
2891 1616 3234 1687 pensitatur.
3260 1616 3383 1671 Nisi
3410 1616 3631 1671 homini
3655 1617 3806 1672 Deus
3829 1617 3945 1690 (89)

2289 1705 2596 1775 placuerit,
2630 1711 2779 1761 Deus
2812 1722 2926 1760 non
2960 1704 3105 1772 erit;
3150 1705 3322 1760 homo
3346 1706 3473 1776 jam
3508 1709 3619 1761 Deo
3654 1707 3949 1778 propitius

2207 1818 2256 1884 B
2286 1812 2417 1851 esse
2462 1794 2715 1884 debebit.
2746 1794 3046 1884 ATiberius
3096 1794 3415 1884 (90)_ergo,
3467 1796 3641 1884 cujus
3682 1800 3949 1866 tempore

2287 1899 2503 1938 nomen
2541 1882 2940 1939 Christianum
2974 1882 3034 1937 in
3062 1880 3342 1937 saeculum
3377 1882 3656 1949 introivit,
3707 1900 3947 1939 annun-

2288 1971 2498 2026 tiatum
2531 1970 2643 2027 sibi
2674 1986 2741 2026 ex
2772 1970 2934 2044 Syria
2966 1969 3271 2026 Palaestina
3301 1971 3457 2043 quod
3488 1970 3609 2026 illic
3639 1972 3947 2028 veritatem

2290 2059 2449 2115 illius
2499 2058 2823 2115 divinitatis
2872 2058 3265 2115 revelaverat‘
3313 2059 3525 2115 detulit
3556 2060 3628 2115 ad
3669 2064 3947 2117 senatum

1954 2159 2154 2221 Variae
2196 2157 2515 2221 lectiones.

602 2251 657 2326 "7
679 2252 1046 2326 Damnentur
1076 2254 1254 2310 Paris.
1331 2256 1374 2291 ⁹⁶
1405 2256 1463 2310 In
1499 2256 1667 2312 nobis
1697 2257 1852 2312 addit
1886 2263 2161 2314 Wouwer.
2239 2257 2283 2291 '7
2321 2256 2559 2311 Wouwer
2586 2258 2638 2311 et
2670 2255 2868 2325 Rigalt.
2903 2272 2923 2309 :
2957 2255 3260 2326 probanda
3305 2255 3614 2320 deﬁniunt,
3661 2258 3888 2313 ﬂauere.
3927 2275 3948 2314 :

532 2325 840 2399 probanda
870 2327 1230 2394 defendunt;
1264 2327 1530 2382 Heraldus
1558 2348 1577 2383 :
1610 2330 1854 2399 probata
1882 2328 2221 2385 defendunt.
2298 2327 2340 2362 ³⁸
2370 2328 2483 2382 Cur
2514 2344 2628 2382 non
2658 2328 2884 2391 audior,
2920 2325 2973 2381 si
3018 2327 3161 2398 quid
3194 2326 3400 2399 habeo,
3443 2329 3641 2399 Wouw.
3718 2329 3763 2363 θ’
3794 2330 3951 2384 Pur-

573 2410 663 2468 em
695 2397 827 2451 Par.
904 2399 923 2434 ί
973 2405 1048 2453 At
1090 2404 1227 2453 Par.
1304 2399 1325 2433 ²
1353 2397 1703 2455 Probaretur
1750 2405 1881 2457 Par.
1958 2401 1979 2435 ³
2011 2399 2293 2455 Heraldus
2338 2407 2389 2453 et
2434 2400 2659 2455 Haverc.
2735 2399 2891 2463 Scit;
2926 2399 3132 2453 Pamel.
3169 2401 3220 2452 et
3269 2398 3433 2453 Seml.
3479 2417 3502 2453 .’
3550 2398 3661 2468 Ut;
3715 2400 3886 2455 Rhen.
3925 2419 3950 2456 .·

589 2470 709 2541 t—_
738 2468 997 2523 Alburno
1049 2470 1217 2536 fecit;
1278 2468 1564 2541 Gangneus
1609 2489 1629 2525 :
1678 2472 1751 2527 Ut
1798 2504 1867 2512 —
1918 2470 2175 2526 Alburno
2235 2469 2393 2524 facit.
2428 2476 2494 2525 Et
2545 2478 2656 2526 etc.
2733 2470 3053 2526 ‘Meraldus
3100 2487 3121 2525 :

3169 2472 3583 2527 annuntiatum
3616 2501 3684 2512 —-
3713 2487 3844 2543 qua)
3877 2503 3953 2515 —

537 2537 859 2608 revelarat;
893 2542 1011 2612 Rig.
1039 2545 1089 2596 et
1116 2542 1339 2597 Haiverc.
1370 2537 1766 2599 {annuntiata
1794 2574 1862 2583 —-
1892 2560 2019 2614 quae
2047 2573 2115 2584 —
2147 2540 2484 2598 revelarant.

1972 2648 2360 2703 Commenta:
2374 2641 2491 2701 ius.

539 2746 657 2789 non
698 2734 769 2789 ad
823 2734 981 2819 leges
1026 2738 1427 2863 repurgandae
1476 2739 1672 2822 referri
1722 2740 1893 2821 debet
1923 2739 2183 2811 praecise,

539 2806 639 2859 sed
697 2808 1044 2863 generaliter
1090 2810 1159 2863 ad
1244 2826 1398 2863 eges.
1455 2810 1631 2863 Ouasi
1681 2811 1900 2863 diceret
1930 2828 1943 2863 :
1979 2811 2182 2863 Leues.

538 2806 639 2859 sed
697 2807 1044 2876 generaliter
1090 2806 1159 2863 ad
1208 2806 1398 2881 leges.
1455 2810 1631 2874 Quasi
1681 2806 1943 2866 diceret}
1979 2811 2182 2882 Leges,

539 2892 728 2953 neque
776 2894 1065 2934 annorum
1118 2897 1423 2947 numerus,
1455 2898 1645 2953 neque
1694 2883 2058 2937 conditorum
2093 2882 2182 2936 di-

535 2949 727 3025 gnitas
757 2952 1152 3025 commendat,
1175 2949 1720 3025 sediazquitas'sola.
1758 2955 2003 3024 Ideoque
2026 2955 2177 3024 apud

537 3018 786 3098 Livium,
820 3020 920 3077 lib.
954 3040 1139 3098 xxxrv,
1175 3025 1233 3078 L.
1275 3018 1541 3098 Valerius
1573 3026 1702 3080 trib.
1740 3025 1818 3098 pl.
1853 3018 2007 3097 leges
2041 3018 2184 3081 dicit

534 3090 680 3146 alias
732 3109 863 3148 esse
910 3095 1208 3162 mortales,
1260 3094 1407 3152 alias
1453 3103 1697 3152 aeternas
1731 3090 1755 3155 ε’
1781 3120 1807 3146 ‹‹
1842 3090 1939 3152 Ex“
1969 3098 2060 3151 his
2100 3097 2180 3151 le-

2290 2738 2483 2792 debat.
2534 2741 2699 2808 Deus
2732 2751 2845 2791 non
2877 2740 3018 2802 erat,
3054 2752 3228 2808 quem
3274 2736 3449 2793 homo
3500 2736 3806 2793 consultus
3838 2753 3951 2794 no-

2291 2808 2518 2894 luisset,
2535 2806 2859 2894 ﬁtnol‘endg
2882 2806 3240 2894 damnasset.
3265 2830 3293 2890 ι)
3316 2809 3556 2894 Copiose
3573 2809 3950 2894 ‘Lactantius,

2290 2882 2469 2936 Instit.
2525 2882 2651 2934 Div.
2706 2880 2747 2946 l,
2792 2881 2906 2953 _15_:
2943 2902 2971 2929 ‹‹
3005 2881 3147 2953 Quis
3196 2883 3352 2953 enim
3398 2888 3521 2953 tam
3553 2883 3797 2936 demens
3835 2880 3949 2953 qui

2290 2968 2602 3017 consensu,
2647 2957 2705 3003 et
2751 2950 2963 3017 placito
3019 2952 3541 3007 innumerabilium
3592 2950 3944 3020 stultorum,

2290 3022 2505 3095 aperiri
2561 3022 2767 3075 coelum
2828 3023 3074 3095 mortuis
3118 3025 3438 3078 arbitretur
3475 3024 3503 3077 ‘t
3550 3031 3654 3079 aut
3707 3025 3945 3095 aliquid

2291 3093 2442 3165 quod
2496 3094 2618 3164 ipse
2669 3108 2782 3147 non
2832 3093 3062 3167 habeat,
3112 3095 3249 3167 dare
3296 3095 3462 3150 alteri
3510 3096 3727 3167 posse?
3776 3093 3945 3167 apud

535 3162 710 3245 gibus
738 3180 873 3245 quae
926 3166 1131 3245 nonin
1166 3174 1428 3245 tempus
1449 3169 1706 3240 aliquod,
1739 3170 2179 3245 sed__perpetu:e
2212 3169 2254 3235 C
2293 3162 2584 3245 Romanos
2617 3169 2764 3245 Deus
2810 3166 3027 3245 Julius,
3069 3166 3343 3245 quiahoc
3373 3162 3653 3245 scelerato
3706 3162 3947 3245 homini

539 3234 809 3291 utilitatis
826 3252 1005 3291 causa
1034 3237 1091 3292 in
1111 3234 1390 3294 aeternum
1414 3234 1727 3304 latae-sunt,
1763 3234 1979 3296 nullam
1997 3234 2178 3295 'abro-

535 3305 660 3383 gari
690 3306 902 3383 debere
932 3308 1132 3375 fateor,
1169 3311 1278 3383 nisi
1311 3328 1487 3382 quam
1531 3317 1631 3365 aut
1662 3329 1805 3366 usus
1837 3313 2049 3383 arguit,
2082 3316 2183 3366 aut

538 3382 727 3431 status
757 3378 973 3453 aliquis
1005 3378 1345 3451 reipublicae
1384 3383 1652 3437 inutilem
1699 3385 1834 3438 fecit
1866 3378 1998 3438 :sic
2036 3400 2181 3453 quas

536 3453 803 3525 tempora
848 3449 1046 3522 aliqua
1092 3449 1427 3525 desiderant
1473 3454 1649 3525 leges,
1685 3455 1961 3510 mortales
2005 3449 2069 3510 ut
2106 3456 2184 3510 ita

536 3520 750 3646 (23321,
781 3528 837 3576 et
865 3520 1231 3595 temporibus
1261 3524 1406 3597 ipsis
1434 3520 1748 3582 mutabiles
1774 3543 1902 3582 esse
1929 3526 2116 3582 video.
2150 3547 2177 3575 ι)

614 3605 721 3645 em.

586 3662 727 3743 _(87)
773 3663 925 3717 Vetus
971 3663 1283 3743 decretum._
1321 3666 1508 3723 Habes
1543 3666 1739 3739 legem
1786 3668 1975 3740 ipsam
2024 3670 2180 3740 apud

536 3736 870 3789 Ciceronem
914 3752 977 3799 ιι,
1029 3738 1101 3791 de
1134 3738 1314 3807 Legib.
1366 3736 1682 3795 SEPARATlM
1729 3736 1885 3795 κιειὶιο
1916 3736 2184 3796 HABEssrr

537 3820 702 3873 DEOS,
754 3822 896 3860 NEVE
944 3823 1121 3863 NOVOS
1155 3827 1167 3863 ζ
1204 3828 1306 3864 SED
1356 3828 1428 3865 NE
1473 3828 1741 3880 ADVENAS,
1793 3828 1907 3867 NlSI
1939 3821 2181 3867 PUBLICE

535 3893 763 3931 ASCITOS
773 3916 786 3941 ν
819 3894 1091 3934 ΡιιινΑτιΜ
1121 3896 1262 3936 COLU
1272 3898 1395 3936 ΝΤΟ.

603 3948 712 4023 (88)
772 3949 849 4003 Ne
905 3951 1000 4019 qui
1063 3952 1200 4006 Deus
1259 3954 1327 4007 ab
1392 3954 1722 4023 imperatore
1775 3958 2182 4010 consecraretur

531 4020 705 4105 nisis;
752 4024 943 4105 senatu
988 4023 1282 4105 probatus.-
1325 4020 1610 4105 Ejusdenl
1646 4041 1858 4105 sensus
1893 4031 1992 4105 _est
2013 4028 2175 4105 quod

534 4091 970 4166 in_t‘ragmentis
1003 4093 1230 4164 Ulpiani
1269 4091 1539 4166 legimus,
1572 4095 1688 4151 Deo
1722 4096 1977 4152 haeredes
2010 4091 2178 4153 insti-

531 4159 617 4213 tui
652 4177 766 4245 non
800 4179 1014 4245 posse,
1049 4159 1253 4245 praeter
1276 4159 1417 4245 eos,
1447 4159 1619 4245 quos
1645 4169 2175 4239 senatusconsulto,

532 4236 1055 4358 eopsgtutionibus
1106 4236 1436 4309 principum
1468 4236 1789 4295 instituere
1831 4236 2174 4297 concessum

532 4320 638 4358 es.
724 4320 905 4358 lGALT.

531 4320 638 4359 εει.
678 4320 813 4359 ΗΙΟΑ
823 4322 905 4360 ιτ.

606 4375 680 4430 Ab
710 4378 1065 4453 imperatore.
1096 4377 1246 4453 infra
1276 4380 1605 4451 exemplum
1642 4380 1802 4450 ponit
1832 4380 1888 4435 in
1922 4382 2171 4453 Tiberio,

530 4446 1061 4573 ipstumHChristum
1091 4450 1151 4506 in
1185 4452 1426 4506 deorum
1448 4446 1787 4508 'numerum
1835 4453 2047 4510 inferre
2077 4446 2171 4510 col

531 4534 603 4572 na
639 4534 691 4573 ο.
775 4535 865 4573 av.

531 4534 691 4573 118120.
724 4534 865 4574 ﬂAV.

600 4589 723 4643 Nisi
747 4607 782 4645 a
808 4602 1004 4646 senatu
1025 4593 1303 4658 probatus.
1332 4592 1396 4647 Et
1428 4593 1577 4648 hunc
1600 4593 1827 4650 illorum
1862 4594 2175 4651 stultitiam

530 4658 843 4787 erlegantzezi;3
858 4668 1017 4718 taxat
1060 4664 1417 4720 Prudentius
1464 4665 1565 4721 lib.
1601 4683 1640 4734 ι,
1674 4668 1733 4721 in
1764 4666 2172 4738 Symmachum,

567 4747 702 4787 ersu
850 4774 863 4787 .

567 4747 702 4787 61⁸81]
735 4747 863 4787 ΖΖό.

622 4845 760 4914 Υθιιι
788 4850 954 4914 ratus,
986 4861 1334 4914 quaecumque
1364 4849 1494 4901 ﬁant
1522 4856 1738 4902 auctore
1773 4852 1989 4914 Senatu,

622 4907 856 4978 (acutulit
885 4910 951 4978 ad
982 4907 1261 4978 simulacra
1291 4913 1464 4975 fidem,
1498 4915 1847 4978 dominosque
1880 4907 2086 4977 putavit

619 4970 862 5031 Etheris,
892 4972 1141 5024 horriﬁco
1172 4975 1261 5038 qui
1293 4980 1434 5026 stant
1454 4970 1525 5026 ex
1556 4978 1742 5027 ordine
1762 4970 1943 5027 'vult'u.

528 5084 651 5141 Illic
679 5085 926 5161 Alcides,
953 5090 1060 5143 etc.
1114 5087 1294 5143 Rhen.
1330 5091 1672 5161 probaretur.
1727 5092 1801 5146 De
1831 5090 2178 5147 auctoritate

528 5162 770 5233 senatus
816 5163 877 5233 et
914 5158 1340 5231 imperatorum
1391 5169 1589 5233 postea
1639 5164 1991 5217 consensuin
2027 5164 2175 5218 reci-

533 5229 747 5301 piendo
778 5231 977 5301 aliquo
1004 5229 1160 5287 inter
1182 5235 1323 5288 deos
1355 5229 1593 5289 consule
1626 5239 1855 5289 Petrum
1902 5236 2173 5301 Fabrum,

662 5317 727 5377 ιιι
774 5298 1151 5377 Semestrium,
1203 5321 1329 5376 cap.
1381 5308 1429 5361 1.
1483 5308 1682 5361 Exstat
1728 5306 1882 5377 apud
1937 5298 2173 5361 Dionem

527 5372 794 5449 Cassium
839 5374 1075 5449 elegans
1108 5372 1382 5449 locuside
1414 5379 1566 5432 fanis
1598 5372 1893 5449 Serapidis
1924 5378 2174 5433 demoli-

528 5444 627 5510 tis,
656 5444 788 5518 quia
820 5444 1042 5518 privato
1092 5447 1335 5503 consilio
1379 5454 1675 5504 exstructa
1707 5444 1891 5505 erant.
1929 5449 2172 5506 Protuli-

530 5516 857 5591 musAillum
895 5518 965 5591 ad
998 5519 1194 5587 finem,
1223 5536 1348 5591 cap.
1382 5521 1435 5574 6.
1470 5521 1610 5576 ΗΑν.

599 5587 861 5665 (89)_Nz_'si
886 5589 1104 5665 homini
1125 5587 1427 5658 Deusfetc.
1462 5592 1709 5665 Elegans
1749 5592 1913 5656 illud,
1947 5592 2040 5647 cui
2072 5609 2175 5663 par

532 5658 912 5749 q‘uodgh'abet,
947 5677 997 5744 ο..
1032 5662 1099 5749 13
1132 5677 1144 5716 :
1179 5667 1383 5744 «_Nam
1409 5658 2170 5749 ut‘suvpraperstrinximus,

531 5730 722 5787 status
752 5730 850 5786 Dei
892 5734 1181 5804 cujusque
1223 5734 1281 5789 in
1333 5730 1989 5794 senatus'aestimatione
2029 5730 2172 5809 pen?-

2292 3236 2787 3310 placuitgAntonio
2820 3251 2835 3292 :
2868 3237 3017 3293 Deus
3067 3238 3367 3310 Quirinus,
3416 3239 3552 3308 quia
3582 3239 3688 3293 hoc
3733 3243 3944 3310 pasto—

2292 3308 2454 3364 ribus
2485 3308 2672 3381 visum
2706 3312 2795 3361 est
2816 3324 2839 3381 A:
2872 3325 3003 3364 cum
3036 3308 3183 3364 alter
3228 3310 3491 3381 germani
3524 3308 3945 3365 fratris'exsti-

2293 3381 2446 3447 terit,
2479 3380 2628 3433 alter
2678 3378 3264 3453 patrire_parricida':
3298 3382 3451 3452 quod
3486 3382 3534 3437 si
3567 3381 3771 3437 consul
3819 3398 3942 3439 non

2293 3454 2500 3507 fuisset
2546 3451 2854 3535 Antonius,
2884 3451 2944 3506 C.
2995 3451 3330 3535 lla-asarpro
3357 3453 3501 3535 suis
3529 3455 3599 3535 in_
3620 3454 3945 3524 rempubli-

2292 3540 2419 3579 cam
2463 3522 2710 3587 meritis,
2744 3522 2920 3577 etiam
2977 3522 3240 3579 defuncti
3287 3523 3538 3580 hominis
3586 3522 3805 3581 honore
3836 3542 3941 3585 cas-

2291 3596 2518 3650 ruisset.
2560 3615 2579 3641 ι
2617 3593 2756 3647 ΗΑν.

2365 3667 2477 3736 (90)
2507 3665 2773 3720 Tiberius.
2827 3664 3040 3719 Tutum
3074 3664 3180 3720 hoc
3224 3665 3537 3737 descripsit
3565 3665 3852 3722 Eusebius
3883 3673 3947 3723 et

2293 3739 2559 3793 Historiae
2607 3749 2727 3792 sua:
2769 3737 3172 3803 ecclesiasticae,
3225 3754 3287 3802 ιι,
3344 3740 3401 3803 2,
3441 3738 3712 3804 inseruit,
3763 3738 3942 3808 cujus

2289 3810 2464 3863 verba
2516 3811 2713 3862 Graeca
2758 3808 2899 3861 citat
2944 3808 3178 3874 Junius,
3227 3814 3400 3880 prout
3453 3825 3522 3864 ex
3572 3808 3942 3880 Tertulliano

2290 3897 2352 3935 se
2381 3880 2622 3935 vertisse
2651 3883 2903 3933 testatur
2934 3879 3241 3950 Eusebius,
3273 3880 3370 3951 qui
3406 3880 3523 3935 haec
3552 3886 3686 3936 ante
3716 3879 3818 3936 illa
3844 3888 3943 3938 est

2289 3952 2564 4024 praefatus
2594 3967 2610 4024 ξ
2647 3954 2869 4024 Interea
2917 3967 3050 4005 cum
3105 3968 3224 4024 per,
3252 3966 3486 4024 omnem
3510 3954 3633 4021 jam
3669 3951 3863 4024 locum
3905 3975 3936 4005 ››

2288 4021 2397 4079 etc.
2451 4021 3544 4096 inprimisyero_memorabileillud,
3591 4024 3748 4096 quod
3799 4023 3942 4096 legi-

2288 4111 2422 4151 mus
2461 4091 2614 4165 apud
2648 4091 2871 4165 {Elium
2920 4093 3317 4165 Lampridium
3351 4094 3409 4165 in
3466 4096 3585 4151 Vita
3611 4091 3941 4152 'Alexandri

2288 4163 2597 4234 Severi,‘ita
2626 4164 2697 4219 de
2727 4163 2826 4235 illo
2857 4180 2869 4219 :
2904 4188 2932 4215 ‹‹
2963 4163 3192 4220 Christo
3212 4164 3498 4235 templum
3532 4167 3718 4221 facere
3746 4166 3940 4224 voluit

2284 4253 2537 4308 eumque
2564 4236 2713 4290 inter
2741 4234 2891 4308 Deos
2923 4238 3196 4307 recipere.
3231 4234 3393 4303 Qudd
3424 4242 3483 4292 et
3510 4238 3804 4293 Adrianus
3833 4255 3935 4295 co-

2285 4305 2506 4382 gitasse
2552 4308 2753 4382 fertur,
2788 4305 2890 4382 qui
2934 4305 3154 4382 tem—pla
3183 4308 3246 4382 in
3272 4309 3548 4382 omnibus
3595 4309 3936 4382 civitatibus

2286 4376 2412 4436 Eine
2443 4376 2777 4451 simulacris
2808 4376 3081 4447 'jusserat
3129 4378 3251 4451 lieri
3282 4397 3296 4435 :
3330 4396 3461 4451 quae
3510 4380 3683 4437 hodie
3711 4381 3934 4437 idcirco

2331 4523 2382 4578 le
2413 4525 2483 4578 ad
2516 4521 2625 4595 hoc
2665 4536 2899 4595 parasse
2947 4522 3251 4579 dicebatur
3280 4540 3293 4577 :
3327 4524 3429 4579 sed
3483 4521 3936 4595 prohibitus'est

2284 4595 2356 4650 ab
2396 4593 2618 4667 iisiqui
2663 4591 3273 4667 consulentesgsacra,
3335 4591 3669 4667 repererunt
3724 4612 3933 4653 omnes

2284 4666 2643 4737 Christianos
2676 4665 2925 4737 futuros,
2958 4664 3005 4720 si
3056 4665 3112 4721 id
3144 4670 3341 4737 Optato
3373 4664 3665 4723 evenisset
3694 4673 3751 4722 et
3778 4673 3930 4723 tem-

2328 4738 2385 4792 la
2412 4736 2642 4807 reliqua
2670 4735 3008 4791 deserenda.
3045 4758 3074 4785 ››
3105 4735 3225 4794 lmo
3250 4737 3403 4794 idem
3434 4740 3693 4794 Severus.
3729 4764 3750 4787 ι
3784 4744 3928 4794 Cum

2330 4756 2385 4792 ia
2412 4756 2642 4807 renqua
2670 4756 3008 4791 deserenda.
3045 4758 3074 4785 »
3105 4756 3225 4794 uno
3250 4756 3403 4794 idem
3434 4756 3693 4794 severus.
3729 4764 3750 4787 ι
3784 4756 3925 4794 ωιτη

2286 4756 2603 4865 ἓὶινὶδιίαιιί
2643 4808 2959 4892 quemdam
3005 4807 3197 4891 locum
3236 4810 3370 4892 qui
3396 4810 3925 4892 publi_cus__[uerat,

2286 4883 2691 4953 occupassent,
2720 4883 2939 4953 contra
2989 4880 3273 4953 popinarii
3315 4880 3593 4950 dicerent,
3628 4880 3739 4937 sibi
3786 4898 3923 4938 cum

2287 4949 2504 5036 deberi,
2554 4949 2877 5036 rescripsit,
2910 4949 3122 5007 melius
3170 4958 3414 5036 esseut
3459 4949 3928 5036 quandocunque

2285 5022 2407 5096 illic
2463 5024 2617 5096 Deus
2675 5022 2918 5087 colatur,
2955 5038 3148 5096 quam
3207 5022 3528 5096 popinariis
3584 5022 3852 5081 dedatur.
3891 5044 3920 5077 ι

2284 5095 2497 5150 Narrat
2539 5095 2693 5149 idem
2738 5092 3126 5165 Lampridius.
3180 5092 3301 5150 Sed
3339 5098 3411 5152 de
3452 5097 3683 5152 Tiberio
3724 5101 3925 5153 nostro

2285 5184 2469 5237 operm
2500 5166 2751 5239 pretium
2784 5170 2875 5239 est
2913 5167 3185 5239 conferre
3202 5167 3611 5239 Tanaquillum
3648 5169 3924 5235 Fabrum,

2283 5236 2441 5293 tomo
2473 5236 2534 5305 ii,
2566 5238 2735 5308 epist.
2771 5238 2858 5301 12,
2890 5237 2992 5308 qui
3023 5236 3227 5294 multis
3254 5236 3516 5296 evincere
3547 5246 3795 5296 conatur
3827 5241 3925 5295 de-

2283 5253 2441 5293 tomo
2473 5255 2534 5305 ιι,
2566 5253 2735 5308 epist.
2771 5253 2858 5301 ιι,
2890 5253 2992 5362 qui
3023 5253 3227 5294 multis
3254 5254 3516 5296 evmcere
3547 5253 3795 5296 conatur
3827 5253 3925 5295 ue-

2283 5316 2514 5384 ceptum
2549 5325 2679 5365 esse
2705 5307 2903 5384 Tertul
2930 5307 3154 5376 ianum,
3181 5312 3601 5384 veritatemque
3633 5312 3814 5384 hujus
3845 5311 3927 5384 rei

2282 5382 2486 5438 elevat.
2524 5380 2900 5453 Argumentis
2930 5387 3182 5453 quatuor
3229 5383 3415 5439 utitur
3446 5401 3459 5439 :
3492 5380 3646 5453 quod
3679 5382 3927 5438 historia
3993 5396 4003 5405 '

2282 5471 2351 5509 ex
2381 5453 2528 5534 libro
2554 5450 2864 5534 supposito
2895 5450 2973 5505 sit
2999 5451 3229 5534 hausta,
3262 5455 3421 5511 Actis
3446 5450 3615 5534 Pilati
3631 5453 3882 5534 __scilic_et
3907 5472 3921 5521 ;

2281 5526 2435 5600 quod
2486 5521 3029 5600 religioniscuram
3076 5524 3298 5600 nullam
3347 5528 3591 5600 gesserit
3630 5526 3918 5592 Tiberius,

2280 5593 2436 5653 unde
2471 5593 2744 5652 Suetonio
2792 5593 3008 5649 dicitur
3052 5597 3199 5653 circa
3227 5593 3378 5655 deos'
3395 5616 3459 5655 ac
3503 5599 3794 5666 religiones
3822 5613 3919 5653 ne-

2277 5669 2617 5756 gligentior;
2647 5666 3083 5756 quodilsgenatus
3116 5668 3413 5756 Romanus
3442 5669 3813 5756 suh_'l‘iberio
3843 5668 3911 5756 ad

2280 5736 2626 5799 vuissimam
2657 5736 3049 5795 adulationem
3096 5742 3430 5816 prolapsus,
3460 5760 3533 5801 ne
3561 5741 3786 5800 hiscere
3815 5738 3915 5813 qui

2285 4453 2425 4577 quia
2451 4467 2564 4506 non
2606 4449 2827 4504 habent
2874 4451 3138 4532 numina,
3182 4449 3461 4507 dicuntur
3505 4452 3769 4535 Adriani,
3803 4469 3934 4525 qum

2285 4540 2300 4577 ι
2331 4523 2382 4577 le
2413 4525 2483 4577 ad
2516 4521 2625 4577 hoc
2665 4536 2899 4577 parasse
2947 4522 3251 4577 dicebatur
3280 4540 3293 4577 :
3327 4524 3429 4577 sed
3484 4524 3811 4577 prohibitus
3842 4531 3934 4577 est

2207 4540 2300 4604 Dl
