4366 6340
197 347 309 407 345

1294 337 2111 417 ΛΡΟΙΑΟΟΕΤῙΟΗΞῘἈΒὙ.
2163 340 2491 402 GENTES.

3475 339 3595 400 346

196 484 411 549 turpes,
445 492 593 547 quos
625 478 681 531 et
701 474 813 547 ipsi
846 475 1125 529 damnare
1155 474 1471 539 consuetis,
1524 479 1579 530 et
1634 490 1666 528 a
1696 473 1825 545 qui—
1859 477 1911 541 Α
1943 473 2019 528 Μ.
2053 474 2270 527 Aurelii
2303 474 2377 545 (3)
2409 472 2741 546 gravissimi
2773 472 3145 545 imperatoris
3192 472 3591 544 requirantur,

197 567 301 620 bus
335 566 640 620 damnatos
673 564 977 620 restituere
1008 562 1163 618 soliti
1223 563 1385 618 estis.
1436 562 1715 618 Caeterum
1763 564 1835 617 de

196 660 277 710 tot
305 654 511 709 exinde
573 653 937 725 principibus
997 654 1207 725 [usque
1244 653 1306 722 “]
1357 653 1427 706 ad
1485 652 1833 706 hodiernum

197 744 453 800 divinum
486 744 931 814 humanumque
988 742 1353 814 sapientibus
1386 742 1481 813 (1),
1543 742 1696 795 edite
1729 740 1837 796 ali-

198 851 363 907 quem
397 832 815 888 debellatorem
869 832 946 902 (2)
1005 830 1494 886 Christianorum.
1556 831 1704 886 295
1767 831 1839 885 At

198 940 298 979 nos
349 938 379 979 θ
436 921 728 977 contrario
786 920 1018 976 edimus
1076 923 1485 992 protectorem,
1540 918 1588 975 si
1629 918 1837 974 litterae

1946 562 2165 633 qutbus
2200 561 2359 617 illam
2396 564 2439 598 ¹²
2468 563 2861 634 germanicam
2896 562 3055 617 sitim
3102 562 3178 633 (4)
3226 562 3597 617 Christiano—

1947 669 2076 705 rum
2110 652 2253 705 forte
2286 651 2538 705 militum
2569 651 2999 722 precationibus
3052 652 3365 723 impetrato
3418 650 3594 705 imbri

1948 740 2278 795 discussam
2313 744 2691 795 contestatur.
2717 740 2822 805 Qui
2855 741 3009 796 sicut
3041 758 3155 796 non
3190 739 3379 811 palam
3410 740 3487 811 (5)
3522 740 3593 795 ab

1947 829 2233 899 ejusmodi
2268 829 2607 885 hominibus
2639 846 2867 901 pcenam
2898 829 3251 898 dimovit,ita
3282 829 3396 883 alio
3420 829 3594 883 modo

1949 918 2102 974 296
2136 918 2326 989 palam
2359 918 2638 991 dispersit
2666 920 2765 989 (6),
2798 919 3024 989 adjecta
3054 918 3227 974 etiam
3259 917 3334 990 (7)
3383 934 3597 973 accusa

1609 1018 1815 1080 Varias
1854 1016 2177 1079 lectiones.

266 1110 307 1147 ¹¹
343 1109 539 1183 Usque
567 1108 718 1165 abest
746 1109 933 1164 Paris.
1013 1108 1056 1142 ¹²
1083 1106 1250 1164 Illam
1280 1107 1431 1163 abes:
1460 1108 1642 1163 Paris.

1630 1195 2157 1257 Commentarius.

200 1298 275 1354 Ad
307 1313 434 1369 quae
461 1294 653 1352 felicia
681 1299 946 1369 tempora
974 1296 1197 1369 aspirat
1226 1298 1420 1351 mente
1452 1295 1603 1369 idem
1649 1302 1838 1369 poeta,

202 1366 343 1426 dum
368 1370 425 1423 in
458 1385 597 1423 casu
630 1366 911 1423 columbae
943 1366 1071 1439 quae
1104 1366 1344 1439 delapsa
1375 1372 1499 1421 erat
1549 1368 1608 1421 in
1642 1366 1837 1421 sinum

203 1440 458 1497 Aretullae
480 1440 635 1496 inter
666 1440 779 1495 alia
801 1440 921 1495 hac
949 1438 1099 1494 ludit
1132 1438 1234 1493 lib.
1266 1455 1390 1505 vm,
1423 1440 1511 1492 32.

316 1564 369 1615 Si
404 1566 627 1614 meliora
656 1564 756 1627 pia:
787 1564 866 1613 fas
895 1567 979 1612 est
1012 1577 1226 1626 sperare
1258 1563 1445 1621 sorori,

384 1628 446 1677 Et
479 1625 763 1676 Dominum
793 1628 980 1675 mundi
1011 1625 1219 1676 ﬂectere
1251 1631 1372 1675 vota
1401 1625 1583 1674 valent

324 1691 444 1739 Haec
477 1704 506 1738 a
536 1690 749 1739 Sardois
778 1690 875 1738 tibi
906 1689 1129 1738 forsitan
1161 1689 1327 1737 exulis
1357 1689 1483 1747 oris,

383 1754 566 1802 Fratre
601 1766 904 1813 reversuro,
936 1754 1127 1801 nuntia
1155 1753 1304 1801 venit
1335 1752 1464 1800 avis.
1498 1751 1625 1798 Hsv.

272 1870 345 1939 (ι)
404 1868 668 1922 Divinum
735 1867 1145 1937 humanumque
1199 1866 1552 1937 sapientibus.
1612 1835 1926 1921 SummaB

203 1938 347 2007 laus,
384 1956 561 2011 quam
593 1938 845 2011 Josepho
877 1954 1111 2009 quoque
1141 1938 1341 1993 Jacobi
1366 1939 1705 2011 patriarcha:
1732 1938 1849 1993 tilio

206 2028 381 2066 ausus
404 2009 501 2065 est
535 2011 791 2065 tribuere
813 2010 1038 2082 Trogus
1071 2010 1407 2082 Pompeius,
1442 2009 1850 2065 nobilissimus

208 2084 476 2154 scriptor,
507 2082 555 2136 si
594 2082 725 2151 ejus
756 2087 896 2136 sunt
925 2083 1123 2149 verba,
1177 2099 1304 2154 qua:
1355 2082 1635 2152 leguntur
1693 2083 1846 2152 apud

204 2154 523 2235 Justinuiu,
556 2170 745 2235 xxxv1,
778 2156 812 2206 2
846 2170 859 2209 :
892 2154 1098 2234 «'Nam
1133 2161 1190 2208 et
1222 2155 1620 2235 prodigiorum
1678 2170 1845 2235 saga-

205 2228 474 2281 cissimus
504 2229 647 2293 erat,
681 2230 738 2279 et
760 2226 1123 2280 somniorum
1149 2224 1372 2296 primus
1398 2224 1847 2295 intelligentiam

205 2298 485 2362 condidit,
518 2297 781 2367 nihilque
811 2297 989 2351 divini
1014 2298 1167 2367 juris
1199 2297 1564 2367 humanique
1606 2296 1655 2351 ei
1688 2296 1847 2352 inco-

210 2370 433 2441 gnitum
467 2370 793 2423 videbatur.
831 2373 1029 2441 agHAV.

270 2445 340 2511 (2)
380 2441 802 2495 Debellatorem.
838 2440 917 2494 Ex
948 2439 1215 2511 opposito
1260 2443 1623 2510 protectorem
1654 2445 1846 2494 osten-

214 2514 294 2567 dit
323 2510 465 2583 qmd
501 2528 599 2582 per
627 2510 1012 2566 debellatorem
1060 2510 1305 2582 intelligi
1350 2512 1505 2575 velit,
1556 2528 1672 2565 non
1722 2511 1847 2565 scil.

212 2588 647 2648 exstinctorem,
678 2583 778 2637 sed
806 2599 1229 2654 aggressorem,
1264 2588 1712 2654 persecutorem.
1747 2589 1850 2639 E0-

208 2656 334 2711 dem
394 2672 527 2710 vero
576 2655 779 2710 ordine
837 2656 942 2709 hos
1000 2673 1033 2709 a
1078 2654 1437 2710 Tertulliano
1516 2655 1851 2709 nominatos

210 2726 798 2800 imperatoscollocat
825 2727 1243 2794 Theodoretus,
1269 2726 1384 2800 nis_i
1427 2728 1581 2800 quod
1614 2732 1851 2781 contra-

210 2798 500 2854 rio'censu
529 2798 634 2853 hos
667 2814 869 2853 omnes
901 2803 1301 2869 persecutores
1348 2798 1612 2853 Ecclesiae
1664 2802 1848 2865 vocet,

209 2887 377 2941 quam
402 2876 597 2924 tamen
630 2869 920 2925 debellare
950 2876 1006 2925 et
1035 2871 1402 2940 exstinguere
1462 2870 1847 2941 nequiverint.

209 2943 560 2998 Convenient
591 2947 807 3011 autem,
832 2942 880 2995 si
912 2941 1073 2996 dicas
1105 2941 1183 3009 id,
1215 2941 1380 3012 quod
1402 2958 1494 2997 res
1543 2947 1651 3006 est,
1701 2946 1851 2996 tecte

210 3016 444 3085 quidem
475 3029 700 3085 omnes,
747 3030 859 3067 non
908 3031 1041 3067 vero
1086 3011 1286 3085 aperta
1333 3011 1409 3079 vi,
1462 3017 1526 3067 ut
1571 3018 1742 3077 Nero,
1788 3017 1851 3085 ut

209 3082 595 3155 Domitianus,
626 3084 804 3155 fuisse
833 3089 1150 3155 grassatos.
1186 3084 1238 3138 Is
1270 3084 1469 3154 itaque
1492 3101 1551 3155 p.
1575 3085 1679 3140 1'26
1712 3082 1847 3138 ςΤὸν

211 3153 263 3210 δὲ
291 3156 488 3211 ἀλιέων
519 3175 578 3207 τε
607 3155 695 3207 καὶ
724 3153 999 3220 τελῶνῶν,
1032 3161 1166 3224 ete.,
1200 3156 1238 3209 i.
1273 3172 1323 3209 e.
1357 3153 1386 3204 ‹ἱ
1419 3153 1671 3225 Afleges
1702 3172 1849 3227 quas

210 3230 386 3284 nostri
423 3229 738 3299 piscatores
768 3234 823 3283 et
854 3201 1169 3299 publicani:
1204 3244 1469 3298 quasque
1499 3201 1666 3283 sutor
1705 3201 1847 3283 ten-
1880 3201 1922 3269 C

212 3298 432 3355 torium
485 3300 747 3354 tulerunt
803 3298 870 3354 ac
946 3298 1417 3370 promulgarunt,
1480 3317 1593 3355 non
1652 3300 1848 3364 Caius;

210 3390 315 3428 non
345 3372 627 3427 Claudius
683 3370 999 3426 dissolvere
1057 3376 1392 3442 potuerunt,
1450 3388 1554 3425 nec
1612 3370 1708 3439 qui
1766 3371 1849 3425 eis

210 3444 485 3499 successit
516 3443 683 3500 Nero.
718 3443 821 3497 Hie
848 3443 1001 3497 enim
1037 3442 1271 3497 tametsi
1301 3443 1449 3496 duos
1480 3444 1735 3514 optimos
1768 3442 1849 3497 le-

209 3516 512 3586 gislatores
569 3531 679 3569 sua
734 3514 1103 3569 immanitate
1162 3515 1575 3584 prostraverit;
1612 3519 1846 3570 Petrum

210 3586 459 3659 namque
492 3603 557 3659 ac
588 3586 828 3640 Paulum
858 3587 1109 3641 interlici
1134 3586 1351 3656 jussit;
1388 3592 1446 3641 at
1470 3593 1648 3659 (certe,
1702 3603 1850 3659 quas

210 3658 287 3713 illi
321 3658 773 3731 promulgarunt
802 3659 1234 3727 leges,minime
1266 3658 1655 3731 sustulit.Non
1686 3658 1849 3712 deni-

211 3730 335 3801 que’
364 3730 782 3800 Vespasianus,
843 3747 958 3784 non
1018 3731 1202 3796 Titus,
1264 3747 1376 3783 non
1440 3730 1847 3801 Domitianus;

211 3800 546 3874 quanquam
580 3802 783 3856 multis
839 3800 1710 3874 acrvariis_machinationibus
1754 3818 1850 3874 eas

212 3870 549 3946 oppugnare
593 3870 1258 3946 contenderittmultos
1316 3874 1471 3928 enim
1522 3875 1592 3928 de
1660 3872 1850 3927 medio

212 3942 472 4013 sustulit,
506 3945 604 4017 qui
640 3961 699 3999 se
730 3944 958 4015 legibus
990 3942 1106 3999 illis
1135 3945 1495 4017 addixerant,
1528 3961 1699 3999 omne
1730 3950 1849 3999 tor-

216 4016 544 4073 mentorum
578 4032 763 4087 genus
796 4022 997 4071 contra
1025 4033 1124 4071 eos
1173 4016 1497 4071 intendens.
1561 4017 1850 4085 Trajanus

213 4088 451 4161 insuper
480 4095 656 4159 atque
686 4089 1217 4161 Adrianus.magno
1241 4105 1302 4142 se
1333 4092 1616 4161 apparatu
1650 4094 1853 4144 contra

209 4175 302 4216 eas
330 4159 493 4232 leges
523 4163 948 4215 instruxerunt.
981 4163 1062 4214 Ac
1109 4160 1399 4230 Trajanus
1431 4159 1667 4231 quidem
1715 4164 1851 4215 Per-

211 4249 407 4288 sarum
442 4238 808 4304 potentalum
832 4232 1550 4304 dissolvit,Armeniosque
1572 4232 1853 4287 Romano-

214 4321 338 4360 rum
373 4303 537 4361 freno
572 4304 863 4373 subjecit;
895 4303 1194 4375 Scythicas
1242 4310 1521 4375 praeterea
1565 4305 1851 4360 natiomes

212 4376 494 4449 compulit
525 4376 929 4449 sceptrissuis
960 4391 1162 4449 parere
1196 4393 1208 4430 :
1245 4376 1603 4449 piscatorum
1654 4381 1851 4449 tamen

210 4447 512 4520 nostrique
543 4448 759 4503 sutoris
790 4447 945 4519 leges
975 4447 1204 4504 abolere
1235 4464 1370 4520 non,
1400 4448 1608 4519 potuit.
1642 4448 1851 4503 Adria-

212 4535 318 4575 nus
347 4518 505 4584 vero,
541 4523 743 4575 urbem
792 4521 1148 4585 Iudaeorum,
1194 4535 1227 4573 a
1277 4518 1491 4588 quibus
1539 4520 1850 4575 crucifixus

211 4598 292 4647 est
322 4593 610 4661 Christus,
644 4597 825 4647 totam
860 4591 1038 4645 diruit
1068 4596 1125 4646 et
1172 4594 1381 4647 evertit
1412 4608 1424 4645 :
1460 4593 1519 4645 at
1577 4607 1696 4657 eos,
1752 4591 1850 4662 qui

208 4662 263 4717 in
294 4664 593 4720 Christum
628 4664 1021 4719 crediderunt.
1066 4664 1312 4718 aducere
1370 4679 1403 4717 a
1458 4663 1669 4717 Christi
1729 4680 1850 4718 ser-

209 4736 387 4792 vitute
417 4753 533 4791 non
565 4736 773 4806 potuit.
811 4757 837 4783 ν
870 4734 1009 4789 ΗΑν.

278 4807 355 4880 (3)
414 4805 628 4863 Litterae
679 4806 1047 4880 llI._54arel_l_i.
1120 4805 1507 4880 Hieronymus
1565 4805 1635 4880 ad
1708 4822 1843 4880 ann.

211 4878 543 4935 Christianae
585 4897 706 4934 aera:
762 4878 1061 4933 CLXXIV:
1096 4898 1124 4925 ‹‹
1184 4878 1504 4948 Imperator
1560 4878 1847 4932 Antonius

213 4952 410 5007 multis
441 4953 751 5008 adversum
786 4967 847 5004 se
879 4948 1256 5005 nascentibus
1286 4949 1455 5004 bellis
1513 4964 1664 5019 saepe
1721 4949 1848 5020 ipse

211 5021 503 5090 intererat,
539 5040 691 5094 szepe
718 5024 897 5077 duces
938 5020 1339 5094 nobilissimos
1390 5021 1743 5094 destinabat,
1786 5021 1846 5094 in
1951 5021 2112 5091 jecit,
2162 5020 2424 5075 exsistat.
2478 5042 2508 5094 δ)

211 5095 421 5163 quibus
452 5092 635 5151 semel
663 5094 967 5160 Pertinaci,
1000 5099 1058 5148 et
1084 5092 1519 5163 excercitui,qui
1553 5109 1684 5148 cum
1709 5093 1849 5148 eoin

210 5168 540 5229 Quadorum
574 5167 804 5231 regione
834 5167 1154 5237 pugnabat,
1188 5164 1284 5218 siti
1317 5180 1617 5235 Oppresso,
1652 5165 1851 5235 pluvia

211 5236 484 5294 divinitus
518 5240 698 5293 missa
745 5242 833 5292 est
867 5255 879 5292 :
913 5255 1042 5291 cum
1100 5254 1130 5291 e
1186 5238 1475 5292 contrario
1530 5241 1849 5292 Germanos

211 5315 261 5361 et
292 5310 590 5366 Sarmatas
622 5310 864 5364 fulmina
898 5314 1406 5378 persequerentur,
1456 5312 1513 5363 et
1561 5310 1848 5379 plurimos

212 5395 412 5437 eoaum
448 5382 1109 5438 interficerent.Exstant
1139 5379 1341 5435 litterae
1376 5380 1450 5434 M.
1474 5380 1692 5435 Aurelli
1724 5397 1852 5450 gra-

212 5452 432 5509 vissimi
470 5454 866 5524 Imperatoris,
899 5455 1121 5524 quibus
1146 5451 1306 5506 illam
1339 5452 1742 5507 Germanicam
1778 5452 1852 5508 si-

219 5526 315 5580 tim
348 5523 807 5583 Christianorum
834 5526 975 5581 forte
1008 5523 1260 5580 militum
1291 5525 1726 5595 precationibus
1748 5524 1852 5578 im-

215 5602 430 5669 petrato
476 5598 652 5653 imbri
710 5598 1039 5652 discussam
1110 5600 1380 5651 testatur.
1445 5619 1475 5646 ››
1510 5598 1613 5669 (Ad
1675 5613 1847 5669 quem

216 5666 402 5725 locum
435 5672 670 5725 omnino
700 5670 985 5723 videndus
1005 5669 1278 5739 Scaliger,
1312 5673 1369 5722 et
1392 5666 1850 5739 judicium'ejus

217 5740 283 5813 de
313 5742 632 5813 suppositis
663 5759 788 5812 qum
826 5739 1431 5813 hiijusgimperatoris
1488 5741 1726 5795 nomine
1780 5741 1847 5793 ad

221 5811 402 5869 finem
432 5811 1041 5887 ’Apologe’ticiJustini
1069 5812 1581 5883 circumferuntur,
1637 5830 1695 5884 p.
1749 5814 1855 5867 222

1950 1297 2007 1347 et
2035 1292 2273 1359 223,uui
2297 1296 2352 1347 et
2381 1293 2537 1349 hunc
2567 1293 2751 1349 Orosii
2784 1294 2977 1350 locum
3010 1295 3249 1350 adducit
3281 1312 3293 1362 ;
3328 1317 3354 1344 ‹‹
3390 1294 3597 1349 Exsta-

1953 1382 2012 1419 re
2043 1367 2403 1438 etiamnunc
2437 1368 2587 1436 apud
2626 1367 2931 1438 plerosque
2972 1367 3173 1422 litterae
3222 1366 3596 1438 imperatoris

1955 1437 2231 1492 Antonini
2266 1439 2361 1491 ubi
2398 1439 2756 1493 invocatione
2788 1437 3043 1494 neminis
3071 1437 3320 1505 Christi,
3343 1453 3442 1507 per
3484 1437 3594 1491 mi-

1956 1509 2084 1563 lites
2115 1508 2476 1563 Christianos
2508 1516 2563 1564 et
2593 1512 2745 1565 sitim
2772 1511 2929 1564 illam
2964 1510 3294 1581 depulsam,
3335 1515 3392 1565 et
3420 1508 3598 1566 colla-

1954 1585 2071 1635 tam
2108 1581 2321 1634 fatetur
2354 1581 2533 1636 fuisse
2563 1583 2885 1636 victoriam.
2924 1605 2949 1629 ››
2982 1584 3117 1639 ΗΑν.

2026 1653 2099 1720 (li)
2135 1652 2514 1706 Germanicam
2540 1655 2713 1708 sitim.
2773 1654 3079 1709 Inimicum
3140 1651 3413 1707 exercitui
3474 1668 3596 1705 ma-

1953 1722 2100 1795 lum,
2134 1725 2283 1793 quod
2317 1730 2511 1778 tamen
2544 1742 2695 1795 saepe
2722 1726 3026 1795 contingit,
3060 1725 3292 1781 Curtius
3334 1741 3448 1778 non
3483 1739 3598 1777 uno

1958 1794 2101 1861 loco,
2137 1795 2403 1849 Lucanus
2435 1795 2533 1849 lib.
2570 1794 2645 1864 1x,
2680 1797 2750 1850 de
2808 1798 3060 1852 exercitu
3101 1795 3332 1851 Catonis
3379 1796 3438 1849 in
3497 1796 3600 1850 de-

1960 1868 2132 1920 sertis
2164 1867 2373 1938 Lihyze,
2408 1868 2561 1937 apud
2596 1885 2770 1938 quem
2804 1870 3075 1923 Afranius
3106 1875 3162 1922 et
3220 1868 3479 1922 Petreius
3522 1866 3599 1938 in

1960 1939 2243 2008 Hispania
2272 1937 2344 1992 ob
2374 1939 2523 1993 idem
2559 1937 2946 1995 infortunium
2981 1946 3174 1996 castra
3224 1939 3454 1995 tradere
3481 1937 3605 1992 vic-

1960 2011 2067 2084 tori
2100 2010 2308 2084 Caesari
2344 2012 2521 2084 coacti
2556 2016 2712 2084 sunt,
2748 2017 2810 2066 ut
2833 2012 3009 2069 latius
3040 2018 3209 2084 poeta
3261 2009 3603 2084 exsequitur

1959 2080 2060 2135 lib.
2094 2098 2166 2134 iv.
2203 2081 2557 2137 Germanica:
2592 2083 2767 2152 hujus
2792 2084 2945 2150 sitis,
2976 2080 3110 2139 cu'm
3141 2088 3365 2137 Marcus
3398 2080 3601 2137 adver-

1960 2170 2061 2207 sus
2095 2154 2534 2226 Marcomannes
2566 2155 2762 2226 cepias
2792 2156 3050 2221 duceret,
3084 2155 3352 2210 meminit
3397 2169 3601 2208 rursus

1956 2227 2175 2298 Auctor
2203 2224 2389 2298 inlib.
2426 2228 2499 2281 ad
2520 2224 2829 2298 Scapulam.
2872 2245 2920 2283 c.
2955 2229 2985 2282 4
3020 2245 3031 2282 ;
3064 2250 3091 2277 α
3117 2228 3345 2298 Marcus
3367 2239 3602 2297 quoque

1956 2295 2227 2369 Aurelius
2261 2296 2318 2350 in
2349 2295 2692 2352 Germanica
2721 2300 3085 2369 expeditione
3134 2295 3599 2369 Christianorum

1960 2368 2213 2422 militum
2243 2369 2604 2423 orationibus
2636 2371 2705 2424 ad
2740 2366 2920 2425 Deum
2956 2370 3146 2439 factis,
3169 2370 3388 2423 imbres
3420 2368 3479 2423 in
3504 2366 3604 2423 siti

1958 2439 2059 2513 illa
2090 2440 2439 2513 impetravit.
2474 2441 2774 2504 Quomodo
2830 2460 2943 2496 non
2982 2440 3513 2513 geniculationibus
3545 2442 3603 2513 et

1951 2512 2421 2580 jejunationibus
2455 2514 2671 2567 nostris
2702 2514 2874 2568 etiam
2912 2511 3205 2570 siccitates
3238 2517 3375 2566 sunt
3405 2511 3606 2583 depulg

1961 2600 2070 2647 sas;
2104 2589 2241 2637 tunc
2273 2590 2329 2638 et
2361 2584 2613 2654 populus
2642 2586 2972 2640 acclamant
2997 2586 3112 2641 Deo
3144 2582 3607 2653 deorum,etqui

1962 2654 2122 2709 solus
2155 2658 2380 2725 potens,
2416 2656 2473 2709 in
2504 2656 2663 2711 Jovis
2696 2658 2931 2712 nomine
2965 2658 3080 2712 Deo
3112 2662 3310 2711 nostro
3340 2655 3605 2709 testimo-

1962 2726 2125 2780 nium
2161 2727 2433 2801 reddidit.
2473 2750 2491 2776 α
2529 2728 2855 2801 Invidentes
2886 2735 3080 2785 tamen
3128 2725 3607 2801 gloriaaChristif

1961 2815 2171 2853 norum
2206 2798 2576 2869 gentiles,'ab
2610 2800 2724 2856 illis
2754 2802 2859 2855 hoc
2899 2802 3077 2856 decus
3130 2796 3361 2855 amoliri
3411 2796 3607 2854 conati

1961 2875 2124 2924 sunt.
2148 2874 2349 2940 Itaque
2379 2871 2636 2926 moribus
2671 2872 2891 2927 sanctis
2926 2872 3145 2927 Aurelii
3184 2871 3371 2936 ipsius
3402 2869 3609 2925 tribuit

1960 2943 2019 2995 in
2052 2941 2183 2995 Vita
2213 2944 2342 3010 ejus
2394 2942 2755 3013 Capitolinus
2790 2960 2802 2998 :
2840 2965 2866 2993 «
2899 2944 3139 2999 Fulmen
3190 2945 3261 2998 de
3305 2942 3443 2997 cmlo
3478 2958 3606 3013 pre-

1960 3013 2124 3069 cibus
2159 3015 2249 3067 sui
2281 3018 2481 3067 contra
2513 3016 2771 3069 hostium
2832 3016 3365 3071 machinamentum
3425 3019 3609 3069 extor-

1962 3085 2059 3167 sit,
2092 3084 2443 3167 suispluvi'a
2473 3085 3019 3167 impetrata,_quum
3052 3086 3539 3167 siti_laborarent.
3577 3107 3604 3134 »

1964 3160 2085 3238 [tuo
2117 3156 2621 3238 pertinetJupiter
2652 3157 3050 3238 ille_Pluvius,_
3082 3159 3251 3229 cujus
3282 3157 3504 3238 iconem
3539 3172 3608 3211 ex

1962 3226 2244 3301 Columna
2275 3226 2606 3301 Antoniana
2636 3230 2906 3286 dedimus
2936 3235 2992 3285 et
3020 3230 3090 3285 de
3119 3226 3231 3301 quo
3266 3228 3605 3301 propediem

1959 3298 2317 3373 singularem
2394 3298 2871 3373 Dissertationem
2935 3298 3151 3373 praelo_
3191 3298 3603 3373 subjiciemus,

1958 3371 2387 3444 quamconfer,
2413 3372 2468 3444 si
2502 3372 2690 3443 placet
2721 3371 2966 3439 (leonem
3016 3374 3168 3429 hanc
3226 3371 3449 3444 passim
3482 3371 3603 3428 edi-

1958 3440 2307 3517 t’amuvideas
2343 3440 2779 3517 v_elim,nempe
2811 3440 3387 3517 apudBaron).-Hav.

2032 3515 2105 3585 (5)
2140 3513 2255 3569 Non
2283 3515 2488 3584 palam.
2532 3513 2765 3572 Marcus
2815 3513 3087 3572 Aurelius
3132 3513 3195 3571 et
3234 3513 3603 3571 conscientias

1960 3603 2081 3640 suae
2114 3586 2447 3641 satisfacere
2477 3587 2526 3641 ei
2563 3588 2791 3657 legibus
2831 3587 2977 3643 nihil
3038 3588 3343 3644 detrahere
3400 3585 3601 3641 voluit.

1962 3659 2161 3729 Itaque
2193 3674 2265 3712 ne
2297 3664 2712 3715 accusarentur
2742 3660 2927 3729 facile,
2960 3677 3190 3716 crucem
3243 3658 3605 3715 delatoribus

1961 3729 2283 3791 constituit,
2316 3745 2446 3782 cum
2479 3734 2673 3786 tamen
2727 3737 3031 3787 accusatos
3075 3738 3133 3787 et
3189 3731 3505 3799 convictos,
3540 3730 3606 3783 ﬁ-

1960 3802 2212 3872 demque
2242 3801 2497 3877 abnuere
2528 3808 2864 3877 recusantes
2914 3822 3015 3875 per
3043 3803 3201 3877 leges
3220 3820 3393 3877 _mors
3450 3807 3609 3857 certa

1960 3878 2238 3946 maneret.
2277 3872 2533 3946 Pessime
2565 3875 2759 3946 itaque
2789 3875 2850 3927 τὸ
2894 3872 3004 3929 rion
3048 3872 3411 3931 sustulerunt
3451 3890 3603 3946 non-

1964 3944 2132 4011 nulli,
2175 3949 2239 3998 ut
2288 3944 2471 3999 Rhea.
2523 3944 2679 4002 Huic'
2718 3947 2797 4001 rei
2843 3947 3009 4001 valde
3058 3948 3233 4001 afﬁne
3284 3950 3392 4009 est,
3442 3944 3599 4014 quod

1961 4017 2215 4071 occurrit
2243 4016 2300 4069 in
2333 4015 2479 4071 libro
2512 4019 2734 4074 Esther.
2783 4035 2909 4087 cap.
2961 4036 3083 4084 VIII,
3138 4019 3190 4082 8,
3236 4018 3294 4072 in
3331 4016 3602 4088 perditis-

1961 4088 2111 4162 simo
2141 4088 2661 4162 Judaeorurqstatu
2695 4095 2751 4145 et
2781 4090 2932 4145 felici
2966 4090 3120 4146 exitu
3159 4088 3425 4162 periculi,
3452 4094 3518 4143 ut
3547 4091 3603 4143 et

1961 4160 2185 4216 Doniel.
2218 4176 2302 4225 ιιι,
2333 4161 2423 4213 29.
2458 4160 2594 4214 ΗΑν.

2033 4232 2107 4302 (6)
2144 4232 2421 4301 Dispersit.
2457 4233 2514 4286 Id
2547 4237 2636 4287 est
2686 4232 3003 4287 frustratus
3061 4235 3169 4302 est,
3231 4229 3601 4298 annihilavit,

1961 4303 2020 4358 in
2051 4308 2255 4357 ventos
2286 4303 2535 4372 disjecit.
2570 4304 2708 4358 ΗΑν.

2031 4375 2109 4442 (7)
2142 4371 2585 4439 Adfecta/aliam.
2618 4376 2820 4429 Exstat
2861 4374 3043 4444 hujus
3091 4371 3461 4444 imperatoris
3509 4388 3601 4427 re-

1962 4446 2245 4517 scriptum
2280 4447 2349 4501 ad
2382 4448 2628 4502 Asianos
2661 4447 2812 4516 apud
2847 4446 3054 4501 Euseb.
3097 4446 3155 4499 in
3187 4445 3289 4501 lib.
3324 4462 3399 4509 Iv,
3460 4445 3602 4517 Hist.

1965 4515 2102 4572 Eccl.
2138 4534 2265 4588 cap.
2301 4518 2385 4590 l3,
2421 4521 2571 4590 quod
2624 4515 2917 4590 quoniam
2958 4517 3417 4589 longiusculum,
3470 4515 3604 4590 inde

1962 4592 2161 4659 petant
2192 4585 2462 4653 studiosi,
2494 4592 2551 4645 in
2588 4585 2700 4645 fine
2747 4592 2864 4645 haec
2908 4585 3199 4645 habentur
3232 4607 3243 4645 :
3285 4610 3304 4636 α
3339 4585 3603 4659 Quodsi

1963 4658 2094 4730 quis
2122 4661 2388 4733 persistit
2441 4662 2779 4731 hujusmodi
2832 4662 3170 4717 hominibus
3217 4658 3603 4733 absque_ullo

1963 4730 2208 4805 crimine
2240 4749 2467 4789 movere
2511 4730 2763 4805 negotia,
2792 4733 2889 4789 ille
2948 4733 3184 4804 quidem
3244 4730 3604 4805 qui'delatus

1959 4821 2062 4874 pro
2084 4804 2203 4877 hoc
2236 4805 2470 4861 nomine
2502 4806 2696 4867 fuerit,
2732 4806 3086 4869 absolvatur,
3132 4806 3361 4862 etiamsi
3394 4804 3597 4877 probe-

1957 4879 2054 4930 tur
2079 4876 2135 4930 id
2160 4892 2295 4947 esse
2327 4878 2478 4947 quod
2510 4884 2566 4931 et
2586 4878 2883 4946 objicitur,
2917 4878 3306 4933 Christianus.
3334 4878 3384 4933 Is
3408 4882 3605 4933 autem

1958 4948 2053 5018 qui
2087 4946 2305 5021 crimen
2340 4950 2622 5008 obtendit.
2660 4966 2791 5004 reus
2824 4967 2993 5019 poena
3024 4950 3232 5021 ipsius,
3293 4966 3466 5021 quam
3499 4949 3605 5004 ob-

2561 5021 2724 5074 Adde
2782 5021 3089 5092 epistolam
3152 5022 3414 5083 Adriani.
3475 5037 3604 5091 quae

1960 5109 2090 5165 mox
2123 5091 3263 5165 reprzesentabimur._ln_illo(Rescripto
3308 5111 3441 5149 vero
3486 5095 3607 5165 Au-

1958 5164 2083 5219 relii
2112 5161 2255 5219 falso
2288 5165 2523 5234 ponitur
2552 5161 2844 5219 absolutio
2893 5161 3228 5220 Christiani.
3292 5165 3391 5219 Ille
3450 5164 3605 5219 enim

1958 5253 2073 5291 non
2106 5235 2536 5303 absolvebatur,
2571 5236 2616 5289 si
2666 5240 3002 5289 constanter
3046 5238 3218 5291 {idem
3252 5237 3603 5299 defenderet,

1958 5310 2056 5363 sed
2084 5308 2427 5381 necabatur.
2454 5316 2514 5381 ut
2563 5311 2720 5377 patet
2751 5306 3012 5381 exemplo
3064 5308 3393 5381 Appollonii
3445 5309 3600 5379 apud

1962 5381 2230 5434 eumdem
2264 5379 2603 5443 Eusebium,
2637 5381 2775 5433 Ilisl.
2812 5380 2950 5432 Eccl.
2985 5396 3032 5431 v.
3067 5379 3168 5434 2t.
3218 5384 3274 5433 et
3302 5380 3496 5435 videre
3517 5385 3607 5435 est

1959 5453 2110 5521 apud
2147 5451 2484 5516 Heraldum,
2540 5456 2599 5505 at
2630 5467 2744 5505 non
2806 5449 2972 5503 facile
3025 5452 3431 5517 accusabatur,
3482 5468 3605 5508 me-

1960 5528 2158 5577 tuente
2190 5523 2445 5579 delatore
2481 5523 2863 5578 certissimam
2906 5538 3167 5592 pmnam;
3205 5523 3314 5577 Sed
3363 5521 3421 5576 in
3476 5522 3605 5578 istis

1961 5595 2278 5665 Rescriptis
2310 5595 2496 5651 multa
2529 5596 2687 5650 fraus
2719 5593 3071 5649 dominatur.
3109 5596 3401 5665 ltaque,ut
3432 5595 3602 5650 Plinii

1961 5672 2093 5721 utar
2110 5668 2302 5721 verbis
2319 5668 2612 5735 exinsigni
2639 5665 2736 5720 illo
2762 5666 3104 5736 Panegyrico
3122 5668 3375 5735 Trojano
3426 5668 3597 5723 dicto:

1964 5762 1991 5790 ‹‹
2028 5743 2095 5792 At
2127 5744 2210 5797 tu.
2244 5740 2451 5804 Ctesar,
2485 5756 2660 5809 quam
2698 5738 3004 5807 pulchrum
3037 5739 3436 5809 spectaculum
3475 5759 3600 5796 mo-

1962 5810 2054 5867 bis
2085 5810 2424 5881 exhibuisti,
2456 5827 2590 5867 cum
2642 5809 2887 5883 contigit
2940 5810 3194 5883 desuper
3239 5812 3455 5869 intueri
3504 5816 3604 5871 de-
