4366 6376
153 334 264 394 349

1270 333 1862 397 APOLOGETICUS
1908 335 2091 395 ADV.
2138 336 2462 397 GENTES.

3462 348 3583 407 350

158 483 285 522 nam
323 466 368 501 ¹⁰
400 465 517 521 ille
549 465 708 537 leges
741 466 849 536 (14)
883 466 1155 522 abierunt
1201 472 1503 539 sumptum
1537 472 1594 523 et
1619 467 1811 523 ambi-
1842 500 1894 565 Α
1927 485 2041 523 non
2102 469 2424 539 saginatam
2490 469 2601 540 (16)
2634 487 2646 537 ;
2685 487 2811 542 quae
2869 474 3185 543 patricium
3247 476 3377 545 (l7),
3430 480 3584 549 quod

156 558 371 610 tionem
409 556 889 623 comprimentes,
924 572 1051 625 quae
1084 562 1317 611 centum
1368 575 1481 612 tera
1536 575 1648 612 non
1686 575 1808 612 am-

153 645 300 713 plius
335 646 397 697 in
457 660 679 699 orenam
737 645 1024 699 subscribi
1067 646 1382 714 jubebant,
1417 663 1522 701 nec
1554 646 1812 717 amplius

150 748 319 803 quam
372 748 557 785 unam
613 731 811 785 inferri
866 732 977 801 (15)
1038 733 1188 787 299
1242 733 1544 804 gallinam.
1579 741 1634 788 et
1682 750 1811 788 eam

1922 559 2119 611 decem
2156 558 2346 627 pondo
2378 558 2601 625 argenti
2650 559 2978 630 habuisset,
3015 580 3116 632 pro
3149 580 3362 635 magno
3413 568 3584 623 titulo

1924 646 2265 699 ambitionis
2322 651 2526 700 senatu
2585 651 3035 705 summovebant
3087 670 3100 718 ;
3166 669 3293 722 qua:
3356 655 3586 711 theatra

1925 735 2269 804 stuprandis
2300 737 2413 805 (18)
2446 736 2707 789 moribus
2756 738 3005 794 orientia
3056 742 3264 797 statim
3316 744 3585 801 destrue-

1591 841 1793 901 Variae
1824 840 2149 901 lectiones.

218 927 261 962 ¹⁰
292 925 604 989 Quomodo
636 927 764 981 Jun.

1593 1000 2115 1061 Commentarius.

147 1105 362 1159 Sensus
398 1107 491 1157 est
514 1119 527 1158 :
550 1103 708 1168 leges
741 1119 873 1158 cum
907 1103 1165 1176 primum
1200 1104 1557 1173 feruntur,ut
1592 1106 1808 1160 ferven-

148 1186 254 1232 tem
287 1192 512 1246 aquam
548 1177 909 1247 timeri,post
933 1183 995 1231 ut
1027 1176 1293 1231 eamdem
1326 1193 1539 1246 aquam
1577 1178 1806 1246 trigere,

145 1254 195 1301 et
224 1248 459 1318 absque
490 1264 639 1303 noxa
670 1248 1023 1317 transgredi.
1058 1248 1520 1303 Exurbitaverunt
1558 1265 1714 1313 vero,
1749 1250 1805 1303 id

147 1324 229 1393 est
272 1336 307 1373 a
363 1325 528 1393 recta
586 1318 679 1373 via
713 1320 1107 1393 tdeflexerunt.
1166 1324 1251 1393 tta
1301 1338 1509 1393 rursus
1563 1337 1686 1393 cap.
1721 1321 1801 1375 9:

154 1411 172 1438 ι
208 1391 307 1445 Per
362 1390 523 1461 quod
571 1392 895 1446 exorbitare
941 1390 1291 1463 eosvultis.
1326 1413 1354 1440 »ι
1398 1392 1462 1446 Et
1511 1390 1802 1463 cspflt‘):

150 1484 174 1511 ι(
206 1462 621 1517 Exorbitantes
670 1469 726 1516 et
756 1462 867 1533 ipsi
900 1478 933 1516 a
965 1462 1210 1518 Judaico
1262 1478 1441 1517 more.
1476 1483 1502 1513 ιι
1541 1462 1609 1518 Et
1658 1462 1806 1518 libro

152 1534 208 1587 de
240 1534 449 1601 Pallio,
503 1550 630 1605 cap.
662 1534 697 1586 5
731 1549 743 1587 :
779 1557 805 1583 ‹‹
836 1534 890 1588 Si
926 1534 1061 1603 quid
1110 1534 1475 1600 exorbitavit,
1525 1536 1804 1590 reforma-

152 1612 224 1688 t‘o,
262 1626 283 1654 ι
324 1609 662 1688 et‘passim.
698 1606 1102 1688 Fuitnsoilice't
1146 1612 1562 1688 tempus,‘quo‘
1602 1607 1805 1688 Florus

154 1677 360 1731 diceret
395 1676 499 1730 lib.
536 1693 597 1742 ιι,
650 1692 776 1745 cap.
833 1677 943 1731 19:
985 1698 1006 1724 α
1043 1677 1336 1733 Hactenus
1384 1676 1643 1749 Populus
1692 1682 1803 1732 Ro-

155 1749 659 1821 manusipulcher,
692 1749 982 1818 egregius,
1016 1758 1277 1814 sanctus,
1314 1756 1489 1821 atque
1536 1750 1802 1821 magniﬁ-

153 1836 266 1873 cus.
302 1842 331 1868 η
362 1820 553 1874 Rhea.
588 1820 1000 1874 exorbitat-unt.

218 1858 330 1961 (ιι)
359 1858 1009 1961 διῖόιῗίὶιῖηἿιῖἑιῗὶὲᾖὲῖ.
1044 1888 1266 1945 Alludit
1295 1890 1365 1944 ad
1422 1890 1579 1961 leges
1611 1907 1807 1962 sump-
1835 1858 1882 1923 Β

150 1963 390 2031 tuarias,
426 1964 612 2033 etgde
670 1962 915 2028 ambitu,
962 1980 1109 2033 quas
1168 1963 1379 2033 partim
1436 1970 1801 2031 retractasse,

152 2035 353 2105 partim
388 2051 463 2088 ex
509 2032 737 2105 integro
791 2032 1053 2089 sanxisse
1086 2039 1413 2103 Augustum
1458 2036 1595 2104 imp.
1632 2035 1802 2089 testis

150 2110 227 2159 est
274 2105 599 2162 Suetonius
648 2109 707 2160 in
756 2105 1012 2173 Octavio,
1046 2121 1173 2175 cap.
1208 2106 1295 2159 44.
1343 2106 1419 2159 Ex
1469 2108 1682 2175 quibus
1732 2106 1801 2160 de

152 2176 368 2232 Licinia
402 2178 526 2233 sive
576 2179 833 2232 centussi
867 2179 1012 2233 satis
1061 2181 1192 2247 apte
1238 2177 1540 2248 Zephyrus
1586 2178 1642 2231 in
1694 2194 1801 2231 sua

151 2250 515 2319 paraphrasi,
549 2250 703 2303 sicut
755 2248 805 2302 ei
838 2250 908 2305 de
958 2249 1255 2315 Censorio,
1289 2265 1415 2319 quis
1448 2265 1516 2303 ex
1550 2265 1802 2303 censura

157 2320 395 2375 Fabricii
454 2320 681 2383 Licinii,
709 2321 877 2390 juxta
926 2320 1113 2375 Valer.
1149 2324 1321 2385 Max.,
1354 2320 1454 2374 lib.
1491 2336 1550 2385 ιι,
1587 2337 1709 2391 cap.
1748 2321 1800 2384 4,

158 2392 347 2447 decem
370 2391 602 2464 argenti
623 2392 801 2447 libras
828 2391 1090 2447 Senatori
1112 2392 1394 2446 duntaxat
1423 2392 1799 2458 concedebat,

161 2470 209 2516 et
236 2480 299 2518 ea
329 2481 451 2535 qua
498 2464 829 2534 spectacula
872 2465 1183 2519 interdicta
1213 2468 1369 2533 sunt,
1403 2479 1467 2517 ac
1502 2464 1572 2517 de
1604 2464 1792 2533 digni-

158 2534 878 2607 tatum’ingenuorumque
911 2536 1263 2607 insignibus,
1285 2539 1349 2588 ut
1381 2534 1649 2607 pluribus
1684 2552 1796 2589 non

160 2606 229 2659 sit
252 2623 426 2676 epus,
462 2608 617 2677 quod
649 2608 721 2663 ad
755 2624 852 2662 cas
884 2609 915 2661 4
944 2608 1102 2678 leges
1133 2607 1357 2661 attinet.
1394 2608 1533 2661 ΡΑΜ.

227 2678 341 2760 (15).
398 2679 572 2760 Unam
627 2680 831 2747 inferri
884 2680 1176 2760 gallinam.
1232 2679 1374 2760 cum
1433 2681 1650 2760 postea.
1696 2692 1800 2760 nec

162 2747 610 2820 phoan'icopteris
662 2767 769 2805 sua
801 2752 1029 2810 raritas.
1062 2765 1167 2805 nec
1214 2747 1481 2820 psittacis
1529 2748 1799 2802 imitandi

160 2835 246 2875 ars
271 2822 454 2877 verba
483 2827 704 2891 nostra,
733 2838 838 2894 nec
871 2822 1075 2894 pavoni
1109 2837 1217 2894 sua
1240 2820 1609 2894 pulchritudo
1637 2820 1801 2894 quid-

159 2906 323 2961 quam
360 2894 664 2965 prol'uerit.
699 2893 843 2957 Quid
873 2891 1117 2947 'mirum
1152 2891 1366 2965 itaque,
1408 2892 1464 2965 sit
1510 2891 1800 2965 veteribus

160 2970 209 3017 et
236 2962 462 3021 sanctis
511 2965 649 3020 viris
703 2965 938 3035 indigna
971 2981 1212 3021 romano
1254 2962 1505 3035 imperio
1554 2963 1673 3016 visa
1710 2967 1799 3017 est

160 3035 353 3090 Metelli
389 3038 623 3092 luxuria
652 3037 677 3091 ‘I
708 3054 881 3108 quam
917 3044 1072 3091 taxat
1103 3036 1506 3108 Sallust.apud
1542 3035 1796 3088 Macrob.

160 3121 217 3169 II.
248 3124 425 3163 serm.
462 3109 495 3161 9
529 3126 541 3162 :
579 3131 605 3157 «
641 3107 833 3179 Epulas
879 3125 1012 3163 vero
1062 3107 1576 3179 exquisitissime;
1611 3121 1800 3179 neque

157 3192 247 3244 per
277 3196 515 3235 omnem
551 3178 721 3235 modo
773 3178 1279 3249 provinciam,’sed
1328 3183 1491 3233 trans
1525 3178 1703 3231 maria
1732 3193 1800 3231 ex

158 3232 497 3306 Mauritania
544 3232 845 3307 volucrurm
880 3258 936 3307 et
978 3232 1232 3306 ferarum
1290 3249 1585 3319 incognita
1628 3254 1801 3304 antea
1828 3232 1872 3299 C

161 3320 313 3394 plura
370 3340 606 3394 genera.
669 3344 697 3372 »
754 3322 862 3377 Ubi
922 3330 978 3377 et
1046 3321 1575 3394 pontificisvetus
1635 3336 1795 3394 creua

158 3391 532 3465 vituperatur.
567 3399 1017 3465 recenseturque
1049 3391 1217 3449 inter
1248 3392 1433 3447 multa
1482 3391 1632 3465 gulae
1662 3391 1793 3465 irri-

159 3463 406 3537 tamenta
439 3465 658 3537 gallina
688 3466 888 3521 altilis.
924 3463 1222 3520 Videndus
1254 3466 1565 3537 Suetonius
1596 3464 1666 3518 de
1688 3463 1793 3537 in-

157 3534 331 3604 gluvie
361 3534 654 3595 Cas—sarum
690 3539 1102 3608 quorumdam.
1137 3536 1417 3592 Martialis
1457 3536 1653 3607 etiam,
1688 3535 1789 3590 lib.

157 3621 270 3663 xm.
302 3610 499 3681 Epigr.
530 3610 615 3663 70.

292 3714 505 3764 Miraris
536 3715 745 3777 quoties
774 3718 1105 3777 gemmantes
1135 3714 1361 3777 explicat
1389 3713 1516 3773 alas,

293 3778 357 3827 Et
388 3782 541 3841 potes
571 3778 718 3827 hunc
748 3791 889 3827 εωνο
920 3780 1146 3840 tradere,
1179 3777 1329 3838 dure,
1361 3790 1553 3839 coquo.

154 3872 210 3924 Et
238 3874 478 3930 Publius
510 3875 689 3947 Syrus
737 3874 795 3930 in
842 3873 1174 3946 magniﬁcis
1217 3873 1335 3929 illis
1384 3873 1535 3943 apud
1592 3873 1791 3928 Petro-

155 3958 299 4001 mum
332 3947 601 4002 versibus
640 3963 652 4002 :

260 4063 368 4124 Tuo
400 4064 578 4124 palato
608 4062 820 4112 clausus
854 4075 990 4124 pavo
1020 4061 1271 4123 pascitur,

264 4123 509 4174 Plumato
547 4126 771 4174 amictus
802 4123 933 4173 auro
968 4125 1308 4186 Babylonico.

262 4187 461 4237 Gallina
490 4188 585 4237 tibi
615 4187 911 4249 Numidica,
943 4188 1034 4235 tibi
1070 4183 1260 4249 gallius
1291 4183 1477 4249 spado.

262 4250 476 4313 giconia
504 4251 661 4299 etiam
692 4255 860 4313 grata,
893 4247 1196 4313 peregrina,
1232 4247 1459 4313 hospita,

263 4311 481 4362 Pietatis
512 4310 717 4376 cultrix:
753 4310 1053 4376 gracilipes,
1088 4310 1299 4376 crotalis
1328 4311 1444 4376 tria,

265 4376 390 4424 Avis
420 4376 541 4424 exul
576 4372 782 4429 hiemis:
809 4372 996 4424 titulus
1027 4372 1193 4433 tepidi
1228 4372 1481 4434 temporis

264 4438 524 4502 Nequitia;
548 4439 734 4487 nidum
766 4439 819 4486 in
851 4437 1045 4487 cacabo
1076 4436 1200 4486 fecit
1230 4440 1339 4484 tuo.

214 4548 318 4621 (16)
350 4554 469 4609 Νοη
516 4554 855 4621 saginatam.
885 4551 1064 4621 Cujus
1115 4550 1264 4620 gulae
1310 4548 1534 4621 primus
1583 4548 1787 4603 artifex

153 4618 401 4679 Auﬁdius
455 4618 660 4680 Lurco.
713 4628 918 4678 Noster
964 4618 1031 4677 de
1077 4618 1281 4687 Pallio,
1311 4618 1453 4691 Vcap.
1484 4622 1519 4675 5
1553 4636 1565 4675 :
1602 4642 1627 4668 ‹‹
1663 4622 1787 4685 Qua

156 4692 407 4751 Auﬁdius
443 4696 624 4750 Lurco
676 4697 901 4766 primus
934 4695 1140 4766 sagina
1181 4710 1425 4765 corpora
1454 4692 1694 4766 vitiavit,
1728 4695 1785 4745 et

159 4769 353 4823 coactis
406 4764 782 4823 alimentisin
819 4764 1249 4822 adulterrinum
1290 4764 1563 4836 provexit
1611 4781 1785 4819 sano-

159 4847 284 4893 rem.
320 4862 345 4887 »ο
379 4839 580 4910 Itaque
614 4839 899 4895 Martialis
928 4838 1031 4893 lib.
1064 4856 1187 4906 xm,
1216 4854 1306 4909 ep.
1339 4838 1427 4891 62.

266 4953 501 5005 Pascitur
531 4961 587 5005 et
613 4956 753 5004 dulci
786 4955 957 5005 facilis
990 4955 1190 5018 gallina
1221 4954 1408 5018 farina,

266 5018 500 5069 Pascitur
528 5024 579 5069 et
603 5020 850 5068 tenebris.
882 5017 1165 5081 Ingeniosa
1194 5017 1317 5081 gula
1347 5020 1442 5066 est.

159 5115 357 5180 Doceat
412 5141 533 5180 rem
590 5126 769 5180 Varro
819 5129 875 5181 et
923 5122 1259 5180 Columella.
1294 5124 1552 5179 Joannes
1608 5122 1782 5177 etiarn

158 5191 594 5271 ‘S‘arisberiensis
615 5198 673 5253 in
696 5270 699 5271 ν
724 5196 1084 5271 Policratico,
1120 5197 1240 5250 sive
1270 5195 1555 5271 de_Nugis
1587 5194 1784 5249 Curia-

160 5258 306 5333 lium,
358 5268 631 5324 Varronis
689 5270 803 5324 ista
865 5258 1265 5333 considerans,
1326 5268 1396 5321 de
1452 5258 1783 5337 tuemporum

160 5347 373 5393 auorum
410 5341 829 5396 incontinentis
860 5340 1024 5395 addit
1057 5358 1070 5395 :
1109 5362 1136 5389 ‹‹
1166 5337 1320 5393 Nihil
1354 5343 1550 5393 autem
1582 5354 1781 5392 eorum

159 5400 309 5464 luxus
333 5413 453 5480 jam
489 5412 663 5467 habet
702 5418 921 5475 notam,
955 5411 1055 5466 sed
1088 5417 1176 5466 est
1205 5410 1501 5465 civilitatis
1532 5409 1780 5477 insigne,

164 5480 421 5553 quidquid
456 5484 808 5539 incentivum
841 5489 928 5538 est
956 5482 1159 5553 gulae.»
1195 5483 1418 5538 Dicitur
1447 5499 1578 5535 vero
1611 5481 1783 5536 Caius

162 5548 359 5627 {\nnius
394 5555 648 5611 Fannius
681 5561 870 5613 Romae
896 5548 1021 5627 lege
1055 5554 1445 5624 prohibuisse.
1479 5552 1779 5627 Tempori-

164 5615 256 5700 ἔξω
284 5643 409 5683 vero
439 5628 728 5700 Czesarum
767 5645 867 5700 pro
899 5615 1138 5700 munere
1171 5627 1435 5700 habitum
1468 5628 1592 5693 est;
1628 5615 1783 5700 unde

165 5687 317 5772 Voltis
349 5699 652 5772 Inscriptio
686 5687 879 5755 Romae
910 5699 968 5754 in
996 5697 1104 5753 Via
1136 5698 1339 5771 Appia,
1372 5714 1546 5770 quam
1573 5687 1781 5768 produ-

164 5770 235 5820 κη
259 5770 574 5841 Reinesius,
607 5790 662 5845 p.
695 5773 821 5827 554.

2609 1126 2899 1167 CINNAMVS

2554 1197 2627 1235 TI.
2683 1199 2932 1238 C/ESARIS

2519 1270 2695 1307 AVIVM
2744 1271 2966 1309 PARTOR

2396 1338 2444 1376 C.
2491 1339 2740 1379 SVLPICIO
2784 1343 3076 1382 NYMPHALI

2548 1412 2598 1449 ΓΙ
2610 1414 2695 1450 LlO
2747 1413 2929 1453 FECIT.

1916 1480 1983 1534 Et
2016 1480 2169 1563 apud
2203 1483 2511 1563 Gruterum
2544 1500 2746 1550 nnxxx,
2784 1486 2867 1549 15,
2902 1488 3278 1563 cognoscitur
3328 1491 3575 1563 Antigo-

1917 1569 2027 1632 nus
2063 1552 2230 1632 Drusi
2261 1554 2714 1632 (JCtESRI‘lS_AVlU_M
2768 1552 3159 1632 ran'rorillmo
3192 1561 3261 1614 ad
3310 1552 3570 1632 privatos

1914 1624 2069 1703 hunc
2100 1626 2301 1677 luxum
2324 1624 2627 1703 transiisse
2648 1630 2925 1703 docemur
2952 1631 3166 1703 ibidem
3189 1624 3342 1703 apud
3364 1634 3569 1689 Reine-

1916 1695 2068 1749 sium
2120 1712 2317 1762 xxxiii,
2348 1698 2401 1763 2,
2437 1698 2534 1751 ubi
2570 1698 2631 1751 L.
2668 1698 2801 1753 Vavi
2852 1701 3151 1757 Ambibuli
3213 1695 3574 1762 memoratur

1914 1784 2178 1824 AVIARIVS
2217 1784 2590 1823 ALTILIARIVS.

1985 1839 2095 1907 (t7)
2128 1838 2255 1905 Quae
2296 1840 2621 1893 Patricium.
2676 1841 2870 1896 Refert
2901 1842 3095 1898 Valer.
3149 1847 3296 1899 Max.
3352 1846 3567 1903 Censo-

1915 1926 2034 1962 rem
2070 1909 2422 1977 Fabricium,
2457 1917 2665 1966 senatu
2718 1916 2970 1969 movisse
3001 1916 3335 1971 Cornelium
3396 1920 3571 1973 Rulli-

1913 1997 2078 2058 num_,
2107 1982 2336 2035 duobus
2369 1983 2771 2058 consulatibus
2802 1992 2855 2040 et
2886 1987 3179 2042 dictatura
3206 1988 3571 2058 speciosissi-

1914 2068 2009 2131 ma
2045 2053 2330 2131 functum,
2365 2055 2518 2125 quod
2552 2060 2849 2131 tanquam
2884 2058 3037 2113 malo
3088 2053 3356 2131 exemplo
3396 2061 3571 2117 luxu-

1912 2124 2125 2203 riosus,
2159 2124 2391 2203 decem;
2415 2128 2606 2203 pondo
2636 2124 2768 2203 vasa
2802 2136 3079 2203 argentea
3108 2124 3519 2203 comparasset
3554 2150 3567 2187 ε

1912 2196 1982 2248 ad
2018 2194 2489 2269 phocgexempluvm
2524 2198 2785 2269 adspirat
2815 2194 3402 2258 T5rtullianustac.

1983 2268 2089 2336 (t8)
2129 2267 2359 2322 Theatra
2416 2267 2735 2339 stuprandis
2791 2274 3036 2327 moribus
3092 2274 3356 2329 orientia.
3408 2273 3569 2328 Unde

1910 2340 2301 2416 consistorium
2355 2341 2721 2416 impudicitia:
2783 2349 2951 2398 vocat
3006 2344 3108 2401 lib.
3170 2346 3240 2398 de
3298 2346 3564 2416 Spectac.,

1911 2424 2037 2479 cap.
2092 2410 2199 2477 16;
2233 2414 2290 2464 et
2335 2426 2457 2487 cap:
2513 2414 2617 2487 10,_
2654 2418 2965 2487 sacrarium
3021 2416 3260 2470 Veneris.
3318 2410 3379 2470 l'n
3434 2410 3561 2487 quae

1911 2496 2144 2551 spurca,
2177 2484 2499 2557 sagva,vitia
2532 2482 2849 2557 voluptatis
2880 2502 3094 2557 genera
3126 2488 3338 2542 acriter
3370 2482 3561 2542 decla-

1910 2558 2148 2605 marunt
2203 2553 2516 2621 scriptores
2571 2553 2909 2621 Christiani:
2966 2558 3277 2613 Salvianus
3338 2576 3351 2612 :
3411 2579 3439 2608 ‹‹
3498 2564 3563 2613 In

1909 2622 2175 2700 theatris
2207 2624 2351 2700 nihil
2385 2627 2603 2680 bonum
2654 2634 2814 2700 reatu
2865 2639 3051 2697 vacat,
3087 2632 3226 2700 quia
3256 2634 3313 2684 et
3344 2646 3565 2683 concu-

1910 2694 2210 2773 piscentiis
2245 2696 2479 2752 animus
2510 2703 2567 2773 et
2598 2699 2801 2754 auditu
2836 2694 3374 2773 aures,'et-aspcctu
3409 2700 3565 2755 oculi

1909 2766 2275 2841 polluuntur.
2313 2789 2341 2816 ››
2401 2771 2744 2841 Cyprianus,
2804 2788 2892 2839 ep.
2954 2766 3025 2839 1|,
3072 2773 3151 2827 Ad
3206 2766 3481 2829 Donatum
3546 2791 3562 2826 :

1911 2859 1939 2915 ς
1972 2838 2207 2915 ΟΕίΠάϐΛ
2238 2838 2749 2915 ωονυιῂὴυῑιηῐειί
2785 2838 3006 2898 labes?
3032 2862 3159 2915 quae
3214 2846 3561 2915 probrorum

1911 2862 1939 2887 ‹‹
1972 2862 2187 2893 uetuuc
2238 2862 2467 2894 murum
2514 2862 2733 2912 quanta
2786 2862 2945 2898 iaoes
2968 2862 2991 2897 ιν
3076 2862 3159 2897 ure
3214 2862 3561 2915 pronrorum

1908 2909 2211 2985 fomenta?
2242 2928 2367 2985 quas
2400 2913 2676 2985 alimenta
2702 2914 2975 2969 vitiorum
2999 2862 3354 2971 ﬁuistrionis
3385 2915 3562 2985 gesti-

1908 2980 2019 3055 bus
2051 2982 2366 3055 inquinari.
2405 3004 2431 3031 »
2463 2983 2718 3039 Joannes
2750 2986 3221 3055 Chrysostomus,
3256 2989 3316 3040 in
3356 2980 3557 3041 Matth.

1906 3069 1961 3120 x,
1995 3052 2152 3106 hom.
2185 3054 2254 3106 39
2287 3069 2299 3106 :
2327 3075 2353 3101 «
2386 3055 2624 3109 Malelici
2653 3052 3084 3113 autem—nonne
3108 3075 3139 3112 a
3163 3057 3552 3113 theatralibus

1906 3122 2062 3199 ludis
2087 3124 2265 3199 mul_ti_
2286 3126 2728 3199 constituuntur
2752 3127 2779 3181 ?
2802 3129 2944 3182 Nam
2981 3135 3042 3183 ut
3076 3130 3409 3184 universum
3445 3146 3551 3199 p0-

1912 3194 2114 3266 pulum
2149 3195 2217 3249 ad
2253 3194 2371 3249 hzec
2404 3198 2628 3272 possint
2657 3199 3127 3266 inﬂammare,ut
3158 3194 3549 3272 tripudiantes

1911 3283 2049 3321 suas
2080 3272 2517 3341 consequantur
2539 3270 2886 3341 voluptates,
2922 3278 2985 3326 ut
3015 3270 3308 3327 modestae
3340 3271 3549 3326 mulie-

1905 3355 1996 3392 res
2047 3340 2389 3413 commistas
2439 3340 2837 3413 corrumpant,
2872 3343 2941 3396 ad
2992 3348 3221 3398 tantum
3274 3343 3551 3397 maleficii

1903 3426 2088 3479 genus
2118 3410 2481 3485 perveniunt,
2517 3418 2579 3485 ut
2611 3410 2713 3467 nec
2755 3414 2826 3467 ab
2858 3414 3091 3469 ossibus
3123 3414 3356 3485 quidem
3394 3430 3553 3469 mor-

1902 3486 2135 3555 tuorum
2167 3483 2671 3555 abstineant.Quid
2705 3486 2917 3551 dicam,
2950 3487 3101 3555 quod
3129 3483 3197 3540 ad
3231 3486 3554 3541 diabolicas

1902 3552 2009 3627 has
2042 3554 2382 3627 sodalitates
2417 3555 2757 3612 innumeras
2790 3552 3348 3613 multi—consumunt
3378 3574 3550 3627 pecu-

1903 3623 2077 3699 nias?
2101 3626 2335 3699 quidude
2358 3626 2633 3682 lascivia?
2656 3629 2795 3699 quid
2820 3630 2890 3683 de
2914 3628 3043 3686 aliis
3059 3623 3552 3686 malis?Animad-

1901 3695 2080 3751 vertis
2132 3701 2187 3750 te
2232 3697 2397 3770 illum
2448 3716 2596 3767 esse,
2630 3695 2727 3770 qui
2779 3700 3112 3756 universam
3145 3702 3326 3756 vitam
3361 3701 3553 3755 homi-

1902 3784 2043 3823 num
2070 3769 2303 3837 evertis,
2337 3786 2467 3824 cum
2502 3771 2573 3825 ad
2607 3769 2727 3825 hinc
2778 3776 3018 3827 caeteros
3068 3773 3273 3839 trahis,
3309 3790 3424 3826 non
3459 3788 3552 3826 me

1946 3839 1999 3894 ui
2027 3839 2433 3909 hujuscemodi
2456 3843 2849 3898 omnesludos
2873 3845 3228 3899 omittendos
3258 3860 3484 3899 censeo.
3517 3862 3545 3894 ι

1953 3926 2119 3965 evera
2168 3912 2322 3966 enim
2375 3913 2552 3983 pestis
2585 3915 2705 3969 haec
2754 3920 2809 3969 et
2840 3915 3088 3971 interius
3121 3917 3263 3969 bene
3306 3917 3546 3969 moratae

1898 3983 2273 4053 Reipublicae,
2308 3988 2371 4037 ut
2398 3985 2540 4040 bene
2591 3990 2755 4041 notat
2785 3987 3055 4042 Zosimus
3086 3987 3145 4041 in
3172 3985 3498 4041 TheodoSio
3532 4001 3546 4039 :

1900 4076 1928 4129 ς‹
1961 4054 2235 4117 Tantum,
2268 4055 2484 4129 inquit,
2516 4057 2846 4129 complures
2879 4058 2938 4112 in
2962 4058 3112 4114 Urbe
3142 4057 3307 4112 mimi
3339 4056 3552 4111 ridicu-

1898 4125 2113 4199 lorum,
2136 4132 2190 4181 et
2221 4126 2503 4199 quidquid
2539 4130 2607 4183 ad
2642 4125 3082 4185 obscmnitatem
3114 4134 3169 4185 et
3200 4129 3550 4199 ﬂagitiosam

1900 4196 2701 4272 dissolutaniquemusicam
2758 4202 3029 4272 pertinet.
3081 4217 3147 4255 ac
3198 4196 3426 4257 tantum
3478 4200 3550 4272 ad

1900 4269 2293 4343 corruptelam
2349 4269 2773 4341 praecipitavit,—
2803 4271 2932 4328 ideo
2991 4274 3048 4326 in
3109 4272 3335 4343 Repub.
3395 4271 3551 4343 quod

1900 4346 2114 4395 essent.
2150 4342 2247 4411 qui
2283 4341 2489 4397 borum
2525 4343 2882 4397 dementiam
2914 4341 3305 4399 imitarentur.
3336 4366 3364 4394 »
3398 4341 3553 4397 Faci-

1899 4429 2012 4467 nus
2060 4414 2217 4468 enim
2268 4412 2419 4486 illos,
2469 4432 2614 4484 quos
2666 4414 2957 4484 inquinat,
3009 4419 3218 4486 aequat,
3254 4419 3309 4468 et
3356 4430 3549 4484 parem

1895 4500 2101 4538 noxam
2122 4484 2451 4556 contrahunt
2476 4503 2642 4541 aures
2665 4492 2714 4541 et
2734 4484 3285 4556 linguzesecundum
3310 4486 3550 4539 Lactan-

1897 4556 2069 4621 tium,
2104 4554 2328 4609 scilicet
2357 4563 2417 4610 ut
2464 4558 2665 4612 definit
2712 4554 2995 4627 Apuletus
3040 4557 3140 4612 lib.
3194 4555 3297 4611 ult.
3354 4556 3543 4611 Miles.

1896 4649 1923 4676 «
1956 4627 2116 4690 Quod
2157 4628 2341 4681 facere
2374 4630 2615 4684 vetitum
2648 4630 2923 4693 est,idem
2956 4634 3014 4685 et
3045 4629 3371 4701 adispicere
3402 4631 3548 4701 veti-

1893 4701 2018 4753 tum
2043 4704 2157 4772 est._
2185 4703 2428 4754 Peccare
2448 4701 2711 4755 videlicet
2734 4707 2789 4755 et
2828 4706 3061 4772 peccato
3084 4699 3280 4772 favere
3308 4699 3549 4771 perinde

1894 4774 2003 4844 est.
2044 4794 2062 4818 ι
2104 4770 2234 4823 Ideo
2286 4780 2480 4826 noster
2529 4772 2773 4827 Tertull.
2829 4770 2927 4844 qui
2982 4774 3040 4827 in
3092 4771 3195 4829 lib.
3252 4770 3321 4826 de
3365 4776 3543 4843 Speci.

1893 4841 2377 4915 eodemA/acinore
2426 4844 2743 4899 obstrictum
2791 4841 3143 4915 spectatorem
3200 4860 3327 4898 cum
3369 4841 3549 4899 actore

1894 4913 2168 4987 dicit,tita
2216 4914 2287 4967 de
2335 4931 2565 4987 carcere
2616 4913 2879 4987 loquitur
2927 4917 2985 4972 in
3038 4916 3139 4971 lib.
3173 4915 3242 4970 ad
3287 4915 3546 4987 Μανῑιίνη

1894 5002 2019 5056 cap.
2051 4986 2087 5037 2
2119 5000 2131 5039 :
2168 5006 2195 5034 «
2229 4989 2350 5040 Non
2385 4986 2547 5043 vides
2597 4986 2817 5042 alienos
2849 4991 3009 5048 deos.
3044 5005 3159 5043 non
3186 4986 3544 5053 imaginibus

1893 5074 2103 5129 eorum,
2126 5056 2400 5129 incurris,
2433 5076 2544 5114 non
2580 5060 2872 5115 solemnes
2924 5060 3227 5115 nationum
3263 5059 3388 5113 dies
3417 5060 3547 5129 ipsa

1894 5127 2304 5201 commistione
2364 5131 2715 5201 participas,
2773 5148 2888 5186 non
2948 5131 3255 5186 nidoribus
3315 5127 3545 5200 spurcis

1893 5200 2237 5263 verberaris,
2274 5200 2387 5255 non
2420 5200 2774 5258 clamoribus
2806 5203 3294 5266 spectaculorum.
3329 5201 3545 5256 atroci-

1892 5276 2011 5345 tate
2048 5271 2134 5327 vel
2186 5271 2398 5345 furore,
2458 5274 2540 5328 vel
2595 5272 2959 5345 impudicitia
3005 5273 3537 5345 cetebrandis__caa7

1894 5344 2050 5400 deris
2084 5361 2095 5398 :
2132 5359 2243 5397 non
2276 5343 2334 5399 in
2369 5345 2493 5401 loca
2526 5341 2831 5400 libidinum
2870 5347 3237 5415 publicarum
3271 5341 3422 5397 oculi
3451 5342 3535 5397 tui

1895 5416 2233 5487 impingunt
2269 5433 2279 5469 :
2315 5434 2483 5472 vacas
2516 5436 2547 5473 a
2592 5414 2910 5483 scandatis,
2945 5436 2976 5471 ιι
3024 5414 3474 5487 tentationibus,
3510 5431 3542 5468 a

1893 5486 2397 5543 recordationibus
2430 5489 2622 5544 malis.
2658 5512 2684 5539 ιι
2720 5490 2855 5553 Quae
2888 5489 3010 5556 ipsa
3042 5494 3175 5544 ante
3205 5486 3406 5541 oculos
3440 5486 3544 5540 ba-

1893 5560 2022 5614 buit
2046 5560 2339 5629 Chrysost.
2378 5578 2509 5617 cum
2532 5562 2677 5617 dixit
2699 5561 2856 5615 hom.
2881 5561 2976 5623 6‘2,
3007 5560 3076 5614 ad
3096 5577 3223 5629 poi).
3245 5558 3489 5613 Antioch.
3526 5575 3545 5613 :

1896 5652 1923 5681 ‹‹
1958 5637 2016 5686 In
2050 5630 2278 5685 theatro
2313 5638 2506 5689 autem
2544 5633 2738 5689 omnia
2769 5628 3294 5694 contraria.risus,
3328 5628 3544 5701 inepti-

1890 5705 2058 5775 tudo,
2093 5703 2417 5760 diabolicus
2466 5707 2673 5773 fastus,
2708 5704 2936 5767 effusio,
2986 5703 3288 5775 temporis,
3318 5702 3545 5775 impen-

1892 5774 2077 5843 dium,
2107 5780 2164 5830 et
2185 5776 2481 5846 superﬂua
2501 5778 2726 5834 dierum
2749 5774 3142 5849 consumptio’,
3177 5774 3344 5831 malm
3377 5774 3545 5847 cupi-
