4366 6366
175 469 291 532 357

177 705 438 748 sermone
499 686 731 759 proavis
789 685 1197 742 renuntiastis.
1255 683 1530 739 Laudatis
1587 697 1822 754 semper

177 779 610 851 antiquitatem,
641 781 699 831 et
739 775 786 810 ³³
819 791 963 830 nove
1011 775 1080 828 de
1121 774 1215 830 die
1261 772 1472 828 vivitis.
1527 776 1634 827 Per
1664 773 1818 842 quod

177 867 518 934 ostenditur,
553 867 695 920 dum
729 881 761 918 a
809 865 978 918 bonis
1009 863 1302 932 majorum
1335 859 1620 916 institutis
1652 861 1818 914 dece-

177 959 328 1026 ditis,
357 973 426 1011 ea
471 971 573 1010 vos
641 955 888 1008 retinere
935 957 992 1008 et
1039 951 1354 1012 custodire,
1404 967 1531 1020 quae
1577 965 1690 1002 non
1753 947 1822 1003 de

177 1046 407 1112 buistis,
437 1059 569 1100 cum
594 1059 721 1114 quae
742 1041 1028 1096 debuistis
1047 1057 1160 1096 non
1184 1037 1525 1095 custodistis
1546 1037 1822 1108 ".Ipsum

179 1137 362 1190 adhuc
393 1133 550 1205 quod
578 1131 856 1186 videmini
905 1129 1248 1184 ﬁdelissime
1295 1127 1446 1183 tueri
1477 1143 1510 1182 a
1557 1127 1823 1198 patribus

179 1221 549 1290 traditum,in
573 1237 688 1292 quo
713 1217 1162 1290 principatiliter
1182 1233 1311 1273 reos
1335 1215 1822 1286 transgressionis

180 1313 535 1370 Christianos
566 1307 894 1376 destinatis,
929 1307 1194 1362 studium
1227 1307 1380 1362 306
1413 1305 1544 1361 dico
1577 1304 1821 1359 deorum

179 1402 573 1469 colendorum,
606 1399 677 1454 de
719 1414 830 1468 quo
879 1395 1130 1451 maxime
1151 1395 1365 1450 erravit
1416 1394 1460 1428 ³⁵
1507 1394 1622 1466 (42)
1671 1391 1822 1446 anti-

181 1493 388 1564 quitas,
429 1489 566 1544 licet
605 1487 868 1558 Serapidi
905 1487 1326 1556 jam-Romano
1379 1484 1490 1555 (43)
1551 1499 1682 1538 aras
1731 1499 1824 1536 re-

181 1577 526 1646 struxeritis,
561 1576 696 1632 licet
725 1575 948 1632 Baccho
971 1572 1334 1644 jam-Italico
1385 1571 1568 1628 furias
1598 1577 1823 1626 vestras

181 1665 570 1736 immolaritis,
601 1681 708 1720 suo
739 1663 865 1720 loco
909 1663 1215 1718 ostendam
1247 1659 1490 1733 proinde
1520 1659 1741 1731 despici
1779 1659 1826 1694 ⁸⁸

183 1765 234 1814 et
261 1755 480 1830 negligi
504 1760 562 1810 et
590 1751 814 1810 destrui
845 1771 878 1808 a
911 1751 1074 1807 vobis
1107 1751 1386 1805 adversus
1413 1750 1701 1819 majorum
1731 1765 1826 1802 au-

185 1845 522 1902 ctoritatem.
555 1847 722 1896 Nunc
751 1839 907 1896 enim
958 1839 1030 1894 ad
1081 1837 1237 1892 illam
1288 1837 1652 1894 occultorum
1687 1837 1824 1891 faci-

186 1949 382 1990 norum
437 1931 741 1986 infamiam
790 1927 1172 2000 respondebo,
1227 1929 1290 1981 ut
1351 1925 1500 1980 viam
1561 1924 1702 1981 mihi
1755 1924 1826 1980 ad

189 2020 581 2078 manifestiora
611 2034 858 2091 purgem
885 2017 951 2070 ⁸⁷.

1277 457 1872 524 APOLOGE’I‘ICUS
1913 457 2096 518 ADV.
2145 455 2483 519 GENTES.

174 603 316 667 bitu,
349 601 522 670 victu,
555 599 846 656 instructu
895 597 1030 670 (41),
1071 613 1246 652 ensu
1287 597 1356 664 ",
1405 609 1532 666 ipso
1566 593 1818 664 denique
1853 594 1904 662 Α

1859 1973 1908 2038 Β

3463 459 3582 520 358

1929 663 2368 736 ΛηαυιιᾳεκτυΜ.
2405 691 2470 704 -
2499 665 2686 733 Itaque
2715 669 2972 734 provocat
3017 663 3163 726 illos,
3195 669 3258 718 ut
3297 681 3428 736 quo:
3457 681 3588 732 gra-

1999 735 2351 788 vissimorum
2419 737 2716 788 criminum
2767 751 2886 790 reo:
2943 740 3162 806 putant,
3205 735 3590 806 infanticidas,

1999 821 2298 880 puerorum
2357 811 2650 880 voratores,
2700 807 2940 880 incestos
3007 809 3273 876 denique,
3340 809 3585 880 probent,

2005 892 2174 948 neque
2201 879 2398 945 fatuae,
2433 877 2590 944 cujus
2621 879 2772 944 origo
2817 893 2961 947 smpe
2991 881 3244 946 mendax,
3299 877 3351 934 et
3399 877 3588 934 rumor

2001 949 2264 1012 incertus,
2295 951 2536 1019 amplius
2569 950 2970 1004 inconsiderate
3000 951 3230 1005 credant

2005 1037 2266 1090 Dicimur
2293 1036 2730 1092 sceleratissimi
2757 1038 2826 1092 de
2850 1045 3214 1094 sacramento
3237 1038 3585 1098 infanticidii

1931 1131 1990 1180 et
2021 1124 2232 1196 pabulo
2261 1125 2306 1158 ³⁸
2345 1126 2480 1180 inde
2518 1127 2583 1192 3°,
2626 1131 2681 1180 et
2725 1133 2858 1198 post
2905 1127 3234 1182 convivium
3285 1129 3432 1182 807
3495 1127 3590 1182 in-

1933 1215 2298 1286 cesto,'quod
2335 1231 2630 1270 eversores
2663 1215 2954 1270 luminum
2988 1233 3161 1272 canes
3191 1217 3328 1286 (44),
3351 1216 3592 1273 lenones

1932 1302 2173 1370 scilicet,
2209 1304 2591 1358 tenebrarum
2642 1309 2698 1359 et
2729 1303 3042 1360 libidinum
3075 1305 3388 1378 impiarum
3423 1307 3468 1341 ⁴⁰
3495 1305 3588 1360 in-

1931 1392 2279 1448 verecundis
2337 1399 2646 1462 procurent
2701 1395 2767 1448 “.
2821 1393 3082 1448 Dicimur
3137 1399 3328 1450 tamen
3361 1413 3593 1468 semper

1935 1499 2038 1536 nec
2091 1499 2190 1536 vos
2241 1483 2396 1554 quod
2457 1487 2576 1538 tam
2631 1482 2730 1536 diu
2791 1482 3045 1538 dicimur
3092 1501 3292 1540 eruere
3351 1485 3591 1541 curatis.

1935 1576 2080 1642 Ergo
2112 1575 2214 1625 aut
2244 1571 2452 1637 eruite,
2487 1573 2532 1626 si
2566 1571 2828 1638 creditis,
2863 1578 2966 1626 aut
2997 1573 3174 1628 nolite
3205 1575 3458 1643 credere,
3491 1575 3594 1646 qui

1937 1675 2052 1713 non
2084 1659 2344 1714 eruistis.
2379 1661 2452 1714 De
2487 1665 2680 1714 vestra
2709 1660 2876 1715 vobis
2925 1661 3400 1718 dissimulatione
3441 1681 3590 1734 prae-

1935 1747 2235 1816 scribitur,
2269 1765 2382 1802 non
2415 1765 2564 1812 esse,
2597 1750 2752 1819 quod
2789 1765 2891 1804 nec
2941 1749 3052 1820 ipsi
3103 1751 3331 1806 audetis
3370 1767 3593 1807 eruere.

1937 1841 2130 1908 Longe
2162 1837 2318 1891 aliud
2367 1853 2585 1892 munus
2633 1837 2888 1892 carnifici
2921 1839 2980 1892 in
3013 1839 3386 1896 Christianus
3418 1841 3595 1912 impe-

1937 1925 2102 1992 ratis,
2147 1941 2260 1980 non
2315 1929 2378 1979 ut
2426 1925 2626 1980 dicant
2672 1942 2800 1996 qua
2847 1925 3088 1992 faciunt,
3124 1929 3222 1982 sed
3281 1935 3345 1984 ut
3383 1933 3598 2000 negent

1941 2015 2096 2085 quod
2129 2019 2270 2068 sunt
2298 2013 2430 2084 (46).
2476 2013 2696 2068 Census
2749 2013 2922 2069 istius
2971 2015 3083 2086 (43)
3130 2015 3473 2086 discipline,
3537 2027 3608 2076 ut

1615 2113 1817 2173 Variae
1851 2112 2150 2174 lectiones

250 2219 293 2252 ³³
326 2217 416 2272 Sic
446 2215 586 2270 libri
617 2231 744 2270 om.
777 2229 984 2278 omnes,
1037 2213 1158 2280 Βία.
1193 2227 1206 2267 :

1259 2227 1486 2277 censu;
1535 2215 1594 2264 et.
1637 2211 1792 2266 addit
1849 2211 2028 2266 Paris.
2105 2209 2152 2245 ³³
2201 2207 2506 2278 Antiquos,
2557 2209 2656 2264 sed
2704 2211 2826 2279 Rig.
2904 2209 2950 2243 3‘
2997 2211 3313 2266 Custoditis
3343 2213 3598 2268 Haverec.

190 2288 494 2345 "Curavit
519 2288 648 2342 Jun.
725 2285 768 2320 ³⁸
799 2285 1052 2342 Perinde
1081 2285 1262 2338 Paris.
1343 2283 1384 2316 ³⁷
1419 2281 1490 2337 Ut
1545 2283 1697 2336 viam
1761 2281 1902 2336 mihi
1937 2283 2004 2336 ad
2057 2281 2461 2336 manifestoria
2491 2297 2734 2352 purgem
2787 2283 2912 2336 Jun.
2972 2297 3043 2334 ex
3095 2283 3211 2336 MS.
3269 2287 3496 2338 Huveri.
3530 2313 3602 2325 —

192 2365 268 2416 tta
309 2377 356 2415 te
403 2361 562 2414 codd.
613 2361 785 2412 locum
835 2358 1190 2410 restituerunt
1239 2354 1490 2418 Heratd.,
1539 2357 1684 2424 ﬂig.,
1720 2355 1850 2408 Hav.
1885 2355 1978 2408 alt.
2015 2353 2146 2426 Edd.
2184 2353 2308 2406 vett.
2345 2368 2358 2406 :
2395 2356 2458 2406 ut
2479 2353 2603 2426 jam
2633 2353 2768 2406 inde
2798 2353 2866 2407 ad
2905 2353 3300 2426 manifestiora
3332 2371 3595 2426 pergam.

196 2433 235 2467 ³³
263 2433 340 2487 De
367 2433 500 2486 Jun-
577 2431 621 2465 ’θ
655 2429 821 2484 Rhea.
857 2446 870 2484 :
899 2427 1112 2499 pabulo
1144 2427 1360 2499 caudis.
1437 2426 1481 2460 ‘°
1511 2427 1714 2499 Rigalt.
1745 2441 1773 2480 e
1817 2426 1909 2499 Ms.
1951 2424 2284 2499 emendavit.
2313 2441 2334 2476 :
2368 2425 2656 2499 tenebras,
2685 2429 2813 2499 tum
2845 2429 2902 2478 et
2935 2424 3244 2499 libidinum
3281 2424 3596 2497 impiarum

201 2501 672 2558 inverecundiam
705 2495 1038 2572 procurent.
1071 2529 1136 2540 -
1169 2498 1482 2570 Impiarum
1517 2498 1662 2552 delet
1691 2499 1818 2552 Jun.
1893 2497 1937 2532 ‘1
1971 2497 2286 2562 Tenebras,
2317 2501 2443 2550 tum
2475 2501 2531 2550 et
2561 2495 2870 2550 libidinum
2919 2499 3062 2568 imp.
3113 2495 3594 2553 inverecundiam

195 2593 244 2647 p.
281 2579 577 2630 IVauwer.
611 2575 840 2628 Haverc.

1623 2647 2146 2709 Commentarius.

279 2751 664 2812 Semideosque
695 2763 870 2810 canes,
903 2751 955 2812 et
984 2748 1138 2812 sistra
1161 2745 1412 2812 jubentia
1437 2745 1616 2812 luctus
1653 2760 1665 2806 ;

277 2818 338 2866 Et
365 2829 524 2880 quem
551 2809 608 2862 tu
641 2809 898 2876 plangens
931 2811 1204 2858 Inominem
1233 2810 1444 2858 testaris
1475 2809 1681 2858 Osirim.

197 2915 286 2968 ubi
335 2911 594 2968 secundo
655 2926 824 2964 versu
865 2907 1057 2979 potius
1109 2905 1370 2978 legerim,
1427 2907 1840 2976 semicanesque

197 3001 323 3057 deos.
361 2999 568 3057 Nescio
598 3014 670 3052 an
702 2995 940 3051 Ovidius
971 2995 1042 3048 de
1075 2994 1224 3049 Pane
1257 3010 1270 3048 :

314 3106 700 3168 Semideusque
726 3116 904 3165 caper,
927 3102 1322 3164 semicaperque
1353 3100 1509 3148 Deus.

206 3207 272 3262 De
298 3207 622 3260 Minotauro
653 3205 806 3256 certe
837 3217 902 3266 ιι,
933 3199 996 3254 de
1025 3199 1154 3254 Arte
1180 3197 1426 3263 amandi,
1457 3197 1528 3251 24
1559 3213 1574 3251 :

279 3303 525 3353 Daedalus
551 3303 612 3349 ut
639 3299 829 3348 clausit
855 3301 1172 3359 conceptum
1204 3295 1423 3345 crimine
1455 3294 1636 3343 matris

343 3365 791 3425 Semibovemque
825 3363 1014 3420 virum,
1047 3359 1464 3421 semivirumque
1499 3359 1714 3406 bovem.

254 3465 362 3534 (14)
423 3465 717 3519 Instructu.
769 3458 1050 3534 intelligit
1082 3457 1454 3534 Splendidam
1490 3461 1836 3534 apparatum

191 3543 240 3590 et
263 3529 722 3591 instrumentum
755 3529 1144 3586 domesticum
1169 3529 1547 3584 invidiosum.
1580 3529 1838 3582 Isidorus

1957 2767 1982 2798 α
2015 2745 2080 2798 Et
2111 2743 2322 2816 pabulo
2355 2745 2568 2800 crudre.
2605 2767 2632 2794 ››
2665 2745 2830 2814 quasi
2862 2747 3152 2816 objectum
3192 2747 3364 2801 fuerit
3413 2746 3602 2801 Chris-

1947 2817 2374 2881 tianis,crudas
2395 2818 2906 2888 inl‘antisjugulati
2931 2835 3136 2873 carnes
3161 2820 3372 2889 pabulo
3395 2821 3598 2886 l'u:sse,

1948 2889 2100 3014 quod
2137 2889 2372 2959 quidem
2407 2889 2736 2960 significare
2772 2891 2996 2944 videtur
3027 2892 3151 2962 ipse
3183 2891 3599 2960 Tertulliunus,

1948 2959 1962 3014 l
1997 2963 2049 3014 b.
2083 2977 2096 3012 ι
2129 2961 2202 3014 ad
2231 2961 2511 3014 Natio-nes.
2563 2977 2694 3014 cum
2729 2963 2808 3014 ait
2841 2977 2852 3014 :
2897 2964 3036 3014 Ouis
3089 2979 3348 3014 unquam
3402 2968 3598 3014 tamen

1945 2959 2049 3014 llb.
2083 2977 2096 3012 ι
2129 2961 2202 3014 att
2231 2961 2511 3024 Natio-nes,
2563 2977 2694 3014 cum
2729 2963 2852 3034 ait:
2897 2959 3065 3025 Quis'
3089 2979 3348 3034 unquam
3402 2968 3598 3016 tamen

1948 3047 2174 3086 semesa
2237 3049 2412 3100 puero
2453 3033 2834 3102 supervenit?
2887 3055 2912 3080 ιι
2967 3034 3070 3088 Hic
3121 3033 3314 3088 tamen
3370 3041 3596 3087 tantum

1947 3105 2018 3176 de
2051 3103 2357 3176 sanguinis
2389 3103 2622 3174 pabulo,
2657 3109 2712 3176 et
2745 3119 2889 3174 pane
2922 3121 3034 3174 quo
3087 3105 3396 3176 sanguinis
3421 3108 3596 3174 juru-

1949 3174 2124 3229 lentia
2157 3173 2484 3244 colligatur,
2521 3192 2622 3228 nec
2655 3173 2806 3228 inter
2853 3177 2949 3228 illa
2996 3193 3124 3246 quae
3156 3173 3464 3245 subjungit
3496 3193 3600 3247 pa-

1947 3247 2054 3300 tris
2087 3263 2384 3300 sacrorum
2417 3247 2652 3310 dictata,
2695 3247 2766 3300 de
2797 3248 2996 3301 crudis
3026 3249 3299 3302 caruitms
3331 3249 3602 3302 vorandis

1949 3320 2264 3389 quisquam
2301 3335 2314 3372 :
2349 3335 2452 3372 nec
2487 3319 2698 3372 ibidem
2733 3319 2905 3372 etiam
2941 3321 2996 3372 in
3047 3319 3140 3374 illo
3174 3323 3241 3373 ad
3281 3319 3552 3374 Nationes
3585 3335 3598 3384 ;

1947 3394 2046 3462 sed
2079 3391 2248 3459 qanis
2283 3390 2382 3462 qui
2429 3391 2484 3443 in
2521 3406 2806 3462 sanguine
2849 3391 3210 3460 iulringitur,
3243 3399 3298 3444 et
3355 3391 3600 3462 sanguis

1947 3461 2006 3516 in
2039 3479 2153 3530 quo
2189 3461 2354 3531 panis
2385 3463 2649 3515 satiatur.
2687 3461 2806 3514 lmo
2853 3463 2922 3515 ad
2955 3465 3383 3516 convincendos
3431 3461 3602 3518 Chri-

1947 3537 2172 3588 stianos
2205 3533 2442 3603 produci
2463 3535 2734 3587 debuisse
2761 3537 2842 3588 ait
2865 3551 2974 3588 ncn
3009 3535 3200 3588 solum
3233 3534 3599 3598 infautarios,

188 3607 330 3680 Orig.
361 3624 416 3662 v.
448 3607 540 3660 25.
573 3605 1027 3680 «instructum,
1050 3601 1203 3680 quod
1227 3618 1330 3680 per
1367 3600 1825 3680 instrumentum

1944 3608 2040 3660 ed
2076 3611 2131 3680 et
2160 3600 2408 3680 coquos.
2457 3605 2932 3680 l‘roducereutur,
2967 3605 3182 3676 inquit,
3219 3607 3514 3680 infantarii
3545 3611 3602 3660 et

189 3673 428 3734 elﬁcitur
458 3696 477 3734 .·
514 3683 578 3730 ut
609 3675 876 3741 baculus,
926 3674 1128 3743 codex,
1161 3674 1382 3728 tabula.
1421 3695 1442 3720 ι»
1483 3673 1740 3726 Barrteus
1771 3677 1828 3726 et

187 3750 352 3806 Rben.
387 3757 436 3806 et
466 3751 758 3803 instructu.

247 3825 351 3894 (42)
401 3820 656 3894 Serapidi
685 3817 1112 3894 jam-Romano.
1149 3815 1233 3870 Ita
1261 3813 1693 3894 restituendus
1743 3819 1832 3894 est

185 3886 398 3948 nativus
433 3886 803 3961 antiquitatis
834 3888 1113 3960 splendor
1143 3886 1370 3961 auctori
1420 3891 1640 3961 nostro,
1673 3886 1828 3961 quod

185 3969 234 4037 et
261 3983 436 4037 supra
467 3958 642 4020 docui
676 3977 690 4016 :
735 3958 1140 4037 legejmoxLut
1174 3959 1436 4037 editum,
1457 3958 1829 4028 jam-Italico.

187 3981 234 4018 ει
261 3983 436 4037 supra
467 3981 642 4020 (100m
676 3981 690 4016 ζ
737 3981 858 4086 lege
891 3981 1043 4028 mox,
1079 3981 1140 4013 nl
1189 3981 1552 4028 culturli,]an

187 4036 480 4110 Eleganter
515 4050 780 4092 uucanus
837 4033 914 4088 ib.
949 4049 987 4100 1,
1020 4033 1090 4084 65
1120 4031 1190 4085 ad
1225 4033 1510 4085 Neronem
1539 4047 1552 4097 ;

323 4142 424 4190 Sed
459 4140 591 4189 mihi
618 4139 971 4201 jam-Numen
1009 4149 1021 4184 :

188 4243 238 4294 et
265 4238 362 4294 lib.
399 4257 478 4304 1x,
517 4239 636 4304 158,
683 4237 838 4291 ferox
893 4233 1203 4306 Pompeius
1235 4233 1458 4305 patrios
1490 4231 1723 4288 ulturus
1754 4232 1832 4288 ci-

189 4326 362 4382 neres,
397 4313 661 4365 minatur
692 4308 747 4362 in
785 4308 903 4362 haec
934 4307 1109 4362 verba
1141 4323 1154 4360 :

337 4419 590 4467 Evolvam
621 4417 778 4465 busto
807 4413 1148 4476 Numen-jam
1177 4399 1427 4476 gentibus
1457 4411 1580 4460 Isim
1604 4425 1616 4472 ;

187 4525 262 4586 ita
307 4534 464 4588 enim
520 4531 580 4586 bi
629 4531 736 4587 luci
783 4535 924 4586 sunt
969 4527 1296 4599 corrigendi
1328 4532 1382 4581 et
1413 4527 1632 4598 passim
1667 4526 1836 4581 multi

190 4605 276 4658 alii
330 4609 534 4661 eodem
589 4605 761 4658 modo
811 4603 966 4673 apud
1011 4617 1216 4656 omnes
1248 4607 1468 4673 veteres
1499 4601 1832 4670 scriptores.

191 4681 390 4732 Seneca
409 4692 642 4750 quoque
665 4672 948 4750 Tragicus
973 4673 1030 4726 in
1053 4673 1298 4727 Hercule
1331 4672 1558 4750 furente
1589 4688 1756 4750 versu
1781 4676 1833 4739 2,

193 4763 388 4819 semper
407 4743 654 4804 alien—um
672 4743 872 4819 Jove'rn.
891 4749 1014 4800 Huc
1035 4751 1278 4816 spectat,
1300 4745 1456 4819 quod
1490 4745 1561 4799 de
1583 4743 1836 4797 Adriano

195 4817 356 4875 refert
383 4821 442 4876 in
483 4819 616 4874 Vita
643 4820 774 4889 ejus
823 4818 1172 4888 Spartianus
1207 4833 1220 4871 :
1257 4839 1301 4889 Λα
1352 4817 1526 4870 Sacra
1571 4821 1838 4889 Romana

195 4891 632 4956 diligentissime
679 4887 917 4945 curavit
968 4905 980 4943 :
1043 4887 1352 4959 peregrina
1399 4887 1835 4959 contempsit.»

1941 3675 2134 3746 coqui,
2159 3675 2270 3746 ipsi
2303 3691 2475 3731 canes
2511 3678 2756 3746 pronubi
2786 3695 2798 3744 ;
2830 3675 3141 3732 emendata
3173 3695 3264 3732 res
3295 3679 3596 3733 essetam.

2011 3749 2122 3816 (44)
2153 3750 2450 3821 Eversores
2485 3748 2760 3802 luminum
2805 3765 2986 3803 canes.
3039 3750 3264 3812 Quibus
3315 3751 3603 3821 putabant

1940 3836 2168 3874 annexa
2197 3819 2571 3886 candelabra,
2601 3836 2748 3889 quae,
2785 3821 2938 3874 saltu
2974 3821 3088 3874 illis
3121 3821 3177 3874 in
3210 3819 3438 3891 objecta
3467 3837 3604 3876 ossa

1940 3907 2002 3946 se
2033 3891 2510 3961 proripientibus,
2544 3895 2972 3946 evcrtebantur.
3001 3893 3143 3946 Vide
3171 3909 3297 3962 cap.
3325 3909 3598 3962 sequens.

1938 3963 2102 4032 Apud
2143 3963 2484 4033 posterioris
2517 3965 2616 4032 qui
2649 3963 3011 4018 Christianos
3042 3965 3291 4034 legimus
3323 3964 3602 4018 candelas

1941 4034 2232 4106 projectas
2278 4039 2334 4106 et
2381 4035 2722 4106 exstinctats
2765 4035 2824 4088 in
2875 4035 3600 4102 execuimunicationibus,

1941 4105 2116 4180 prout
2159 4105 2373 4180 multis
2409 4105 2666 4180 illustrat
2707 4106 2877 4180 Dom.
2927 4107 3012 4180 Du
3059 4111 3250 4180 Cange
3307 4109 3365 4162 in
3419 4106 3599 4178 gloss,

1943 4177 2147 4233 inedia:
2179 4183 2236 4232 et
2287 4177 2390 4230 inf.
2447 4177 2799 4232 Latinitatis.
2845 4179 2954 4232 Sed
3007 4179 3164 4236 hunc
3187 4177 3444 4235 'moreui
3466 4184 3600 4233 'l‘er-

1941 4249 2173 4305 tulliani
2213 4265 2328 4303 aevo
2371 4265 2484 4302 non
2519 4255 2657 4320 puto
2693 4249 2871 4304 l'uisse
2897 4251 2953 4303 in
2987 4268 3118 4306 usu.

2015 4321 2127 4390 (45)
2167 4321 2623 4390 Inverecundiaui
2672 4331 2980 4390 procurent.
3033 4321 3320 4376 Lucianus
3370 4321 3437 4390 in_
3491 4321 3598 4374 La-

1945 4387 2127 4465 pithis
2190 4408 2202 4446 ζ
2265 4387 2439 4465 ’Λλλὰ
2495 4387 2681 4444 πολλᾶ
2745 4390 3021 4465 ἐπράχθη,
3081 4393 3168 4446 καὶ
3223 4391 3368 4465 δεινὰ
3422 4387 3605 4465 river")

1946 4462 2143 4531 ὀκὸτῳ,
2177 4468 2314 4527 etc.,
2345 4462 2381 4516 i.
2411 4481 2460 4517 e.
2498 4487 2520 4510 ιι
2556 4469 2620 4516 Et
2653 4463 2834 4517 multa
2881 4462 2944 4518 ac
2991 4465 3184 4535 gravia
3235 4464 3308 4535 in,
3348 4463 3604 4516 tenebris

1943 4535 2191 4590 comissa
2232 4539 2387 4588 sunt.
2448 4535 2514 4586 Et
2571 4551 2704 4588 cum
2763 4534 3016 4590 tandem,
3059 4535 3268 4604 aliquis
3301 4534 3600 4588 lucernam

1947 4607 2198 4668 afferret,
2227 4605 2631 4677 deprehensus
2664 4611 2754 4660 est
2781 4606 3110 4662 Alcidamas
3139 4609 3284 4677 (erat
3325 4620 3460 4660 vero
3507 4605 3606 4661 ille

1948 4676 2336 4750 philosophus
2367 4677 2635 4750 Cynicus)
2666 4678 2900 4748 quidem
2943 4676 3198 4732 tibicinae
3249 4685 3468 4732 vestem
3519 4683 3602 4732 at-

1948 4749 2181 4812 tollens,
2217 4754 2273 4803 et
2307 4765 2409 4818 per
2439 4749 2552 4802 vim
2590 4766 2724 4804 cum
2775 4767 2840 4805 ea
2889 4752 3163 4818 congredi
3202 4767 3536 4820 preperans,
3580 4772 3600 4798 υ

2019 4822 2132 4890 (46)
2171 4821 2230 4876 Ut
2277 4829 2474 4893 negent
2517 4822 2658 4890 quod
2703 4827 2850 4876 sunt.
2899 4825 3094 4893 Atqui,
3137 4822 3334 4893 inquit
3375 4821 3602 4876 'l‘ertul-

1946 4891 2164 4968 lienus,
2195 4909 2262 4968 ne
2293 4892 2604 4968 objicietis,
2637 4895 2935 4968 confessos
2975 4891 3402 4968 turpitudinem
3435 4909 3604 4948 suam

196 4963 394 5044 contra
439 4981 518 5044 “ac
575 4958 1540 5044 idemudenBassianmCaracal‘lo,
1570 4960 1650 5044 ‘in
1711 4958 1841 5044 Vita
1871 4981 1916 5044 ι)
1949 4963 2227 5044 ἀείσιφή
2273 4958 2668 5044 Christi-auos;
2725 4967 2866 5044 adeo
2925 4958 3092 5022 illud'
3121 4967 3494 5044 falsum_es_t,
3547 4968 3612 5017 ut

199 5035 332 5102 ejus.
366 5059 390 5084 ‹‹
427 5041 603 5090 Sacra
635 5034 804 5088 Isidis
855 5032 1102 5086 Romam
1151 5032 1496 5102 deportavit,
1531 5035 1590 5085 et
1621 5029 1840 5102 templa

199 5107 402 5178 ubique
436 5104 962 5178 magniﬁca‘eidem
999 5105 1120 5159 deae
1153 5105 1495 5158 fecit.Sacra
1516 5103 1840 5178 etiamma-

195 5175 664 5244 jore'reverentia
691 5175 1022 5242 celebravit,
1056 5193 1232 5246 quam
1285 5183 1420 5229 ante
1460 5175 1838 5230 celebraban-

199 5255 302 5302 tur.
341 5256 401 5304 ln
435 5267 544 5320 quo
575 5249 810 5320 quidem
847 5248 1000 5320 mihi,
1023 5245 1238 5302 mirum
1279 5249 1528 5320 videtur,
1563 5245 1840 5320 quemad-

205 5319 651 5376 modum’sacra
699 5321 872 5375 Isidis
919 5319 1174 5390 primum
1229 5335 1332 5390 per
1377 5319 1534 5374 hunc
1599 5319 1841 5372 Romam

203 5395 418 5449 venisse
469 5393 759 5461 dicantur,
819 5407 1000 5462 quum
1049 5392 1335 5445 Antonius
1366 5391 1718 5445 Commodus
1767 5390 1849 5444 ita

207 5479 266 5518 ea
318 5465 708 5528 celebraverit,
763 5469 826 5518 ut
872 5469 928 5518 et
971 5463 1204 5518 Anubiu
1267 5469 1541 5533 portaret,
1576 5466 1632 5515 et
1663 5478 1849 5532 pausa

210 5537 423 5591 cederet
457 5554 468 5590 :
506 5536 618 5592 nisi
679 5537 824 5590 forte
879 5535 989 5590 iste
1047 5535 1276 5590 addidit
1334 5533 1682 5600 celebritati,
1731 5549 1848 5588 non

214 5623 326 5662 eam
383 5609 608 5681 primus
667 5607 900 5681 invexit,
939 5627 984 5681 ⁸ι)
1047 5608 1114 5660 Et
1171 5609 1536 5681 Lampridius
1589 5607 1725 5659 item
1779 5604 1850 5657 de

219 5677 526 5736 Alexandro
556 5689 780 5735 Severo.
817 5703 842 5726 ‹‹
879 5677 1033 5748 Isim
1061 5683 1118 5732 et
1163 5679 1418 5748 Serapim
1453 5679 1724 5732 decenter
1753 5694 1850 5732 or—

223 5753 366 5824 navit
397 5751 611 5808 additis
641 5751 826 5824 signis
858 5756 912 5803 et
950 5747 1209 5816 deliacis,
1256 5747 1317 5804 et
1359 5750 1635 5805 omnibus
1693 5765 1852 5820 mys-

223 5822 361 5877 ῐὶςὶε.
401 5847 425 5873 υ

287 5893 392 5964 (43)
425 5896 486 5950 Et
511 5894 712 5967 pabulo
743 5893 889 5947 inde.
917 5897 979 5946 In
1012 5892 1366 5964 quibusdam
1399 5891 1565 5949 libris
1591 5890 1808 5962 legitur
1839 5909 1851 5946 :

1951 5035 2172 5104 cogatis
2217 5036 2522 5109 tormentis
2568 5051 2779 5109 negare
2811 5038 2918 5092 hoc
2948 5055 3184 5102 nomen,
3217 5038 3369 5109 quod
3405 5038 3451 5092 si
3485 5052 3610 5091 sce-

1951 5109 2088 5162 leris
2135 5108 2468 5177 participes,
2504 5107 2776 5162 omnibus
2822 5112 3011 5166 modis
3057 5107 3456 5179 extorquenda
3486 5111 3612 5179 erat

1953 5181 2075 5248 ejas
2127 5180 2434 5252 confessio.
2492 5179 2813 5249 Cyprianus
2873 5181 3138 5252 Septimii
3201 5178 3606 5252 magistriAsui

1951 5251 2218 5321 vestigiis
2241 5249 2518 5323 insistens
2553 5252 2620 5304 ad
2662 5249 3134 5308 Dementrianum
3163 5269 3218 5323 p.
3243 5249 3380 5306 256'.
3417 5275 3436 5298 α
3472 5250 3608 5304 Tor-

1955 5329 2210 5394 queatur
2243 5323 2344 5384 rei,
2373 5322 2472 5392 qui
2515 5341 2574 5376 se
2624 5331 2840 5390 negant
2869 5325 3132 5389 crimine,
3171 5322 3296 5392 quo
3327 5339 3606 5377 accusan-

1956 5401 2072 5460 tur,
2109 5395 2314 5456 teneri.
2370 5403 2432 5448 ut
2491 5394 2764 5450 facinoris
2789 5399 3022 5462 veritas,
3065 5413 3190 5467 quze
3245 5395 3611 5467 indicegvoce

1959 5483 2074 5521 non
2129 5467 2437 5536 promitur,
2471 5467 2668 5520 dolore
2699 5469 2957 5537 corporis
3013 5465 3394 5540 exprimatur.
3445 5465 3612 5540 Nunc

1958 5555 2115 5602 vero;
2151 5545 2524 5620 cum-sponte
2554 5543 2821 5620 profitear
2865 5557 2930 5620 ac
2981 5537 3340 5620 clamemnet
3388 5537 3611 5592 crebris

1959 5626 2024 5666 ac
2073 5610 2332 5680 repetitis
2391 5610 2710 5663 identidem
2761 5611 3017 5676 vocibus,
3059 5611 3452 5666 Christianum
3519 5625 3614 5664 me

1960 5697 2089 5736 esse
2121 5685 2431 5745 contestor,
2469 5683 2605 5751 quid
2639 5689 2928 5737 tormenta
2980 5684 3227 5738 adhibes
3257 5681 3556 5737 confitenti
3587 5681 3614 5735 *ἲ

1959 5753 2244 5822 Torqueri
2285 5753 2482 5816 debui,
2514 5753 2562 5808 si
2587 5770 2881 5824 negarem.
2918 5777 2944 5804 ››
2979 5755 3118 5810 ΗΑν.

2035 5825 2146 5894 (47)
2179 5825 2377 5878 Census
2409 5827 2568 5879 istius
2606 5825 2658 5878 (λ.
2706 5825 2878 5897 Origo
2911 5825 3269 5892 aestimatio,
3306 5825 3613 5897 professio,

1961 5899 2020 5949 et
2045 5898 2129 5951 sic
2159 5913 2310 5967 saepe
2343 5900 2574 5963 Noster,
2607 5903 2751 5968 Lege
2780 5915 2828 5954 c.
2863 5917 2916 5955 v.
