  <div class='ocr_page' id='page_1' title='image "/cluster/home/n/w/nwhite01/storage/ocr_20150623/1/umn.31951002477295j/187.png"; bbox 0 0 4366 6348; ppageno 0'>
   <div class='ocr_carea' id='block_1_1' title="bbox 543 406 664 466">
    <p class='ocr_par' dir='ltr' id='par_1_1' title="bbox 543 406 664 466">
     <span class='ocr_line' id='line_1_1' title="bbox 543 406 664 466; baseline 0 -1"><span class='ocrx_word' id='word_1_1' title='bbox 543 406 664 466; x_wconf 78' lang='lat'>359</span> 
     </span>
    </p>
   </div>
   <div class='ocr_carea' id='block_1_2' title="bbox 1062 410 3422 490">
    <p class='ocr_par' dir='ltr' id='par_1_2' title="bbox 1062 410 3422 490">
     <span class='ocr_line' id='line_1_2' title="bbox 1062 410 3422 490; baseline 0.002 -21"><span class='ocrx_word' id='word_1_2' title='bbox 1062 410 1589 470; x_wconf 76' lang='lat' dir='ltr'>TERTULLIANI</span> <span class='ocrx_word' id='word_1_3' title='bbox 1635 411 1958 474; x_wconf 77' lang='lat' dir='ltr'>OPERUM</span> <span class='ocrx_word' id='word_1_4' title='bbox 2012 413 2210 474; x_wconf 79' lang='lat' dir='ltr'>PARS</span> <span class='ocrx_word' id='word_1_5' title='bbox 2255 415 2279 473; x_wconf 90' lang='grc'>1</span> <span class='ocrx_word' id='word_1_6' title='bbox 2334 447 2412 458; x_wconf 90' lang='grc'><strong><em>-</em></strong></span> <span class='ocrx_word' id='word_1_7' title='bbox 2444 413 2716 474; x_wconf 82' lang='lat' dir='ltr'>SERIES</span> <span class='ocrx_word' id='word_1_8' title='bbox 2763 415 2809 490; x_wconf 81' lang='lat' dir='ltr'>l,</span> <span class='ocrx_word' id='word_1_9' title='bbox 2861 415 3422 477; x_wconf 79' lang='lat' dir='ltr'>APOLOGETICA.</span> 
     </span>
    </p>
   </div>
   <div class='ocr_carea' id='block_1_3' title="bbox 3823 419 3947 480">
    <p class='ocr_par' dir='ltr' id='par_1_3' title="bbox 3823 419 3947 480">
     <span class='ocr_line' id='line_1_3' title="bbox 3823 419 3947 480; baseline 0.016 -2"><span class='ocrx_word' id='word_1_10' title='bbox 3823 419 3947 480; x_wconf 86' lang='lat'>360</span> 
     </span>
    </p>
   </div>
   <div class='ocr_carea' id='block_1_4' title="bbox 536 539 3945 622">
    <p class='ocr_par' dir='ltr' id='par_1_4' title="bbox 536 539 3945 622">
     <span class='ocr_line' id='line_1_4' title="bbox 536 539 3945 622; baseline 0.003 -28"><span class='ocrx_word' id='word_1_11' title='bbox 536 539 658 609; x_wconf 88' lang='lat' dir='ltr'>jam</span> <span class='ocrx_word' id='word_1_12' title='bbox 691 540 1002 596; x_wconf 82' lang='lat' dir='ltr'>edidimus.</span> <span class='ocrx_word' id='word_1_13' title='bbox 1033 557 1066 595; x_wconf 92' lang='lat' dir='ltr'>a</span> <span class='ocrx_word' id='word_1_14' title='bbox 1096 540 1358 596; x_wconf 90' lang='lat' dir='ltr'>Triberio</span> <span class='ocrx_word' id='word_1_15' title='bbox 1405 545 1512 596; x_wconf 90' lang='lat' dir='ltr'>est.</span> <span class='ocrx_word' id='word_1_16' title='bbox 1567 541 1713 597; x_wconf 90' lang='lat' dir='ltr'>Cum</span> <span class='ocrx_word' id='word_1_17' title='bbox 1761 543 1894 599; x_wconf 91' lang='lat' dir='ltr'>odio</span> <span class='ocrx_word' id='word_1_18' title='bbox 1943 545 2034 600; x_wconf 90' lang='lat' dir='ltr'>sui</span> <span class='ocrx_word' id='word_1_19' title='bbox 2067 545 2178 614; x_wconf 80' lang='grc'>(48)</span> <span class='ocrx_word' id='word_1_20' title='bbox 2207 555 2260 617; x_wconf 79' lang='grc' dir='ltr'><strong>Α</strong></span> <span class='ocrx_word' id='word_1_21' title='bbox 2289 545 2605 617; x_wconf 81' lang='lat' dir='ltr'>Cyclopum</span> <span class='ocrx_word' id='word_1_22' title='bbox 2637 551 2694 602; x_wconf 92' lang='lat' dir='ltr'>et</span> <span class='ocrx_word' id='word_1_23' title='bbox 2721 546 2990 603; x_wconf 82' lang='lat' dir='ltr'>Sirenum</span> <span class='ocrx_word' id='word_1_24' title='bbox 3025 549 3071 582; x_wconf 80' lang='grc'>⁴³</span> <span class='ocrx_word' id='word_1_25' title='bbox 3103 564 3203 602; x_wconf 87' lang='lat' dir='ltr'>ora</span> <span class='ocrx_word' id='word_1_26' title='bbox 3235 547 3424 618; x_wconf 90' lang='lat' dir='ltr'>judici</span> <span class='ocrx_word' id='word_1_27' title='bbox 3457 547 3730 604; x_wconf 86' lang='lat' dir='ltr'>reseravit</span> <span class='ocrx_word' id='word_1_28' title='bbox 3757 549 3804 584; x_wconf 79' lang='lat'><strong>“</strong></span> <span class='ocrx_word' id='word_1_29' title='bbox 3830 549 3945 622; x_wconf 87' lang='grc'>(51)</span> 
     </span>
    </p>
   </div>
   <div class='ocr_carea' id='block_1_5' title="bbox 539 628 2184 702">
    <p class='ocr_par' dir='ltr' id='par_1_5' title="bbox 539 628 2184 702">
     <span class='ocr_line' id='line_1_5' title="bbox 539 628 2184 702; baseline 0.004 -20"><span class='ocrx_word' id='word_1_30' title='bbox 539 628 714 700; x_wconf 76' lang='lat' dir='ltr'>cmpit</span> <span class='ocrx_word' id='word_1_31' title='bbox 743 629 971 698; x_wconf 89' lang='lat' dir='ltr'>veritas,</span> <span class='ocrx_word' id='word_1_32' title='bbox 1005 629 1177 684; x_wconf 81' lang='lat' dir='ltr'>simul</span> <span class='ocrx_word' id='word_1_33' title='bbox 1210 635 1382 701; x_wconf 90' lang='lat' dir='ltr'>atque</span> <span class='ocrx_word' id='word_1_34' title='bbox 1431 633 1722 702; x_wconf 79' lang='lat' dir='ltr'>apparuit,</span> <span class='ocrx_word' id='word_1_35' title='bbox 1759 633 1995 686; x_wconf 91' lang='lat' dir='ltr'>inimica</span> <span class='ocrx_word' id='word_1_36' title='bbox 2037 650 2184 688; x_wconf 91' lang='lat' dir='ltr'>esse.</span> 
     </span>
    </p>
   </div>
   <div class='ocr_carea' id='block_1_6' title="bbox 539 717 2182 792">
    <p class='ocr_par' dir='ltr' id='par_1_6' title="bbox 539 717 2182 792">
     <span class='ocr_line' id='line_1_6' title="bbox 539 717 2182 792; baseline 0.004 -22"><span class='ocrx_word' id='word_1_37' title='bbox 539 719 643 770; x_wconf 89' lang='lat' dir='ltr'>Tot</span> <span class='ocrx_word' id='word_1_38' title='bbox 691 717 888 772; x_wconf 82' lang='lat' dir='ltr'>hostes</span> <span class='ocrx_word' id='word_1_39' title='bbox 943 718 1090 788; x_wconf 85' lang='lat' dir='ltr'>ejus,</span> <span class='ocrx_word' id='word_1_40' title='bbox 1143 723 1284 788; x_wconf 91' lang='lat' dir='ltr'>quot</span> <span class='ocrx_word' id='word_1_41' title='bbox 1332 719 1478 772; x_wconf 77' lang='lat'>307</span> <span class='ocrx_word' id='word_1_42' title='bbox 1535 721 1900 788; x_wconf 86' lang='lat' dir='ltr'>extranei,et</span> <span class='ocrx_word' id='word_1_43' title='bbox 1948 723 2182 792; x_wconf 88' lang='lat' dir='ltr'>quidem</span> 
     </span>
    </p>
   </div>
   <div class='ocr_carea' id='block_1_7' title="bbox 537 805 2184 876">
    <p class='ocr_par' dir='ltr' id='par_1_7' title="bbox 537 805 2184 876">
     <span class='ocr_line' id='line_1_7' title="bbox 537 805 2184 876; baseline 0.004 -18"><span class='ocrx_word' id='word_1_44' title='bbox 537 805 758 876; x_wconf 80' lang='lat' dir='ltr'>proprii</span> <span class='ocrx_word' id='word_1_45' title='bbox 803 807 847 840; x_wconf 79' lang='grc'>⁴²</span> <span class='ocrx_word' id='word_1_46' title='bbox 892 823 958 861; x_wconf 81' lang='lat' dir='ltr'>ex</span> <span class='ocrx_word' id='word_1_47' title='bbox 1007 807 1374 862; x_wconf 58' lang='lat' dir='ltr'>amulatione</span> <span class='ocrx_word' id='word_1_48' title='bbox 1421 808 1626 875; x_wconf 71' lang='lat' dir='ltr'>.ludzei,</span> <span class='ocrx_word' id='word_1_49' title='bbox 1679 827 1746 864; x_wconf 84' lang='lat' dir='ltr'>ex</span> <span class='ocrx_word' id='word_1_50' title='bbox 1803 812 2184 865; x_wconf 86' lang='lat' dir='ltr'>concussione</span> 
     </span>
    </p>
   </div>
   <div class='ocr_carea' id='block_1_8' title="bbox 538 893 2182 968">
    <p class='ocr_par' dir='ltr' id='par_1_8' title="bbox 538 893 2182 968">
     <span class='ocr_line' id='line_1_8' title="bbox 538 893 2182 968; baseline 0.002 -21"><span class='ocrx_word' id='word_1_51' title='bbox 538 893 753 948; x_wconf 83' lang='lat' dir='ltr'>milites</span> <span class='ocrx_word' id='word_1_52' title='bbox 801 895 927 965; x_wconf 71' lang='grc'>(47),</span> <span class='ocrx_word' id='word_1_53' title='bbox 979 911 1046 949; x_wconf 83' lang='lat' dir='ltr'>ex</span> <span class='ocrx_word' id='word_1_54' title='bbox 1096 900 1304 950; x_wconf 89' lang='lat' dir='ltr'>natura</span> <span class='ocrx_word' id='word_1_55' title='bbox 1353 897 1462 967; x_wconf 88' lang='grc'>(50)</span> <span class='ocrx_word' id='word_1_56' title='bbox 1513 897 1620 968; x_wconf 87' lang='lat' dir='ltr'>ipsi</span> <span class='ocrx_word' id='word_1_57' title='bbox 1671 897 1848 952; x_wconf 90' lang='lat' dir='ltr'>etiam</span> <span class='ocrx_word' id='word_1_58' title='bbox 1888 898 2182 954; x_wconf 76' lang='lat' dir='ltr'>domestici</span> 
     </span>
    </p>
   </div>
   <div class='ocr_carea' id='block_1_9' title="bbox 537 981 2181 1059">
    <p class='ocr_par' dir='ltr' id='par_1_9' title="bbox 537 981 2181 1059">
     <span class='ocr_line' id='line_1_9' title="bbox 537 981 2181 1059; baseline 0.003 -22"><span class='ocrx_word' id='word_1_59' title='bbox 537 981 742 1037; x_wconf 84' lang='lat' dir='ltr'>nostri.</span> <span class='ocrx_word' id='word_1_60' title='bbox 794 983 1060 1046; x_wconf 88' lang='lat' dir='ltr'>Quotidie</span> <span class='ocrx_word' id='word_1_61' title='bbox 1119 984 1479 1051; x_wconf 88' lang='lat' dir='ltr'>obsidemur,</span> <span class='ocrx_word' id='word_1_62' title='bbox 1539 987 1800 1056; x_wconf 84' lang='lat' dir='ltr'>quotidie</span> <span class='ocrx_word' id='word_1_63' title='bbox 1857 988 2181 1059; x_wconf 89' lang='lat' dir='ltr'>prodimur,</span> 
     </span>
    </p>
   </div>
   <div class='ocr_carea' id='block_1_10' title="bbox 535 1070 2184 1147">
    <p class='ocr_par' dir='ltr' id='par_1_10' title="bbox 535 1070 2184 1147">
     <span class='ocr_line' id='line_1_10' title="bbox 535 1070 2184 1147; baseline 0.004 -21"><span class='ocrx_word' id='word_1_64' title='bbox 535 1070 593 1126; x_wconf 88' lang='lat' dir='ltr'>in</span> <span class='ocrx_word' id='word_1_65' title='bbox 652 1071 800 1142; x_wconf 89' lang='lat' dir='ltr'>ipsis</span> <span class='ocrx_word' id='word_1_66' title='bbox 851 1071 1173 1142; x_wconf 89' lang='lat' dir='ltr'>plurimum</span> <span class='ocrx_word' id='word_1_67' title='bbox 1225 1073 1470 1128; x_wconf 71' lang='lat' dir='ltr'>cmtibus</span> <span class='ocrx_word' id='word_1_68' title='bbox 1529 1079 1585 1129; x_wconf 90' lang='lat' dir='ltr'>et</span> <span class='ocrx_word' id='word_1_69' title='bbox 1631 1075 2184 1147; x_wconf 82' lang='lat' dir='ltr'>congregationibus</span> 
     </span>
    </p>
   </div>
   <div class='ocr_carea' id='block_1_11' title="bbox 536 1160 2185 1238">
    <p class='ocr_par' dir='ltr' id='par_1_11' title="bbox 536 1160 2185 1238">
     <span class='ocr_line' id='line_1_11' title="bbox 536 1160 2185 1238; baseline 0.004 -25"><span class='ocrx_word' id='word_1_70' title='bbox 536 1161 754 1215; x_wconf 75' lang='lat' dir='ltr'>nostris</span> <span class='ocrx_word' id='word_1_71' title='bbox 803 1160 1210 1232; x_wconf 87' lang='lat' dir='ltr'>opprimimur.</span> <span class='ocrx_word' id='word_1_72' title='bbox 1244 1163 1380 1227; x_wconf 87' lang='lat' dir='ltr'>Quis</span> <span class='ocrx_word' id='word_1_73' title='bbox 1410 1180 1668 1235; x_wconf 83' lang='lat' dir='ltr'>unquam</span> <span class='ocrx_word' id='word_1_74' title='bbox 1701 1164 1896 1220; x_wconf 81' lang='lat' dir='ltr'>taliter</span> <span class='ocrx_word' id='word_1_75' title='bbox 1935 1166 2185 1238; x_wconf 83' lang='lat' dir='ltr'>vagienti</span> 
     </span>
    </p>
   </div>
   <div class='ocr_carea' id='block_1_12' title="bbox 532 1247 2182 1325">
    <p class='ocr_par' dir='ltr' id='par_1_12' title="bbox 532 1247 2182 1325">
     <span class='ocr_line' id='line_1_12' title="bbox 532 1247 2182 1325; baseline 0.005 -23"><span class='ocrx_word' id='word_1_76' title='bbox 532 1247 742 1303; x_wconf 84' lang='lat' dir='ltr'>infanti</span> <span class='ocrx_word' id='word_1_77' title='bbox 793 1249 1182 1321; x_wconf 85' lang='lat' dir='ltr'>supervenit?</span> <span class='ocrx_word' id='word_1_78' title='bbox 1237 1250 1378 1316; x_wconf 89' lang='lat' dir='ltr'>Quis</span> <span class='ocrx_word' id='word_1_79' title='bbox 1429 1257 1694 1321; x_wconf 89' lang='lat' dir='ltr'>cruenta,</span> <span class='ocrx_word' id='word_1_80' title='bbox 1749 1259 1811 1309; x_wconf 91' lang='lat' dir='ltr'>ut</span> <span class='ocrx_word' id='word_1_81' title='bbox 1865 1255 2182 1325; x_wconf 88' lang='lat' dir='ltr'>invenerat,</span> 
     </span>
    </p>
   </div>
   <div class='ocr_carea' id='block_1_13' title="bbox 2297 634 3945 710">
    <p class='ocr_par' dir='ltr' id='par_1_13' title="bbox 2297 634 3945 710">
     <span class='ocr_line' id='line_1_13' title="bbox 2297 634 3945 710; baseline 0.003 -22"><span class='ocrx_word' id='word_1_82' title='bbox 2297 635 2436 700; x_wconf 92' lang='lat' dir='ltr'>Quis</span> <span class='ocrx_word' id='word_1_83' title='bbox 2465 634 2555 689; x_wconf 93' lang='lat' dir='ltr'>vel</span> <span class='ocrx_word' id='word_1_84' title='bbox 2607 634 2664 690; x_wconf 93' lang='lat' dir='ltr'>in</span> <span class='ocrx_word' id='word_1_85' title='bbox 2717 635 2994 692; x_wconf 84' lang='lat' dir='ltr'>uxoribus</span> <span class='ocrx_word' id='word_1_86' title='bbox 3036 637 3236 708; x_wconf 90' lang='lat' dir='ltr'>aliqua</span> <span class='ocrx_word' id='word_1_87' title='bbox 3278 637 3586 691; x_wconf 91' lang='lat' dir='ltr'>immunda</span> <span class='ocrx_word' id='word_1_88' title='bbox 3625 638 3668 671; x_wconf 66' lang='lat'><strong>‘5</strong></span> <span class='ocrx_word' id='word_1_89' title='bbox 3699 638 3945 710; x_wconf 86' lang='lat' dir='ltr'>vestigia</span> 
     </span>
    </p>
   </div>
   <div class='ocr_carea' id='block_1_14' title="bbox 2295 723 3940 795">
    <p class='ocr_par' dir='ltr' id='par_1_14' title="bbox 2295 723 3940 795">
     <span class='ocr_line' id='line_1_14' title="bbox 2295 723 3940 795; baseline 0.002 -18"><span class='ocrx_word' id='word_1_90' title='bbox 2295 723 2726 794; x_wconf 80' lang='lat' dir='ltr'>deprehendit?</span> <span class='ocrx_word' id='word_1_91' title='bbox 2757 725 2898 789; x_wconf 89' lang='lat' dir='ltr'>Quis</span> <span class='ocrx_word' id='word_1_92' title='bbox 2930 724 3067 779; x_wconf 90' lang='lat' dir='ltr'>talia</span> <span class='ocrx_word' id='word_1_93' title='bbox 3101 725 3380 789; x_wconf 81' lang='lat' dir='ltr'>facinora,</span> <span class='ocrx_word' id='word_1_94' title='bbox 3425 741 3559 779; x_wconf 87' lang='lat' dir='ltr'>cum</span> <span class='ocrx_word' id='word_1_95' title='bbox 3601 725 3940 795; x_wconf 84' lang='lat' dir='ltr'>invenisset,</span> 
     </span>
    </p>
   </div>
   <div class='ocr_carea' id='block_1_15' title="bbox 2294 811 3942 885">
    <p class='ocr_par' dir='ltr' id='par_1_15' title="bbox 2294 811 3942 885">
     <span class='ocr_line' id='line_1_15' title="bbox 2294 811 3942 885; baseline 0.001 -19"><span class='ocrx_word' id='word_1_96' title='bbox 2294 811 2523 880; x_wconf 87' lang='lat' dir='ltr'>celavit,</span> <span class='ocrx_word' id='word_1_97' title='bbox 2557 818 2656 867; x_wconf 90' lang='lat' dir='ltr'>aut</span> <span class='ocrx_word' id='word_1_98' title='bbox 2684 813 2945 867; x_wconf 91' lang='lat' dir='ltr'>vendidit</span> <span class='ocrx_word' id='word_1_99' title='bbox 2977 814 3088 883; x_wconf 83' lang='lat'>(32)</span> <span class='ocrx_word' id='word_1_100' title='bbox 3120 814 3280 885; x_wconf 90' lang='lat' dir='ltr'>ipsos</span> <span class='ocrx_word' id='word_1_101' title='bbox 3310 812 3548 867; x_wconf 88' lang='lat' dir='ltr'>trahens</span> <span class='ocrx_word' id='word_1_102' title='bbox 3579 813 3849 868; x_wconf 86' lang='lat' dir='ltr'>homines</span> <span class='ocrx_word' id='word_1_103' title='bbox 3869 813 3942 868; x_wconf 65' lang='lat'>‘5?</span> 
     </span>
    </p>
   </div>
   <div class='ocr_carea' id='block_1_16' title="bbox 2295 899 3946 972">
    <p class='ocr_par' dir='ltr' id='par_1_16' title="bbox 2295 899 3946 972">
     <span class='ocr_line' id='line_1_16' title="bbox 2295 899 3946 972; baseline -0.001 -17"><span class='ocrx_word' id='word_1_104' title='bbox 2295 899 2355 955; x_wconf 92' lang='lat' dir='ltr'>Si</span> <span class='ocrx_word' id='word_1_105' title='bbox 2382 915 2612 970; x_wconf 89' lang='lat' dir='ltr'>semper</span> <span class='ocrx_word' id='word_1_106' title='bbox 2640 899 2913 969; x_wconf 85' lang='lat' dir='ltr'>latemus,</span> <span class='ocrx_word' id='word_1_107' title='bbox 2946 902 3178 971; x_wconf 86' lang='lat' dir='ltr'>quando</span> <span class='ocrx_word' id='word_1_108' title='bbox 3211 901 3506 972; x_wconf 92' lang='lat' dir='ltr'>proditum</span> <span class='ocrx_word' id='word_1_109' title='bbox 3539 905 3626 956; x_wconf 90' lang='lat' dir='ltr'>est</span> <span class='ocrx_word' id='word_1_110' title='bbox 3657 901 3812 972; x_wconf 92' lang='lat' dir='ltr'>quod</span> <span class='ocrx_word' id='word_1_111' title='bbox 3841 901 3946 956; x_wconf 92' lang='lat' dir='ltr'>ad-</span> 
     </span>
    </p>
   </div>
   <div class='ocr_carea' id='block_1_17' title="bbox 2295 986 3947 1059">
    <p class='ocr_par' dir='ltr' id='par_1_17' title="bbox 2295 986 3947 1059">
     <span class='ocr_line' id='line_1_17' title="bbox 2295 986 3947 1059; baseline 0.001 -17"><span class='ocrx_word' id='word_1_112' title='bbox 2295 986 2617 1042; x_wconf 83' lang='lat' dir='ltr'>mittinus?</span> <span class='ocrx_word' id='word_1_113' title='bbox 2669 993 2792 1042; x_wconf 87' lang='lat' dir='ltr'>Imo</span> <span class='ocrx_word' id='word_1_114' title='bbox 2831 1004 2866 1042; x_wconf 91' lang='lat' dir='ltr'>a</span> <span class='ocrx_word' id='word_1_115' title='bbox 2911 988 3127 1058; x_wconf 88' lang='lat' dir='ltr'>quibus</span> <span class='ocrx_word' id='word_1_116' title='bbox 3157 988 3323 1059; x_wconf 91' lang='lat' dir='ltr'>prodi</span> <span class='ocrx_word' id='word_1_117' title='bbox 3376 987 3622 1059; x_wconf 87' lang='lat' dir='ltr'>potuit?</span> <span class='ocrx_word' id='word_1_118' title='bbox 3677 989 3756 1042; x_wconf 81' lang='lat' dir='ltr'>Ab</span> <span class='ocrx_word' id='word_1_119' title='bbox 3799 987 3947 1059; x_wconf 83' lang='lat' dir='ltr'>ipsis</span> 
     </span>
    </p>
   </div>
   <div class='ocr_carea' id='block_1_18' title="bbox 2293 1076 3946 1148">
    <p class='ocr_par' dir='ltr' id='par_1_18' title="bbox 2293 1076 3946 1148">
     <span class='ocr_line' id='line_1_18' title="bbox 2293 1076 3946 1148; baseline -0.001 -16"><span class='ocrx_word' id='word_1_120' title='bbox 2293 1076 2449 1132; x_wconf 89' lang='lat' dir='ltr'>enim</span> <span class='ocrx_word' id='word_1_121' title='bbox 2481 1077 2632 1132; x_wconf 78' lang='lat'>309</span> <span class='ocrx_word' id='word_1_122' title='bbox 2668 1077 2779 1131; x_wconf 91' lang='lat' dir='ltr'>reis</span> <span class='ocrx_word' id='word_1_123' title='bbox 2813 1094 2924 1132; x_wconf 93' lang='lat' dir='ltr'>non</span> <span class='ocrx_word' id='word_1_124' title='bbox 2959 1076 3179 1148; x_wconf 90' lang='lat' dir='ltr'>utique,</span> <span class='ocrx_word' id='word_1_125' title='bbox 3214 1093 3349 1131; x_wconf 90' lang='lat' dir='ltr'>cum</span> <span class='ocrx_word' id='word_1_126' title='bbox 3380 1076 3465 1131; x_wconf 88' lang='lat' dir='ltr'>vel</span> <span class='ocrx_word' id='word_1_127' title='bbox 3495 1091 3564 1131; x_wconf 85' lang='lat' dir='ltr'>ex</span> <span class='ocrx_word' id='word_1_128' title='bbox 3612 1076 3799 1132; x_wconf 85' lang='lat' dir='ltr'>forma</span> <span class='ocrx_word' id='word_1_129' title='bbox 3831 1076 3946 1148; x_wconf 90' lang='lat'>(53)</span> 
     </span>
    </p>
   </div>
   <div class='ocr_carea' id='block_1_19' title="bbox 2293 1165 3943 1237">
    <p class='ocr_par' dir='ltr' id='par_1_19' title="bbox 2293 1165 3943 1237">
     <span class='ocr_line' id='line_1_19' title="bbox 2293 1165 3943 1237; baseline -0.001 -16"><span class='ocrx_word' id='word_1_130' title='bbox 2293 1165 2568 1222; x_wconf 87' lang='lat' dir='ltr'>omnibus</span> <span class='ocrx_word' id='word_1_131' title='bbox 2622 1167 2914 1237; x_wconf 84' lang='lat' dir='ltr'>mysteriis</span> <span class='ocrx_word' id='word_1_132' title='bbox 2965 1167 3007 1200; x_wconf 72' lang='lat'>‘7</span> <span class='ocrx_word' id='word_1_133' title='bbox 3057 1165 3276 1220; x_wconf 87' lang='lat' dir='ltr'>silentii</span> <span class='ocrx_word' id='word_1_134' title='bbox 3321 1165 3466 1221; x_wconf 82' lang='lat' dir='ltr'>fides</span> <span class='ocrx_word' id='word_1_135' title='bbox 3497 1166 3800 1221; x_wconf 83' lang='lat' dir='ltr'>debeatur.</span> <span class='ocrx_word' id='word_1_136' title='bbox 3835 1165 3943 1220; x_wconf 85' lang='lat' dir='ltr'>Sa-</span> 
     </span>
    </p>
   </div>
   <div class='ocr_carea' id='block_1_20' title="bbox 2293 1253 3943 1327">
    <p class='ocr_par' dir='ltr' id='par_1_20' title="bbox 2293 1253 3943 1327">
     <span class='ocr_line' id='line_1_20' title="bbox 2293 1253 3943 1327; baseline 0 -18"><span class='ocrx_word' id='word_1_137' title='bbox 2293 1255 2620 1310; x_wconf 88' lang='lat' dir='ltr'>mothracia</span> <span class='ocrx_word' id='word_1_138' title='bbox 2648 1256 2759 1326; x_wconf 78' lang='grc'>(54)</span> <span class='ocrx_word' id='word_1_139' title='bbox 2789 1259 2846 1310; x_wconf 88' lang='lat' dir='ltr'>et</span> <span class='ocrx_word' id='word_1_140' title='bbox 2876 1253 3173 1310; x_wconf 81' lang='lat' dir='ltr'>Eleusinia</span> <span class='ocrx_word' id='word_1_141' title='bbox 3202 1256 3519 1310; x_wconf 88' lang='lat' dir='ltr'>reticentur</span> <span class='ocrx_word' id='word_1_142' title='bbox 3550 1256 3692 1327; x_wconf 84' lang='lat'>(55):</span> <span class='ocrx_word' id='word_1_143' title='bbox 3723 1260 3943 1326; x_wconf 91' lang='lat' dir='ltr'>quanto</span> 
     </span>
    </p>
   </div>
   <div class='ocr_carea' id='block_1_21' title="bbox 1965 1373 2500 1435">
    <p class='ocr_par' dir='ltr' id='par_1_21' title="bbox 1965 1373 2500 1435">
     <span class='ocr_line' id='line_1_21' title="bbox 1965 1373 2500 1435; baseline 0 -3"><span class='ocrx_word' id='word_1_144' title='bbox 1965 1373 2172 1433; x_wconf 76' lang='lat' dir='ltr'>Variae</span> <span class='ocrx_word' id='word_1_145' title='bbox 2203 1373 2500 1435; x_wconf 76' lang='lat' dir='ltr'>lectiones</span> 
     </span>
    </p>
   </div>
   <div class='ocr_carea' id='block_1_22' title="bbox 602 1475 1843 1547">
    <p class='ocr_par' dir='ltr' id='par_1_22' title="bbox 602 1475 1843 1547">
     <span class='ocr_line' id='line_1_22' title="bbox 602 1475 1843 1547; baseline 0.002 -16"><span class='ocrx_word' id='word_1_146' title='bbox 602 1477 649 1512; x_wconf 79' lang='grc'>⁴²</span> <span class='ocrx_word' id='word_1_147' title='bbox 678 1475 914 1547; x_wconf 86' lang='lat' dir='ltr'>Proprie</span> <span class='ocrx_word' id='word_1_148' title='bbox 947 1481 1077 1531; x_wconf 87' lang='lat' dir='ltr'>Par.</span> <span class='ocrx_word' id='word_1_149' title='bbox 1174 1477 1220 1512; x_wconf 76' lang='lat'><strong>&quot;</strong></span> <span class='ocrx_word' id='word_1_150' title='bbox 1265 1477 1610 1533; x_wconf 90' lang='lat' dir='ltr'>Sirenarum</span> <span class='ocrx_word' id='word_1_151' title='bbox 1660 1481 1843 1533; x_wconf 67' lang='lat' dir='ltr'>Paris&#39;</span> 
     </span>
    </p>
   </div>
   <div class='ocr_carea' id='block_1_23' title="bbox 1943 1477 3942 1551">
    <p class='ocr_par' dir='ltr' id='par_1_23' title="bbox 1943 1477 3942 1551">
     <span class='ocr_line' id='line_1_23' title="bbox 1943 1477 3942 1551; baseline -0.002 -16"><span class='ocrx_word' id='word_1_152' title='bbox 1943 1479 1988 1512; x_wconf 80' lang='lat'><strong>“</strong></span> <span class='ocrx_word' id='word_1_153' title='bbox 2035 1479 2416 1551; x_wconf 21' lang='lat' dir='ltr'>CoddnAgob.</span> <span class='ocrx_word' id='word_1_154' title='bbox 2461 1489 2512 1535; x_wconf 86' lang='lat' dir='ltr'>et</span> <span class='ocrx_word' id='word_1_155' title='bbox 2562 1479 2730 1549; x_wconf 85' lang='lat' dir='ltr'>Ludg,</span> <span class='ocrx_word' id='word_1_156' title='bbox 2772 1477 3066 1549; x_wconf 91' lang='lat' dir='ltr'>judicium</span> <span class='ocrx_word' id='word_1_157' title='bbox 3119 1477 3475 1551; x_wconf 80' lang='lat' dir='ltr'>reservavit;</span> <span class='ocrx_word' id='word_1_158' title='bbox 3515 1482 3674 1545; x_wconf 84' lang='lat' dir='ltr'>Her.,</span> <span class='ocrx_word' id='word_1_159' title='bbox 3708 1479 3830 1548; x_wconf 85' lang='lat' dir='ltr'>Rig.</span> <span class='ocrx_word' id='word_1_160' title='bbox 3888 1481 3942 1533; x_wconf 82' lang='lat' dir='ltr'>et</span> 
     </span>
    </p>
   </div>
   <div class='ocr_carea' id='block_1_24' title="bbox 525 1549 3947 1622">
    <p class='ocr_par' dir='ltr' id='par_1_24' title="bbox 525 1549 3947 1622">
     <span class='ocr_line' id='line_1_24' title="bbox 525 1549 3947 1622; baseline -0 -17"><span class='ocrx_word' id='word_1_161' title='bbox 525 1550 658 1605; x_wconf 81' lang='lat' dir='ltr'>liav.</span> <span class='ocrx_word' id='word_1_162' title='bbox 683 1549 869 1622; x_wconf 75' lang='lat' dir='ltr'>judici</span> <span class='ocrx_word' id='word_1_163' title='bbox 902 1549 1252 1622; x_wconf 89' lang='lat' dir='ltr'>reservavit;</span> <span class='ocrx_word' id='word_1_164' title='bbox 1288 1550 1455 1606; x_wconf 81' lang='lat' dir='ltr'>Rhen.</span> <span class='ocrx_word' id='word_1_165' title='bbox 1483 1551 1777 1617; x_wconf 85' lang='lat' dir='ltr'>judicium</span> <span class='ocrx_word' id='word_1_166' title='bbox 1812 1553 2164 1618; x_wconf 79' lang='lat' dir='ltr'>reservavit;</span> <span class='ocrx_word' id='word_1_167' title='bbox 2208 1549 2520 1622; x_wconf 73' lang='lat' dir='ltr'>Gangnmus</span> <span class='ocrx_word' id='word_1_168' title='bbox 2552 1561 2602 1605; x_wconf 84' lang='lat' dir='ltr'>et</span> <span class='ocrx_word' id='word_1_169' title='bbox 2630 1551 2798 1605; x_wconf 85' lang='lat' dir='ltr'>Seml.</span> <span class='ocrx_word' id='word_1_170' title='bbox 2832 1551 3014 1622; x_wconf 87' lang='lat' dir='ltr'>judici</span> <span class='ocrx_word' id='word_1_171' title='bbox 3065 1549 3365 1606; x_wconf 87' lang='lat' dir='ltr'>reseravit.</span> <span class='ocrx_word' id='word_1_172' title='bbox 3440 1551 3484 1583; x_wconf 70' lang='grc'>⁸⁵</span> <span class='ocrx_word' id='word_1_173' title='bbox 3512 1552 3671 1605; x_wconf 82' lang='lat' dir='ltr'>Forte</span> <span class='ocrx_word' id='word_1_174' title='bbox 3697 1567 3716 1604; x_wconf 87' lang='lat'><em>:</em></span> <span class='ocrx_word' id='word_1_175' title='bbox 3748 1552 3947 1622; x_wconf 83' lang='lat' dir='ltr'>aliqua</span> 
     </span>
    </p>
   </div>
   <div class='ocr_carea' id='block_1_25' title="bbox 525 1621 2731 1694">
    <p class='ocr_par' dir='ltr' id='par_1_25' title="bbox 525 1621 2731 1694">
     <span class='ocr_line' id='line_1_25' title="bbox 525 1621 2731 1694; baseline -0 -17"><span class='ocrx_word' id='word_1_176' title='bbox 525 1636 782 1692; x_wconf 89' lang='lat' dir='ltr'>unquam</span> <span class='ocrx_word' id='word_1_177' title='bbox 811 1621 1034 1676; x_wconf 83' lang='lat' dir='ltr'>Haverc.</span> <span class='ocrx_word' id='word_1_178' title='bbox 1110 1621 1152 1654; x_wconf 77' lang='grc'><strong>⁴⁶</strong></span> <span class='ocrx_word' id='word_1_179' title='bbox 1185 1622 1453 1677; x_wconf 85' lang='lat' dir='ltr'>Vendens</span> <span class='ocrx_word' id='word_1_180' title='bbox 1482 1624 1663 1677; x_wconf 69' lang='lat' dir='ltr'>Paris.</span> <span class='ocrx_word' id='word_1_181' title='bbox 1742 1623 1784 1656; x_wconf 73' lang='lat'>‘7</span> <span class='ocrx_word' id='word_1_182' title='bbox 1813 1623 2091 1678; x_wconf 89' lang='lat' dir='ltr'>Omnium</span> <span class='ocrx_word' id='word_1_183' title='bbox 2124 1621 2467 1694; x_wconf 85' lang='lat' dir='ltr'>mysterium</span> <span class='ocrx_word' id='word_1_184' title='bbox 2499 1623 2731 1678; x_wconf 81' lang='lat' dir='ltr'>Semter.</span> 
     </span>
    </p>
   </div>
   <div class='ocr_carea' id='block_1_26' title="bbox 1973 1739 2494 1800">
    <p class='ocr_par' dir='ltr' id='par_1_26' title="bbox 1973 1739 2494 1800">
     <span class='ocr_line' id='line_1_26' title="bbox 1973 1739 2494 1800; baseline 0 0"><span class='ocrx_word' id='word_1_185' title='bbox 1973 1739 2494 1800; x_wconf 87' lang='lat' dir='ltr'>Commentarius.</span> 
     </span>
    </p>
   </div>
   <div class='ocr_carea' id='block_1_27' title="bbox 595 1846 2171 1916">
    <p class='ocr_par' dir='ltr' id='par_1_27' title="bbox 595 1846 2171 1916">
     <span class='ocr_line' id='line_1_27' title="bbox 595 1846 2171 1916; baseline 0.001 -16"><span class='ocrx_word' id='word_1_186' title='bbox 595 1847 704 1916; x_wconf 79' lang='grc'>(48)</span> <span class='ocrx_word' id='word_1_187' title='bbox 755 1847 890 1902; x_wconf 86' lang='lat' dir='ltr'>Cum</span> <span class='ocrx_word' id='word_1_188' title='bbox 938 1846 1060 1903; x_wconf 82' lang='lat' dir='ltr'>odio</span> <span class='ocrx_word' id='word_1_189' title='bbox 1111 1848 1222 1912; x_wconf 81' lang='lat' dir='ltr'>sui,</span> <span class='ocrx_word' id='word_1_190' title='bbox 1281 1850 1388 1900; x_wconf 87' lang='lat' dir='ltr'>etc.</span> <span class='ocrx_word' id='word_1_191' title='bbox 1445 1850 1662 1902; x_wconf 87' lang='lat' dir='ltr'>Sensus</span> <span class='ocrx_word' id='word_1_192' title='bbox 1717 1852 1804 1901; x_wconf 92' lang='lat' dir='ltr'>est</span> <span class='ocrx_word' id='word_1_193' title='bbox 1862 1862 1875 1900; x_wconf 93' lang='lat'>:</span> <span class='ocrx_word' id='word_1_194' title='bbox 1937 1847 2171 1911; x_wconf 87' lang='lat' dir='ltr'>veritas,</span> 
     </span>
    </p>
   </div>
   <div class='ocr_carea' id='block_1_28' title="bbox 528 1917 2172 1989">
    <p class='ocr_par' dir='ltr' id='par_1_28' title="bbox 528 1917 2172 1989">
     <span class='ocr_line' id='line_1_28' title="bbox 528 1917 2172 1989; baseline -0.001 -15"><span class='ocrx_word' id='word_1_195' title='bbox 528 1919 706 1974; x_wconf 89' lang='lat' dir='ltr'>simul</span> <span class='ocrx_word' id='word_1_196' title='bbox 737 1925 908 1989; x_wconf 87' lang='lat' dir='ltr'>atque</span> <span class='ocrx_word' id='word_1_197' title='bbox 948 1921 1235 1989; x_wconf 87' lang='lat' dir='ltr'>apparuit,</span> <span class='ocrx_word' id='word_1_198' title='bbox 1280 1918 1452 1989; x_wconf 71' lang='lat' dir='ltr'>C(Bpit</span> <span class='ocrx_word' id='word_1_199' title='bbox 1501 1935 1632 1974; x_wconf 90' lang='lat' dir='ltr'>cum</span> <span class='ocrx_word' id='word_1_200' title='bbox 1664 1919 1794 1973; x_wconf 93' lang='lat' dir='ltr'>odio</span> <span class='ocrx_word' id='word_1_201' title='bbox 1837 1917 1929 1972; x_wconf 91' lang='lat' dir='ltr'>sui</span> <span class='ocrx_word' id='word_1_202' title='bbox 1963 1924 2020 1973; x_wconf 89' lang='lat' dir='ltr'>at</span> <span class='ocrx_word' id='word_1_203' title='bbox 2059 1919 2172 1972; x_wconf 91' lang='lat' dir='ltr'>ini-</span> 
     </span>
    </p>
   </div>
   <div class='ocr_carea' id='block_1_29' title="bbox 529 1990 2176 2061">
    <p class='ocr_par' dir='ltr' id='par_1_29' title="bbox 529 1990 2176 2061">
     <span class='ocr_line' id='line_1_29' title="bbox 529 1990 2176 2061; baseline 0 -17"><span class='ocrx_word' id='word_1_204' title='bbox 529 1991 681 2045; x_wconf 91' lang='lat' dir='ltr'>mica</span> <span class='ocrx_word' id='word_1_205' title='bbox 713 1991 840 2046; x_wconf 84' lang='lat' dir='ltr'>fuit.</span> <span class='ocrx_word' id='word_1_206' title='bbox 883 1990 1026 2045; x_wconf 87' lang='lat' dir='ltr'>Odio</span> <span class='ocrx_word' id='word_1_207' title='bbox 1078 1996 1250 2061; x_wconf 90' lang='lat' dir='ltr'>atque</span> <span class='ocrx_word' id='word_1_208' title='bbox 1283 2007 1397 2044; x_wconf 87' lang='lat' dir='ltr'>non</span> <span class='ocrx_word' id='word_1_209' title='bbox 1446 1995 1675 2044; x_wconf 87' lang='lat' dir='ltr'>tantum</span> <span class='ocrx_word' id='word_1_210' title='bbox 1709 1992 1946 2056; x_wconf 91' lang='lat' dir='ltr'>habent,</span> <span class='ocrx_word' id='word_1_211' title='bbox 1979 1991 2079 2044; x_wconf 90' lang='lat' dir='ltr'>sed</span> <span class='ocrx_word' id='word_1_212' title='bbox 2113 1995 2176 2044; x_wconf 92' lang='lat' dir='ltr'>ut</span> 
     </span>
    </p>
   </div>
   <div class='ocr_carea' id='block_1_30' title="bbox 529 2061 2172 2133">
    <p class='ocr_par' dir='ltr' id='par_1_30' title="bbox 529 2061 2172 2133">
     <span class='ocr_line' id='line_1_30' title="bbox 529 2061 2172 2133; baseline -0.001 -16"><span class='ocrx_word' id='word_1_213' title='bbox 529 2062 726 2118; x_wconf 81' lang='lat' dir='ltr'>hostes</span> <span class='ocrx_word' id='word_1_214' title='bbox 757 2062 933 2117; x_wconf 89' lang='lat' dir='ltr'>etiam</span> <span class='ocrx_word' id='word_1_215' title='bbox 989 2062 1680 2133; x_wconf 17' lang='lat' dir='ltr'>perscquuntur.AJunius</span> <span class='ocrx_word' id='word_1_216' title='bbox 1731 2064 1809 2116; x_wconf 90' lang='lat' dir='ltr'>ita</span> <span class='ocrx_word' id='word_1_217' title='bbox 1842 2061 2172 2133; x_wconf 85' lang='lat' dir='ltr'>distinguit,</span> 
     </span>
    </p>
   </div>
   <div class='ocr_carea' id='block_1_31' title="bbox 531 2131 2172 2201">
    <p class='ocr_par' dir='ltr' id='par_1_31' title="bbox 531 2131 2172 2201">
     <span class='ocr_line' id='line_1_31' title="bbox 531 2131 2172 2201; baseline 0.002 -18"><span class='ocrx_word' id='word_1_218' title='bbox 531 2157 560 2183; x_wconf 75' lang='grc' dir='ltr'>ι(</span> <span class='ocrx_word' id='word_1_219' title='bbox 591 2136 636 2188; x_wconf 88' lang='grc' dir='ltr'><strong>Α</strong></span> <span class='ocrx_word' id='word_1_220' title='bbox 660 2135 888 2189; x_wconf 88' lang='lat' dir='ltr'>Tiberio</span> <span class='ocrx_word' id='word_1_221' title='bbox 920 2131 1008 2186; x_wconf 85' lang='lat' dir='ltr'>est</span> <span class='ocrx_word' id='word_1_222' title='bbox 1037 2131 1333 2188; x_wconf 24' lang='lat' dir='ltr'>cum’odio</span> <span class='ocrx_word' id='word_1_223' title='bbox 1367 2131 1478 2201; x_wconf 91' lang='lat' dir='ltr'>sui,</span> <span class='ocrx_word' id='word_1_224' title='bbox 1513 2155 1539 2182; x_wconf 89' lang='grc'><strong>››</strong></span> <span class='ocrx_word' id='word_1_225' title='bbox 1583 2133 1724 2187; x_wconf 89' lang='lat' dir='ltr'>Coll.</span> <span class='ocrx_word' id='word_1_226' title='bbox 1762 2133 1910 2186; x_wconf 86' lang='lat' dir='ltr'>Mod.</span> <span class='ocrx_word' id='word_1_227' title='bbox 1969 2155 1996 2182; x_wconf 88' lang='lat'><strong>«</strong></span> <span class='ocrx_word' id='word_1_228' title='bbox 2031 2131 2172 2187; x_wconf 78' lang='lat' dir='ltr'>Cum</span> 
     </span>
    </p>
   </div>
   <div class='ocr_carea' id='block_1_32' title="bbox 528 2203 2174 2275">
    <p class='ocr_par' dir='ltr' id='par_1_32' title="bbox 528 2203 2174 2275">
     <span class='ocr_line' id='line_1_32' title="bbox 528 2203 2174 2275; baseline -0.002 -14"><span class='ocrx_word' id='word_1_229' title='bbox 528 2207 661 2261; x_wconf 93' lang='lat' dir='ltr'>odio</span> <span class='ocrx_word' id='word_1_230' title='bbox 707 2205 797 2260; x_wconf 89' lang='lat' dir='ltr'>sui</span> <span class='ocrx_word' id='word_1_231' title='bbox 851 2205 1023 2274; x_wconf 84' lang='lat' dir='ltr'>coepit</span> <span class='ocrx_word' id='word_1_232' title='bbox 1056 2204 1232 2260; x_wconf 89' lang='lat' dir='ltr'>simul</span> <span class='ocrx_word' id='word_1_233' title='bbox 1264 2205 1477 2259; x_wconf 86' lang='lat' dir='ltr'>veritas</span> <span class='ocrx_word' id='word_1_234' title='bbox 1510 2214 1683 2275; x_wconf 87' lang='lat' dir='ltr'>atque</span> <span class='ocrx_word' id='word_1_235' title='bbox 1715 2203 1952 2258; x_wconf 90' lang='lat' dir='ltr'>inimica</span> <span class='ocrx_word' id='word_1_236' title='bbox 1989 2211 2099 2258; x_wconf 90' lang='lat' dir='ltr'>est.</span> <span class='ocrx_word' id='word_1_237' title='bbox 2147 2226 2174 2251; x_wconf 91' lang='grc'><strong>››</strong></span> 
     </span>
    </p>
   </div>
   <div class='ocr_carea' id='block_1_33' title="bbox 529 2277 1351 2347">
    <p class='ocr_par' dir='ltr' id='par_1_33' title="bbox 529 2277 1351 2347">
     <span class='ocr_line' id='line_1_33' title="bbox 529 2277 1351 2347; baseline -0.002 -16"><span class='ocrx_word' id='word_1_238' title='bbox 529 2283 811 2332; x_wconf 75' lang='lat' dir='ltr'>Barrzeus.</span> <span class='ocrx_word' id='word_1_239' title='bbox 846 2299 873 2325; x_wconf 85' lang='lat'><strong>«</strong></span> <span class='ocrx_word' id='word_1_240' title='bbox 905 2277 1090 2347; x_wconf 66' lang='lat' dir='ltr'>Coepit</span> <span class='ocrx_word' id='word_1_241' title='bbox 1137 2277 1351 2331; x_wconf 89' lang='lat' dir='ltr'>veritas</span> 
     </span>
    </p>
   </div>
   <div class='ocr_carea' id='block_1_34' title="bbox 528 2346 2174 2418">
    <p class='ocr_par' dir='ltr' id='par_1_34' title="bbox 528 2346 2174 2418">
     <span class='ocr_line' id='line_1_34' title="bbox 528 2346 2174 2418; baseline -0.004 -14"><span class='ocrx_word' id='word_1_242' title='bbox 528 2365 676 2404; x_wconf 84' lang='lat' dir='ltr'>esse.</span> <span class='ocrx_word' id='word_1_243' title='bbox 712 2371 738 2399; x_wconf 82' lang='lat'>»</span> <span class='ocrx_word' id='word_1_244' title='bbox 772 2346 1118 2402; x_wconf 69' lang='lat' dir='ltr'>Membrana.-</span> <span class='ocrx_word' id='word_1_245' title='bbox 1150 2348 1332 2418; x_wconf 88' lang='lat' dir='ltr'>Lugd.</span> <span class='ocrx_word' id='word_1_246' title='bbox 1382 2347 1502 2400; x_wconf 92' lang='lat' dir='ltr'>Bat.</span> <span class='ocrx_word' id='word_1_247' title='bbox 1553 2365 1589 2402; x_wconf 90' lang='lat' dir='ltr'>a</span> <span class='ocrx_word' id='word_1_248' title='bbox 1638 2348 1842 2401; x_wconf 77' lang='lat' dir='ltr'>Tiberio</span> <span class='ocrx_word' id='word_1_249' title='bbox 1873 2367 1892 2411; x_wconf 84' lang='lat'>;</span> <span class='ocrx_word' id='word_1_250' title='bbox 1933 2346 2086 2401; x_wconf 89' lang='lat' dir='ltr'>delet</span> <span class='ocrx_word' id='word_1_251' title='bbox 2114 2346 2174 2398; x_wconf 85' lang='grc' dir='ltr'>τὸ</span> 
     </span>
    </p>
   </div>
   <div class='ocr_carea' id='block_1_35' title="bbox 526 2418 2174 2488">
    <p class='ocr_par' dir='ltr' id='par_1_35' title="bbox 526 2418 2174 2488">
     <span class='ocr_line' id='line_1_35' title="bbox 526 2418 2174 2488; baseline -0.002 -12"><span class='ocrx_word' id='word_1_252' title='bbox 526 2429 621 2476; x_wconf 83' lang='lat' dir='ltr'>est.</span> <span class='ocrx_word' id='word_1_253' title='bbox 659 2441 686 2467; x_wconf 86' lang='lat'><strong>«</strong></span> <span class='ocrx_word' id='word_1_254' title='bbox 719 2421 860 2475; x_wconf 90' lang='lat' dir='ltr'>Cum</span> <span class='ocrx_word' id='word_1_255' title='bbox 893 2419 1025 2474; x_wconf 85' lang='lat' dir='ltr'>odio</span> <span class='ocrx_word' id='word_1_256' title='bbox 1057 2420 1147 2474; x_wconf 91' lang='lat' dir='ltr'>sui</span> <span class='ocrx_word' id='word_1_257' title='bbox 1179 2419 1346 2488; x_wconf 71' lang='lat' dir='ltr'>cmpit</span> <span class='ocrx_word' id='word_1_258' title='bbox 1377 2418 1552 2473; x_wconf 87' lang='lat' dir='ltr'>simul</span> <span class='ocrx_word' id='word_1_259' title='bbox 1601 2419 1835 2481; x_wconf 86' lang='lat' dir='ltr'>veritas,</span> <span class='ocrx_word' id='word_1_260' title='bbox 1869 2422 2044 2488; x_wconf 90' lang='lat' dir='ltr'>atque</span> <span class='ocrx_word' id='word_1_261' title='bbox 2075 2435 2174 2488; x_wconf 86' lang='lat' dir='ltr'>ap-</span> 
     </span>
    </p>
   </div>
   <div class='ocr_carea' id='block_1_36' title="bbox 526 2489 2177 2564">
    <p class='ocr_par' dir='ltr' id='par_1_36' title="bbox 526 2489 2177 2564">
     <span class='ocr_line' id='line_1_36' title="bbox 526 2489 2177 2564; baseline -0.002 -17"><span class='ocrx_word' id='word_1_262' title='bbox 526 2491 738 2564; x_wconf 88' lang='lat' dir='ltr'>paruit,</span> <span class='ocrx_word' id='word_1_263' title='bbox 773 2491 1013 2564; x_wconf 84' lang='lat' dir='ltr'>inimica</span> <span class='ocrx_word' id='word_1_264' title='bbox 1042 2495 1150 2546; x_wconf 92' lang='lat' dir='ltr'>est.</span> <span class='ocrx_word' id='word_1_265' title='bbox 1197 2513 1223 2539; x_wconf 83' lang='lat'>»</span> <span class='ocrx_word' id='word_1_266' title='bbox 1257 2489 1427 2560; x_wconf 86' lang='lat' dir='ltr'>Lego,</span> <span class='ocrx_word' id='word_1_267' title='bbox 1463 2513 1491 2564; x_wconf 57' lang='grc' dir='ltr'>(ς</span> <span class='ocrx_word' id='word_1_268' title='bbox 1527 2490 1670 2564; x_wconf 81' lang='lat' dir='ltr'>Cum</span> <span class='ocrx_word' id='word_1_269' title='bbox 1704 2491 1834 2564; x_wconf 88' lang='lat' dir='ltr'>odio</span> <span class='ocrx_word' id='word_1_270' title='bbox 1863 2506 1968 2544; x_wconf 92' lang='lat' dir='ltr'>suo</span> <span class='ocrx_word' id='word_1_271' title='bbox 2001 2489 2177 2564; x_wconf 63' lang='lat' dir='ltr'>carpit</span> 
     </span>
    </p>
   </div>
   <div class='ocr_carea' id='block_1_37' title="bbox 526 2561 2172 2633">
    <p class='ocr_par' dir='ltr' id='par_1_37' title="bbox 526 2561 2172 2633">
     <span class='ocr_line' id='line_1_37' title="bbox 526 2561 2172 2633; baseline -0.003 -13"><span class='ocrx_word' id='word_1_272' title='bbox 526 2561 738 2620; x_wconf 77' lang='lat' dir='ltr'>veritas</span> <span class='ocrx_word' id='word_1_273' title='bbox 771 2580 785 2618; x_wconf 90' lang='lat'><strong>:</strong></span> <span class='ocrx_word' id='word_1_274' title='bbox 820 2563 996 2617; x_wconf 87' lang='lat' dir='ltr'>simul</span> <span class='ocrx_word' id='word_1_275' title='bbox 1029 2569 1202 2633; x_wconf 88' lang='lat' dir='ltr'>atque</span> <span class='ocrx_word' id='word_1_276' title='bbox 1241 2561 1532 2633; x_wconf 84' lang='lat' dir='ltr'>apparuit,</span> <span class='ocrx_word' id='word_1_277' title='bbox 1565 2561 1801 2616; x_wconf 89' lang='lat' dir='ltr'>inimica</span> <span class='ocrx_word' id='word_1_278' title='bbox 1833 2565 1921 2616; x_wconf 90' lang='lat' dir='ltr'>est</span> <span class='ocrx_word' id='word_1_279' title='bbox 1945 2578 1973 2633; x_wconf 13' lang='lat'>;7</span> <span class='ocrx_word' id='word_1_280' title='bbox 1995 2584 2015 2610; x_wconf 75' lang='grc'><strong>1</strong></span> <span class='ocrx_word' id='word_1_281' title='bbox 2050 2561 2087 2614; x_wconf 94' lang='lat' dir='ltr'>i.</span> <span class='ocrx_word' id='word_1_282' title='bbox 2123 2577 2172 2615; x_wconf 90' lang='lat' dir='ltr'>e.</span> 
     </span>
    </p>
   </div>
   <div class='ocr_carea' id='block_1_38' title="bbox 529 2632 2172 2707">
    <p class='ocr_par' dir='ltr' id='par_1_38' title="bbox 529 2632 2172 2707">
     <span class='ocr_line' id='line_1_38' title="bbox 529 2632 2172 2707; baseline -0.002 -18"><span class='ocrx_word' id='word_1_283' title='bbox 529 2636 966 2707; x_wconf 83' lang='lat' dir='ltr'>quamprimum</span> <span class='ocrx_word' id='word_1_284' title='bbox 1015 2632 1328 2707; x_wconf 65' lang='lat' dir='ltr'>apparuit.</span> <span class='ocrx_word' id='word_1_285' title='bbox 1362 2634 1557 2707; x_wconf 83' lang='lat' dir='ltr'>Potest</span> <span class='ocrx_word' id='word_1_286' title='bbox 1605 2633 1800 2707; x_wconf 83' lang='lat' dir='ltr'>et__sic</span> <span class='ocrx_word' id='word_1_287' title='bbox 1845 2632 2124 2707; x_wconf 85' lang='lat' dir='ltr'>distingui</span> <span class='ocrx_word' id='word_1_288' title='bbox 2160 2649 2172 2685; x_wconf 77' lang='grc' dir='ltr'>ς</span> 
     </span>
    </p>
   </div>
   <div class='ocr_carea' id='block_1_39' title="bbox 526 2703 2177 2776">
    <p class='ocr_par' dir='ltr' id='par_1_39' title="bbox 526 2703 2177 2776">
     <span class='ocr_line' id='line_1_39' title="bbox 526 2703 2177 2776; baseline 0 -18"><span class='ocrx_word' id='word_1_289' title='bbox 526 2703 731 2761; x_wconf 63' lang='grc' dir='ltr'>ᾱουηί</span> <span class='ocrx_word' id='word_1_290' title='bbox 773 2705 905 2760; x_wconf 91' lang='lat' dir='ltr'>odio</span> <span class='ocrx_word' id='word_1_291' title='bbox 935 2705 1026 2760; x_wconf 92' lang='lat' dir='ltr'>sui</span> <span class='ocrx_word' id='word_1_292' title='bbox 1057 2703 1266 2774; x_wconf 68' lang='lat' dir='ltr'>ecepit.</span> <span class='ocrx_word' id='word_1_293' title='bbox 1305 2727 1325 2776; x_wconf 48' lang='grc' dir='ltr'><strong><em>γ</em></strong></span> <span class='ocrx_word' id='word_1_294' title='bbox 1370 2721 1450 2758; x_wconf 87' lang='lat' dir='ltr'>sc.</span> <span class='ocrx_word' id='word_1_295' title='bbox 1485 2703 1832 2776; x_wconf 81' lang='lat' dir='ltr'>disciplina;</span> <span class='ocrx_word' id='word_1_296' title='bbox 1895 2723 1923 2754; x_wconf 75' lang='grc' dir='ltr'><strong><em>α</em></strong></span> <span class='ocrx_word' id='word_1_297' title='bbox 1967 2703 2177 2758; x_wconf 90' lang='lat' dir='ltr'>veritas</span> 
     </span>
    </p>
   </div>
   <div class='ocr_carea' id='block_1_40' title="bbox 530 2775 1688 2847">
    <p class='ocr_par' dir='ltr' id='par_1_40' title="bbox 530 2775 1688 2847">
     <span class='ocr_line' id='line_1_40' title="bbox 530 2775 1688 2847; baseline -0.008 -15"><span class='ocrx_word' id='word_1_298' title='bbox 530 2777 705 2834; x_wconf 84' lang='lat' dir='ltr'>simul</span> <span class='ocrx_word' id='word_1_299' title='bbox 739 2784 910 2845; x_wconf 81' lang='lat' dir='ltr'>atque</span> <span class='ocrx_word' id='word_1_300' title='bbox 934 2778 1225 2847; x_wconf 86' lang='lat' dir='ltr'>apparuit,</span> <span class='ocrx_word' id='word_1_301' title='bbox 1250 2775 1487 2830; x_wconf 89' lang='lat' dir='ltr'>inimica</span> <span class='ocrx_word' id='word_1_302' title='bbox 1517 2775 1688 2830; x_wconf 37' lang='lat' dir='ltr'>estw)</span> 
     </span>
    </p>
   </div>
   <div class='ocr_carea' id='block_1_41' title="bbox 599 2845 2175 2919">
    <p class='ocr_par' dir='ltr' id='par_1_41' title="bbox 599 2845 2175 2919">
     <span class='ocr_line' id='line_1_41' title="bbox 599 2845 2175 2919; baseline -0.003 -17"><span class='ocrx_word' id='word_1_303' title='bbox 599 2851 711 2919; x_wconf 62' lang='lat'>(40)</span> <span class='ocrx_word' id='word_1_304' title='bbox 746 2850 826 2902; x_wconf 70' lang='lat' dir='ltr'>Ea:</span> <span class='ocrx_word' id='word_1_305' title='bbox 875 2845 1226 2902; x_wconf 71' lang='lat' dir='ltr'>concussione</span> <span class='ocrx_word' id='word_1_306' title='bbox 1280 2848 1526 2919; x_wconf 48' lang='lat' dir='ltr'>milites,</span> <span class='ocrx_word' id='word_1_307' title='bbox 1562 2847 1667 2912; x_wconf 92' lang='lat' dir='ltr'>Qui</span> <span class='ocrx_word' id='word_1_308' title='bbox 1726 2849 1953 2919; x_wconf 78' lang='lat' dir='ltr'>gratum</span> <span class='ocrx_word' id='word_1_309' title='bbox 2005 2862 2066 2901; x_wconf 91' lang='lat' dir='ltr'>se</span> <span class='ocrx_word' id='word_1_310' title='bbox 2100 2845 2175 2898; x_wconf 87' lang='lat' dir='ltr'>fa-</span> 
     </span>
    </p>
   </div>
   <div class='ocr_carea' id='block_1_42' title="bbox 527 2917 2175 2990">
    <p class='ocr_par' dir='ltr' id='par_1_42' title="bbox 527 2917 2175 2990">
     <span class='ocr_line' id='line_1_42' title="bbox 527 2917 2175 2990; baseline -0.004 -14"><span class='ocrx_word' id='word_1_311' title='bbox 527 2917 655 2976; x_wconf 84' lang='lat' dir='ltr'>cere</span> <span class='ocrx_word' id='word_1_312' title='bbox 675 2919 936 2975; x_wconf 88' lang='lat' dir='ltr'>arbitrati</span> <span class='ocrx_word' id='word_1_313' title='bbox 971 2919 1419 2990; x_wconf 86' lang='lat' dir='ltr'>imperatoribus</span> <span class='ocrx_word' id='word_1_314' title='bbox 1441 2918 1566 2972; x_wconf 91' lang='lat' dir='ltr'>suis</span> <span class='ocrx_word' id='word_1_315' title='bbox 1588 2917 2013 2973; x_wconf 89' lang='lat' dir='ltr'>commilitones</span> <span class='ocrx_word' id='word_1_316' title='bbox 2037 2933 2175 2971; x_wconf 90' lang='lat' dir='ltr'>suos</span> 
     </span>
    </p>
   </div>
   <div class='ocr_carea' id='block_1_43' title="bbox 534 2992 2172 3060">
    <p class='ocr_par' dir='ltr' id='par_1_43' title="bbox 534 2992 2172 3060">
     <span class='ocr_line' id='line_1_43' title="bbox 534 2992 2172 3060; baseline -0.003 -13"><span class='ocrx_word' id='word_1_317' title='bbox 534 2995 798 3054; x_wconf 90' lang='lat' dir='ltr'>tradunt,</span> <span class='ocrx_word' id='word_1_318' title='bbox 830 2993 1106 3060; x_wconf 92' lang='lat' dir='ltr'>produnt,</span> <span class='ocrx_word' id='word_1_319' title='bbox 1159 2995 1215 3046; x_wconf 90' lang='lat' dir='ltr'>et</span> <span class='ocrx_word' id='word_1_320' title='bbox 1267 2992 1554 3045; x_wconf 85' lang='lat' dir='ltr'>deferunt.</span> <span class='ocrx_word' id='word_1_321' title='bbox 1593 2992 1680 3046; x_wconf 87' lang='lat' dir='ltr'>Ita</span> <span class='ocrx_word' id='word_1_322' title='bbox 1712 3006 1919 3044; x_wconf 89' lang='lat' dir='ltr'>rursus</span> <span class='ocrx_word' id='word_1_323' title='bbox 1952 3005 2172 3044; x_wconf 82' lang='lat' dir='ltr'>concus-</span> 
     </span>
    </p>
   </div>
   <div class='ocr_carea' id='block_1_44' title="bbox 527 3061 2170 3131">
    <p class='ocr_par' dir='ltr' id='par_1_44' title="bbox 527 3061 2170 3131">
     <span class='ocr_line' id='line_1_44' title="bbox 527 3061 2170 3131; baseline -0.002 -13"><span class='ocrx_word' id='word_1_324' title='bbox 527 3067 664 3119; x_wconf 73' lang='lat' dir='ltr'>soris</span> <span class='ocrx_word' id='word_1_325' title='bbox 708 3063 986 3118; x_wconf 91' lang='lat' dir='ltr'>vocabulo</span> <span class='ocrx_word' id='word_1_326' title='bbox 1039 3064 1224 3116; x_wconf 89' lang='lat' dir='ltr'>utitur</span> <span class='ocrx_word' id='word_1_327' title='bbox 1280 3063 1347 3116; x_wconf 86' lang='lat' dir='ltr'>de</span> <span class='ocrx_word' id='word_1_328' title='bbox 1389 3063 1535 3131; x_wconf 82' lang='lat' dir='ltr'>Fuga</span> <span class='ocrx_word' id='word_1_329' title='bbox 1594 3066 1652 3116; x_wconf 84' lang='lat' dir='ltr'>in</span> <span class='ocrx_word' id='word_1_330' title='bbox 1682 3077 1910 3131; x_wconf 81' lang='lat' dir='ltr'>persec.,</span> <span class='ocrx_word' id='word_1_331' title='bbox 1954 3078 2004 3115; x_wconf 87' lang='lat' dir='ltr'>c.</span> <span class='ocrx_word' id='word_1_332' title='bbox 2059 3061 2170 3114; x_wconf 74' lang='lat'>13:</span> 
     </span>
    </p>
   </div>
   <div class='ocr_carea' id='block_1_45' title="bbox 534 3131 2173 3204">
    <p class='ocr_par' dir='ltr' id='par_1_45' title="bbox 534 3131 2173 3204">
     <span class='ocr_line' id='line_1_45' title="bbox 534 3131 2173 3204; baseline -0.002 -16"><span class='ocrx_word' id='word_1_333' title='bbox 534 3155 559 3188; x_wconf 74' lang='grc' dir='ltr'><strong><em>α</em></strong></span> <span class='ocrx_word' id='word_1_334' title='bbox 585 3135 731 3199; x_wconf 91' lang='lat' dir='ltr'>Quid</span> <span class='ocrx_word' id='word_1_335' title='bbox 763 3135 916 3190; x_wconf 92' lang='lat' dir='ltr'>enim</span> <span class='ocrx_word' id='word_1_336' title='bbox 947 3134 1088 3189; x_wconf 92' lang='lat' dir='ltr'>dicit</span> <span class='ocrx_word' id='word_1_337' title='bbox 1130 3135 1224 3188; x_wconf 91' lang='lat' dir='ltr'>ille</span> <span class='ocrx_word' id='word_1_338' title='bbox 1255 3149 1574 3188; x_wconf 89' lang='lat' dir='ltr'>concussor</span> <span class='ocrx_word' id='word_1_339' title='bbox 1597 3135 1623 3188; x_wconf 76' lang='lat' dir='ltr'>‘I</span> <span class='ocrx_word' id='word_1_340' title='bbox 1673 3131 1756 3187; x_wconf 91' lang='lat' dir='ltr'>Da</span> <span class='ocrx_word' id='word_1_341' title='bbox 1803 3131 1945 3186; x_wconf 89' lang='lat' dir='ltr'>mihi</span> <span class='ocrx_word' id='word_1_342' title='bbox 2002 3147 2173 3204; x_wconf 88' lang='lat' dir='ltr'>pecu-</span> 
     </span>
    </p>
   </div>
   <div class='ocr_carea' id='block_1_46' title="bbox 530 3203 2171 3273">
    <p class='ocr_par' dir='ltr' id='par_1_46' title="bbox 530 3203 2171 3273">
     <span class='ocr_line' id='line_1_46' title="bbox 530 3203 2171 3273; baseline -0.004 -11"><span class='ocrx_word' id='word_1_343' title='bbox 530 3209 709 3262; x_wconf 86' lang='lat' dir='ltr'>niam.</span> <span class='ocrx_word' id='word_1_344' title='bbox 744 3210 904 3262; x_wconf 85' lang='lat' dir='ltr'>Certe</span> <span class='ocrx_word' id='word_1_345' title='bbox 961 3223 1033 3261; x_wconf 89' lang='lat' dir='ltr'>ne</span> <span class='ocrx_word' id='word_1_346' title='bbox 1062 3223 1194 3262; x_wconf 88' lang='lat' dir='ltr'>eum</span> <span class='ocrx_word' id='word_1_347' title='bbox 1251 3205 1526 3260; x_wconf 82' lang='lat' dir='ltr'>tradat.»</span> <span class='ocrx_word' id='word_1_348' title='bbox 1587 3205 1655 3260; x_wconf 80' lang='lat' dir='ltr'>Et</span> <span class='ocrx_word' id='word_1_349' title='bbox 1721 3203 1885 3273; x_wconf 91' lang='lat' dir='ltr'>ibid.,</span> <span class='ocrx_word' id='word_1_350' title='bbox 1942 3203 2015 3256; x_wconf 40' lang='lat' dir='ltr'>c.’</span> <span class='ocrx_word' id='word_1_351' title='bbox 2058 3203 2171 3257; x_wconf 77' lang='lat'>13:</span> 
     </span>
    </p>
   </div>
   <div class='ocr_carea' id='block_1_47' title="bbox 529 3275 2174 3341">
    <p class='ocr_par' dir='ltr' id='par_1_47' title="bbox 529 3275 2174 3341">
     <span class='ocr_line' id='line_1_47' title="bbox 529 3275 2174 3341; baseline -0.001 -12"><span class='ocrx_word' id='word_1_352' title='bbox 529 3279 739 3333; x_wconf 82' lang='lat' dir='ltr'>«Dum</span> <span class='ocrx_word' id='word_1_353' title='bbox 783 3279 934 3333; x_wconf 90' lang='lat' dir='ltr'>scias</span> <span class='ocrx_word' id='word_1_354' title='bbox 984 3275 1263 3332; x_wconf 89' lang='lat' dir='ltr'>virsimile</span> <span class='ocrx_word' id='word_1_355' title='bbox 1309 3293 1419 3331; x_wconf 89' lang='lat' dir='ltr'>non</span> <span class='ocrx_word' id='word_1_356' title='bbox 1472 3291 1620 3341; x_wconf 90' lang='lat' dir='ltr'>esse,</span> <span class='ocrx_word' id='word_1_357' title='bbox 1683 3280 1744 3330; x_wconf 90' lang='lat' dir='ltr'>ut</span> <span class='ocrx_word' id='word_1_358' title='bbox 1789 3289 2174 3329; x_wconf 89' lang='lat' dir='ltr'>concussores</span> 
     </span>
    </p>
   </div>
   <div class='ocr_carea' id='block_1_48' title="bbox 529 3345 2176 3418">
    <p class='ocr_par' dir='ltr' id='par_1_48' title="bbox 529 3345 2176 3418">
     <span class='ocr_line' id='line_1_48' title="bbox 529 3345 2176 3418; baseline -0.004 -12"><span class='ocrx_word' id='word_1_359' title='bbox 529 3351 712 3406; x_wconf 88' lang='lat' dir='ltr'>nostri</span> <span class='ocrx_word' id='word_1_360' title='bbox 743 3350 802 3404; x_wconf 92' lang='lat' dir='ltr'>in</span> <span class='ocrx_word' id='word_1_361' title='bbox 837 3349 1154 3404; x_wconf 89' lang='lat' dir='ltr'>amicitiam</span> <span class='ocrx_word' id='word_1_362' title='bbox 1190 3347 1404 3402; x_wconf 89' lang='lat' dir='ltr'>redacti</span> <span class='ocrx_word' id='word_1_363' title='bbox 1439 3365 1537 3418; x_wconf 92' lang='lat' dir='ltr'>per</span> <span class='ocrx_word' id='word_1_364' title='bbox 1570 3363 1990 3411; x_wconf 89' lang='lat' dir='ltr'>mammonam,</span> <span class='ocrx_word' id='word_1_365' title='bbox 2033 3345 2176 3400; x_wconf 90' lang='lat' dir='ltr'>reci-</span> 
     </span>
    </p>
   </div>
   <div class='ocr_carea' id='block_1_49' title="bbox 569 3419 2178 3476">
    <p class='ocr_par' dir='ltr' id='par_1_49' title="bbox 569 3419 2178 3476">
     <span class='ocr_line' id='line_1_49' title="bbox 569 3419 2178 3476; baseline -0.004 -1"><span class='ocrx_word' id='word_1_366' title='bbox 569 3423 692 3476; x_wconf 89' lang='lat' dir='ltr'>iant</span> <span class='ocrx_word' id='word_1_367' title='bbox 739 3428 876 3475; x_wconf 90' lang='lat' dir='ltr'>tunc</span> <span class='ocrx_word' id='word_1_368' title='bbox 931 3437 1034 3475; x_wconf 90' lang='lat' dir='ltr'>nos</span> <span class='ocrx_word' id='word_1_369' title='bbox 1078 3423 1136 3476; x_wconf 89' lang='lat' dir='ltr'>in</span> <span class='ocrx_word' id='word_1_370' title='bbox 1171 3419 1544 3475; x_wconf 85' lang='lat' dir='ltr'>tabernacula</span> <span class='ocrx_word' id='word_1_371' title='bbox 1592 3424 1824 3474; x_wconf 70' lang='lat' dir='ltr'>aeterna.</span> <span class='ocrx_word' id='word_1_372' title='bbox 1860 3440 1886 3466; x_wconf 86' lang='lat'>»</span> <span class='ocrx_word' id='word_1_373' title='bbox 1921 3419 2063 3472; x_wconf 80' lang='lat' dir='ltr'>item</span> <span class='ocrx_word' id='word_1_374' title='bbox 2112 3421 2178 3470; x_wconf 88' lang='lat' dir='ltr'>ut</span> 
     </span>
    </p>
   </div>
   <div class='ocr_carea' id='block_1_50' title="bbox 527 3440 2175 3560">
    <p class='ocr_par' dir='ltr' id='par_1_50' title="bbox 527 3440 2175 3560">
     <span class='ocr_line' id='line_1_50' title="bbox 569 3440 2175 3476; baseline -0.004 -1"><span class='ocrx_word' id='word_1_375' title='bbox 569 3440 692 3476; x_wconf 79' lang='lat' dir='ltr'>lant</span> <span class='ocrx_word' id='word_1_376' title='bbox 739 3440 876 3475; x_wconf 77' lang='lat' dir='ltr'>tunc</span> <span class='ocrx_word' id='word_1_377' title='bbox 931 3440 1034 3475; x_wconf 83' lang='lat' dir='ltr'>nos</span> <span class='ocrx_word' id='word_1_378' title='bbox 1078 3440 1136 3476; x_wconf 85' lang='lat' dir='ltr'>1n</span> <span class='ocrx_word' id='word_1_379' title='bbox 1171 3440 1544 3475; x_wconf 73' lang='lat' dir='ltr'>tanernacum</span> <span class='ocrx_word' id='word_1_380' title='bbox 1592 3440 1824 3474; x_wconf 71' lang='lat' dir='ltr'>aeterna.</span> <span class='ocrx_word' id='word_1_381' title='bbox 1860 3440 1886 3466; x_wconf 84' lang='grc'>))</span> <span class='ocrx_word' id='word_1_382' title='bbox 1921 3440 2063 3472; x_wconf 66' lang='grc' dir='ltr'>ιιριιι</span> <span class='ocrx_word' id='word_1_383' title='bbox 2114 3440 2175 3470; x_wconf 86' lang='grc' dir='ltr'>υι</span> 
     </span>
     <span class='ocr_line' id='line_1_51' title="bbox 527 3440 2175 3560; baseline -0.004 -12"><span class='ocrx_word' id='word_1_384' title='bbox 527 3440 620 3548; x_wconf 53' lang='lat' dir='ltr'>hic</span> <span class='ocrx_word' id='word_1_385' title='bbox 676 3494 1064 3556; x_wconf 80' lang='lat' dir='ltr'>eoncussionis,</span> <span class='ocrx_word' id='word_1_386' title='bbox 1125 3491 1192 3546; x_wconf 87' lang='lat' dir='ltr'>ad</span> <span class='ocrx_word' id='word_1_387' title='bbox 1244 3492 1557 3560; x_wconf 80' lang='lat' dir='ltr'>Scapulam,</span> <span class='ocrx_word' id='word_1_388' title='bbox 1616 3507 1666 3545; x_wconf 88' lang='lat' dir='ltr'>c.</span> <span class='ocrx_word' id='word_1_389' title='bbox 1727 3490 1758 3542; x_wconf 76' lang='grc'>4</span> <span class='ocrx_word' id='word_1_390' title='bbox 1817 3506 1830 3542; x_wconf 91' lang='lat'><strong>:</strong></span> <span class='ocrx_word' id='word_1_391' title='bbox 1883 3510 1909 3538; x_wconf 87' lang='lat'><strong>«</strong></span> <span class='ocrx_word' id='word_1_392' title='bbox 1945 3489 2175 3543; x_wconf 88' lang='lat' dir='ltr'>Pudens</span> 
     </span>
    </p>
   </div>
   <div class='ocr_carea' id='block_1_51' title="bbox 528 3561 2174 3631">
    <p class='ocr_par' dir='ltr' id='par_1_51' title="bbox 528 3561 2174 3631">
     <span class='ocr_line' id='line_1_52' title="bbox 528 3561 2174 3631; baseline -0.005 -10"><span class='ocrx_word' id='word_1_393' title='bbox 528 3565 703 3621; x_wconf 87' lang='lat' dir='ltr'>etiam</span> <span class='ocrx_word' id='word_1_394' title='bbox 754 3566 999 3618; x_wconf 88' lang='lat' dir='ltr'>missum</span> <span class='ocrx_word' id='word_1_395' title='bbox 1033 3563 1102 3617; x_wconf 89' lang='lat' dir='ltr'>ad</span> <span class='ocrx_word' id='word_1_396' title='bbox 1143 3581 1203 3618; x_wconf 91' lang='lat' dir='ltr'>se</span> <span class='ocrx_word' id='word_1_397' title='bbox 1250 3562 1665 3625; x_wconf 85' lang='lat' dir='ltr'>Christianum,</span> <span class='ocrx_word' id='word_1_398' title='bbox 1699 3561 1754 3615; x_wconf 93' lang='lat' dir='ltr'>in</span> <span class='ocrx_word' id='word_1_399' title='bbox 1804 3561 1990 3631; x_wconf 90' lang='lat' dir='ltr'>elogio</span> <span class='ocrx_word' id='word_1_400' title='bbox 2039 3576 2174 3614; x_wconf 91' lang='lat' dir='ltr'>con-</span> 
     </span>
    </p>
   </div>
   <div class='ocr_carea' id='block_1_52' title="bbox 527 3633 2244 3715">
    <p class='ocr_par' dir='ltr' id='par_1_52' title="bbox 527 3633 2244 3715">
     <span class='ocr_line' id='line_1_53' title="bbox 527 3633 2244 3715; baseline -0.003 -25"><span class='ocrx_word' id='word_1_401' title='bbox 527 3637 798 3715; x_wconf 79' lang='lat' dir='ltr'>cussione</span> <span class='ocrx_word' id='word_1_402' title='bbox 838 3637 986 3715; x_wconf 53' lang='lat' dir='ltr'>“ejus</span> <span class='ocrx_word' id='word_1_403' title='bbox 1043 3634 1336 3689; x_wconf 90' lang='lat' dir='ltr'>intellecta</span> <span class='ocrx_word' id='word_1_404' title='bbox 1395 3633 1660 3715; x_wconf 64' lang='lat' dir='ltr'>dimisit,</span> <span class='ocrx_word' id='word_1_405' title='bbox 1726 3633 1911 3715; x_wconf 77' lang='lat' dir='ltr'>scisso</span> <span class='ocrx_word' id='word_1_406' title='bbox 1967 3633 2166 3715; x_wconf 61' lang='lat' dir='ltr'>eodem</span> <span class='ocrx_word' id='word_1_407' title='bbox 2203 3650 2244 3715; x_wconf 73' lang='grc' dir='ltr'><strong>ρ</strong></span> 
     </span>
    </p>
   </div>
   <div class='ocr_carea' id='block_1_53' title="bbox 538 3702 2169 3778">
    <p class='ocr_par' dir='ltr' id='par_1_53' title="bbox 538 3702 2169 3778">
     <span class='ocr_line' id='line_1_54' title="bbox 538 3702 2169 3778; baseline -0.005 -16"><span class='ocrx_word' id='word_1_408' title='bbox 538 3708 745 3778; x_wconf 85' lang='lat' dir='ltr'>elogio.</span> <span class='ocrx_word' id='word_1_409' title='bbox 777 3729 804 3756; x_wconf 76' lang='grc' dir='ltr'>ι)</span> <span class='ocrx_word' id='word_1_410' title='bbox 838 3702 1042 3762; x_wconf 84' lang='lat' dir='ltr'>Florus</span> <span class='ocrx_word' id='word_1_411' title='bbox 1094 3722 1346 3778; x_wconf 82' lang='lat' dir='ltr'>quoque,</span> <span class='ocrx_word' id='word_1_412' title='bbox 1395 3704 1495 3778; x_wconf 87' lang='lat' dir='ltr'>lib.</span> <span class='ocrx_word' id='word_1_413' title='bbox 1530 3721 1612 3769; x_wconf 83' lang='lat' dir='ltr'>In,</span> <span class='ocrx_word' id='word_1_414' title='bbox 1648 3703 1704 3756; x_wconf 86' lang='lat' dir='ltr'>ir.</span> <span class='ocrx_word' id='word_1_415' title='bbox 1749 3704 2006 3778; x_wconf 77' lang='lat' dir='ltr'>Epitome</span> <span class='ocrx_word' id='word_1_416' title='bbox 2039 3702 2169 3757; x_wconf 89' lang='lat' dir='ltr'>belli</span> 
     </span>
    </p>
   </div>
   <div class='ocr_carea' id='block_1_54' title="bbox 540 3776 2177 3851">
    <p class='ocr_par' dir='ltr' id='par_1_54' title="bbox 540 3776 2177 3851">
     <span class='ocr_line' id='line_1_55' title="bbox 540 3776 2177 3851; baseline -0.004 -16"><span class='ocrx_word' id='word_1_417' title='bbox 540 3776 920 3851; x_wconf 65' lang='lat' dir='ltr'>Jugurthini:</span> <span class='ocrx_word' id='word_1_418' title='bbox 957 3777 1128 3851; x_wconf 83' lang='lat' dir='ltr'>Atqui</span> <span class='ocrx_word' id='word_1_419' title='bbox 1161 3795 1272 3851; x_wconf 90' lang='lat' dir='ltr'>non</span> <span class='ocrx_word' id='word_1_420' title='bbox 1300 3776 1500 3851; x_wconf 80' lang='lat' dir='ltr'>leviter</span> <span class='ocrx_word' id='word_1_421' title='bbox 1530 3792 1599 3851; x_wconf 66' lang='lat' dir='ltr'>se</span> <span class='ocrx_word' id='word_1_422' title='bbox 1631 3776 1905 3851; x_wconf 67' lang='lat' dir='ltr'>Numidia</span> <span class='ocrx_word' id='word_1_423' title='bbox 1934 3791 2177 3851; x_wconf 78' lang='lat' dir='ltr'>concus-</span> 
     </span>
    </p>
   </div>
   <div class='ocr_carea' id='block_1_55' title="bbox 543 3846 2179 3920">
    <p class='ocr_par' dir='ltr' id='par_1_55' title="bbox 543 3846 2179 3920">
     <span class='ocr_line' id='line_1_56' title="bbox 543 3846 2179 3920; baseline -0.004 -15"><span class='ocrx_word' id='word_1_424' title='bbox 543 3846 638 3907; x_wconf 49' lang='lat' dir='ltr'>sit&#39;.</span> <span class='ocrx_word' id='word_1_425' title='bbox 678 3874 703 3898; x_wconf 92' lang='grc'><strong>››</strong></span> <span class='ocrx_word' id='word_1_426' title='bbox 736 3852 801 3905; x_wconf 88' lang='lat' dir='ltr'>Et</span> <span class='ocrx_word' id='word_1_427' title='bbox 834 3846 1063 3904; x_wconf 84' lang='lat' dir='ltr'>Flavius</span> <span class='ocrx_word' id='word_1_428' title='bbox 1095 3850 1380 3920; x_wconf 79' lang='lat' dir='ltr'>Vopiscus</span> <span class='ocrx_word' id='word_1_429' title='bbox 1415 3847 1485 3920; x_wconf 79' lang='lat' dir='ltr'>in</span> <span class='ocrx_word' id='word_1_430' title='bbox 1529 3846 1728 3901; x_wconf 90' lang='lat' dir='ltr'>Taclto</span> <span class='ocrx_word' id='word_1_431' title='bbox 1777 3847 1919 3919; x_wconf 90' lang='lat' dir='ltr'>imp.</span> <span class='ocrx_word' id='word_1_432' title='bbox 1956 3863 1968 3900; x_wconf 92' lang='lat'>:</span> <span class='ocrx_word' id='word_1_433' title='bbox 2003 3868 2031 3895; x_wconf 87' lang='lat'><strong>«</strong></span> <span class='ocrx_word' id='word_1_434' title='bbox 2069 3847 2179 3900; x_wconf 86' lang='lat' dir='ltr'>Hac</span> 
     </span>
    </p>
   </div>
   <div class='ocr_carea' id='block_1_56' title="bbox 535 3919 2183 3990">
    <p class='ocr_par' dir='ltr' id='par_1_56' title="bbox 535 3919 2183 3990">
     <span class='ocr_line' id='line_1_57' title="bbox 535 3919 2183 3990; baseline -0.004 -12"><span class='ocrx_word' id='word_1_435' title='bbox 535 3923 795 3978; x_wconf 85' lang='lat' dir='ltr'>oratione</span> <span class='ocrx_word' id='word_1_436' title='bbox 825 3931 880 3976; x_wconf 88' lang='lat' dir='ltr'>et</span> <span class='ocrx_word' id='word_1_437' title='bbox 908 3922 1144 3976; x_wconf 81' lang='lat' dir='ltr'>Tacitus</span> <span class='ocrx_word' id='word_1_438' title='bbox 1175 3919 1299 3990; x_wconf 83' lang='lat' dir='ltr'>ipse</span> <span class='ocrx_word' id='word_1_439' title='bbox 1344 3919 1717 3973; x_wconf 87' lang='lat' dir='ltr'>vehementer</span> <span class='ocrx_word' id='word_1_440' title='bbox 1759 3924 1847 3972; x_wconf 91' lang='lat' dir='ltr'>cst</span> <span class='ocrx_word' id='word_1_441' title='bbox 1881 3921 2096 3986; x_wconf 90' lang='lat' dir='ltr'>motus,</span> <span class='ocrx_word' id='word_1_442' title='bbox 2127 3921 2183 3990; x_wconf 83' lang='lat' dir='ltr'>et</span> 
     </span>
    </p>
   </div>
   <div class='ocr_carea' id='block_1_57' title="bbox 533 3987 2181 4060">
    <p class='ocr_par' dir='ltr' id='par_1_57' title="bbox 533 3987 2181 4060">
     <span class='ocr_line' id='line_1_58' title="bbox 533 3987 2181 4060; baseline -0.005 -11"><span class='ocrx_word' id='word_1_443' title='bbox 533 3999 692 4050; x_wconf 88' lang='lat' dir='ltr'>totus</span> <span class='ocrx_word' id='word_1_444' title='bbox 740 3993 1083 4049; x_wconf 86' lang='lat' dir='ltr'>Senatorius</span> <span class='ocrx_word' id='word_1_445' title='bbox 1126 3987 1266 4047; x_wconf 88' lang='lat' dir='ltr'>ordo</span> <span class='ocrx_word' id='word_1_446' title='bbox 1315 4007 1659 4045; x_wconf 89' lang='lat' dir='ltr'>concussus.</span> <span class='ocrx_word' id='word_1_447' title='bbox 1697 4011 1722 4037; x_wconf 77' lang='lat' dir='ltr'>n</span> <span class='ocrx_word' id='word_1_448' title='bbox 1759 3994 1878 4044; x_wconf 86' lang='lat' dir='ltr'>[mo</span> <span class='ocrx_word' id='word_1_449' title='bbox 1909 3990 2032 4060; x_wconf 89' lang='lat' dir='ltr'>ipse</span> <span class='ocrx_word' id='word_1_450' title='bbox 2062 3987 2181 4042; x_wconf 84' lang='lat' dir='ltr'>Sal-</span> 
     </span>
    </p>
   </div>
   <div class='ocr_carea' id='block_1_58' title="bbox 535 4060 2180 4132">
    <p class='ocr_par' dir='ltr' id='par_1_58' title="bbox 535 4060 2180 4132">
     <span class='ocr_line' id='line_1_59' title="bbox 535 4060 2180 4132; baseline -0.004 -11"><span class='ocrx_word' id='word_1_451' title='bbox 535 4065 750 4121; x_wconf 90' lang='lat' dir='ltr'>lustius</span> <span class='ocrx_word' id='word_1_452' title='bbox 779 4065 944 4122; x_wconf 80' lang='lat' dir='ltr'>Catil.</span> <span class='ocrx_word' id='word_1_453' title='bbox 992 4085 1038 4119; x_wconf 89' lang='lat' dir='ltr'>c.</span> <span class='ocrx_word' id='word_1_454' title='bbox 1071 4066 1158 4119; x_wconf 83' lang='lat'>22.</span> <span class='ocrx_word' id='word_1_455' title='bbox 1210 4087 1236 4113; x_wconf 84' lang='grc'><strong>‹‹</strong></span> <span class='ocrx_word' id='word_1_456' title='bbox 1270 4063 1430 4127; x_wconf 91' lang='lat' dir='ltr'>Quod</span> <span class='ocrx_word' id='word_1_457' title='bbox 1467 4063 1681 4116; x_wconf 83' lang='lat' dir='ltr'>factum</span> <span class='ocrx_word' id='word_1_458' title='bbox 1718 4062 1906 4132; x_wconf 91' lang='lat' dir='ltr'>primo</span> <span class='ocrx_word' id='word_1_459' title='bbox 1941 4060 2180 4131; x_wconf 88' lang='lat' dir='ltr'>popula-</span> 
     </span>
    </p>
   </div>
   <div class='ocr_carea' id='block_1_59' title="bbox 535 4133 2184 4206">
    <p class='ocr_par' dir='ltr' id='par_1_59' title="bbox 535 4133 2184 4206">
     <span class='ocr_line' id='line_1_60' title="bbox 535 4133 2184 4206; baseline -0.005 -12"><span class='ocrx_word' id='word_1_460' title='bbox 535 4155 627 4194; x_wconf 89' lang='lat' dir='ltr'>res</span> <span class='ocrx_word' id='word_1_461' title='bbox 679 4135 1101 4206; x_wconf 87' lang='lat' dir='ltr'>conjurationis</span> <span class='ocrx_word' id='word_1_462' title='bbox 1165 4140 1562 4190; x_wconf 84' lang='lat' dir='ltr'>concusserat.</span> <span class='ocrx_word' id='word_1_463' title='bbox 1598 4155 1642 4206; x_wconf 83' lang='lat'>_»</span> <span class='ocrx_word' id='word_1_464' title='bbox 1706 4137 1790 4187; x_wconf 89' lang='lat' dir='ltr'>Ita</span> <span class='ocrx_word' id='word_1_465' title='bbox 1828 4133 2184 4206; x_wconf 60' lang='lat' dir='ltr'>aemulatione</span> 
     </span>
    </p>
   </div>
   <div class='ocr_carea' id='block_1_60' title="bbox 536 4204 2185 4281">
    <p class='ocr_par' dir='ltr' id='par_1_60' title="bbox 536 4204 2185 4281">
     <span class='ocr_line' id='line_1_61' title="bbox 536 4204 2185 4281; baseline -0.004 -17"><span class='ocrx_word' id='word_1_466' title='bbox 536 4226 638 4281; x_wconf 90' lang='lat' dir='ltr'>pro</span> <span class='ocrx_word' id='word_1_467' title='bbox 667 4204 801 4264; x_wconf 75' lang='lat' dir='ltr'>odio</span> <span class='ocrx_word' id='word_1_468' title='bbox 819 4213 909 4263; x_wconf 87' lang='lat' dir='ltr'>est</span> <span class='ocrx_word' id='word_1_469' title='bbox 952 4225 1140 4281; x_wconf 43' lang='lat' dir='ltr'>usus,</span> <span class='ocrx_word' id='word_1_470' title='bbox 1168 4213 1232 4281; x_wconf 84' lang='lat' dir='ltr'>ut</span> <span class='ocrx_word' id='word_1_471' title='bbox 1277 4223 1454 4281; x_wconf 82' lang='lat' dir='ltr'>supra</span> <span class='ocrx_word' id='word_1_472' title='bbox 1492 4204 1868 4281; x_wconf 82' lang='lat' dir='ltr'>declaratum.</span> <span class='ocrx_word' id='word_1_473' title='bbox 1895 4205 2029 4281; x_wconf 36' lang='lat' dir='ltr'>.l’ro</span> <span class='ocrx_word' id='word_1_474' title='bbox 2062 4210 2185 4281; x_wconf 82' lang='lat' dir='ltr'>quot</span> 
     </span>
    </p>
   </div>
   <div class='ocr_carea' id='block_1_61' title="bbox 536 4274 2180 4343">
    <p class='ocr_par' dir='ltr' id='par_1_61' title="bbox 536 4274 2180 4343">
     <span class='ocr_line' id='line_1_62' title="bbox 536 4274 2180 4343; baseline -0.005 -7"><span class='ocrx_word' id='word_1_475' title='bbox 536 4274 809 4343; x_wconf 61' lang='lat' dir='ltr'>extranei,</span> <span class='ocrx_word' id='word_1_476' title='bbox 841 4279 992 4335; x_wconf 92' lang='lat' dir='ltr'>Mod.</span> <span class='ocrx_word' id='word_1_477' title='bbox 1027 4278 1165 4334; x_wconf 90' lang='lat' dir='ltr'>Coll.</span> <span class='ocrx_word' id='word_1_478' title='bbox 1214 4274 1390 4332; x_wconf 81' lang='lat' dir='ltr'>habet</span> <span class='ocrx_word' id='word_1_479' title='bbox 1431 4281 1525 4332; x_wconf 77' lang='lat' dir='ltr'>tot.</span> <span class='ocrx_word' id='word_1_480' title='bbox 1577 4279 1717 4333; x_wconf 67' lang='lat' dir='ltr'>extr.</span> <span class='ocrx_word' id='word_1_481' title='bbox 1752 4274 2180 4331; x_wconf 32' lang='lat' dir='ltr'>manifesto&#39;vi-</span> 
     </span>
    </p>
   </div>
   <div class='ocr_carea' id='block_1_62' title="bbox 534 4353 808 4409">
    <p class='ocr_par' dir='ltr' id='par_1_62' title="bbox 534 4353 808 4409">
     <span class='ocr_line' id='line_1_63' title="bbox 534 4353 808 4409; baseline -0.018 0"><span class='ocrx_word' id='word_1_482' title='bbox 534 4354 634 4409; x_wconf 87' lang='lat' dir='ltr'>tio.</span> <span class='ocrx_word' id='word_1_483' title='bbox 671 4353 808 4407; x_wconf 69' lang='lat' dir='ltr'>Hav.</span> 
     </span>
    </p>
   </div>
   <div class='ocr_carea' id='block_1_63' title="bbox 605 4416 2185 4494">
    <p class='ocr_par' dir='ltr' id='par_1_63' title="bbox 605 4416 2185 4494">
     <span class='ocr_line' id='line_1_64' title="bbox 605 4416 2185 4494; baseline -0.003 -18"><span class='ocrx_word' id='word_1_484' title='bbox 605 4425 717 4494; x_wconf 78' lang='lat'>(30)</span> <span class='ocrx_word' id='word_1_485' title='bbox 748 4425 830 4478; x_wconf 76' lang='lat' dir='ltr'>Ea:</span> <span class='ocrx_word' id='word_1_486' title='bbox 855 4427 1077 4478; x_wconf 86' lang='lat' dir='ltr'>natura.</span> <span class='ocrx_word' id='word_1_487' title='bbox 1109 4419 1370 4494; x_wconf 71' lang='lat' dir='ltr'>Naturali</span> <span class='ocrx_word' id='word_1_488' title='bbox 1403 4419 1726 4494; x_wconf 76' lang='lat' dir='ltr'>simultate,</span> <span class='ocrx_word' id='word_1_489' title='bbox 1759 4435 1883 4490; x_wconf 70' lang='lat' dir='ltr'>qua:</span> <span class='ocrx_word' id='word_1_490' title='bbox 1935 4416 2050 4473; x_wconf 91' lang='lat' dir='ltr'>illis</span> <span class='ocrx_word' id='word_1_491' title='bbox 2085 4434 2185 4471; x_wconf 92' lang='lat' dir='ltr'>no-</span> 
     </span>
    </p>
   </div>
   <div class='ocr_carea' id='block_1_64' title="bbox 533 4489 2185 4563">
    <p class='ocr_par' dir='ltr' id='par_1_64' title="bbox 533 4489 2185 4563">
     <span class='ocr_line' id='line_1_65' title="bbox 533 4489 2185 4563; baseline -0.006 -12"><span class='ocrx_word' id='word_1_492' title='bbox 533 4489 760 4550; x_wconf 82' lang='lat' dir='ltr'>biscum</span> <span class='ocrx_word' id='word_1_493' title='bbox 821 4499 930 4558; x_wconf 88' lang='lat' dir='ltr'>est,</span> <span class='ocrx_word' id='word_1_494' title='bbox 992 4500 1055 4549; x_wconf 89' lang='lat' dir='ltr'>ut</span> <span class='ocrx_word' id='word_1_495' title='bbox 1091 4495 1171 4547; x_wconf 88' lang='lat' dir='ltr'>ait</span> <span class='ocrx_word' id='word_1_496' title='bbox 1218 4492 1533 4563; x_wconf 80' lang='lat' dir='ltr'>Zephyrus.</span> <span class='ocrx_word' id='word_1_497' title='bbox 1584 4489 1727 4563; x_wconf 84' lang='lat' dir='ltr'>Nam</span> <span class='ocrx_word' id='word_1_498' title='bbox 1779 4495 1930 4545; x_wconf 91' lang='lat' dir='ltr'>certe</span> <span class='ocrx_word' id='word_1_499' title='bbox 1981 4504 2185 4563; x_wconf 81' lang='lat' dir='ltr'>servus</span> 
     </span>
    </p>
   </div>
   <div class='ocr_carea' id='block_1_65' title="bbox 534 4559 2184 4638">
    <p class='ocr_par' dir='ltr' id='par_1_65' title="bbox 534 4559 2184 4638">
     <span class='ocr_line' id='line_1_66' title="bbox 534 4559 2184 4638; baseline -0.005 -16"><span class='ocrx_word' id='word_1_500' title='bbox 534 4572 732 4638; x_wconf 89' lang='lat' dir='ltr'>erepta</span> <span class='ocrx_word' id='word_1_501' title='bbox 759 4565 1030 4620; x_wconf 89' lang='lat' dir='ltr'>libertate</span> <span class='ocrx_word' id='word_1_502' title='bbox 1061 4564 1271 4638; x_wconf 75' lang='lat' dir='ltr'>iratus</span> <span class='ocrx_word' id='word_1_503' title='bbox 1292 4559 1771 4638; x_wconf 80' lang='lat' dir='ltr'>domino__passim</span> <span class='ocrx_word' id='word_1_504' title='bbox 1808 4567 1863 4617; x_wconf 90' lang='lat' dir='ltr'>et</span> <span class='ocrx_word' id='word_1_505' title='bbox 1905 4559 2184 4638; x_wconf 74' lang='lat' dir='ltr'>malevolo</span> 
     </span>
    </p>
   </div>
   <div class='ocr_carea' id='block_1_66' title="bbox 535 4632 2188 4707">
    <p class='ocr_par' dir='ltr' id='par_1_66' title="bbox 535 4632 2188 4707">
     <span class='ocr_line' id='line_1_67' title="bbox 535 4632 2188 4707; baseline -0.004 -15"><span class='ocrx_word' id='word_1_506' title='bbox 535 4639 593 4692; x_wconf 92' lang='lat' dir='ltr'>in</span> <span class='ocrx_word' id='word_1_507' title='bbox 627 4632 790 4692; x_wconf 78' lang='lat' dir='ltr'>illum</span> <span class='ocrx_word' id='word_1_508' title='bbox 824 4639 1019 4693; x_wconf 88' lang='lat' dir='ltr'>animo</span> <span class='ocrx_word' id='word_1_509' title='bbox 1051 4635 1398 4707; x_wconf 85' lang='lat' dir='ltr'>concipitur.</span> <span class='ocrx_word' id='word_1_510' title='bbox 1443 4657 1469 4684; x_wconf 89' lang='lat'><strong>«</strong></span> <span class='ocrx_word' id='word_1_511' title='bbox 1517 4632 1912 4707; x_wconf 82' lang='lat' dir='ltr'>Naturale_est</span> <span class='ocrx_word' id='word_1_512' title='bbox 1942 4632 2096 4707; x_wconf 84' lang='lat' dir='ltr'>enim</span> <span class='ocrx_word' id='word_1_513' title='bbox 2131 4636 2188 4686; x_wconf 93' lang='lat' dir='ltr'>et</span> 
     </span>
    </p>
   </div>
   <div class='ocr_carea' id='block_1_67' title="bbox 537 4704 2184 4780">
    <p class='ocr_par' dir='ltr' id='par_1_67' title="bbox 537 4704 2184 4780">
     <span class='ocr_line' id='line_1_68' title="bbox 537 4704 2184 4780; baseline -0.005 -16"><span class='ocrx_word' id='word_1_514' title='bbox 537 4709 752 4772; x_wconf 86' lang='lat' dir='ltr'>odisse,</span> <span class='ocrx_word' id='word_1_515' title='bbox 785 4725 958 4780; x_wconf 90' lang='lat' dir='ltr'>quem</span> <span class='ocrx_word' id='word_1_516' title='bbox 989 4704 1309 4780; x_wconf 48' lang='lat' dir='ltr'>timeas.&#39;et</span> <span class='ocrx_word' id='word_1_517' title='bbox 1348 4722 1520 4780; x_wconf 70' lang='lat' dir='ltr'>quem</span> <span class='ocrx_word' id='word_1_518' title='bbox 1559 4705 1849 4780; x_wconf 73' lang='lat' dir='ltr'>metueris</span> <span class='ocrx_word' id='word_1_519' title='bbox 1887 4704 2184 4780; x_wconf 73' lang='lat' dir='ltr'>infestare,</span> 
     </span>
    </p>
   </div>
   <div class='ocr_carea' id='block_1_68' title="bbox 537 4776 2185 4851">
    <p class='ocr_par' dir='ltr' id='par_1_68' title="bbox 537 4776 2185 4851">
     <span class='ocr_line' id='line_1_69' title="bbox 537 4776 2185 4851; baseline -0.004 -16"><span class='ocrx_word' id='word_1_520' title='bbox 537 4781 585 4836; x_wconf 91' lang='lat' dir='ltr'>si</span> <span class='ocrx_word' id='word_1_521' title='bbox 615 4776 825 4850; x_wconf 64' lang='lat' dir='ltr'>possis,</span> <span class='ocrx_word' id='word_1_522' title='bbox 860 4803 886 4830; x_wconf 83' lang='lat'><strong>»</strong></span> <span class='ocrx_word' id='word_1_523' title='bbox 937 4781 1127 4851; x_wconf 91' lang='lat' dir='ltr'>inquit</span> <span class='ocrx_word' id='word_1_524' title='bbox 1163 4776 1461 4851; x_wconf 85' lang='lat' dir='ltr'>Minucius</span> <span class='ocrx_word' id='word_1_525' title='bbox 1478 4776 1660 4851; x_wconf 79' lang='lat' dir='ltr'>Felix_._</span> <span class='ocrx_word' id='word_1_526' title='bbox 1692 4794 1747 4847; x_wconf 92' lang='lat' dir='ltr'>p.</span> <span class='ocrx_word' id='word_1_527' title='bbox 1790 4778 1852 4831; x_wconf 89' lang='grc'>31</span> <span class='ocrx_word' id='word_1_528' title='bbox 1892 4776 2030 4831; x_wconf 90' lang='lat' dir='ltr'>edit.</span> <span class='ocrx_word' id='word_1_529' title='bbox 2065 4776 2185 4830; x_wconf 86' lang='lat' dir='ltr'>Ou-</span> 
     </span>
    </p>
   </div>
   <div class='ocr_carea' id='block_1_69' title="bbox 536 4849 2187 4914">
    <p class='ocr_par' dir='ltr' id='par_1_69' title="bbox 536 4849 2187 4914">
     <span class='ocr_line' id='line_1_70' title="bbox 536 4849 2187 4914; baseline -0.004 -8"><span class='ocrx_word' id='word_1_530' title='bbox 536 4849 792 4907; x_wconf 71' lang='lat' dir='ltr'>zelianze.</span> <span class='ocrx_word' id='word_1_531' title='bbox 826 4852 988 4914; x_wconf 87' lang='lat' dir='ltr'>Quod</span> <span class='ocrx_word' id='word_1_532' title='bbox 1021 4849 1183 4905; x_wconf 61' lang='lat' dir='ltr'>ante</span> <span class='ocrx_word' id='word_1_533' title='bbox 1213 4849 1380 4904; x_wconf 91' lang='lat' dir='ltr'>illum</span> <span class='ocrx_word' id='word_1_534' title='bbox 1413 4849 1549 4904; x_wconf 89' lang='lat' dir='ltr'>olim</span> <span class='ocrx_word' id='word_1_535' title='bbox 1609 4849 1831 4902; x_wconf 86' lang='lat' dir='ltr'>dixerat</span> <span class='ocrx_word' id='word_1_536' title='bbox 1855 4852 2090 4910; x_wconf 85' lang='lat' dir='ltr'>Seneca,</span> <span class='ocrx_word' id='word_1_537' title='bbox 2132 4863 2187 4901; x_wconf 83' lang='lat' dir='ltr'>1v</span> 
     </span>
    </p>
   </div>
   <div class='ocr_carea' id='block_1_70' title="bbox 536 4920 2184 4993">
    <p class='ocr_par' dir='ltr' id='par_1_70' title="bbox 536 4920 2184 4993">
     <span class='ocr_line' id='line_1_71' title="bbox 536 4920 2184 4993; baseline -0.005 -15"><span class='ocrx_word' id='word_1_538' title='bbox 536 4924 601 4979; x_wconf 86' lang='lat' dir='ltr'>de</span> <span class='ocrx_word' id='word_1_539' title='bbox 633 4925 804 4993; x_wconf 79' lang='lat' dir='ltr'>benef.</span> <span class='ocrx_word' id='word_1_540' title='bbox 846 4924 907 4976; x_wconf 83' lang='grc'>19</span> <span class='ocrx_word' id='word_1_541' title='bbox 942 4941 954 4978; x_wconf 91' lang='lat'><strong>:</strong></span> <span class='ocrx_word' id='word_1_542' title='bbox 991 4946 1016 4972; x_wconf 86' lang='lat'><strong>«</strong></span> <span class='ocrx_word' id='word_1_543' title='bbox 1052 4927 1162 4976; x_wconf 83' lang='lat' dir='ltr'>Nec</span> <span class='ocrx_word' id='word_1_544' title='bbox 1193 4922 1523 4993; x_wconf 78' lang='lat' dir='ltr'>quisquam</span> <span class='ocrx_word' id='word_1_545' title='bbox 1559 4926 1718 4975; x_wconf 89' lang='lat' dir='ltr'>amat</span> <span class='ocrx_word' id='word_1_546' title='bbox 1757 4937 1910 4993; x_wconf 82' lang='lat' dir='ltr'>quos</span> <span class='ocrx_word' id='word_1_547' title='bbox 1934 4920 2120 4974; x_wconf 90' lang='lat' dir='ltr'>timet.</span> <span class='ocrx_word' id='word_1_548' title='bbox 2157 4939 2184 4993; x_wconf 56' lang='grc' dir='ltr'>η</span> 
     </span>
    </p>
   </div>
   <div class='ocr_carea' id='block_1_71' title="bbox 534 4988 2264 5087">
    <p class='ocr_par' dir='ltr' id='par_1_71' title="bbox 534 4988 2264 5087">
     <span class='ocr_line' id='line_1_72' title="bbox 534 4988 2264 5087; baseline -0.005 -37"><span class='ocrx_word' id='word_1_549' title='bbox 534 4996 731 5087; x_wconf 42' lang='lat' dir='ltr'>videri</span> <span class='ocrx_word' id='word_1_550' title='bbox 763 4988 958 5066; x_wconf 86' lang='lat' dir='ltr'>potest</span> <span class='ocrx_word' id='word_1_551' title='bbox 989 4988 1312 5087; x_wconf 51' lang='lat' dir='ltr'>respexisse</span> <span class='ocrx_word' id='word_1_552' title='bbox 1343 4988 1410 5047; x_wconf 78' lang='lat' dir='ltr'>ad</span> <span class='ocrx_word' id='word_1_553' title='bbox 1464 4991 1608 5087; x_wconf 79' lang='lat' dir='ltr'>llud</span> <span class='ocrx_word' id='word_1_554' title='bbox 1643 4988 1949 5087; x_wconf 46' lang='lat' dir='ltr'>‘Sevlatorls</span> <span class='ocrx_word' id='word_1_555' title='bbox 1983 4988 2185 5087; x_wconf 51' lang='lat' dir='ltr'>1i‘i‘ostri</span> <span class='ocrx_word' id='word_1_556' title='bbox 2219 5025 2264 5087; x_wconf 68' lang='grc' dir='ltr'>Β</span> 
     </span>
    </p>
   </div>
   <div class='ocr_carea' id='block_1_72' title="bbox 868 5062 2184 5134">
    <p class='ocr_par' dir='ltr' id='par_1_72' title="bbox 868 5062 2184 5134">
     <span class='ocr_line' id='line_1_73' title="bbox 868 5062 2184 5134; baseline -0.007 -12"><span class='ocrx_word' id='word_1_557' title='bbox 868 5085 939 5122; x_wconf 90' lang='lat' dir='ltr'>uo</span> <span class='ocrx_word' id='word_1_558' title='bbox 974 5062 1187 5122; x_wconf 81' lang='lat' dir='ltr'>sortem</span> <span class='ocrx_word' id='word_1_559' title='bbox 1239 5063 1529 5134; x_wconf 84' lang='lat' dir='ltr'>Evangelii</span> <span class='ocrx_word' id='word_1_560' title='bbox 1575 5064 1848 5134; x_wconf 71' lang='lat' dir='ltr'>ostendit,</span> <span class='ocrx_word' id='word_1_561' title='bbox 1892 5062 2094 5134; x_wconf 80' lang='lat' dir='ltr'>Matth.</span> <span class='ocrx_word' id='word_1_562' title='bbox 2128 5078 2184 5121; x_wconf 72' lang='grc' dir='ltr'>Χ,</span> 
     </span>
    </p>
   </div>
   <div class='ocr_carea' id='block_1_73' title="bbox 535 5131 2186 5213">
    <p class='ocr_par' dir='ltr' id='par_1_73' title="bbox 535 5131 2186 5213">
     <span class='ocr_line' id='line_1_74' title="bbox 535 5131 2181 5195; baseline -0.008 0"><span class='ocrx_word' id='word_1_563' title='bbox 535 5131 1423 5195; x_wconf 65' lang='lat' dir='ltr'>so-K‘t0‘~&amp;e&quot;</span> <span class='ocrx_word' id='word_1_564' title='bbox 1621 5133 1737 5174; x_wconf 62' lang='grc' dir='ltr'>ς’</span> <span class='ocrx_word' id='word_1_565' title='bbox 1908 5131 2181 5168; x_wconf 67' lang='grc' dir='ltr'>“’τ</span> 
     </span>
     <span class='ocr_line' id='line_1_75' title="bbox 536 5151 2186 5213; baseline -0.007 -19"><span class='ocrx_word' id='word_1_566' title='bbox 536 5180 546 5194; x_wconf 75' lang='grc' dir='ltr'>ι</span> <span class='ocrx_word' id='word_1_567' title='bbox 639 5184 651 5197; x_wconf 89' lang='grc'><strong>.</strong></span> <span class='ocrx_word' id='word_1_568' title='bbox 725 5158 777 5192; x_wconf 88' lang='grc' dir='ltr'>αι</span> <span class='ocrx_word' id='word_1_569' title='bbox 866 5157 910 5213; x_wconf 84' lang='grc' dir='ltr'>χ</span> <span class='ocrx_word' id='word_1_570' title='bbox 950 5157 1185 5213; x_wconf 29' lang='grc' dir='ltr'>ροιᾼτου</span> <span class='ocrx_word' id='word_1_571' title='bbox 1277 5155 1527 5213; x_wconf 39' lang='grc' dir='ltr'>ν-ρωξου</span> <span class='ocrx_word' id='word_1_572' title='bbox 1588 5153 1921 5213; x_wconf 34' lang='grc' dir='ltr'>οηοικξαιξρι</span> <span class='ocrx_word' id='word_1_573' title='bbox 1982 5151 2186 5213; x_wconf 53' lang='grc' dir='ltr'>τρ.)</span> 
     </span>
    </p>
   </div>
   <div class='ocr_carea' id='block_1_74' title="bbox 535 5204 2190 5278">
    <p class='ocr_par' dir='ltr' id='par_1_74' title="bbox 535 5204 2190 5278">
     <span class='ocr_line' id='line_1_76' title="bbox 535 5204 2190 5278; baseline -0.007 -10"><span class='ocrx_word' id='word_1_574' title='bbox 535 5213 833 5268; x_wconf 87' lang='lat' dir='ltr'>Pertinent</span> <span class='ocrx_word' id='word_1_575' title='bbox 865 5204 976 5266; x_wconf 74' lang='lat' dir='ltr'>Huc</span> <span class='ocrx_word' id='word_1_576' title='bbox 1007 5208 1178 5264; x_wconf 90' lang='lat' dir='ltr'>etiam</span> <span class='ocrx_word' id='word_1_577' title='bbox 1215 5204 1387 5264; x_wconf 83' lang='lat' dir='ltr'>verba</span> <span class='ocrx_word' id='word_1_578' title='bbox 1408 5207 1824 5278; x_wconf 80' lang='lat' dir='ltr'>Chrysostomi,</span> <span class='ocrx_word' id='word_1_579' title='bbox 1850 5205 2098 5260; x_wconf 84' lang='lat' dir='ltr'>Homilia</span> <span class='ocrx_word' id='word_1_580' title='bbox 2121 5204 2190 5257; x_wconf 89' lang='lat' dir='ltr'>de</span> 
     </span>
    </p>
   </div>
   <div class='ocr_carea' id='block_1_75' title="bbox 537 5279 2186 5349">
    <p class='ocr_par' dir='ltr' id='par_1_75' title="bbox 537 5279 2186 5349">
     <span class='ocr_line' id='line_1_77' title="bbox 537 5279 2186 5349; baseline -0.007 -9"><span class='ocrx_word' id='word_1_581' title='bbox 537 5285 636 5340; x_wconf 89' lang='lat' dir='ltr'>SS.</span> <span class='ocrx_word' id='word_1_582' title='bbox 674 5283 904 5339; x_wconf 85' lang='lat' dir='ltr'>Bcrnice</span> <span class='ocrx_word' id='word_1_583' title='bbox 949 5287 1006 5336; x_wconf 91' lang='lat' dir='ltr'>et</span> <span class='ocrx_word' id='word_1_584' title='bbox 1044 5281 1350 5345; x_wconf 82' lang='lat' dir='ltr'>Prosdoce,</span> <span class='ocrx_word' id='word_1_585' title='bbox 1386 5296 1531 5349; x_wconf 89' lang='lat' dir='ltr'>quas</span> <span class='ocrx_word' id='word_1_586' title='bbox 1563 5279 1686 5349; x_wconf 89' lang='lat' dir='ltr'>ipse</span> <span class='ocrx_word' id='word_1_587' title='bbox 1718 5283 1880 5347; x_wconf 83' lang='lat' dir='ltr'>pater</span> <span class='ocrx_word' id='word_1_588' title='bbox 1909 5295 2025 5330; x_wconf 88' lang='lat' dir='ltr'>una</span> <span class='ocrx_word' id='word_1_589' title='bbox 2056 5292 2186 5330; x_wconf 88' lang='lat' dir='ltr'>cum</span> 
     </span>
    </p>
   </div>
   <div class='ocr_carea' id='block_1_76' title="bbox 540 5349 2191 5420">
    <p class='ocr_par' dir='ltr' id='par_1_76' title="bbox 540 5349 2191 5420">
     <span class='ocr_line' id='line_1_78' title="bbox 540 5349 2191 5420; baseline -0.007 -8"><span class='ocrx_word' id='word_1_590' title='bbox 540 5373 716 5412; x_wconf 83' lang='lat' dir='ltr'>uxore</span> <span class='ocrx_word' id='word_1_591' title='bbox 749 5373 855 5411; x_wconf 90' lang='lat' dir='ltr'>sua</span> <span class='ocrx_word' id='word_1_592' title='bbox 881 5353 1112 5409; x_wconf 89' lang='lat' dir='ltr'>illarum</span> <span class='ocrx_word' id='word_1_593' title='bbox 1148 5359 1334 5407; x_wconf 87' lang='lat' dir='ltr'>matre</span> <span class='ocrx_word' id='word_1_594' title='bbox 1363 5349 1662 5406; x_wconf 89' lang='lat' dir='ltr'>[)ominica</span> <span class='ocrx_word' id='word_1_595' title='bbox 1694 5349 1969 5420; x_wconf 90' lang='lat' dir='ltr'>prodidit.</span> <span class='ocrx_word' id='word_1_596' title='bbox 2002 5349 2191 5420; x_wconf 75' lang='lat' dir='ltr'>Verba</span> 
     </span>
    </p>
   </div>
   <div class='ocr_carea' id='block_1_77' title="bbox 541 5419 2191 5498">
    <p class='ocr_par' dir='ltr' id='par_1_77' title="bbox 541 5419 2191 5498">
     <span class='ocr_line' id='line_1_79' title="bbox 541 5419 2191 5498; baseline -0.007 -14"><span class='ocrx_word' id='word_1_597' title='bbox 541 5430 671 5498; x_wconf 88' lang='lat' dir='ltr'>ejus</span> <span class='ocrx_word' id='word_1_598' title='bbox 699 5432 838 5483; x_wconf 90' lang='lat' dir='ltr'>sunt</span> <span class='ocrx_word' id='word_1_599' title='bbox 876 5445 888 5482; x_wconf 95' lang='lat'>:</span> <span class='ocrx_word' id='word_1_600' title='bbox 925 5450 951 5475; x_wconf 88' lang='grc'><strong><em>‹‹</em></strong></span> <span class='ocrx_word' id='word_1_601' title='bbox 997 5427 1219 5496; x_wconf 82' lang='lat' dir='ltr'>Duplex</span> <span class='ocrx_word' id='word_1_602' title='bbox 1251 5425 1404 5480; x_wconf 90' lang='lat' dir='ltr'>enim</span> <span class='ocrx_word' id='word_1_603' title='bbox 1441 5428 1562 5476; x_wconf 87' lang='lat' dir='ltr'>erat</span> <span class='ocrx_word' id='word_1_604' title='bbox 1596 5419 1707 5498; x_wconf 79' lang='lat' dir='ltr'>hoc</span> <span class='ocrx_word' id='word_1_605' title='bbox 1734 5420 1947 5498; x_wconf 83' lang='lat' dir='ltr'>bellum</span> <span class='ocrx_word' id='word_1_606' title='bbox 1978 5419 2191 5498; x_wconf 71' lang='lat' dir='ltr'>(loq_ui~</span> 
     </span>
    </p>
   </div>
   <div class='ocr_carea' id='block_1_78' title="bbox 546 5491 2192 5562">
    <p class='ocr_par' dir='ltr' id='par_1_78' title="bbox 546 5491 2192 5562">
     <span class='ocr_line' id='line_1_80' title="bbox 546 5491 2192 5562; baseline -0.005 -8"><span class='ocrx_word' id='word_1_607' title='bbox 546 5491 640 5554; x_wconf 69' lang='lat' dir='ltr'>tur</span> <span class='ocrx_word' id='word_1_608' title='bbox 675 5501 746 5555; x_wconf 92' lang='lat' dir='ltr'>de</span> <span class='ocrx_word' id='word_1_609' title='bbox 778 5504 931 5553; x_wconf 88' lang='lat' dir='ltr'>statu</span> <span class='ocrx_word' id='word_1_610' title='bbox 960 5491 1244 5560; x_wconf 65' lang='lat' dir='ltr'>Ecclesiae)</span> <span class='ocrx_word' id='word_1_611' title='bbox 1281 5513 1292 5550; x_wconf 89' lang='lat'>:</span> <span class='ocrx_word' id='word_1_612' title='bbox 1330 5511 1513 5549; x_wconf 89' lang='lat' dir='ltr'>unum</span> <span class='ocrx_word' id='word_1_613' title='bbox 1565 5493 1801 5562; x_wconf 89' lang='lat' dir='ltr'>quidem</span> <span class='ocrx_word' id='word_1_614' title='bbox 1835 5491 2192 5559; x_wconf 64' lang='lat' dir='ltr'>intus,,alte-</span> 
     </span>
    </p>
   </div>
   <div class='ocr_carea' id='block_1_79' title="bbox 545 5563 2190 5631">
    <p class='ocr_par' dir='ltr' id='par_1_79' title="bbox 545 5563 2190 5631">
     <span class='ocr_line' id='line_1_81' title="bbox 545 5563 2190 5631; baseline -0.005 -5"><span class='ocrx_word' id='word_1_615' title='bbox 545 5588 674 5626; x_wconf 89' lang='lat' dir='ltr'>rum</span> <span class='ocrx_word' id='word_1_616' title='bbox 715 5588 845 5626; x_wconf 90' lang='lat' dir='ltr'>vero</span> <span class='ocrx_word' id='word_1_617' title='bbox 880 5569 1017 5624; x_wconf 91' lang='lat' dir='ltr'>foris</span> <span class='ocrx_word' id='word_1_618' title='bbox 1057 5569 1358 5631; x_wconf 82' lang='lat' dir='ltr'>obortum;</span> <span class='ocrx_word' id='word_1_619' title='bbox 1413 5566 1521 5619; x_wconf 91' lang='lat' dir='ltr'>hoc</span> <span class='ocrx_word' id='word_1_620' title='bbox 1571 5582 1605 5618; x_wconf 91' lang='lat' dir='ltr'>a</span> <span class='ocrx_word' id='word_1_621' title='bbox 1655 5563 2014 5629; x_wconf 79' lang='lat' dir='ltr'>domesticis,</span> <span class='ocrx_word' id='word_1_622' title='bbox 2048 5563 2190 5618; x_wconf 82' lang='lat' dir='ltr'>illud</span> 
     </span>
    </p>
   </div>
   <div class='ocr_carea' id='block_1_80' title="bbox 549 5635 2195 5707">
    <p class='ocr_par' dir='ltr' id='par_1_80' title="bbox 549 5635 2195 5707">
     <span class='ocr_line' id='line_1_82' title="bbox 549 5635 2195 5707; baseline -0.005 -10"><span class='ocrx_word' id='word_1_623' title='bbox 549 5645 620 5697; x_wconf 92' lang='lat' dir='ltr'>ab</span> <span class='ocrx_word' id='word_1_624' title='bbox 655 5643 961 5707; x_wconf 85' lang='lat' dir='ltr'>hostibus;</span> <span class='ocrx_word' id='word_1_625' title='bbox 994 5658 1178 5695; x_wconf 92' lang='lat' dir='ltr'>unum</span> <span class='ocrx_word' id='word_1_626' title='bbox 1211 5640 1282 5694; x_wconf 89' lang='lat' dir='ltr'>ab</span> <span class='ocrx_word' id='word_1_627' title='bbox 1317 5637 1522 5694; x_wconf 89' lang='lat' dir='ltr'>alienis</span> <span class='ocrx_word' id='word_1_628' title='bbox 1570 5654 1603 5692; x_wconf 89' lang='lat' dir='ltr'>a</span> <span class='ocrx_word' id='word_1_629' title='bbox 1637 5635 2023 5692; x_wconf 87' lang='lat' dir='ltr'>familiaribus</span> <span class='ocrx_word' id='word_1_630' title='bbox 2067 5635 2195 5689; x_wconf 86' lang='lat' dir='ltr'>illa-</span> 
     </span>
    </p>
   </div>
   <div class='ocr_carea' id='block_1_81' title="bbox 546 5714 1164 5778">
    <p class='ocr_par' dir='ltr' id='par_1_81' title="bbox 546 5714 1164 5778">
     <span class='ocr_line' id='line_1_83' title="bbox 546 5714 1164 5778; baseline -0.005 -10"><span class='ocrx_word' id='word_1_631' title='bbox 546 5719 669 5768; x_wconf 89' lang='lat' dir='ltr'>tum</span> <span class='ocrx_word' id='word_1_632' title='bbox 705 5714 972 5778; x_wconf 86' lang='lat' dir='ltr'>alterum,</span> <span class='ocrx_word' id='word_1_633' title='bbox 1002 5735 1029 5760; x_wconf 84' lang='lat'>»</span> <span class='ocrx_word' id='word_1_634' title='bbox 1059 5717 1164 5768; x_wconf 88' lang='lat' dir='ltr'>etc.</span> 
     </span>
    </p>
   </div>
   <div class='ocr_carea' id='block_1_82' title="bbox 621 5776 2194 5856">
    <p class='ocr_par' dir='ltr' id='par_1_82' title="bbox 621 5776 2194 5856">
     <span class='ocr_line' id='line_1_84' title="bbox 621 5776 2194 5856; baseline -0.004 -17"><span class='ocrx_word' id='word_1_635' title='bbox 621 5785 733 5856; x_wconf 90' lang='grc'>(51)</span> <span class='ocrx_word' id='word_1_636' title='bbox 781 5776 1107 5840; x_wconf 71' lang='grc' dir='ltr'>Πεδενιζαυίι.</span> <span class='ocrx_word' id='word_1_637' title='bbox 1140 5783 1408 5856; x_wconf 86' lang='lat' dir='ltr'>_lta_ms.</span> <span class='ocrx_word' id='word_1_638' title='bbox 1461 5779 1804 5856; x_wconf 82' lang='lat' dir='ltr'>P_utean.__e_t</span> <span class='ocrx_word' id='word_1_639' title='bbox 1853 5776 1991 5836; x_wconf 91' lang='lat' dir='ltr'>Coll.</span> <span class='ocrx_word' id='word_1_640' title='bbox 2050 5778 2194 5856; x_wconf 64' lang='lat' dir='ltr'>Mod.</span> 
     </span>
    </p>
   </div>
   <div class='ocr_carea' id='block_1_83' title="bbox 551 5851 2199 5928">
    <p class='ocr_par' dir='ltr' id='par_1_83' title="bbox 551 5851 2199 5928">
     <span class='ocr_line' id='line_1_85' title="bbox 551 5851 2199 5928; baseline -0.004 -16"><span class='ocrx_word' id='word_1_641' title='bbox 551 5851 726 5928; x_wconf 85' lang='lat' dir='ltr'>quam</span> <span class='ocrx_word' id='word_1_642' title='bbox 757 5872 951 5912; x_wconf 86' lang='lat' dir='ltr'>veram</span> <span class='ocrx_word' id='word_1_643' title='bbox 984 5871 1112 5912; x_wconf 86' lang='lat' dir='ltr'>esse</span> <span class='ocrx_word' id='word_1_644' title='bbox 1139 5851 1444 5909; x_wconf 88' lang='lat' dir='ltr'>lectionem</span> <span class='ocrx_word' id='word_1_645' title='bbox 1478 5851 1684 5909; x_wconf 89' lang='lat' dir='ltr'>docent</span> <span class='ocrx_word' id='word_1_646' title='bbox 1722 5851 1823 5909; x_wconf 88' lang='lat' dir='ltr'>illa</span> <span class='ocrx_word' id='word_1_647' title='bbox 1877 5851 2199 5924; x_wconf 67' lang='lat' dir='ltr'>praeceden-</span> 
     </span>
    </p>
   </div>
   <div class='ocr_carea' id='block_1_84' title="bbox 534 5069 795 5127">
    <p class='ocr_par' dir='ltr' id='par_1_84' title="bbox 534 5069 795 5127">
     <span class='ocr_line' id='line_1_86' title="bbox 534 5069 795 5127; baseline -0.015 -3"><span class='ocrx_word' id='word_1_648' title='bbox 534 5069 795 5127; x_wconf 81' lang='lat' dir='ltr'>ell&#39;atum.</span> 
     </span>
    </p>
   </div>
   <div class='ocr_carea' id='block_1_85' title="bbox 1409 2275 2252 2351">
    <p class='ocr_par' dir='ltr' id='par_1_85' title="bbox 1409 2275 2252 2351">
     <span class='ocr_line' id='line_1_87' title="bbox 1409 2275 2252 2351; baseline 0 -22"><span class='ocrx_word' id='word_1_649' title='bbox 1409 2292 1420 2351; x_wconf 70' lang='grc' dir='ltr'><strong><em>ς</em></strong></span> <span class='ocrx_word' id='word_1_650' title='bbox 1475 2276 1875 2351; x_wconf 79' lang='lat' dir='ltr'>simul__atque</span> <span class='ocrx_word' id='word_1_651' title='bbox 1905 2275 2177 2351; x_wconf 80' lang='lat' dir='ltr'>apparuit</span> <span class='ocrx_word' id='word_1_652' title='bbox 2207 2287 2252 2351; x_wconf 83' lang='grc' dir='ltr'>Β</span> 
     </span>
    </p>
   </div>
   <div class='ocr_carea' id='block_1_86' title="bbox 2280 1843 3934 1916">
    <p class='ocr_par' dir='ltr' id='par_1_86' title="bbox 2280 1843 3934 1916">
     <span class='ocr_line' id='line_1_88' title="bbox 2280 1843 3934 1916; baseline -0.002 -15"><span class='ocrx_word' id='word_1_653' title='bbox 2280 1847 2363 1902; x_wconf 91' lang='lat' dir='ltr'>tia</span> <span class='ocrx_word' id='word_1_654' title='bbox 2404 1865 2416 1902; x_wconf 92' lang='lat'><strong>:</strong></span> <span class='ocrx_word' id='word_1_655' title='bbox 2473 1847 2716 1901; x_wconf 83' lang='lat' dir='ltr'>Cruenta</span> <span class='ocrx_word' id='word_1_656' title='bbox 2745 1849 2806 1900; x_wconf 85' lang='lat' dir='ltr'>ut</span> <span class='ocrx_word' id='word_1_657' title='bbox 2855 1847 3140 1900; x_wconf 80' lang='lat' dir='ltr'>invenerat</span> <span class='ocrx_word' id='word_1_658' title='bbox 3164 1861 3185 1906; x_wconf 89' lang='grc'><em>;</em></span> <span class='ocrx_word' id='word_1_659' title='bbox 3217 1843 3484 1916; x_wconf 90' lang='lat' dir='ltr'>quamvis</span> <span class='ocrx_word' id='word_1_660' title='bbox 3531 1847 3587 1916; x_wconf 88' lang='lat' dir='ltr'>et</span> <span class='ocrx_word' id='word_1_661' title='bbox 3630 1844 3934 1916; x_wconf 71' lang='lat' dir='ltr'>reserauit,</span> 
     </span>
    </p>
   </div>
   <div class='ocr_carea' id='block_1_87' title="bbox 2283 1915 3944 1990">
    <p class='ocr_par' dir='ltr' id='par_1_87' title="bbox 2283 1915 3944 1990">
     <span class='ocr_line' id='line_1_89' title="bbox 2283 1915 3944 1990; baseline -0.004 -16"><span class='ocrx_word' id='word_1_662' title='bbox 2283 1919 2437 1990; x_wconf 86' lang='lat' dir='ltr'>quod</span> <span class='ocrx_word' id='word_1_663' title='bbox 2472 1919 2734 1973; x_wconf 67' lang='lat' dir='ltr'>Barrzeus</span> <span class='ocrx_word' id='word_1_664' title='bbox 2767 1923 2822 1972; x_wconf 93' lang='lat' dir='ltr'>et</span> <span class='ocrx_word' id='word_1_665' title='bbox 2846 1917 3220 1990; x_wconf 78' lang='lat' dir='ltr'>Pamcliuset</span> <span class='ocrx_word' id='word_1_666' title='bbox 3250 1917 3304 1971; x_wconf 91' lang='lat' dir='ltr'>la</span> <span class='ocrx_word' id='word_1_667' title='bbox 3336 1916 3518 1990; x_wconf 86' lang='lat' dir='ltr'>Cerda</span> <span class='ocrx_word' id='word_1_668' title='bbox 3548 1915 3785 1981; x_wconf 89' lang='lat' dir='ltr'>habent,</span> <span class='ocrx_word' id='word_1_669' title='bbox 3807 1931 3944 1990; x_wconf 81' lang='lat' dir='ltr'>om-</span> 
     </span>
    </p>
   </div>
   <div class='ocr_carea' id='block_1_88' title="bbox 2284 1985 3941 2058">
    <p class='ocr_par' dir='ltr' id='par_1_88' title="bbox 2284 1985 3941 2058">
     <span class='ocr_line' id='line_1_90' title="bbox 2284 1985 3941 2058; baseline -0.002 -14"><span class='ocrx_word' id='word_1_670' title='bbox 2284 1985 2420 2045; x_wconf 83' lang='lat' dir='ltr'>nino</span> <span class='ocrx_word' id='word_1_671' title='bbox 2455 2008 2569 2044; x_wconf 92' lang='lat' dir='ltr'>non</span> <span class='ocrx_word' id='word_1_672' title='bbox 2603 1991 2920 2056; x_wconf 88' lang='lat' dir='ltr'>damnem;</span> <span class='ocrx_word' id='word_1_673' title='bbox 2977 1989 3304 2054; x_wconf 65' lang='lat' dir='ltr'>significare</span> <span class='ocrx_word' id='word_1_674' title='bbox 3351 1989 3508 2042; x_wconf 90' lang='lat' dir='ltr'>enim</span> <span class='ocrx_word' id='word_1_675' title='bbox 3560 1992 3752 2058; x_wconf 87' lang='lat' dir='ltr'>potest</span> <span class='ocrx_word' id='word_1_676' title='bbox 3800 1985 3941 2058; x_wconf 78' lang='lat' dir='ltr'>feri-</span> 
     </span>
    </p>
   </div>
   <div class='ocr_carea' id='block_1_89' title="bbox 2284 2057 3939 2126">
    <p class='ocr_par' dir='ltr' id='par_1_89' title="bbox 2284 2057 3939 2126">
     <span class='ocr_line' id='line_1_91' title="bbox 2284 2057 3939 2126; baseline -0.002 -10"><span class='ocrx_word' id='word_1_677' title='bbox 2284 2079 2424 2118; x_wconf 87' lang='lat' dir='ltr'>num</span> <span class='ocrx_word' id='word_1_678' title='bbox 2459 2062 2626 2115; x_wconf 88' lang='lat' dir='ltr'>illum</span> <span class='ocrx_word' id='word_1_679' title='bbox 2660 2061 2919 2116; x_wconf 89' lang='lat' dir='ltr'>hominis</span> <span class='ocrx_word' id='word_1_680' title='bbox 2943 2059 3147 2114; x_wconf 62' lang='lat' dir='ltr'>bellum</span> <span class='ocrx_word' id='word_1_681' title='bbox 3177 2060 3390 2115; x_wconf 89' lang='lat' dir='ltr'>similis</span> <span class='ocrx_word' id='word_1_682' title='bbox 3414 2057 3646 2126; x_wconf 88' lang='lat' dir='ltr'>rictum,</span> <span class='ocrx_word' id='word_1_683' title='bbox 3673 2057 3939 2112; x_wconf 88' lang='lat' dir='ltr'>dentium</span> 
     </span>
    </p>
   </div>
   <div class='ocr_carea' id='block_1_90' title="bbox 2283 2131 3944 2204">
    <p class='ocr_par' dir='ltr' id='par_1_90' title="bbox 2283 2131 3944 2204">
     <span class='ocr_line' id='line_1_92' title="bbox 2283 2131 3944 2204; baseline -0.004 -14"><span class='ocrx_word' id='word_1_684' title='bbox 2283 2134 2490 2190; x_wconf 90' lang='lat' dir='ltr'>ordine</span> <span class='ocrx_word' id='word_1_685' title='bbox 2523 2133 2692 2204; x_wconf 91' lang='lat' dir='ltr'>quasi</span> <span class='ocrx_word' id='word_1_686' title='bbox 2729 2149 2858 2188; x_wconf 87' lang='lat' dir='ltr'>sera</span> <span class='ocrx_word' id='word_1_687' title='bbox 2899 2131 3190 2204; x_wconf 83' lang='lat' dir='ltr'>clausum,</span> <span class='ocrx_word' id='word_1_688' title='bbox 3224 2131 3279 2184; x_wconf 87' lang='lat' dir='ltr'>vi</span> <span class='ocrx_word' id='word_1_689' title='bbox 3313 2131 3746 2204; x_wconf 71' lang='lat' dir='ltr'>diffractumct</span> <span class='ocrx_word' id='word_1_690' title='bbox 3775 2146 3944 2200; x_wconf 89' lang='lat' dir='ltr'>aper-</span> 
     </span>
    </p>
   </div>
   <div class='ocr_carea' id='block_1_91' title="bbox 2284 2201 3937 2276">
    <p class='ocr_par' dir='ltr' id='par_1_91' title="bbox 2284 2201 3937 2276">
     <span class='ocr_line' id='line_1_93' title="bbox 2284 2201 3937 2276; baseline -0.004 -16"><span class='ocrx_word' id='word_1_691' title='bbox 2284 2211 2434 2270; x_wconf 89' lang='lat' dir='ltr'>tum,</span> <span class='ocrx_word' id='word_1_692' title='bbox 2469 2201 2760 2276; x_wconf 71' lang='lat' dir='ltr'>quomodo</span> <span class='ocrx_word' id='word_1_693' title='bbox 2793 2205 3053 2260; x_wconf 89' lang='lat' dir='ltr'>nondum</span> <span class='ocrx_word' id='word_1_694' title='bbox 3091 2203 3160 2258; x_wconf 91' lang='lat' dir='ltr'>ad</span> <span class='ocrx_word' id='word_1_695' title='bbox 3193 2201 3562 2276; x_wconf 87' lang='lat' dir='ltr'>stomachum</span> <span class='ocrx_word' id='word_1_696' title='bbox 3586 2201 3788 2276; x_wconf 65' lang='lat' dir='ltr'>missae</span> <span class='ocrx_word' id='word_1_697' title='bbox 3812 2217 3937 2272; x_wconf 89' lang='lat' dir='ltr'>par-</span> 
     </span>
    </p>
   </div>
   <div class='ocr_carea' id='block_1_92' title="bbox 2281 2273 3940 2344">
    <p class='ocr_par' dir='ltr' id='par_1_92' title="bbox 2281 2273 3940 2344">
     <span class='ocr_line' id='line_1_94' title="bbox 2281 2273 3940 2344; baseline -0.004 -13"><span class='ocrx_word' id='word_1_698' title='bbox 2281 2273 2720 2332; x_wconf 50' lang='lat' dir='ltr'>ticulaz&#39;carnis</span> <span class='ocrx_word' id='word_1_699' title='bbox 2780 2276 3050 2330; x_wconf 64' lang='lat' dir='ltr'>humana:</span> <span class='ocrx_word' id='word_1_700' title='bbox 3116 2276 3175 2328; x_wconf 91' lang='lat' dir='ltr'>in</span> <span class='ocrx_word' id='word_1_701' title='bbox 3246 2291 3343 2329; x_wconf 90' lang='lat' dir='ltr'>ore</span> <span class='ocrx_word' id='word_1_702' title='bbox 3402 2273 3940 2344; x_wconf 85' lang='lat' dir='ltr'>deprehendantur,</span> 
     </span>
    </p>
   </div>
   <div class='ocr_carea' id='block_1_93' title="bbox 2284 2346 3946 2420">
    <p class='ocr_par' dir='ltr' id='par_1_93' title="bbox 2284 2346 3946 2420">
     <span class='ocr_line' id='line_1_95' title="bbox 2284 2346 3946 2420; baseline -0.004 -17"><span class='ocrx_word' id='word_1_703' title='bbox 2284 2348 2632 2420; x_wconf 88' lang='lat' dir='ltr'>Cyclopibus</span> <span class='ocrx_word' id='word_1_704' title='bbox 2685 2347 2920 2402; x_wconf 89' lang='lat' dir='ltr'>Sirenas</span> <span class='ocrx_word' id='word_1_705' title='bbox 2960 2346 3179 2420; x_wconf 49' lang='lat' dir='ltr'>jungit,</span> <span class='ocrx_word' id='word_1_706' title='bbox 3213 2346 3490 2420; x_wconf 83' lang='lat' dir='ltr'>quoniam</span> <span class='ocrx_word' id='word_1_707' title='bbox 3541 2350 3835 2420; x_wconf 83' lang='lat' dir='ltr'>et_m_ares</span> <span class='ocrx_word' id='word_1_708' title='bbox 3883 2349 3946 2398; x_wconf 90' lang='lat' dir='ltr'>et</span> 
     </span>
    </p>
   </div>
   <div class='ocr_carea' id='block_1_94' title="bbox 2285 2415 3944 2476">
    <p class='ocr_par' dir='ltr' id='par_1_94' title="bbox 2285 2415 3944 2476">
     <span class='ocr_line' id='line_1_96' title="bbox 2285 2415 3944 2476; baseline -0.003 -1"><span class='ocrx_word' id='word_1_709' title='bbox 2285 2415 2529 2476; x_wconf 77' lang='lat' dir='ltr'>feminas</span> <span class='ocrx_word' id='word_1_710' title='bbox 2560 2421 2668 2475; x_wconf 91' lang='lat' dir='ltr'>hoc</span> <span class='ocrx_word' id='word_1_711' title='bbox 2699 2420 2915 2473; x_wconf 90' lang='lat' dir='ltr'>scelere</span> <span class='ocrx_word' id='word_1_712' title='bbox 2958 2415 3339 2473; x_wconf 75' lang='lat' dir='ltr'>confmderari</span> <span class='ocrx_word' id='word_1_713' title='bbox 3388 2418 3538 2470; x_wconf 91' lang='lat' dir='ltr'>inter</span> <span class='ocrx_word' id='word_1_714' title='bbox 3585 2415 3944 2471; x_wconf 88' lang='lat' dir='ltr'>christianos</span> 
     </span>
    </p>
   </div>
   <div class='ocr_carea' id='block_1_95' title="bbox 2285 2487 3940 2564">
    <p class='ocr_par' dir='ltr' id='par_1_95' title="bbox 2285 2487 3940 2564">
     <span class='ocr_line' id='line_1_97' title="bbox 2285 2487 3940 2564; baseline -0.003 -18"><span class='ocrx_word' id='word_1_715' title='bbox 2285 2493 2546 2564; x_wconf 89' lang='lat' dir='ltr'>putabat.</span> <span class='ocrx_word' id='word_1_716' title='bbox 2611 2492 2886 2552; x_wconf 88' lang='lat' dir='ltr'>Mendose</span> <span class='ocrx_word' id='word_1_717' title='bbox 2938 2491 3094 2562; x_wconf 92' lang='lat' dir='ltr'>apud</span> <span class='ocrx_word' id='word_1_718' title='bbox 3144 2491 3328 2545; x_wconf 86' lang='lat' dir='ltr'>Rhen.</span> <span class='ocrx_word' id='word_1_719' title='bbox 3377 2489 3649 2544; x_wconf 86' lang='lat' dir='ltr'>indicium</span> <span class='ocrx_word' id='word_1_720' title='bbox 3695 2503 3799 2560; x_wconf 94' lang='lat' dir='ltr'>pro</span> <span class='ocrx_word' id='word_1_721' title='bbox 3840 2487 3940 2558; x_wconf 85' lang='lat' dir='ltr'>ju-</span> 
     </span>
    </p>
   </div>
   <div class='ocr_carea' id='block_1_96' title="bbox 2284 2565 2440 2618">
    <p class='ocr_par' dir='ltr' id='par_1_96' title="bbox 2284 2565 2440 2618">
     <span class='ocr_line' id='line_1_98' title="bbox 2284 2565 2440 2618; baseline 0 0"><span class='ocrx_word' id='word_1_722' title='bbox 2284 2565 2440 2618; x_wconf 88' lang='lat' dir='ltr'>dicii.</span> 
     </span>
    </p>
   </div>
   <div class='ocr_carea' id='block_1_97' title="bbox 2357 2663 3946 2738">
    <p class='ocr_par' dir='ltr' id='par_1_97' title="bbox 2357 2663 3946 2738">
     <span class='ocr_line' id='line_1_99' title="bbox 2357 2663 3946 2738; baseline -0.004 -15"><span class='ocrx_word' id='word_1_723' title='bbox 2357 2671 2464 2738; x_wconf 82' lang='lat'>(52)</span> <span class='ocrx_word' id='word_1_724' title='bbox 2491 2671 2630 2738; x_wconf 74' lang='lat' dir='ltr'>Qui:</span> <span class='ocrx_word' id='word_1_725' title='bbox 2657 2668 2784 2722; x_wconf 82' lang='lat' dir='ltr'>talis</span> <span class='ocrx_word' id='word_1_726' title='bbox 2811 2667 3070 2738; x_wconf 83' lang='lat' dir='ltr'>facinora</span> <span class='ocrx_word' id='word_1_727' title='bbox 3098 2683 3222 2721; x_wconf 90' lang='lat' dir='ltr'>cum</span> <span class='ocrx_word' id='word_1_728' title='bbox 3253 2667 3546 2722; x_wconf 78' lang='lat' dir='ltr'>invenisset</span> <span class='ocrx_word' id='word_1_729' title='bbox 3587 2663 3788 2719; x_wconf 83' lang='lat' dir='ltr'>celavit</span> <span class='ocrx_word' id='word_1_730' title='bbox 3821 2668 3946 2738; x_wconf 86' lang='lat' dir='ltr'>_aut</span> 
     </span>
    </p>
   </div>
   <div class='ocr_carea' id='block_1_98' title="bbox 2282 2733 3945 2803">
    <p class='ocr_par' dir='ltr' id='par_1_98' title="bbox 2282 2733 3945 2803">
     <span class='ocr_line' id='line_1_100' title="bbox 2282 2733 3945 2803; baseline -0.003 -9"><span class='ocrx_word' id='word_1_731' title='bbox 2282 2733 2543 2795; x_wconf 77' lang='lat' dir='ltr'>vendidit.</span> <span class='ocrx_word' id='word_1_732' title='bbox 2595 2733 2940 2803; x_wconf 68' lang='lat' dir='ltr'>Quaesitores</span> <span class='ocrx_word' id='word_1_733' title='bbox 2986 2739 3296 2792; x_wconf 87' lang='lat' dir='ltr'>criminum</span> <span class='ocrx_word' id='word_1_734' title='bbox 3367 2738 3622 2792; x_wconf 80' lang='lat' dir='ltr'>facinora</span> <span class='ocrx_word' id='word_1_735' title='bbox 3693 2733 3945 2790; x_wconf 88' lang='lat' dir='ltr'>vendere</span> 
     </span>
    </p>
   </div>
   <div class='ocr_carea' id='block_1_99' title="bbox 2285 2807 3936 2881">
    <p class='ocr_par' dir='ltr' id='par_1_99' title="bbox 2285 2807 3936 2881">
     <span class='ocr_line' id='line_1_101' title="bbox 2285 2807 3936 2881; baseline -0.004 -15"><span class='ocrx_word' id='word_1_736' title='bbox 2285 2814 2580 2875; x_wconf 84' lang='lat' dir='ltr'>dicuntur,</span> <span class='ocrx_word' id='word_1_737' title='bbox 2614 2813 2711 2880; x_wconf 93' lang='lat' dir='ltr'>qui</span> <span class='ocrx_word' id='word_1_738' title='bbox 2747 2811 2963 2864; x_wconf 89' lang='lat' dir='ltr'>scelera</span> <span class='ocrx_word' id='word_1_739' title='bbox 2981 2811 3321 2881; x_wconf 87' lang='lat' dir='ltr'>vestigando</span> <span class='ocrx_word' id='word_1_740' title='bbox 3353 2809 3716 2881; x_wconf 87' lang='lat' dir='ltr'>deprehensa</span> <span class='ocrx_word' id='word_1_741' title='bbox 3745 2807 3936 2878; x_wconf 87' lang='lat' dir='ltr'>pretio</span> 
     </span>
    </p>
   </div>
   <div class='ocr_carea' id='block_1_100' title="bbox 2285 2827 3931 2954">
    <p class='ocr_par' dir='ltr' id='par_1_100' title="bbox 2285 2827 3931 2954">
     <span class='ocr_line' id='line_1_102' title="bbox 2285 2827 3931 2934; baseline -0.004 -68"><span class='ocrx_word' id='word_1_742' title='bbox 2285 2827 2580 2875; x_wconf 82' lang='lat' dir='ltr'>dicuntur,</span> <span class='ocrx_word' id='word_1_743' title='bbox 2614 2828 2711 2880; x_wconf 83' lang='lat' dir='ltr'>qui</span> <span class='ocrx_word' id='word_1_744' title='bbox 2747 2827 2963 2864; x_wconf 81' lang='lat' dir='ltr'>scelera</span> <span class='ocrx_word' id='word_1_745' title='bbox 2981 2827 3321 2881; x_wconf 79' lang='lat' dir='ltr'>vesuganao</span> <span class='ocrx_word' id='word_1_746' title='bbox 3353 2827 3716 2934; x_wconf 75' lang='lat' dir='ltr'>deprehensa</span> <span class='ocrx_word' id='word_1_747' title='bbox 3745 2827 3931 2878; x_wconf 73' lang='lat' dir='ltr'>pretio</span> 
     </span>
     <span class='ocr_line' id='line_1_103' title="bbox 2285 2881 3931 2954; baseline -0.004 -16"><span class='ocrx_word' id='word_1_748' title='bbox 2285 2885 2541 2954; x_wconf 88' lang='lat' dir='ltr'>corrupti</span> <span class='ocrx_word' id='word_1_749' title='bbox 2587 2900 2701 2938; x_wconf 91' lang='lat' dir='ltr'>non</span> <span class='ocrx_word' id='word_1_750' title='bbox 2750 2884 3020 2936; x_wconf 85' lang='lat' dir='ltr'>deferunt</span> <span class='ocrx_word' id='word_1_751' title='bbox 3068 2883 3138 2935; x_wconf 93' lang='lat' dir='ltr'>ad</span> <span class='ocrx_word' id='word_1_752' title='bbox 3188 2882 3424 2936; x_wconf 88' lang='lat' dir='ltr'>tribuna</span> <span class='ocrx_word' id='word_1_753' title='bbox 3452 2881 3526 2935; x_wconf 88' lang='lat' dir='ltr'>ia.</span> <span class='ocrx_word' id='word_1_754' title='bbox 3561 2881 3702 2954; x_wconf 85' lang='lat' dir='ltr'>Quis</span> <span class='ocrx_word' id='word_1_755' title='bbox 3733 2885 3931 2954; x_wconf 80' lang='lat' dir='ltr'>autem</span> 
     </span>
    </p>
   </div>
   <div class='ocr_carea' id='block_1_101' title="bbox 2285 2951 3936 3026">
    <p class='ocr_par' dir='ltr' id='par_1_101' title="bbox 2285 2951 3936 3026">
     <span class='ocr_line' id='line_1_104' title="bbox 2285 2951 3936 3026; baseline -0.005 -16"><span class='ocrx_word' id='word_1_756' title='bbox 2285 2951 2483 3010; x_wconf 84' lang='lat' dir='ltr'>credat</span> <span class='ocrx_word' id='word_1_757' title='bbox 2505 2956 2614 3026; x_wconf 90' lang='lat' dir='ltr'>ipsi</span> <span class='ocrx_word' id='word_1_758' title='bbox 2639 2954 2896 3024; x_wconf 86' lang='lat' dir='ltr'>quotidie</span> <span class='ocrx_word' id='word_1_759' title='bbox 2917 2955 3410 3026; x_wconf 85' lang='lat' dir='ltr'>adproconsulem</span> <span class='ocrx_word' id='word_1_760' title='bbox 3430 2951 3936 3026; x_wconf 80' lang='lat' dir='ltr'>pertraherentur?</span> 
     </span>
    </p>
   </div>
   <div class='ocr_carea' id='block_1_102' title="bbox 2287 3021 3931 3094">
    <p class='ocr_par' dir='ltr' id='par_1_102' title="bbox 2287 3021 3931 3094">
     <span class='ocr_line' id='line_1_105' title="bbox 2287 3021 3931 3094; baseline -0.004 -14"><span class='ocrx_word' id='word_1_761' title='bbox 2287 3027 2431 3081; x_wconf 81' lang='lat' dir='ltr'>PAM.</span> <span class='ocrx_word' id='word_1_762' title='bbox 2462 3021 2587 3075; x_wconf 73' lang='grc'>-’‹‹</span> <span class='ocrx_word' id='word_1_763' title='bbox 2634 3021 2741 3080; x_wconf 69' lang='lat' dir='ltr'>Aut</span> <span class='ocrx_word' id='word_1_764' title='bbox 2771 3021 3050 3090; x_wconf 81' lang='lat' dir='ltr'>vendidit,</span> <span class='ocrx_word' id='word_1_765' title='bbox 3086 3026 3245 3094; x_wconf 92' lang='lat' dir='ltr'>ipsos</span> <span class='ocrx_word' id='word_1_766' title='bbox 3293 3021 3528 3079; x_wconf 84' lang='lat' dir='ltr'>trahens</span> <span class='ocrx_word' id='word_1_767' title='bbox 3579 3021 3869 3078; x_wconf 88' lang='lat' dir='ltr'>homines.</span> <span class='ocrx_word' id='word_1_768' title='bbox 3910 3043 3931 3068; x_wconf 73' lang='grc' dir='ltr'>ιι</span> 
     </span>
    </p>
   </div>
   <div class='ocr_carea' id='block_1_103' title="bbox 2286 3094 3938 3170">
    <p class='ocr_par' dir='ltr' id='par_1_103' title="bbox 2286 3094 3938 3170">
     <span class='ocr_line' id='line_1_106' title="bbox 2286 3094 3938 3170; baseline -0.004 -17"><span class='ocrx_word' id='word_1_769' title='bbox 2286 3099 2635 3170; x_wconf 89' lang='lat' dir='ltr'>Interpretes</span> <span class='ocrx_word' id='word_1_770' title='bbox 2693 3097 2889 3170; x_wconf 82' lang='lat' dir='ltr'>silent,</span> <span class='ocrx_word' id='word_1_771' title='bbox 2940 3099 3028 3151; x_wconf 92' lang='lat' dir='ltr'>vel</span> <span class='ocrx_word' id='word_1_772' title='bbox 3087 3101 3306 3170; x_wconf 49' lang='lat' dir='ltr'>printer</span> <span class='ocrx_word' id='word_1_773' title='bbox 3362 3094 3559 3166; x_wconf 83' lang='lat' dir='ltr'>Rigalt</span> <span class='ocrx_word' id='word_1_774' title='bbox 3618 3094 3938 3170; x_wconf 83' lang='lat' dir='ltr'>turbantur</span> 
     </span>
    </p>
   </div>
   <div class='ocr_carea' id='block_1_104' title="bbox 2285 3165 3937 3240">
    <p class='ocr_par' dir='ltr' id='par_1_104' title="bbox 2285 3165 3937 3240">
     <span class='ocr_line' id='line_1_107' title="bbox 2285 3165 3937 3240; baseline -0.005 -16"><span class='ocrx_word' id='word_1_775' title='bbox 2285 3165 2463 3240; x_wconf 60' lang='lat' dir='ltr'>saepe,</span> <span class='ocrx_word' id='word_1_776' title='bbox 2491 3187 2656 3226; x_wconf 89' lang='lat' dir='ltr'>suam</span> <span class='ocrx_word' id='word_1_777' title='bbox 2695 3169 2826 3224; x_wconf 88' lang='lat' dir='ltr'>fecit</span> <span class='ocrx_word' id='word_1_778' title='bbox 2855 3169 2931 3222; x_wconf 86' lang='lat' dir='ltr'>La</span> <span class='ocrx_word' id='word_1_779' title='bbox 2960 3165 3160 3240; x_wconf 27' lang='lat' dir='ltr'>Cerdfa.</span> <span class='ocrx_word' id='word_1_780' title='bbox 3194 3169 3413 3223; x_wconf 90' lang='lat' dir='ltr'>Sensus</span> <span class='ocrx_word' id='word_1_781' title='bbox 3442 3165 3641 3240; x_wconf 76' lang='lat' dir='ltr'>tamen</span> <span class='ocrx_word' id='word_1_782' title='bbox 3674 3171 3763 3240; x_wconf 87' lang='lat' dir='ltr'>est</span> <span class='ocrx_word' id='word_1_783' title='bbox 3791 3165 3937 3240; x_wconf 77' lang='lat' dir='ltr'>sim-</span> 
     </span>
    </p>
   </div>
   <div class='ocr_carea' id='block_1_105' title="bbox 2287 3235 3944 3312">
    <p class='ocr_par' dir='ltr' id='par_1_105' title="bbox 2287 3235 3944 3312">
     <span class='ocr_line' id='line_1_108' title="bbox 2287 3235 3944 3312; baseline -0.005 -16"><span class='ocrx_word' id='word_1_784' title='bbox 2287 3235 2665 3312; x_wconf 82' lang='lat' dir='ltr'>plicissimus.</span> <span class='ocrx_word' id='word_1_785' title='bbox 2717 3240 2866 3295; x_wconf 89' lang='lat' dir='ltr'>Dicit</span> <span class='ocrx_word' id='word_1_786' title='bbox 2913 3239 3328 3294; x_wconf 83' lang='lat' dir='ltr'>Tertullianus.</span> <span class='ocrx_word' id='word_1_787' title='bbox 3383 3261 3411 3290; x_wconf 83' lang='lat'><strong>«</strong></span> <span class='ocrx_word' id='word_1_788' title='bbox 3452 3237 3591 3312; x_wconf 86' lang='lat' dir='ltr'>Quis</span> <span class='ocrx_word' id='word_1_789' title='bbox 3619 3237 3764 3312; x_wconf 78' lang='lat' dir='ltr'>talia</span> <span class='ocrx_word' id='word_1_790' title='bbox 3801 3235 3944 3312; x_wconf 82' lang='lat' dir='ltr'>faci-</span> 
     </span>
    </p>
   </div>
   <div class='ocr_carea' id='block_1_106' title="bbox 2285 3307 3944 3380">
    <p class='ocr_par' dir='ltr' id='par_1_106' title="bbox 2285 3307 3944 3380">
     <span class='ocr_line' id='line_1_109' title="bbox 2285 3307 3944 3380; baseline -0.004 -14"><span class='ocrx_word' id='word_1_791' title='bbox 2285 3307 2446 3380; x_wconf 80' lang='lat' dir='ltr'>nora,</span> <span class='ocrx_word' id='word_1_792' title='bbox 2479 3330 2611 3368; x_wconf 92' lang='lat' dir='ltr'>cum</span> <span class='ocrx_word' id='word_1_793' title='bbox 2647 3312 2986 3376; x_wconf 89' lang='lat' dir='ltr'>invenisset,</span> <span class='ocrx_word' id='word_1_794' title='bbox 3018 3312 3229 3366; x_wconf 89' lang='lat' dir='ltr'>celavit</span> <span class='ocrx_word' id='word_1_795' title='bbox 3273 3314 3375 3365; x_wconf 89' lang='lat' dir='ltr'>aut</span> <span class='ocrx_word' id='word_1_796' title='bbox 3424 3309 3736 3364; x_wconf 85' lang='lat' dir='ltr'>vendidit?</span> <span class='ocrx_word' id='word_1_797' title='bbox 3770 3329 3796 3354; x_wconf 87' lang='grc'>››</span> <span class='ocrx_word' id='word_1_798' title='bbox 3829 3307 3944 3361; x_wconf 91' lang='lat' dir='ltr'>sci-</span> 
     </span>
    </p>
   </div>
   <div class='ocr_carea' id='block_1_107' title="bbox 2285 3381 3944 3453">
    <p class='ocr_par' dir='ltr' id='par_1_107' title="bbox 2285 3381 3944 3453">
     <span class='ocr_line' id='line_1_110' title="bbox 2285 3381 3944 3453; baseline -0.004 -15"><span class='ocrx_word' id='word_1_799' title='bbox 2285 3384 2422 3440; x_wconf 89' lang='lat' dir='ltr'>licet</span> <span class='ocrx_word' id='word_1_800' title='bbox 2452 3401 2567 3439; x_wconf 90' lang='lat' dir='ltr'>non</span> <span class='ocrx_word' id='word_1_801' title='bbox 2599 3385 2953 3450; x_wconf 80' lang='lat' dir='ltr'>homines,ut</span> <span class='ocrx_word' id='word_1_802' title='bbox 2983 3383 3235 3438; x_wconf 89' lang='lat' dir='ltr'>absurde</span> <span class='ocrx_word' id='word_1_803' title='bbox 3259 3383 3318 3436; x_wconf 89' lang='lat' dir='ltr'>in</span> <span class='ocrx_word' id='word_1_804' title='bbox 3350 3381 3944 3453; x_wconf 85' lang='lat' dir='ltr'>explicatione.quam</span> 
     </span>
    </p>
   </div>
   <div class='ocr_carea' id='block_1_108' title="bbox 2287 3452 3946 3526">
    <p class='ocr_par' dir='ltr' id='par_1_108' title="bbox 2287 3452 3946 3526">
     <span class='ocr_line' id='line_1_111' title="bbox 2287 3452 3946 3526; baseline -0.005 -15"><span class='ocrx_word' id='word_1_805' title='bbox 2287 3459 2439 3511; x_wconf 91' lang='lat' dir='ltr'>notis</span> <span class='ocrx_word' id='word_1_806' title='bbox 2471 3457 2593 3511; x_wconf 88' lang='lat' dir='ltr'>suis</span> <span class='ocrx_word' id='word_1_807' title='bbox 2626 3456 2828 3526; x_wconf 82' lang='lat' dir='ltr'>praeire</span> <span class='ocrx_word' id='word_1_808' title='bbox 2861 3455 3004 3526; x_wconf 73' lang='lat' dir='ltr'>lecit</span> <span class='ocrx_word' id='word_1_809' title='bbox 3029 3461 3126 3526; x_wconf 74' lang='lat' dir='ltr'>_l.a</span> <span class='ocrx_word' id='word_1_810' title='bbox 3155 3454 3357 3521; x_wconf 89' lang='lat' dir='ltr'>Cerda,</span> <span class='ocrx_word' id='word_1_811' title='bbox 3411 3452 3509 3526; x_wconf 81' lang='lat' dir='ltr'>Sed</span> <span class='ocrx_word' id='word_1_812' title='bbox 3562 3452 3657 3526; x_wconf 12' lang='lat' dir='ltr'>ita,</span> <span class='ocrx_word' id='word_1_813' title='bbox 3689 3453 3946 3526; x_wconf 69' lang='lat' dir='ltr'>facinora</span> 
     </span>
    </p>
   </div>
   <div class='ocr_carea' id='block_1_109' title="bbox 2287 3520 3947 3598">
    <p class='ocr_par' dir='ltr' id='par_1_109' title="bbox 2287 3520 3947 3598">
     <span class='ocr_line' id='line_1_112' title="bbox 2287 3520 3947 3598; baseline -0.007 -15"><span class='ocrx_word' id='word_1_814' title='bbox 2287 3529 2391 3583; x_wconf 90' lang='lat' dir='ltr'>illa</span> <span class='ocrx_word' id='word_1_815' title='bbox 2431 3520 2666 3598; x_wconf 82' lang='lat' dir='ltr'>accepto</span> <span class='ocrx_word' id='word_1_816' title='bbox 2728 3525 2910 3598; x_wconf 89' lang='lat' dir='ltr'>pretio</span> <span class='ocrx_word' id='word_1_817' title='bbox 2960 3524 3174 3598; x_wconf 90' lang='lat' dir='ltr'>celans,</span> <span class='ocrx_word' id='word_1_818' title='bbox 3211 3520 3356 3596; x_wconf 74' lang='lat' dir='ltr'>ipsos</span> <span class='ocrx_word' id='word_1_819' title='bbox 3387 3524 3887 3598; x_wconf 57' lang='lat' dir='ltr'>trahensjiomines</span> <span class='ocrx_word' id='word_1_820' title='bbox 3917 3520 3947 3572; x_wconf 86' lang='lat'><strong>?</strong></span> 
     </span>
    </p>
   </div>
   <div class='ocr_carea' id='block_1_110' title="bbox 2287 3595 3945 3668">
    <p class='ocr_par' dir='ltr' id='par_1_110' title="bbox 2287 3595 3945 3668">
     <span class='ocr_line' id='line_1_113' title="bbox 2287 3595 3945 3668; baseline -0.005 -14"><span class='ocrx_word' id='word_1_821' title='bbox 2287 3600 2323 3654; x_wconf 92' lang='lat' dir='ltr'>i.</span> <span class='ocrx_word' id='word_1_822' title='bbox 2354 3616 2403 3654; x_wconf 91' lang='lat' dir='ltr'>e.</span> <span class='ocrx_word' id='word_1_823' title='bbox 2448 3595 2583 3654; x_wconf 86' lang='lat' dir='ltr'>cum</span> <span class='ocrx_word' id='word_1_824' title='bbox 2611 3595 2805 3652; x_wconf 35' lang='lat' dir='ltr'>tam—cn</span> <span class='ocrx_word' id='word_1_825' title='bbox 2849 3613 2977 3651; x_wconf 87' lang='lat' dir='ltr'>reos</span> <span class='ocrx_word' id='word_1_826' title='bbox 3000 3597 3175 3668; x_wconf 82' lang='lat' dir='ltr'>ipsos</span> <span class='ocrx_word' id='word_1_827' title='bbox 3208 3595 3406 3651; x_wconf 82' lang='lat' dir='ltr'>eorum</span> <span class='ocrx_word' id='word_1_828' title='bbox 3442 3597 3498 3649; x_wconf 93' lang='lat' dir='ltr'>in</span> <span class='ocrx_word' id='word_1_829' title='bbox 3523 3595 3813 3666; x_wconf 87' lang='lat' dir='ltr'>judicium</span> <span class='ocrx_word' id='word_1_830' title='bbox 3842 3609 3945 3668; x_wconf 79' lang='lat' dir='ltr'>ra-</span> 
     </span>
    </p>
   </div>
   <div class='ocr_carea' id='block_1_111' title="bbox 2325 3665 3935 3726">
    <p class='ocr_par' dir='ltr' id='par_1_111' title="bbox 2325 3665 3935 3726">
     <span class='ocr_line' id='line_1_114' title="bbox 2325 3665 3935 3726; baseline -0.005 0"><span class='ocrx_word' id='word_1_831' title='bbox 2325 3675 2485 3726; x_wconf 86' lang='lat' dir='ltr'>eret?</span> <span class='ocrx_word' id='word_1_832' title='bbox 2512 3672 2617 3724; x_wconf 91' lang='lat' dir='ltr'>Pro</span> <span class='ocrx_word' id='word_1_833' title='bbox 2641 3673 2926 3724; x_wconf 79' lang='lat' dir='ltr'>invenerat</span> <span class='ocrx_word' id='word_1_834' title='bbox 2956 3665 3053 3722; x_wconf 83' lang='lat' dir='ltr'>alii</span> <span class='ocrx_word' id='word_1_835' title='bbox 3075 3665 3935 3724; x_wconf 67' lang='lat' dir='ltr'>habentinvenissetMinucius</span> 
     </span>
    </p>
   </div>
   <div class='ocr_carea' id='block_1_112' title="bbox 2336 3736 3946 3812">
    <p class='ocr_par' dir='ltr' id='par_1_112' title="bbox 2336 3736 3946 3812">
     <span class='ocr_line' id='line_1_115' title="bbox 2336 3736 3946 3812; baseline -0.006 -15"><span class='ocrx_word' id='word_1_836' title='bbox 2336 3761 2405 3797; x_wconf 91' lang='lat' dir='ltr'>uc</span> <span class='ocrx_word' id='word_1_837' title='bbox 2438 3741 2753 3812; x_wconf 89' lang='lat' dir='ltr'>respiciens</span> <span class='ocrx_word' id='word_1_838' title='bbox 2789 3759 2800 3796; x_wconf 91' lang='lat'>:</span> <span class='ocrx_word' id='word_1_839' title='bbox 2835 3763 2861 3789; x_wconf 83' lang='lat'>«</span> <span class='ocrx_word' id='word_1_840' title='bbox 2896 3745 3017 3812; x_wconf 82' lang='lat' dir='ltr'>Nec</span> <span class='ocrx_word' id='word_1_841' title='bbox 3044 3741 3518 3810; x_wconf 85' lang='lat' dir='ltr'>intelligebamus</span> <span class='ocrx_word' id='word_1_842' title='bbox 3550 3739 3620 3792; x_wconf 87' lang='lat' dir='ltr'>ab</span> <span class='ocrx_word' id='word_1_843' title='bbox 3654 3736 3946 3812; x_wconf 82' lang='lat' dir='ltr'>h_is_fabu-</span> 
     </span>
    </p>
   </div>
   <div class='ocr_carea' id='block_1_113' title="bbox 2290 3808 3949 3882">
    <p class='ocr_par' dir='ltr' id='par_1_113' title="bbox 2290 3808 3949 3882">
     <span class='ocr_line' id='line_1_116' title="bbox 2290 3808 3949 3882; baseline -0.005 -14"><span class='ocrx_word' id='word_1_844' title='bbox 2290 3815 2378 3869; x_wconf 89' lang='lat' dir='ltr'>las</span> <span class='ocrx_word' id='word_1_845' title='bbox 2412 3808 2553 3869; x_wconf 80' lang='lat' dir='ltr'>istas</span> <span class='ocrx_word' id='word_1_846' title='bbox 2581 3829 2813 3882; x_wconf 91' lang='lat' dir='ltr'>semper</span> <span class='ocrx_word' id='word_1_847' title='bbox 2844 3810 3135 3876; x_wconf 84' lang='lat' dir='ltr'>ventilari,</span> <span class='ocrx_word' id='word_1_848' title='bbox 3169 3819 3224 3865; x_wconf 91' lang='lat' dir='ltr'>et</span> <span class='ocrx_word' id='word_1_849' title='bbox 3241 3808 3570 3881; x_wconf 56' lang='lat' dir='ltr'>_nunquam</span> <span class='ocrx_word' id='word_1_850' title='bbox 3614 3808 3949 3882; x_wconf 20' lang='lat' dir='ltr'>vel‘inves-</span> 
     </span>
    </p>
   </div>
   <div class='ocr_carea' id='block_1_114' title="bbox 2293 3878 3948 3957">
    <p class='ocr_par' dir='ltr' id='par_1_114' title="bbox 2293 3878 3948 3957">
     <span class='ocr_line' id='line_1_117' title="bbox 2293 3878 3948 3957; baseline -0.006 -16"><span class='ocrx_word' id='word_1_851' title='bbox 2293 3887 2463 3957; x_wconf 84' lang='lat' dir='ltr'>tigari</span> <span class='ocrx_word' id='word_1_852' title='bbox 2530 3885 2617 3938; x_wconf 87' lang='lat' dir='ltr'>vel</span> <span class='ocrx_word' id='word_1_853' title='bbox 2669 3878 2925 3957; x_wconf 79' lang='lat' dir='ltr'>probari.</span> <span class='ocrx_word' id='word_1_854' title='bbox 2981 3899 3084 3938; x_wconf 89' lang='lat' dir='ltr'>nec</span> <span class='ocrx_word' id='word_1_855' title='bbox 3146 3889 3305 3936; x_wconf 90' lang='lat' dir='ltr'>tanto</span> <span class='ocrx_word' id='word_1_856' title='bbox 3365 3878 3652 3957; x_wconf 74' lang='lat' dir='ltr'>tempore</span> <span class='ocrx_word' id='word_1_857' title='bbox 3685 3878 3948 3957; x_wconf 83' lang='lat' dir='ltr'>aliquem</span> 
     </span>
    </p>
   </div>
   <div class='ocr_carea' id='block_1_115' title="bbox 2291 3952 3944 4026">
    <p class='ocr_par' dir='ltr' id='par_1_115' title="bbox 2291 3952 3944 4026">
     <span class='ocr_line' id='line_1_118' title="bbox 2291 3952 3944 4026; baseline -0.006 -13"><span class='ocrx_word' id='word_1_858' title='bbox 2291 3952 2556 4020; x_wconf 63' lang='lat' dir='ltr'>eiistere,</span> <span class='ocrx_word' id='word_1_859' title='bbox 2608 3952 2704 4025; x_wconf 87' lang='lat' dir='ltr'>qui</span> <span class='ocrx_word' id='word_1_860' title='bbox 2758 3955 3046 4026; x_wconf 86' lang='lat' dir='ltr'>proderet,</span> <span class='ocrx_word' id='word_1_861' title='bbox 3101 3972 3214 4009; x_wconf 93' lang='lat' dir='ltr'>non</span> <span class='ocrx_word' id='word_1_862' title='bbox 3258 3952 3504 4009; x_wconf 81' lang='lat' dir='ltr'>tantum</span> <span class='ocrx_word' id='word_1_863' title='bbox 3524 3953 3655 4006; x_wconf 86' lang='lat' dir='ltr'>facti</span> <span class='ocrx_word' id='word_1_864' title='bbox 3686 3952 3944 4026; x_wconf 74' lang='lat' dir='ltr'>veniam,</span> 
     </span>
    </p>
   </div>
   <div class='ocr_carea' id='block_1_116' title="bbox 2292 4021 3945 4096">
    <p class='ocr_par' dir='ltr' id='par_1_116' title="bbox 2292 4021 3945 4096">
     <span class='ocr_line' id='line_1_119' title="bbox 2292 4021 3945 4096; baseline -0.006 -11"><span class='ocrx_word' id='word_1_865' title='bbox 2292 4046 2493 4085; x_wconf 90' lang='lat' dir='ltr'>verum</span> <span class='ocrx_word' id='word_1_866' title='bbox 2521 4021 2696 4084; x_wconf 83' lang='lat' dir='ltr'>etiam</span> <span class='ocrx_word' id='word_1_867' title='bbox 2718 4021 2918 4096; x_wconf 81' lang='lat' dir='ltr'>judicii</span> <span class='ocrx_word' id='word_1_868' title='bbox 2944 4026 3191 4095; x_wconf 87' lang='lat' dir='ltr'>gratiam</span> <span class='ocrx_word' id='word_1_869' title='bbox 3209 4032 3687 4081; x_wconf 90' lang='lat' dir='ltr'>consecuturum.</span> <span class='ocrx_word' id='word_1_870' title='bbox 3710 4045 3737 4072; x_wconf 87' lang='grc'>››</span> <span class='ocrx_word' id='word_1_871' title='bbox 3762 4021 3945 4076; x_wconf 82' lang='lat' dir='ltr'>Rhes.</span> 
     </span>
    </p>
   </div>
   <div class='ocr_carea' id='block_1_117' title="bbox 2293 4097 3358 4170">
    <p class='ocr_par' dir='ltr' id='par_1_117' title="bbox 2293 4097 3358 4170">
     <span class='ocr_line' id='line_1_120' title="bbox 2293 4097 3358 4170; baseline 0.002 -20"><span class='ocrx_word' id='word_1_872' title='bbox 2293 4125 2319 4151; x_wconf 86' lang='grc'><strong>‹‹</strong></span> <span class='ocrx_word' id='word_1_873' title='bbox 2352 4103 2513 4170; x_wconf 84' lang='lat' dir='ltr'>Ipsos</span> <span class='ocrx_word' id='word_1_874' title='bbox 2545 4101 2802 4154; x_wconf 84' lang='lat' dir='ltr'>vendens</span> <span class='ocrx_word' id='word_1_875' title='bbox 2834 4097 3120 4152; x_wconf 90' lang='lat' dir='ltr'>homines.</span> <span class='ocrx_word' id='word_1_876' title='bbox 3155 4120 3182 4148; x_wconf 83' lang='lat'><strong>»</strong></span> <span class='ocrx_word' id='word_1_877' title='bbox 3219 4102 3358 4153; x_wconf 67' lang='lat' dir='ltr'>Hav.</span> 
     </span>
    </p>
   </div>
   <div class='ocr_carea' id='block_1_118' title="bbox 2364 4199 3955 4278">
    <p class='ocr_par' dir='ltr' id='par_1_118' title="bbox 2364 4199 3955 4278">
     <span class='ocr_line' id='line_1_121' title="bbox 2364 4199 3955 4278; baseline -0.005 -17"><span class='ocrx_word' id='word_1_878' title='bbox 2364 4207 2474 4278; x_wconf 80' lang='lat'>(53)</span> <span class='ocrx_word' id='word_1_879' title='bbox 2505 4207 2640 4261; x_wconf 84' lang='lat' dir='ltr'>Cum</span> <span class='ocrx_word' id='word_1_880' title='bbox 2685 4205 2771 4260; x_wconf 85' lang='lat' dir='ltr'>vel</span> <span class='ocrx_word' id='word_1_881' title='bbox 2799 4221 2868 4260; x_wconf 77' lang='lat' dir='ltr'>ea:</span> <span class='ocrx_word' id='word_1_882' title='bbox 2895 4207 3096 4275; x_wconf 79' lang='lat' dir='ltr'>forma.</span> <span class='ocrx_word' id='word_1_883' title='bbox 3131 4204 3236 4260; x_wconf 88' lang='lat' dir='ltr'>Ms.</span> <span class='ocrx_word' id='word_1_884' title='bbox 3272 4205 3332 4278; x_wconf 80' lang='lat' dir='ltr'>L.</span> <span class='ocrx_word' id='word_1_885' title='bbox 3367 4204 3490 4278; x_wconf 71' lang='lat' dir='ltr'>Dat.</span> <span class='ocrx_word' id='word_1_886' title='bbox 3538 4199 3790 4278; x_wconf 79' lang='lat' dir='ltr'>exhibet,</span> <span class='ocrx_word' id='word_1_887' title='bbox 3811 4213 3955 4278; x_wconf 69' lang='lat' dir='ltr'>cum</span> 
     </span>
    </p>
   </div>
   <div class='ocr_carea' id='block_1_119' title="bbox 2292 4269 3953 4347">
    <p class='ocr_par' dir='ltr' id='par_1_119' title="bbox 2292 4269 3953 4347">
     <span class='ocr_line' id='line_1_122' title="bbox 2292 4269 3953 4347; baseline -0.007 -13"><span class='ocrx_word' id='word_1_888' title='bbox 2292 4269 2542 4334; x_wconf 68' lang='lat' dir='ltr'>vctu—sex</span> <span class='ocrx_word' id='word_1_889' title='bbox 2569 4280 2769 4347; x_wconf 79' lang='lat' dir='ltr'>forma,</span> <span class='ocrx_word' id='word_1_890' title='bbox 2821 4269 2902 4330; x_wconf 57' lang='lat' dir='ltr'>ut&#39;</span> <span class='ocrx_word' id='word_1_891' title='bbox 2931 4278 3213 4331; x_wconf 79' lang='lat' dir='ltr'>referatur</span> <span class='ocrx_word' id='word_1_892' title='bbox 3264 4277 3333 4330; x_wconf 90' lang='lat' dir='ltr'>ad</span> <span class='ocrx_word' id='word_1_893' title='bbox 3385 4275 3442 4328; x_wconf 94' lang='lat' dir='ltr'>id</span> <span class='ocrx_word' id='word_1_894' title='bbox 3476 4269 3953 4347; x_wconf 72' lang='lat' dir='ltr'>quodsequitur,</span> 
     </span>
    </p>
   </div>
   <div class='ocr_carea' id='block_1_120' title="bbox 2293 4341 3950 4421">
    <p class='ocr_par' dir='ltr' id='par_1_120' title="bbox 2293 4341 3950 4421">
     <span class='ocr_line' id='line_1_123' title="bbox 2293 4341 3950 4421; baseline -0.005 -16"><span class='ocrx_word' id='word_1_895' title='bbox 2293 4351 2440 4421; x_wconf 78' lang='lat' dir='ltr'>ﬁdes.</span> <span class='ocrx_word' id='word_1_896' title='bbox 2474 4341 2668 4404; x_wconf 80' lang='lat' dir='ltr'>Julius</span> <span class='ocrx_word' id='word_1_897' title='bbox 2703 4347 3036 4421; x_wconf 77' lang='lat' dir='ltr'>_Firmicus,</span> <span class='ocrx_word' id='word_1_898' title='bbox 3076 4347 3340 4421; x_wconf 71' lang='lat' dir='ltr'>Astran</span> <span class='ocrx_word' id='word_1_899' title='bbox 3381 4347 3461 4401; x_wconf 91' lang='lat' dir='ltr'>ib.</span> <span class='ocrx_word' id='word_1_900' title='bbox 3493 4341 3595 4411; x_wconf 62' lang='lat' dir='ltr'>im,</span> <span class='ocrx_word' id='word_1_901' title='bbox 3641 4345 3698 4397; x_wconf 92' lang='lat' dir='ltr'>in</span> <span class='ocrx_word' id='word_1_902' title='bbox 3736 4341 3895 4398; x_wconf 65' lang='lat' dir='ltr'>Praef.</span> <span class='ocrx_word' id='word_1_903' title='bbox 3935 4359 3950 4397; x_wconf 86' lang='lat'><strong>:</strong></span> 
     </span>
    </p>
   </div>
   <div class='ocr_carea' id='block_1_121' title="bbox 2295 4419 3953 4493">
    <p class='ocr_par' dir='ltr' id='par_1_121' title="bbox 2295 4419 3953 4493">
     <span class='ocr_line' id='line_1_124' title="bbox 2295 4419 3953 4493; baseline -0.007 -15"><span class='ocrx_word' id='word_1_904' title='bbox 2295 4419 2322 4471; x_wconf 62' lang='grc' dir='ltr'><strong><em>ὰ</em></strong></span> <span class='ocrx_word' id='word_1_905' title='bbox 2361 4424 2501 4477; x_wconf 85' lang='lat' dir='ltr'>Cum</span> <span class='ocrx_word' id='word_1_906' title='bbox 2535 4419 2772 4493; x_wconf 88' lang='lat' dir='ltr'>ignotis</span> <span class='ocrx_word' id='word_1_907' title='bbox 2801 4419 3446 4493; x_wconf 6' lang='lat' dir='ltr'>boniinibusporpheus</span> <span class='ocrx_word' id='word_1_908' title='bbox 3486 4430 3782 4493; x_wconf 71' lang='lat' dir='ltr'>sacrorum</span> <span class='ocrx_word' id='word_1_909' title='bbox 3829 4429 3953 4493; x_wconf 58' lang='grc' dir='ltr'>ὀδαξ-</span> 
     </span>
    </p>
   </div>
   <div class='ocr_carea' id='block_1_122' title="bbox 2303 4485 3955 4564">
    <p class='ocr_par' dir='ltr' id='par_1_122' title="bbox 2303 4485 3955 4564">
     <span class='ocr_line' id='line_1_125' title="bbox 2303 4485 3955 4564; baseline -0.006 -17"><span class='ocrx_word' id='word_1_910' title='bbox 2303 4485 2599 4548; x_wconf 68' lang='grc' dir='ltr'>ι-θῐῐὶοηὶειῖι</span> <span class='ocrx_word' id='word_1_911' title='bbox 2622 4492 2892 4564; x_wconf 84' lang='lat' dir='ltr'>aperiret,</span> <span class='ocrx_word' id='word_1_912' title='bbox 2916 4490 3059 4564; x_wconf 85' lang='lat' dir='ltr'>nihil</span> <span class='ocrx_word' id='word_1_913' title='bbox 3094 4485 3355 4564; x_wconf 46' lang='lat' dir='ltr'>aliud-ab</span> <span class='ocrx_word' id='word_1_914' title='bbox 3388 4490 3634 4564; x_wconf 77' lang='lat' dir='ltr'>iisquos</span> <span class='ocrx_word' id='word_1_915' title='bbox 3659 4485 3955 4564; x_wconf 83' lang='lat' dir='ltr'>initiabat,</span> 
     </span>
    </p>
   </div>
   <div class='ocr_carea' id='block_1_123' title="bbox 2297 4558 3952 4636">
    <p class='ocr_par' dir='ltr' id='par_1_123' title="bbox 2297 4558 3952 4636">
     <span class='ocr_line' id='line_1_126' title="bbox 2297 4558 3952 4636; baseline -0.005 -18"><span class='ocrx_word' id='word_1_916' title='bbox 2297 4565 2358 4620; x_wconf 94' lang='lat' dir='ltr'>in</span> <span class='ocrx_word' id='word_1_917' title='bbox 2394 4566 2582 4635; x_wconf 89' lang='lat' dir='ltr'>primo</span> <span class='ocrx_word' id='word_1_918' title='bbox 2613 4558 2922 4636; x_wconf 80' lang='lat' dir='ltr'>vestibulo,</span> <span class='ocrx_word' id='word_1_919' title='bbox 2949 4563 3060 4618; x_wconf 91' lang='lat' dir='ltr'>nisi</span> <span class='ocrx_word' id='word_1_920' title='bbox 3087 4561 3475 4636; x_wconf 79' lang='lat' dir='ltr'>jurisjurandi</span> <span class='ocrx_word' id='word_1_921' title='bbox 3511 4558 3952 4636; x_wconf 68' lang='lat' dir='ltr'>necessitatem,</span> 
     </span>
    </p>
   </div>
   <div class='ocr_carea' id='block_1_124' title="bbox 2297 4629 3959 4705">
    <p class='ocr_par' dir='ltr' id='par_1_124' title="bbox 2297 4629 3959 4705">
     <span class='ocr_line' id='line_1_127' title="bbox 2297 4629 3959 4705; baseline -0.007 -14"><span class='ocrx_word' id='word_1_922' title='bbox 2297 4644 2352 4691; x_wconf 91' lang='lat' dir='ltr'>et</span> <span class='ocrx_word' id='word_1_923' title='bbox 2382 4629 2512 4691; x_wconf 83' lang='lat' dir='ltr'>cum</span> <span class='ocrx_word' id='word_1_924' title='bbox 2544 4635 2810 4691; x_wconf 91' lang='lat' dir='ltr'>terribilli</span> <span class='ocrx_word' id='word_1_925' title='bbox 2846 4629 3100 4705; x_wconf 84' lang='lat' dir='ltr'>quadam</span> <span class='ocrx_word' id='word_1_926' title='bbox 3135 4629 3479 4690; x_wconf 74' lang='lat' dir='ltr'>auctoritate</span> <span class='ocrx_word' id='word_1_927' title='bbox 3505 4629 3804 4705; x_wconf 84' lang='lat' dir='ltr'>religionis</span> <span class='ocrx_word' id='word_1_928' title='bbox 3837 4629 3959 4681; x_wconf 82' lang='lat' dir='ltr'>exi-</span> 
     </span>
    </p>
   </div>
   <div class='ocr_carea' id='block_1_125' title="bbox 2337 4701 3958 4780">
    <p class='ocr_par' dir='ltr' id='par_1_125' title="bbox 2337 4701 3958 4780">
     <span class='ocr_line' id='line_1_128' title="bbox 2337 4701 3958 4780; baseline -0.006 -18"><span class='ocrx_word' id='word_1_929' title='bbox 2337 4709 2400 4774; x_wconf 93' lang='lat' dir='ltr'>it,</span> <span class='ocrx_word' id='word_1_930' title='bbox 2436 4725 2508 4762; x_wconf 90' lang='lat' dir='ltr'>ne</span> <span class='ocrx_word' id='word_1_931' title='bbox 2540 4708 2798 4780; x_wconf 77' lang='lat' dir='ltr'>profanis</span> <span class='ocrx_word' id='word_1_932' title='bbox 2830 4701 3073 4780; x_wconf 80' lang='lat' dir='ltr'>auribus</span> <span class='ocrx_word' id='word_1_933' title='bbox 3107 4707 3361 4780; x_wconf 51' lang='lat' dir='ltr'>inventa;</span> <span class='ocrx_word' id='word_1_934' title='bbox 3385 4721 3450 4759; x_wconf 88' lang='lat' dir='ltr'>ac</span> <span class='ocrx_word' id='word_1_935' title='bbox 3471 4701 3819 4780; x_wconf 66' lang='lat' dir='ltr'>compositae</span> <span class='ocrx_word' id='word_1_936' title='bbox 3864 4715 3958 4753; x_wconf 88' lang='lat' dir='ltr'>re-</span> 
     </span>
    </p>
   </div>
   <div class='ocr_carea' id='block_1_126' title="bbox 2296 4725 3954 4850">
    <p class='ocr_par' dir='ltr' id='par_1_126' title="bbox 2296 4725 3954 4850">
     <span class='ocr_line' id='line_1_129' title="bbox 2296 4725 3954 4833; baseline -0.006 -71"><span class='ocrx_word' id='word_1_937' title='bbox 2296 4725 2400 4833; x_wconf 57' lang='lat' dir='ltr'>pit,</span> <span class='ocrx_word' id='word_1_938' title='bbox 2436 4725 2508 4762; x_wconf 90' lang='lat' dir='ltr'>ne</span> <span class='ocrx_word' id='word_1_939' title='bbox 2540 4725 2798 4780; x_wconf 74' lang='lat' dir='ltr'>prorams</span> <span class='ocrx_word' id='word_1_940' title='bbox 2830 4725 3073 4761; x_wconf 77' lang='lat' dir='ltr'>auribus</span> <span class='ocrx_word' id='word_1_941' title='bbox 3107 4725 3352 4762; x_wconf 74' lang='lat' dir='ltr'>invenite</span> <span class='ocrx_word' id='word_1_942' title='bbox 3385 4725 3450 4759; x_wconf 88' lang='lat' dir='ltr'>ac</span> <span class='ocrx_word' id='word_1_943' title='bbox 3481 4725 3819 4774; x_wconf 75' lang='lat' dir='ltr'>compositae</span> <span class='ocrx_word' id='word_1_944' title='bbox 3864 4725 3954 4753; x_wconf 73' lang='lat' dir='ltr'>re-</span> 
     </span>
     <span class='ocr_line' id='line_1_130' title="bbox 2321 4774 3954 4850; baseline -0.005 -16"><span class='ocrx_word' id='word_1_945' title='bbox 2321 4780 2531 4850; x_wconf 83' lang='lat' dir='ltr'>igionis</span> <span class='ocrx_word' id='word_1_946' title='bbox 2563 4784 2784 4834; x_wconf 80' lang='lat' dir='ltr'>secreta</span> <span class='ocrx_word' id='word_1_947' title='bbox 2817 4779 3220 4850; x_wconf 85' lang='lat' dir='ltr'>proderentur.</span> <span class='ocrx_word' id='word_1_948' title='bbox 3257 4778 3364 4833; x_wconf 92' lang='lat' dir='ltr'>Sed</span> <span class='ocrx_word' id='word_1_949' title='bbox 3397 4781 3452 4850; x_wconf 87' lang='lat' dir='ltr'>et</span> <span class='ocrx_word' id='word_1_950' title='bbox 3471 4775 3634 4850; x_wconf 85' lang='lat' dir='ltr'>Plato</span> <span class='ocrx_word' id='word_1_951' title='bbox 3665 4774 3954 4828; x_wconf 64' lang='lat' dir='ltr'>Timaeum</span> 
     </span>
    </p>
   </div>
   <div class='ocr_carea' id='block_1_127' title="bbox 2298 4847 3950 4922">
    <p class='ocr_par' dir='ltr' id='par_1_127' title="bbox 2298 4847 3950 4922">
     <span class='ocr_line' id='line_1_131' title="bbox 2298 4847 3950 4922; baseline -0.007 -16"><span class='ocrx_word' id='word_1_952' title='bbox 2298 4847 2579 4922; x_wconf 75' lang='lat' dir='ltr'>perpetuo</span> <span class='ocrx_word' id='word_1_953' title='bbox 2613 4851 2766 4921; x_wconf 92' lang='lat' dir='ltr'>apud</span> <span class='ocrx_word' id='word_1_954' title='bbox 2801 4847 2862 4904; x_wconf 81' lang='lat' dir='ltr'>se</span> <span class='ocrx_word' id='word_1_955' title='bbox 2915 4851 3247 4921; x_wconf 84' lang='lat' dir='ltr'>frequenter</span> <span class='ocrx_word' id='word_1_956' title='bbox 3295 4847 3602 4912; x_wconf 91' lang='lat' dir='ltr'>continuit,</span> <span class='ocrx_word' id='word_1_957' title='bbox 3648 4861 3707 4899; x_wconf 92' lang='lat' dir='ltr'>se</span> <span class='ocrx_word' id='word_1_958' title='bbox 3757 4858 3950 4922; x_wconf 58' lang='lat' dir='ltr'>secreo</span> 
     </span>
    </p>
   </div>
   <div class='ocr_carea' id='block_1_128' title="bbox 2299 4915 3956 4994">
    <p class='ocr_par' dir='ltr' id='par_1_128' title="bbox 2299 4915 3956 4994">
     <span class='ocr_line' id='line_1_132' title="bbox 2299 4915 3956 4994; baseline -0.007 -16"><span class='ocrx_word' id='word_1_959' title='bbox 2299 4915 2490 4978; x_wconf 76' lang='lat' dir='ltr'>tarum</span> <span class='ocrx_word' id='word_1_960' title='bbox 2525 4915 2988 4994; x_wconf 69' lang='lat' dir='ltr'>disputationum</span> <span class='ocrx_word' id='word_1_961' title='bbox 3017 4915 3366 4994; x_wconf 52' lang='lat' dir='ltr'>&#39;veneranda</span> <span class='ocrx_word' id='word_1_962' title='bbox 3410 4921 3741 4994; x_wconf 81' lang='lat' dir='ltr'>commenta</span> <span class='ocrx_word' id='word_1_963' title='bbox 3770 4915 3956 4994; x_wconf 80' lang='lat' dir='ltr'>impe-</span> 
     </span>
    </p>
   </div>
   <div class='ocr_carea' id='block_1_129' title="bbox 2298 4985 3956 5067">
    <p class='ocr_par' dir='ltr' id='par_1_129' title="bbox 2298 4985 3956 5067">
     <span class='ocr_line' id='line_1_133' title="bbox 2298 4985 3956 5067; baseline -0.005 -18"><span class='ocrx_word' id='word_1_964' title='bbox 2298 4995 2427 5050; x_wconf 87' lang='lat' dir='ltr'>ritis</span> <span class='ocrx_word' id='word_1_965' title='bbox 2486 4985 2801 5065; x_wconf 80' lang='lat' dir='ltr'>aliquando</span> <span class='ocrx_word' id='word_1_966' title='bbox 2870 4992 3558 5067; x_wconf 64' lang='lat' dir='ltr'>intimaret,_patiunlur</span> <span class='ocrx_word' id='word_1_967' title='bbox 3613 4988 3769 5067; x_wconf 81' lang='lat' dir='ltr'>enim</span> <span class='ocrx_word' id='word_1_968' title='bbox 3817 4985 3956 5067; x_wconf 41' lang='grc' dir='ltr'>,δαξο</span> 
     </span>
    </p>
   </div>
   <div class='ocr_carea' id='block_1_130' title="bbox 2296 5061 3959 5137">
    <p class='ocr_par' dir='ltr' id='par_1_130' title="bbox 2296 5061 3959 5137">
     <span class='ocr_line' id='line_1_134' title="bbox 2296 5061 3959 5137; baseline -0.007 -15"><span class='ocrx_word' id='word_1_969' title='bbox 2296 5067 2495 5122; x_wconf 85' lang='lat' dir='ltr'>omnia</span> <span class='ocrx_word' id='word_1_970' title='bbox 2520 5061 2834 5137; x_wconf 80' lang='lat' dir='ltr'>jacturam,</span> <span class='ocrx_word' id='word_1_971' title='bbox 2859 5083 2989 5119; x_wconf 93' lang='lat' dir='ltr'>cum</span> <span class='ocrx_word' id='word_1_972' title='bbox 3025 5061 3269 5135; x_wconf 79' lang='lat' dir='ltr'>perditis</span> <span class='ocrx_word' id='word_1_973' title='bbox 3298 5071 3355 5120; x_wconf 90' lang='lat' dir='ltr'>et</span> <span class='ocrx_word' id='word_1_974' title='bbox 3379 5061 3706 5137; x_wconf 62' lang='lat' dir='ltr'>desperatis</span> <span class='ocrx_word' id='word_1_975' title='bbox 3736 5061 3959 5137; x_wconf 80' lang='lat' dir='ltr'>animis</span> 
     </span>
    </p>
   </div>
   <div class='ocr_carea' id='block_1_131' title="bbox 2300 5129 3957 5208">
    <p class='ocr_par' dir='ltr' id='par_1_131' title="bbox 2300 5129 3957 5208">
     <span class='ocr_line' id='line_1_135' title="bbox 2300 5129 3957 5208; baseline -0.007 -14"><span class='ocrx_word' id='word_1_976' title='bbox 2300 5129 2670 5194; x_wconf 79' lang='lat' dir='ltr'>inheruntur.</span> <span class='ocrx_word' id='word_1_977' title='bbox 2709 5129 2865 5208; x_wconf 81' lang='lat' dir='ltr'>Apud</span> <span class='ocrx_word' id='word_1_978' title='bbox 2901 5129 3306 5208; x_wconf 68' lang='lat' dir='ltr'>Pythagorasos</span> <span class='ocrx_word' id='word_1_979' title='bbox 3349 5129 3549 5190; x_wconf 82' lang='lat' dir='ltr'>noster</span> <span class='ocrx_word' id='word_1_980' title='bbox 3596 5129 3957 5208; x_wconf 77' lang='lat' dir='ltr'>Porphyrius</span> 
     </span>
    </p>
   </div>
   <div class='ocr_carea' id='block_1_132' title="bbox 2301 5155 3956 5282">
    <p class='ocr_par' dir='ltr' id='par_1_132' title="bbox 2301 5155 3956 5282">
     <span class='ocr_line' id='line_1_136' title="bbox 2301 5155 3956 5264; baseline -0.007 -70"><span class='ocrx_word' id='word_1_981' title='bbox 2301 5155 2670 5194; x_wconf 80' lang='lat' dir='ltr'>inneruntur.</span> <span class='ocrx_word' id='word_1_982' title='bbox 2709 5155 2865 5264; x_wconf 72' lang='lat' dir='ltr'>apud</span> <span class='ocrx_word' id='word_1_983' title='bbox 2901 5155 3306 5208; x_wconf 52' lang='lat' dir='ltr'>Pythagoricos</span> <span class='ocrx_word' id='word_1_984' title='bbox 3349 5155 3549 5190; x_wconf 83' lang='lat' dir='ltr'>noster</span> <span class='ocrx_word' id='word_1_985' title='bbox 3597 5155 3956 5257; x_wconf 57' lang='lat' dir='ltr'>rorrpuynus</span> 
     </span>
     <span class='ocr_line' id='line_1_137' title="bbox 2301 5203 3956 5282; baseline -0.007 -17"><span class='ocrx_word' id='word_1_986' title='bbox 2301 5211 2574 5282; x_wconf 87' lang='lat' dir='ltr'>religiosa</span> <span class='ocrx_word' id='word_1_987' title='bbox 2630 5227 2738 5281; x_wconf 90' lang='lat' dir='ltr'>epu</span> <span class='ocrx_word' id='word_1_988' title='bbox 2771 5213 2964 5264; x_wconf 86' lang='lat' dir='ltr'>antem</span> <span class='ocrx_word' id='word_1_989' title='bbox 3021 5209 3284 5264; x_wconf 89' lang='lat' dir='ltr'>animum</span> <span class='ocrx_word' id='word_1_990' title='bbox 3339 5213 3604 5263; x_wconf 88' lang='lat' dir='ltr'>nostrum</span> <span class='ocrx_word' id='word_1_991' title='bbox 3651 5204 3699 5258; x_wconf 92' lang='lat' dir='ltr'>si</span> <span class='ocrx_word' id='word_1_992' title='bbox 3727 5203 3956 5257; x_wconf 87' lang='lat' dir='ltr'>entium</span> 
     </span>
    </p>
   </div>
   <div class='ocr_carea' id='block_1_133' title="bbox 2301 5284 2903 5338">
    <p class='ocr_par' dir='ltr' id='par_1_133' title="bbox 2301 5284 2903 5338">
     <span class='ocr_line' id='line_1_138' title="bbox 2301 5284 2903 5338; baseline -0.008 0"><span class='ocrx_word' id='word_1_993' title='bbox 2301 5284 2674 5338; x_wconf 82' lang='lat' dir='ltr'>consecravit.</span> <span class='ocrx_word' id='word_1_994' title='bbox 2703 5306 2722 5334; x_wconf 80' lang='grc' dir='ltr'><strong><em>ιι</em></strong></span> <span class='ocrx_word' id='word_1_995' title='bbox 2763 5286 2903 5335; x_wconf 75' lang='grc' dir='ltr'>ΗΑν.</span> 
     </span>
    </p>
   </div>
   <div class='ocr_carea' id='block_1_134' title="bbox 2373 5377 3958 5459">
    <p class='ocr_par' dir='ltr' id='par_1_134' title="bbox 2373 5377 3958 5459">
     <span class='ocr_line' id='line_1_139' title="bbox 2373 5377 3958 5459; baseline -0.008 -17"><span class='ocrx_word' id='word_1_996' title='bbox 2373 5391 2482 5459; x_wconf 71' lang='grc'>(54)</span> <span class='ocrx_word' id='word_1_997' title='bbox 2538 5389 2936 5459; x_wconf 72' lang='lat' dir='ltr'>Samothracia.</span> <span class='ocrx_word' id='word_1_998' title='bbox 3000 5409 3026 5435; x_wconf 83' lang='lat'><strong>«</strong></span> <span class='ocrx_word' id='word_1_999' title='bbox 3075 5387 3136 5440; x_wconf 89' lang='lat' dir='ltr'>In</span> <span class='ocrx_word' id='word_1_1000' title='bbox 3193 5386 3566 5441; x_wconf 85' lang='lat' dir='ltr'>Samothrace</span> <span class='ocrx_word' id='word_1_1001' title='bbox 3615 5377 3958 5459; x_wconf 25' lang='lat' dir='ltr'>insulapin-</span> 
     </span>
    </p>
   </div>
   <div class='ocr_carea' id='block_1_135' title="bbox 2302 5453 3956 5532">
    <p class='ocr_par' dir='ltr' id='par_1_135' title="bbox 2302 5453 3956 5532">
     <span class='ocr_line' id='line_1_140' title="bbox 2302 5453 3956 5532; baseline -0.009 -16"><span class='ocrx_word' id='word_1_1002' title='bbox 2302 5453 2428 5532; x_wconf 84' lang='lat' dir='ltr'>quit</span> <span class='ocrx_word' id='word_1_1003' title='bbox 2460 5453 2657 5532; x_wconf 77' lang='lat' dir='ltr'>Zeph.,</span> <span class='ocrx_word' id='word_1_1004' title='bbox 2709 5457 3067 5532; x_wconf 78' lang='lat' dir='ltr'>initiationes</span> <span class='ocrx_word' id='word_1_1005' title='bbox 3113 5460 3376 5532; x_wconf 66' lang='lat' dir='ltr'>quaedam</span> <span class='ocrx_word' id='word_1_1006' title='bbox 3431 5459 3609 5532; x_wconf 81' lang='lat' dir='ltr'>fuisse</span> <span class='ocrx_word' id='word_1_1007' title='bbox 3657 5453 3956 5532; x_wconf 69' lang='lat' dir='ltr'>dicuntur,</span> 
     </span>
    </p>
   </div>
   <div class='ocr_carea' id='block_1_136' title="bbox 2304 5523 3961 5601">
    <p class='ocr_par' dir='ltr' id='par_1_136' title="bbox 2304 5523 3961 5601">
     <span class='ocr_line' id='line_1_141' title="bbox 2304 5523 3961 5601; baseline -0.007 -14"><span class='ocrx_word' id='word_1_1008' title='bbox 2304 5523 2373 5587; x_wconf 76' lang='lat' dir='ltr'>ad</span> <span class='ocrx_word' id='word_1_1009' title='bbox 2421 5523 2678 5587; x_wconf 68' lang='lat' dir='ltr'>remedia</span> <span class='ocrx_word' id='word_1_1010' title='bbox 2726 5523 3143 5584; x_wconf 82' lang='lat' dir='ltr'>nonnullarum</span> <span class='ocrx_word' id='word_1_1011' title='bbox 3176 5529 3700 5601; x_wconf 71' lang='lat' dir='ltr'>periclitationum,</span> <span class='ocrx_word' id='word_1_1012' title='bbox 3753 5523 3853 5601; x_wconf 85' lang='lat' dir='ltr'>ubi</span> <span class='ocrx_word' id='word_1_1013' title='bbox 3903 5527 3961 5575; x_wconf 89' lang='lat' dir='ltr'>et</span> 
     </span>
    </p>
   </div>
   <div class='ocr_carea' id='block_1_137' title="bbox 2303 5596 3956 5676">
    <p class='ocr_par' dir='ltr' id='par_1_137' title="bbox 2303 5596 3956 5676">
     <span class='ocr_line' id='line_1_142' title="bbox 2303 5596 3956 5676; baseline -0.008 -17"><span class='ocrx_word' id='word_1_1014' title='bbox 2303 5606 2694 5676; x_wconf 87' lang='lat' dir='ltr'>Corybantum</span> <span class='ocrx_word' id='word_1_1015' title='bbox 2727 5601 3000 5676; x_wconf 81' lang='lat' dir='ltr'>mysteria</span> <span class='ocrx_word' id='word_1_1016' title='bbox 3022 5608 3076 5656; x_wconf 90' lang='lat' dir='ltr'>ct</span> <span class='ocrx_word' id='word_1_1017' title='bbox 3100 5596 3339 5676; x_wconf 72' lang='lat' dir='ltr'>Hecates</span> <span class='ocrx_word' id='word_1_1018' title='bbox 3371 5617 3534 5676; x_wconf 81' lang='lat' dir='ltr'>sacra</span> <span class='ocrx_word' id='word_1_1019' title='bbox 3564 5596 3956 5676; x_wconf 69' lang='lat' dir='ltr'>celebrantur,</span> 
     </span>
    </p>
   </div>
   <div class='ocr_carea' id='block_1_138' title="bbox 2305 5667 3954 5731">
    <p class='ocr_par' dir='ltr' id='par_1_138' title="bbox 2305 5667 3954 5731">
     <span class='ocr_line' id='line_1_143' title="bbox 2305 5667 3954 5731; baseline -0.01 0"><span class='ocrx_word' id='word_1_1020' title='bbox 2305 5667 2631 5731; x_wconf 49' lang='lat' dir='ltr'>ct&#39;i&#39;canes</span> <span class='ocrx_word' id='word_1_1021' title='bbox 2679 5674 2748 5728; x_wconf 90' lang='lat' dir='ltr'>ad</span> <span class='ocrx_word' id='word_1_1022' title='bbox 2788 5667 3027 5728; x_wconf 75' lang='lat' dir='ltr'>antrum</span> <span class='ocrx_word' id='word_1_1023' title='bbox 3080 5674 3418 5729; x_wconf 81' lang='lat' dir='ltr'>Zerintlium</span> <span class='ocrx_word' id='word_1_1024' title='bbox 3473 5667 3880 5726; x_wconf 88' lang='lat' dir='ltr'>immolabant.</span> <span class='ocrx_word' id='word_1_1025' title='bbox 3930 5683 3954 5714; x_wconf 69' lang='lat' dir='ltr'>in</span> 
     </span>
    </p>
   </div>
   <div class='ocr_carea' id='block_1_139' title="bbox 2306 5753 2450 5804">
    <p class='ocr_par' dir='ltr' id='par_1_139' title="bbox 2306 5753 2450 5804">
     <span class='ocr_line' id='line_1_144' title="bbox 2306 5753 2450 5804; baseline -0.007 -1"><span class='ocrx_word' id='word_1_1026' title='bbox 2306 5753 2450 5804; x_wconf 80' lang='grc' dir='ltr'>ΡΑΜ.</span> 
     </span>
    </p>
   </div>
   <div class='ocr_carea' id='block_1_140' title="bbox 2379 5839 3956 5926">
    <p class='ocr_par' dir='ltr' id='par_1_140' title="bbox 2379 5839 3956 5926">
     <span class='ocr_line' id='line_1_145' title="bbox 2379 5839 3956 5926; baseline -0.01 -16"><span class='ocrx_word' id='word_1_1027' title='bbox 2379 5855 2492 5926; x_wconf 75' lang='grc'>(25)</span> <span class='ocrx_word' id='word_1_1028' title='bbox 2550 5853 2836 5910; x_wconf 73' lang='lat' dir='ltr'>Eleusinia</span> <span class='ocrx_word' id='word_1_1029' title='bbox 2889 5853 3209 5909; x_wconf 78' lang='lat' dir='ltr'>reticentur.</span> <span class='ocrx_word' id='word_1_1030' title='bbox 3275 5849 3432 5907; x_wconf 85' lang='lat' dir='ltr'>Nihil</span> <span class='ocrx_word' id='word_1_1031' title='bbox 3491 5850 3692 5905; x_wconf 91' lang='lat' dir='ltr'>notum</span> <span class='ocrx_word' id='word_1_1032' title='bbox 3750 5839 3956 5913; x_wconf 78' lang='lat' dir='ltr'>magis,</span> 
     </span>
    </p>
   </div>
  </div>
