4366 6350
191 404 293 466 361

1270 403 1865 466 APOLOGETICUS
1907 404 2095 466 ADV.
2140 403 2473 464 GENTES.

3464 401 3587 463 362

193 535 363 609 magis
382 535 543 601 talia,
568 552 695 607 quas
718 534 947 607 prodita
975 534 1210 591 interim
1234 536 1277 571 ⁸⁸
1300 536 1473 591 etiam
1498 536 1821 591 humanam
1854 539 1905 605 Α
1937 535 2191 607 sapiens,
2219 552 2333 590 non
2374 535 2557 590 credit
2601 534 2898 591 incerto“.
2920 533 3196 591 Omnium
3243 540 3334 592 est
3353 535 3399 571 “
3427 535 3589 592 msti-

192 626 744 681 animadversionem
780 624 1355 696 provocabunt,dum
1404 626 1599 680 divina
1640 642 1827 680 serva-

191 714 372 770 tur“?
392 714 450 770 Si
497 731 638 786 ergo
670 730 784 769 non
818 714 927 785 ipsi
978 714 1303 784 proditores
1336 714 1447 779 sui,
1474 714 1735 785 sequitur
1766 718 1830 769 ut

189 803 452 859 extranei.
483 804 552 858 Et
601 804 755 857 unde
794 802 1086 858 extraneis
1119 803 1364 857 notitia?
1412 819 1543 857 cum
1598 818 1830 872 semper

188 895 347 948 etiam
381 893 485 964 piis
506 893 555 928 ⁸ο
577 894 693 964 (56)
718 891 1076 947 initiationes
1103 896 1339 946 arceant
1363 892 1637 963 profanos
1668 896 1723 946 et
1756 892 1827 945 ab

188 982 469 1037 arbitris“
525 985 786 1049 caveant,
820 981 930 1035 nisi
967 981 1014 1033 si
1048 979 1212 1051 impii
1264 981 1460 1034 minus
1511 978 1828 1034 metuunt?

188 1076 381 1126 natura
415 1070 579 1125 famas
607 1069 887 1125 omnibus
921 1075 1059 1123 nota
1099 1073 1208 1123 est.
1241 1068 1513 1124 Vestrum
1546 1073 1635 1122 est
1669 1084 1681 1122 :

293 1205 451 1253 Fama
475 1204 520 1238 ⁵⁸
548 1202 763 1262 malum,
790 1216 896 1266 quo
930 1215 1041 1251 non
1073 1201 1218 1251 aliud
1252 1201 1484 1251 velocius
1518 1200 1701 1253 ullum.

185 1338 283 1394 Cur
312 1337 532 1392 malum
594 1335 791 1391 fama?
850 1335 989 1407 quia
1028 1334 1236 1390 velox?
1288 1336 1425 1406 quia
1481 1334 1695 1389 index?
1753 1352 1828 1389 an

183 1426 304 1497 quia
338 1425 659 1497 plurimum
705 1423 1007 1479 mendax?
1054 1440 1184 1495 quas
1242 1440 1313 1479 ne
1372 1428 1513 1478 tunc
1568 1423 1829 1494 quidem,

185 1531 301 1570 cum
342 1514 564 1586 aliquid
616 1513 729 1568 veri
781 1512 966 1581 affert,
1004 1514 1131 1567 sine
1190 1512 1479 1567 mendacii
1532 1511 1669 1566 vitio
1718 1518 1827 1592 est,

184 1603 499 1672 detrahens,
534 1602 839 1672 adjiciens,
874 1602 1188 1656 demutans
1220 1602 1290 1655 de
1319 1601 1580 1656 veritate.
1628 1600 1775 1664 Quid
1802 1600 1829 1654 7

186 1694 324 1765 quod
366 1709 434 1747 ea
477 1691 563 1746 illi
609 1690 866 1746 conditio
898 1695 1007 1757 est,
1043 1695 1107 1745 ut
1136 1707 1253 1745 non
1308 1690 1417 1745 nisi
1473 1706 1607 1745 cum
1662 1706 1830 1744 men-

182 1783 311 1836 titur
340 1786 686 1853 perseveret,
718 1785 775 1835 et
806 1780 1011 1834 tandiu
1051 1779 1213 1845 vivit,
1248 1780 1506 1849 quandiu
1544 1795 1658 1833 non
1692 1794 1828 1850 pro-

184 1871 286 1925 bat.
316 1869 619 1941 Siquidem
675 1867 774 1923 ubi
824 1869 979 1923 810
1031 1867 1318 1939 probavit,
1352 1872 1539 1923 cessat
1588 1884 1736 1935 esse,
1768 1871 1824 1921 et

183 1959 335 2030 quasi
396 1958 588 2013 ofﬁcio
646 1956 962 2011 nuntiandi
1020 1958 1255 2023 functa,
1312 1973 1433 2011 rem
1494 1956 1708 2025 tradit,
1766 1972 1829 2027 et

184 2048 372 2103 exinde
406 2063 498 2102 res
540 2050 787 2113 tenetur,
826 2062 917 2101 res
966 2046 1329 2100 nominatur.
1363 2046 1477 2100 Nec
1508 2045 1823 2117 quisquam

186 2137 331 2206 dicit,
362 2134 522 2191 verbi
556 2134 742 2207 gratia
775 2150 787 2189 :
823 2136 927 2189 Hoc
974 2135 1158 2190 Roma
1199 2135 1363 2189 aiunt
1394 2133 1641 2206 factum;
1674 2139 1774 2189 aut
1807 2148 1821 2186 :

190 2228 338 2281 Fama
365 2234 449 2282 est
490 2225 653 2280 illum
699 2225 1046 2295 provinciam
1076 2226 1374 2285 sortitum;
1405 2224 1504 2278 sed
1540 2241 1553 2281 :
1583 2225 1826 2279 Sortitus

188 2316 271 2371 ille
293 2315 653 2386 provinciam,
686 2318 743 2368 et
774 2331 787 2369 :
826 2315 934 2368 Hoc
981 2314 1191 2384 factum
1223 2321 1302 2368 est
1334 2314 1512 2368 Romae
1532 2313 1595 2368 ⁸⁸.
1627 2313 1821 2382 Fama,

184 2420 383 2459 nomen
429 2403 654 2470 incerti,
689 2401 879 2458 locum
925 2419 1038 2457 non
1076 2401 1267 2468 habet,
1301 2401 1402 2455 ubi
1452 2405 1676 2456 certum
1709 2406 1820 2458 est.

182 2494 255 2547 An
284 2508 419 2549 vero
454 2492 615 2547 famas
647 2492 864 2559 credat,
889 2491 1002 2545 nisi
1048 2489 1560 2546 inconsideratus?
1591 2490 1697 2555 Qui
1729 2495 1820 2546 est

1933 641 2093 680 mare
2114 625 2156 659 ⁸⁷
2183 626 2318 695 (57),
2367 630 2823 697 quantacunque
2869 624 2970 679 illa
3002 625 3044 659 ⁵⁸
3095 625 3417 681 ambitione
3470 625 3590 681 dif-

1936 714 2065 768 fusa
2115 714 2211 775 sit,
2248 721 2700 784 quantacunque
2746 714 3172 769 asseveratione
3221 719 3587 771 constructa.

1936 803 2097 868 Quod
2148 803 2220 856 ab
2272 818 2387 857 uno
2441 801 2757 872 aliquando
2791 801 3050 873 principe
3106 809 3303 857 exorta
3356 805 3454 867 sit,
3492 820 3591 858 ne-

1936 906 2097 945 cesse
2155 895 2245 945 est
2302 890 2507 945 exinde
2564 891 2619 943 in
2678 890 2950 944 traduces
3009 891 3486 961 linguarum(58)
3528 896 3588 947 et

1937 979 2168 1034 aurium
2220 984 2437 1051 serpat.
2471 980 2539 1034 Et
2570 979 2650 1033 ita
2682 979 2893 1033 modici
2942 979 3184 1035 seminis
3233 980 3441 1035 vitium
3475 996 3583 1035 caa-

1935 1073 2061 1123 tera
2119 1070 2373 1123 rumoris
2431 1068 2791 1132 obscurat“,
2826 1072 2891 1122 ut
2950 1085 3121 1123 nemo
3180 1070 3475 1141 recogitet,
3513 1086 3585 1125 ne

1936 1160 2193 1228 primum
2247 1158 2389 1212 illud
2447 1175 2512 1212 os
2566 1158 2935 1212 mendacium
2986 1158 3381 1224 seminaverit,
3429 1159 3585 1229 quod

1939 1264 2090 1318 saepe
2130 1248 2195 1301 ﬁt
2236 1252 2337 1300 aut
2368 1247 2600 1317 ingenio
2649 1246 3056 1313 aemulationis,
3082 1253 3182 1301 aut
3212 1247 3451 1301 arbitrio
3485 1264 3584 1301 su-

1938 1335 2241 1406 spicionis,
2274 1340 2376 1390 aut
2420 1353 2533 1391 non
2584 1352 2752 1401 nova,
2786 1336 2883 1390 sed
2936 1336 3196 1407 ingenita
3227 1336 3587 1407 quibusdam

1940 1425 2257 1480 mentiendi
2291 1424 2603 1495 voluptate.
2628 1428 2778 1479 Bene
2802 1429 3019 1495 autem,
3045 1425 3197 1496 quod
3231 1424 3427 1480 omnia
3447 1429 3589 1481 tem-

1938 1529 2049 1584 pus
2099 1512 2316 1568 revelat
2348 1514 2459 1584 (59)
2490 1513 2740 1568 testibus
2773 1515 2920 1568 an
2971 1517 3145 1569 etiam
3201 1514 3409 1569 vestris
3456 1531 3589 1585 pro-

1937 1601 2152 1655 verbiis
2202 1607 2375 1672 atque
2428 1602 2759 1666 sententiis,
2791 1618 2858 1656 ex
2905 1602 3287 1673 dispositione
3337 1608 3586 1673 naturai,

1939 1707 2065 1762 quas
2096 1690 2179 1744 ita
2209 1690 2519 1758 ordinavit,
2553 1695 2618 1743 ut
2659 1690 2804 1744 nihil
2855 1692 2953 1745 diu
3000 1690 3196 1758 lateat,
3220 1691 3397 1747 etiam
3430 1693 3588 1764 quod

1938 1780 2096 1833 fama
2126 1796 2240 1833 non
2275 1780 2525 1833 distulit.
2561 1780 2761 1834 Merito
2813 1780 2991 1851 igitur
3022 1780 3178 1835 fama
3208 1781 3415 1836 tandiu
3448 1797 3591 1835 con—

1939 1869 2062 1924 scia
2117 1868 2241 1923 sola
2294 1874 2383 1923 est
2428 1868 2716 1923 scelerum
2767 1868 3385 1938 Christianorum(60).
3430 1869 3592 1924 Hanc

1940 1956 2191 2012 indicem
2250 1957 2528 2012 adversus
2590 1973 2695 2012 nos
2753 1958 3045 2028 profertis,
3093 1974 3243 2028 quae,
3276 1959 3431 2029 quod
3488 1957 3593 2012 ali-

1938 2047 2172 2117 quando
2217 2045 2453 2114 jactavit
2482 2051 2763 2117 tantoque
2803 2046 3084 2114 temporis
3116 2047 3309 2118 spatio
3356 2046 3412 2100 in
3468 2046 3595 2118 opi-

1938 2136 2171 2190 nionem
2222 2134 2635 2203 corroboravit,
2669 2152 2857 2207 usque
2916 2136 3107 2191 adhuc
3166 2136 3413 2207 probare
3474 2152 3594 2192 non

1932 2223 2137 2279 valuit.

2536 2330 2766 2386 CAPUT
2820 2332 2975 2386 VIII.

1930 2422 2362 2475 ARGUMENTUM.
2390 2451 2454 2461 —
2486 2424 2597 2475 Nec
2647 2421 2790 2491 falsa
2841 2428 3077 2489 tantum,
3110 2418 3224 2487 sed,
3279 2426 3342 2474 ut
3390 2428 3593 2476 contra

1998 2497 2221 2549 natura?
2250 2492 2434 2562 ﬁdem,
2461 2491 2608 2546 haud
2653 2492 2921 2547 credenda
2963 2492 3218 2558 ostendit,
3247 2492 3409 2563 idque
3452 2508 3585 2547 ora-

1583 2590 1788 2650 Varim
1836 2590 2153 2651 lectiones.

239 2691 279 2725 ⁸³
309 2688 674 2757 Interiment,
714 2689 841 2761 jam
892 2688 1070 2742 Paris.
1151 2686 1195 2720 ‘°
1225 2689 1540 2761 Servantur
1583 2689 1749 2742 Fran.
1783 2760 1791 2761 ί
1826 2687 1871 2722 ⁵ο
1902 2688 2081 2759 Impie
2128 2690 2291 2761 Fran.
2338 2688 2409 2761 ﬂ“
2442 2688 2509 2742 Et
2554 2688 2805 2761 arbitros
2851 2689 3013 2761 Fran.
3091 2688 3136 2761 δῖ
3168 2688 3235 2744 Ν.
3270 2687 3313 2741 f.
3350 2704 3419 2761 0.
3450 2690 3589 2742 nota

179 2766 255 2816 est
295 2767 578 2824 vestrum,
610 2758 898 2815 est'fama
933 2776 1007 2814 m.
1033 2791 1101 2799 —
1130 2759 1312 2814 Paris.
1390 2758 1433 2792 ³³
1466 2762 1648 2813 Famae
1680 2760 1923 2814 malum.
1957 2758 2182 2817 seinter.
2259 2760 2303 2793 ⁸⁸
2333 2760 2510 2815 Fama
2556 2765 2664 2827 est,
2712 2760 2819 2815 hoc
2870 2760 3062 2815 Romae
3111 2759 3335 2814 factum
3400 2760 3585 2814 Paris.

176 2834 313 2889 “ita
343 2834 490 2889 hunc
523 2832 705 2888 locum
747 2832 1055 2887 emendavit
1085 2831 1333 2891 Haverc.;
1383 2828 1498 2885 alii
1546 2832 1684 2902 quia
1726 2831 1961 2903 sapiens
2009 2850 2124 2887 non
2173 2832 2359 2888 credit
2408 2833 2646 2888 incerto.
2724 2832 2768 2866 ⁵⁸
2798 2832 2918 2886 Erit
2950 2834 3076 2903 Rig.

178 2907 294 2961 Par.
367 2905 415 2940 ⁸⁸
449 2903 554 2960 Illa
581 2904 719 2960 delet
748 2905 878 2959 Par.
955 2904 999 2938 ⁸9
1030 2903 1359 2958 Obscurant
1388 2903 1568 2957 Paris.

3156 2832 3196 2866 ³⁷
3229 2831 3330 2887 Exi
3347 2831 3589 2887 stimare

1608 3002 2125 3064 Gommentarius.

181 3102 491 3174 praesertim
554 3106 866 3173 postquam
935 3101 1171 3174 Meursii
1233 3100 1527 3174 Eleusinia
1579 3100 1814 3174 notiora.

182 3172 318 3230 iacta
347 3179 509 3240 sunt,
545 3172 644 3245 qui
675 3175 746 3229 de
778 3173 886 3228 hoc
916 3172 1149 3228 silentio
1193 3173 1467 3245 pluribus
1491 3189 1547 3245 c.
1572 3172 1662 3245 ξς),
1696 3188 1812 3245 quo

181 3247 241 3302 de
270 3248 426 3303 fonte
456 3242 663 3302 omnes
712 3249 935 3318 potant.
984 3245 1128 3301 Hinc
1178 3242 1380 3300 tritum
1413 3244 1556 3299 illud
1592 3242 1811 3298 Horatii

180 3318 264 3387 III,
296 3320 398 3376 Od.
434 3322 468 3373 2
502 3336 515 3375 :

755 3387 956 3436 Vetaho
982 3387 1071 3436 aui
1102 3387 1305 3436 Cereris
1335 3399 1543 3435 sacrum

290 3452 773 3525 Vulgarit‘arcana;
802 3450 899 3525 sub
933 3450 1099 3498 isdem

352 3513 432 3564 Sit
463 3514 719 3571 trabibus,
751 3513 990 3575 fragilem
1022 3524 1228 3561 mecum

290 3576 473 3627 Solvat
505 3576 802 3638 phaselum.

178 3655 373 3711 Noster
400 3673 541 3712 vero
590 3654 796 3727 pudori
840 3653 1427 3727 ascribitLdetegene
1461 3670 1659 3709 eorum
1682 3725 1688 3727 Α
1714 3670 1820 3708 nu-

181 3728 403 3784 ditatem
446 3729 515 3783 ad
562 3724 832 3784 Valentin.
869 3743 917 3781 c.
954 3743 972 3780 1
1007 3743 1019 3780 :
1050 3748 1076 3775 ‹‹
1108 3725 1250 3779 Nam
1283 3730 1340 3779 et
1372 3724 1468 3779 illa
1498 3725 1817 3795 Eleusinia,

179 3798 348 3856 haeres
378 3805 440 3856 et
469 3799 853 3871 ipsaﬂAtticaa
882 3797 1364 3871 superstitionis,
1396 3799 1570 3871 quod?
1602 3804 1817 3871 tacent,

181 3873 353 3941 pudor
400 3869 513 3927 est.
541 3893 567 3919 »
601 3870 739 3925 ΗΑν.
774 3901 842 3910 -
876 3870 1071 3924 Patres
1122 3870 1237 3923 fere
1286 3885 1489 3924 omnes
1543 3870 1614 3924 de
1660 3869 1819 3924 hisce

180 3940 347 3999 sacris
397 3943 817 3998 meminerunt.
849 3940 1024 3995 Erant
1065 3945 1259 3995 autem
1311 3957 1480 3995 sacra
1527 3942 1714 3995 Cereri
1762 3946 1820 3996 et

180 4014 530 4088 Proserpinae
553 4016 770 4088 dicata,
797 4030 922 4088 quae
955 4030 989 4067 a
1021 4013 1234 4067 Μυεωο
1266 4012 1535 4088 instituta
1556 4014 1815 4088 fuerunt,

182 4092 232 4141 et
282 4084 561 4144 celebrari
622 4085 807 4157 solita
839 4084 1096 4157 inipago
1148 4085 1402 4155 quodam
1454 4084 1666 4138 Attidis
1717 4085 1817 4154 qui

183 4158 396 4215 Eleusis
431 4159 753 4214 dicebatur.
789 4156 862 4209 Ls
899 4156 999 4211 PR.

241 4232 356 4301 (56)
390 4233 513 4286 Piae
559 4229 917 4301 initiationes.
972 4226 1314 4301 lla_Rigalt.
1367 4243 1435 4301 ex
1488 4242 1598 4280 ms.
1648 4225 1815 4301 F_uld.

183 4297 388 4357 stante
422 4302 592 4357 illum
636 4298 920 4354 Heraldus
969 4304 1026 4354 et
1072 4297 1128 4352 la
1158 4298 1362 4363 Cerda,
1394 4298 1636 4368 ipseque
1682 4299 1818 4352 'l‘er-

181 4373 298 4429 tull.
330 4376 419 4430 Ad
452 4376 571 4430 Nat.
609 4374 726 4439 1,7,
757 4377 814 4424 et
845 4388 909 4425 os
941 4372 1017 4426 sit
1047 4369 1288 4435 fereum,
1321 4386 1421 4425 cor
1453 4369 1818 4440 plumbeum,

180 4446 259 4517 cui
290 4463 406 4502 non
444 4447 739 4517 probetur.
774 4442 1100 4517 Legebatur
1148 4444 1334 4513 impia:
1381 4448 1461 4517 in.
1495 4446 1634 4495 Cum
1663 4458 1817 4505 vero,

181 4515 382 4588 inquit,
438 4513 544 4590 piae
602 4513 983 4590 initiationes.
1027 4514 1065 4567 1.
1099 4530 1147 4567 e.
1184 4530 1313 4584 quis
1363 4513 1466 4583 piae
1514 4518 1571 4567 et
1619 4530 1820 4567 sacro-

180 4598 377 4644 sanctis
422 4588 714 4645 habentur
764 4588 915 4659 apud
950 4603 1069 4659 vos,
1105 4591 1408 4659 extraneos
1458 4592 1711 4659 arceant,
1745 4602 1816 4638 an

181 4676 283 4731 non
317 4662 504 4718 multo
544 4660 733 4731 magis
782 4657 982 4729 iinpiis
1012 4658 1068 4712 id
1105 4658 1287 4711 facere
1338 4657 1625 4731 convenit,
1659 4662 1815 4731 metu

1923 3101 2319 3227 iHmmutando,
2351 3101 2697 3172 abjiciendo,
2722 3101 3011 3169 addendo,
3029 3101 3257 3159 veritas
3280 3101 3575 3157 amittitur

1975 3190 2062 3227 av.

1975 3190 2062 3227 av.

1997 3245 2110 3316 (58)
2168 3243 2833 3316 Traduceshlinguarum.
2902 3244 2985 3299 Ita
3047 3243 3345 3315 eleganter
3424 3242 3588 3299 illam

1845 3327 1887 3395 ρ
1926 3314 2216 3397 appellat,-
2237 3331 2414 3397 quam
2448 3314 2670 3397 Hebraei
2702 3316 2985 3397 vocabant
3015 3314 3589 3397 alteramjinguam,

1928 3387 2064 3442 hinc
2093 3387 2298 3442 tradux
2317 3389 2530 3459 incesti,
2554 3404 2601 3441 c.
2627 3403 2665 3455 1,
2690 3392 2747 3441 et
2770 3388 2834 3442 de
2861 3390 3183 3458 Praescript.
3210 3388 3332 3442 adv.
3365 3389 3588 3459 Haeret,

1929 3476 1978 3514 ο.
2011 3461 2100 3529 32,
2154 3458 2426 3529 discipuli
2475 3464 2531 3513 et
2582 3475 2951 3514 successores
3006 3460 3416 3530 apostolorum
3474 3469 3589 3514 tra-

1926 3531 2085 3586 duces
2114 3537 2396 3586 vocantur
2441 3546 2642 3603 eorum
2669 3554 2695 3580 «
2728 3548 2876 3601 quos
2909 3532 2978 3586 ab
3012 3531 3300 3603 apostolis
3355 3532 3416 3585 in
3466 3531 3589 3602 epi-

1929 3608 2236 3675 scopatum
2276 3602 2648 3671 constitutos,
2683 3603 2984 3674 apostolici
3020 3604 3268 3658 seminis
3317 3604 3590 3659 traduces

1929 3676 2163 3729 habent.
2187 3696 2213 3723 »

1998 3748 2111 3813 (59)
2143 3752 2378 3817 Tempus
2407 3747 2595 3799 omnia
2625 3747 2874 3817 revelat,
2909 3746 3132 3800 testibus
3160 3749 3331 3800 etiam
3355 3761 3589 3816 provera

1929 3818 2031 3871 biis
2057 3815 2589 3887 vestrisIAgellius,
2622 3815 2722 3870 lib.
2756 3835 2855 3881 xu,
2890 3834 3016 3888 cap.
3052 3835 3113 3872 ιι.
3151 3818 3308 3872 Alius
3341 3815 3586 3887 quidam

1928 3902 2184 3944 veterum
2221 3895 2545 3960 poetarum,
2579 3889 2751 3957 cujus
2796 3906 3007 3944 nomen
3062 3889 3204 3943 mihi
3261 3905 3415 3943 nunc
3464 3904 3583 3942 me-

1931 3962 2125 4015 moriae
2184 3979 2297 4017 non
2355 3967 2464 4025 est,
2529 3961 2816 4015 Veritatem
2874 3962 3147 4031 Temporis
3215 3960 3395 4028 ﬁliam
3451 3975 3583 4014 esse

1928 4033 2090 4158 dlixit.
2125 4034 2195 4088 Et
2227 4038 2368 4089 sunt
2415 4033 2473 4087 in
2523 4048 2649 4087 eam
2691 4032 3043 4087 sententiam
3096 4049 3301 4087 versus
3352 4031 3585 4103 Sopho-

1928 4122 1956 4158 c
1988 4122 2056 4158 is.

1928 4122 2056 4160 CllS.

2000 4190 2141 4266 Πρρς
2175 4190 2348 4266 πάντᾳ
2372 4189 2574 4266 κρύπτε
2610 4186 2796 4266 μηδὲν]
2830 4188 2902 4249 ὡς
2933 4189 3120 4266 ἅπανθ’
3152 4190 3293 4266 ὁρμῶν

2001 4259 2098 4317 Κὰὶ
2131 4264 2288 4316 πάντ’
2312 4261 2545 4329 ἀκούων,
2578 4259 2734 4314 πάντ’
2764 4259 3085 4315 ἀναπτύσσει
3118 4259 3341 4337 χρόνος.
3378 4262 3507 4317 RIG.

2001 4354 2112 4425 (60)
2147 4353 2613 4408 Christianorum.
2647 4353 2982 4425 sequuntur
3013 4351 3137 4408 loco
3166 4351 3299 4425 hinc
3321 4368 3343 4425 A:
3370 4350 3578 4425 «Quid

1928 4421 2145 4479 dicitur
2187 4441 2419 4496 semper
2474 4430 2581 4496 est,
2617 4421 2755 4494 quia
2803 4424 2957 4496 quod
3008 4429 3117 4485 est,
3148 4423 3362 4496 desinit
3389 4421 3524 4496 dici.
3551 4443 3579 4471 ››

1928 4496 2276 4567 Suppeditat
2305 4494 2436 4549 vero
2471 4495 2661 4550 solum
2691 4512 2801 4549 ms.
2826 4494 3016 4561 l*‘uld.;
3042 4494 3579 4567 adscripsitSciop-

1930 4565 2083 4637 pius,
2116 4573 2320 4639 argute
2354 4568 2575 4622 dictum
2628 4570 2684 4620 et
2730 4583 2923 4637 ungue
2954 4566 3300 4622 Tertulliani
3335 4565 3579 4633 dignum

1930 4639 2138 4711 Rigalt.
2202 4641 2501 4710 praeteriit,
2536 4639 2614 4692 La
2644 4639 2823 4692 Cerda
2872 4639 3186 4710 improbat,
3232 4644 3289 4692 et
3338 4639 3578 4711 fatetur.

180 4709 1241 4803 iegi.'“e“ti;.}n'"airiagriseamea
1262 4709 1420 4784 Coll.
1455 4709 1631 4803 Mod.’_
1658 4709 1817 4799 legit,
1851 4709 1894 4772 D
1930 4709 2268 4803 senatus}?
2288 4728 2420 4803 Διξοιξ
2433 4712 2815 4803 λ-ίξδλβθςξθίᾼμ]
2864 4709 2973 4803 fuit;
3007 4714 3227 4803 efﬁgiatu
3243 4726 3400 4803 ρξεξεξ,
3432 4709 3584 4803 illgd

182 4799 283 4859 nisi
330 4807 513 4877 impii,
545 4802 824 4877 deletos?)
852 4805 921 4862 si.
958 4819 1070 4855 non
1114 4807 1293 4867 recte;
1328 4817 1476 4877 nam,
1499 4806 1555 4854 et
1586 4799 1668 4877 sic
1718 4818 1819 4877 sn-

181 4892 275 4947 pra
300 4873 599 4949 eleganter
627 4881 715 4930 est
740 4875 970 4929 locutus
998 4890 1063 4927 ca
1089 4888 1256 4949 p.111;
1281 4873 1477 4949 nisisi
1518 4882 1613 4949 aut
1635 4873 1824 4949 barba:

184 4942 293 5002 ram
321 4942 480 5007 sonat
508 4950 694 5019 aliqua
726 4964 834 5001 vox
880 4946 1141 5004 nominis.
1194 4953 1289 5019 aut
1338 4946 1641 5019 infaustum
1673 4942 1822 5019 :_ubi

185 5020 347 5076 etiam
406 5021 470 5075 τὸ
528 5020 574 5075 si
601 5016 613 5019 ἡ
640 5019 961 5083 redundat,
990 5087 994 5088 ί
1023 5017 1517 5088 quemadmodum
1580 5018 1637 5070 in
1683 5016 1823 5088 loco

186 5108 358 5217 ἓξ]ξὲ
382 5112 452 5150 ex
499 5091 685 5149 Ovidii
734 5092 950 5146 Metam.
986 5087 1085 5143 lib.
1118 5105 1173 5156 ν,
1201 5088 1291 5158 20,
1325 5087 1568 5142 adduxit
1613 5087 1691 5142 ibi
1747 5088 1825 5142 La

225 5167 381 5232 erda’
828 5232 938 5281 Nisi
968 5232 1011 5279 si
1042 5229 1273 5280 crudelis
1305 5230 1537 5292 idipsum

360 5297 555 5360 Exigis,
587 5301 648 5346 ut
676 5300 883 5359 pereat.

185 5377 314 5433 Item
349 5378 464 5432 alio
493 5394 559 5432 ex
598 5376 809 5440 Plinio,
845 5374 945 5447 qui
992 5373 1209 5447 ibidem
1243 5373 1421 5428 videri
1455 5378 1664 5445 potest.
1700 5375 1829 5429 Mox

185 5448 235 5503 in
264 5468 370 5506 ms.
407 5448 573 5504 Fuld.
613 5451 723 5504 nisi
750 5450 801 5503 si
838 5446 1294 5503 inconsideralus.
1331 5446 1471 5501 Hav.

245 5522 355 5594 (57)
413 5522 672 5578 Omnium
727 5526 804 5576 est
860 5521 1158 5588 intimare,
1191 5524 1296 5594 etc.
1354 5519 1413 5573 Id
1469 5515 1828 5594 ten_eri_vult,

187 5589 554 5663 quantumvis
606 5609 818 5665 magno
876 5594 1160 5665 apparatu
1210 5589 1475 5661 dispersa
1526 5590 1601 5645 sit
1652 5591 1828 5657 fama,

189 5662 561 5736 Quantumvis
627 5662 994 5721 asseveretur
1069 5662 1297 5733 palam,
1367 5679 1551 5736 unum
1630 5666 1829 5736 tamen

188 5734 411 5796 tantum
462 5738 677 5796 habere
725 5742 1040 5801 auctorem,
1074 5750 1178 5791 nec
1208 5750 1413 5792 omnes
1459 5734 1593 5790 illos
1644 5734 1831 5804 magis

193 5813 497 5882 curandos,
529 5828 707 5886 quam
739 5810 788 5869 si
820 5826 975 5868 unus
1020 5808 1314 5883 loquatur,
1349 5808 1466 5864 imo
1507 5805 1828 5880 dilatando,

510 5943 776 6007 Panos.
821 5942 872 6005 Ι.

1933 4801 2060 4839 esse
2110 4799 2341 4854 semper
2389 4785 2542 4852 quod
2596 4781 2828 4846 dicitur,
2864 4784 2901 4838 i.
2937 4798 2985 4836 e.
3010 4781 3381 4838 Christianos
3430 4798 3582 4838 sem-

1935 4873 2035 4926 per
2089 4871 2189 4925 pro
2240 4854 2436 4921 impiis
2489 4855 2710 4919 haberi,
2744 4872 2869 4925 qua:
2923 4856 3223 4923 dicuntur,
3253 4855 3406 4926 quod
3451 4870 3585 4910 vero

1933 4934 2040 4989 est,
2076 4943 2188 4980 non
2221 4926 2359 4989 dici,
2391 4927 2489 4979 sed
2523 4942 2670 4980 esse.
2707 4926 2815 4981 Sed
2869 4934 2956 4980 est
3000 4927 3227 4988 insigne
3258 4926 3582 4998 sophisma.

1934 5000 2007 5054 Ut
2036 4999 2189 5067 apud
2229 4998 2675 5069 Aristophanem
2724 4999 2781 5052 in
2829 5000 3018 5069 Itanis,
3054 5003 3171 5054 Act.
3204 5016 3256 5053 v.
3291 4997 3374 5055 sc.
3408 5015 3448 5069 1,
3485 4997 3588 5053 ubi

1936 5071 2274 5140 Euripidem
2307 5076 2504 5140 captat
2532 5068 2838 5141 [Eschylus
2872 5085 2885 5126 :

2076 5164 2179 5211 ΕΥ.
2216 5158 2324 5231 Εἶτ’
2356 5156 2547 5231 ἐγένετ’
2576 5155 2728 5231 ᾳῦθις
2757 5156 3094 5231 ἀθλιώτατος
3136 5158 3369 5231 βροτῶν.

2077 5232 2169 5285 ΑΙ.
2204 5230 2291 5283 Μὰ
2319 5226 2408 5282 τὸν
2440 5230 2517 5282 Δι’
2549 5228 2608 5282 οὐ
2646 5226 2825 5297 δήπου
2857 5228 3117 5283 παύσατο.

2068 5312 2167 5359 EU.
2208 5311 2402 5359 Postea
2431 5311 2707 5358 hominum
2740 5314 2962 5370 repente
2996 5310 3097 5358 fuit
3125 5308 3472 5357 miserrimus.

2069 5375 2179 5423 A35.
2213 5377 2326 5423 Non
2353 5387 2449 5435 per
2469 5374 2652 5423 Jovem
2675 5388 2686 5421 :
2712 5386 2833 5421 nam
2865 5372 3009 5420 haud
3036 5385 3271 5434 unquam
3295 5372 3589 5496 inlisertesse

3358 5447 3450 5481 esu
3486 5469 3495 5479 .

3358 5447 3495 5481 θειιι.

2016 5517 2359 5587 Loquuntur
2399 5516 2468 5569 de
2501 5516 2742 5586 OEdipo.
2776 5515 3161 5587 Praiterquam
3196 5513 3350 5587 quod
3384 5528 3599 5568 sensus

1939 5588 2035 5643 hic
2067 5583 2143 5644 sit
2183 5588 2363 5643 nimis
2412 5583 2734 5643 contortus.
2771 5583 3160 5657 Itaque,‘post
3209 5583 3467 5656 aliquam
3502 5600 3598 5639 co-

1940 5661 2239 5731 gitationis
2298 5676 2547 5729 moram,
2599 5658 2891 5731 intrepide
2949 5658 3260 5729 pronuntio
3311 5657 3601 5731 pertinere

1946 5728 2071 5789 haec
2104 5734 2174 5790 ad
2209 5732 2309 5789 illa
2358 5750 2487 5804 quae
2536 5728 2811 5804 Superius
2840 5728 2969 5805 hoc
3016 5747 3142 5805 cap.
3176 5728 3554 5805 reperiuntur
3584 5744 3600 5790 :

1950 5826 1971 5857 ι
2009 5806 2072 5863 Et
2102 5812 2222 5864 tam
2254 5806 2356 5864 diu
2376 5802 2547 5877 'vivit,
2583 5802 2759 5879 quam
2794 5804 2894 5863 diu
2928 5820 3042 5864 non
3077 5802 3304 5880 probat.
3332 5824 3361 5855 ››
3454 5802 3597 5862 ΗΑν.

3202 5934 3278 5997 12
