4366 6366
170 408 273 469 365

173 624 473 697 subjecitur
519 626 578 677 et
624 616 973 690 imponitur.
1012 613 1169 670 Nihil
1203 612 1356 668 enim
1392 610 1505 666 tale
1538 611 1608 666 de
1636 608 1801 667 Chri-

175 715 362 773 stianis
394 708 711 767 asseverari
758 706 1046 769 sciebant,
1101 702 1529 759 observandum
1580 699 1803 770 unique

175 805 268 862 sibi
296 809 350 859 et
379 800 534 857 omni
568 796 871 870 vigilantia
910 792 1411 863 investigandum.
1446 790 1663 860 Atquin
1709 805 1805 842 vo-

176 893 410 949 lentibus
458 888 682 943 initiari
734 884 911 940 moris
961 886 1072 949 e-t,
1128 880 1355 952 opinor,
1392 879 1550 949 prius
1582 883 1806 949 patrem

176 983 322 1037 illum
356 992 655 1034 sacrorum
691 974 804 1046 (68)
835 972 1019 1037 adire,
1052 976 1198 1041 ‘quie
1252 967 1643 1039 ppaeparanda
1690 966 1810 1021 sint

178 1069 483 1126 describere
514 1065 647 1137 (69).
681 1064 829 1118 Tum
866 1061 962 1115 ille
997 1076 1008 1113 :
1046 1059 1243 1114 lnlans
1276 1057 1378 1112 tibi
1415 1056 1808 1120 necessarius,

179 1160 350 1216 adhuc
380 1162 564 1221 tener,
598 1153 699 1225 qui
732 1151 957 1206 nesciat
989 1153 1261 1215 mortem,
1312 1146 1410 1218 qui
1464 1146 1574 1200 sub
1624 1145 1810 1198 cultro

177 1256 261 1303 tuo
293 1248 479 1301 rideat
511 1261 524 1298 :
556 1243 695 1297 item
729 1239 917 1309 panis,
952 1253 1065 1309 quo
1089 1235 1398 1307 sanguinis
1420 1234 1810 1304 jnrulentiam

178 1336 396 1408 colligas
442 1334 523 1400 5‘;
577 1335 856 1403 praeterea
923 1326 1277 1381 candelabra
1327 1328 1384 1379 et
1430 1323 1704 1387 lucernze,
1755 1326 1813 1377 et

178 1442 331 1482 canes
377 1421 564 1493 aliqui
612 1424 670 1474 et
715 1416 925 1483 offulaa,
976 1432 1102 1487 quas
1146 1413 1279 1469 illos
1330 1413 1397 1467 ad
1452 1412 1811 1467 eversionem

178 1515 449 1570 luminum
478 1509 799 1566 extendant
828 1507 962 1577 (70),
1014 1508 1147 1560 ante
1196 1502 1395 1557 omnia
1443 1518 1574 1556 cum
1630 1505 1814 1555 matre

178 1609 226 1659 et
269 1617 463 1658 sorore
512 1605 614 1654 tua
656 1596 853 1651 venire
899 1592 1160 1649 debebis.
1194 1592 1366 1657 Quid,
1401 1591 1446 1645 si
1496 1590 1812 1655 noluerint,

183 1693 253 1747 vel
287 1690 456 1745 nullae
503 1683 723 1743 fuerit?
771 1684 920 1749 Quid
974 1682 1225 1753 denique
1274 1678 1601 1751 singulares
1651 1677 1813 1734 Chri-

179 1780 380 1836 stiani?
431 1781 555 1832 Non
605 1774 738 1843 erit,
787 1773 1017 1845 opinor,
1071 1770 1371 1841 legitimus
1419 1766 1812 1835 Christianus,

181 1869 277 1924 nisi
323 1868 505 1923 frater
551 1868 654 1920 aut
701 1861 881 1916 ﬁlius.
931 1858 1079 1923 Quid
1128 1875 1305 1923 nunc,
1355 1861 1412 1912 et
1460 1858 1572 1911 ista
1621 1854 1817 1911 omnia

180 1956 382 2029 ignaris
415 1952 865 2028 praeparantur?
895 1949 1059 2005 Certe
1092 1956 1294 2019 postea
1323 1948 1706 2018 cognoscunt,
1759 1948 1816 1999 et

183 2048 465 2102 sustinent
518 2048 575 2098 et
620 2042 956 2114 ignoscunt.
1000 2037 1231 2093 Timent
1251 2035 1444 2107 plecti,
1474 2034 1574 2106 qui
1606 2034 1653 2089 si
1689 2050 1817 2105 pro-

192 2139 449 2202 clament,
519 2130 751 2187 defendi
812 2127 1213 2195 merebuntur,
1269 2126 1370 2196 qui
1427 2125 1601 2179 etiam
1665 2123 1816 2177 ultro

189 2224 359 2295 perire
410 2220 639 2287 malint,
690 2234 865 2290 quam
918 2216 1024 2271 sub
1074 2214 1176 2270 tali
1221 2212 1577 2269 conscientia
1608 2212 1811 2267 vivere.

187 2316 291 2385 Age
321 2328 479 2368 nunc
508 2310 889 2372 timeant,cur
919 2305 1094 2360 etiam
1128 2302 1691 2375 perseverant?314
1720 2305 1817 2355 Se-

185 2402 367 2470 quitur
397 2400 577 2467 enim,
600 2414 673 2452 ne
705 2395 858 2451 ultra
887 2393 1029 2451 velis
1060 2393 1117 2448 id
1147 2399 1203 2448 te
1234 2392 1545 2462 esse,quod
1577 2390 1626 2446 si
1657 2389 1819 2462 prius

181 2491 405 2561 scisses,
439 2505 555 2545 non
592 2484 833 2542 fuisses.

1224 387 1847 475 'APOLOGETlCUS
1890 386 2080 448 ADV.
2123 382 2454 446 GENTES.

172 545 220 596 et
243 534 619 599 Christianus,
654 532 711 586 et
747 527 902 601 quod
961 528 1020 581 et
1065 528 1155 581 tu.
1211 524 1317 578 Sed
1383 521 1799 595 ignorantibus
1827 525 1883 593 Α

1846 1902 1893 1966 Β

3436 384 3564 447 366

2556 517 2789 576 CAPUT
2818 520 2909 577 IX.

1913 662 2449 733 AnnumsnerM._—
2479 664 2547 716 At
2576 677 2707 716 vera
2749 671 2948 718 cuncta
2985 664 3085 717 illa
3127 663 3386 733 crimina,
3439 678 3562 733 qua

1984 732 2125 803 falso
2160 731 2488 785 Christianis
2514 733 2875 799 obiiciuntur,
2904 752 3034 788 vera
3063 736 3121 787 in
3155 732 3416 788 Gentibus
3446 731 3559 789 _ac-

1985 803 2325 857 cusutoribus
2355 803 2710 873 deprehendi;
2731 807 2878 876 apud
2907 806 3037 861 illos
3064 806 3340 876 sacriﬁcia
3371 805 3565 861 huma-

1984 891 2079 936 na,
2113 878 2165 927 et.
2193 876 2325 929 otim
2352 878 2411 927 in
2441 884 2650 946 aperto,
2684 880 2736 931 et
2764 875 2912 932 nunc
2943 880 2999 931 in
3032 875 3240 931 occulto
3270 878 3561 944 committi;

1989 948 2291 1020 homicidia
2316 947 2453 1000 lzetis
2484 950 2542 1001 in
2575 948 2790 1004 theatro
2821 950 2989 1005 oculis
3018 951 3288 1019 spectari;
3320 950 3565 1020 infanti-

1989 1016 2143 1071 cidia
2201 1020 2439 1087 quotidie
2499 1020 2722 1088 abjecto,
2781 1030 2966 1077 necato
3025 1016 3197 1075 etiam
3240 1016 3427 1089 partu,
3480 1021 3566 1075 vel

1990 1090 2188 1143 abortu
2236 1099 2416 1145 coacto
2462 1093 2804 1161 perpetrari;
2843 1094 3171 1160 sanguinem
3201 1107 3416 1162 quoque
3443 1093 3564 1162 gla-

1991 1162 2279 1234 diatorum
2308 1177 2493 1215 recens
2526 1173 2840 1218 necatorum
2883 1166 3068 1225 sitiri;
3120 1163 3422 1217 humanum
3469 1181 3569 1234 ιλιι-

1994 1232 2178 1305 bulum
2225 1234 2428 1303 ferinis
2476 1236 2693 1303 quaeri;
2745 1236 2852 1291 imo
2895 1238 2952 1290 in
2980 1234 3181 1305 scipsos
3213 1236 3446 1290 invicem
3471 1232 3567 1289 in-

1991 1304 2149 1357 cendi
2179 1320 2196 1357 :
2232 1306 2578 1361 Christianos
2607 1310 2819 1372 contra,
2865 1309 2936 1362 ab
2983 1304 3133 1361 omni
3181 1322 3393 1376 cruore,
3445 1308 3568 1361 ani-

1990 1376 2225 1448 malium
2272 1378 2482 1441 etiam,
2534 1378 2826 1433 abhorrere
2860 1395 2880 1438 ,'
2929 1379 3073 1448 apud
3122 1376 3250 1433 illos
3302 1380 3572 1433 incessum

1994 1447 2233 1517 quotidie
2277 1450 2569 1521 committi,
2620 1466 2748 1505 cum
2788 1468 2889 1521 per
2934 1447 3318 1504 seortutionem
3372 1466 3573 1519 vagum

1993 1522 2043 1592 et
2086 1522 2375 1587 gnatorum
2421 1520 2802 1591 abjectionem,
2857 1522 3017 1576 liberi
3065 1523 3229 1576 etiam
3262 1538 3295 1574 α
3323 1523 3576 1592 parenti-

1996 1590 2091 1664 bus
2122 1592 2589 1661 ignorentur;quae
2618 1590 2815 1647 cuncta
2846 1611 2878 1647 a
2908 1590 3456 1664 Christianis,uipote
3484 1609 3576 1650 ca-

1992 1662 2115 1735 stis,
2146 1664 2569 1735 continentibus,
2604 1667 2819 1719 veneris
2849 1667 3021 1719 etiam
3052 1665 3221 1720 licita:
3252 1662 3433 1735 (prout
3461 1682 3576 1720 non

1994 1734 2144 1807 nulli
2170 1734 2319 1807 apud
2351 1735 2497 1807 illos)
2526 1737 2861 1805 expertibus,
2890 1737 3202 1807 longissime
3229 1739 3449 1802 abesse;
3477 1753 3575 1790 ne-

1996 1820 2097 1875 que
2113 1805 2242 1879 haec
2270 1805 2335 1860 de
2368 1806 2695 1879 Christianis
2728 1810 2793 1861 ab
2823 1809 2957 1863 ullis
2985 1805 3133 1862 credi
3162 1810 3451 1876 posse,nisi
3480 1809 3578 1879 qui

1995 1874 2244 2002 (circitatnt,
2278 1879 2327 1932 et
2357 1878 2475 1949 ipsa
2508 1879 2610 1933 illa
2627 1882 2857 1950 faciant,
2890 1889 2941 1936 et
2971 1895 3040 1934 ea:
3088 1895 3141 1934 se
3185 1879 3254 1933 de
3300 1874 3436 1934 aliis
3476 1874 3576 1950 ju-

2034 1964 2151 2002 zcen
2182 1989 2195 2002 .

2034 1964 2195 2002 ισεηι.

1996 2036 2125 2091 Haec
2155 2053 2267 2107 quo
2297 2039 2484 2111 magis
2518 2039 2912 2105 refutaverim,
2948 2056 2980 2095 a
3009 2039 3175 2096 vobis
3208 2040 3331 2095 fieri
3357 2038 3576 2109 {osten-

1925 2125 2061 2180 dam
2084 2127 2200 2197 (7t)
2231 2127 2441 2198 partim
2479 2128 2535 2183 in
2569 2134 2791 2202 aperto,
2836 2129 3047 2201 partim
3102 2129 3157 2184 in
3209 2128 3427 2197 oculto,
3480 2145 3584 2200 per

1927 2215 2082 2285 quod
2116 2215 2366 2271 forsitan
2400 2220 2457 2272 et
2481 2218 2551 2273 de
2580 2218 2746 2273 nobis
2768 2217 3387 2274 credidistis.Infantes
3406 2234 3589 2290 penes

1926 2303 2177 2358 Africam
2210 2306 2324 2377 (72)
2354 2306 2607 2362 Saturno
2638 2306 3102 2363 immolabantur
3147 2307 3339 2379 palam
3391 2323 3585 2378 usque

1941 2392 2011 2447 ad
2045 2394 2525 2465 proconsulatum
2556 2396 2767 2452 Tiberii
2800 2396 2933 2467 (73),
2961 2396 3061 2467 qui
3111 2395 3273 2468 ipsos
3319 2396 3587 2451 sacerdo-

1928 2485 2018 2537 tes
2048 2481 2107 2537 in
2134 2482 2351 2539 eisdem
2374 2486 2523 2541 315
2559 2484 2869 2541 arboribus
2900 2484 3103 2557 templi
3135 2485 3228 2541 sui
3259 2485 3579 2541 obumbra-

1591 2578 1795 2641 Variae
1826 2577 2150 2642 lectiones.

243 2685 287 2721 “
315 2686 510 2756 Rhen.,
545 2686 807 2740 Barrzus
835 2688 887 2738 et
918 2680 1039 2738 cod.
1072 2678 1232 2751 Agob.
1267 2676 1668 2734 virulentiam.

1615 2776 2141 2839 Commentarios.

247 2880 353 2956 (68)
422 2884 650 2956 Patrem
719 2878 881 2934 illum
945 2873 1431 2956 sacrorum.__Cui
1496 2870 1823 2956 tepoqaivcnq

189 2947 514 3020 dicebatur;
565 2953 635 3007 de
685 2968 796 3021 quo
844 2947 1027 3021 multa
1070 2949 1223 3021 scitu
1252 2948 1437 3021 digna,
1459 2947 1589 3001 vide
1622 2947 1822 3021 in_au-

191 3028 331 3080 reolo
361 3018 601 3080 Meursii
628 3018 826 3079 libello
856 3020 1048 3075 Eleus.
1082 3036 1132 3074 c.
1167 3019 1251 3073 13.
1286 3020 1349 3073 In
1383 3018 1532 3074 libro
1562 3018 1632 3072 ad
1684 3019 1813 3075 Nat.

190 3097 228 3166 Ι,
254 3098 285 3149 7
317 3116 331 3153 :
365 3097 449 3152 Ad
480 3099 814 3168 Magistrum
843 3108 1130 3168 sacrorum
1159 3091 1248 3145 vel
1278 3092 1702 3168 Pairempdire.
1808 3157 1819 3168 θ

251 3170 359 3240 (69)
391 3162 723 3240 Describere.
759 3164 1055 3240 Ex‘libris
1080 3180 1288 3240 nempe
1338 3162 1671 3240 ritualibus,
1712 3162 1822 3240 qui

190 3234 635 3296 continebantur
681 3237 975 3310 lapidibus
1026 3237 1257 3291 duobus
1307 3251 1484 3310 quam
1520 3234 1824 3310 aptissime

1934 2873 2307 2957 inhonorem
2340 2876 2579 2957 Saturni
2607 2879 2839 2957 _:_quod,
2874 2895 3010 2957 cum
3043 2878 3263 2957 perdiu_
3289 2881 3584 2957 servatum

1935 2947 2161 3023 fuisset,
2196 2949 2255 3002 in
2282 2947 2786 3023 consuetudinem
2827 2947 3001 3016 abiit,
3043 2947 3365 3023 quemdam
3421 2951 3581 3023 enim

1933 3034 2001 3071 ex
2050 3019 2142 3087 iis,
2194 3019 2294 3090 qui
2344 3020 2577 3091 publica
2625 3023 2914 3078 sententia
2963 3019 3225 3077 damnati
3273 3027 3470 3078 essent
3501 3022 3574 3077 ad

1934 3091 2185 3164 capitale
2236 3093 2631 3164 supplicium,
2685 3096 2950 3162 adusque
2995 3093 3332 3149 Saturnalia
3382 3095 3583 3147 vivum

1934 3163 2332 3237 asservabant.
2375 3185 2402 3213 »
2456 3166 2633 3219 Addit
2663 3167 2880 3221 ibidem
2914 3164 3059 3220 alios
3090 3168 3356 3237 populos,
3386 3165 3486 3236 qui
3522 3166 3581 3219 in

1936 3235 2245 3289 infandum
2278 3237 2432 3289 hunc
2463 3237 2639 3291 ritum
2675 3235 3225 3293 consenserint—lino
3257 3235 3421 3291 notat
3450 3241 3586 3292 Lac-

190 3313 630 3390 coagmentatis,
659 3302 813 3381 quod
863 3305 1125 3390 ﬂé‘tptupfx
1170 3302 1823 3390 a_ppellabant,nut‘di-
1856 3303 1898 3370 C
1940 3308 2187 3390 tantine,
2230 3308 2360 3362 Inst.
2411 3307 2522 3390 diu.
2572 3326 2612 3374 ι,
2674 3312 2776 3390 13L
2812 3310 2869 3390 in
2920 3310 3160 3390 Historiq
3187 3326 3367 3390 nsacra
3416 3308 3585 3390 Ennii

191 3376 339 3438 sceFe
390 3388 484 3439 est
531 3376 731 3438 itidem
783 3398 848 3436 ex
883 3376 1139 3435 Elusinis
1170 3378 1431 3440 Mcursii,
1467 3394 1514 3431 c.
1550 3378 1635 3441 10,
1669 3376 1824 3430 Pau—

193 3457 377 3511 sanias
408 3455 708 3510 Arcadicis
739 3471 794 3524 p.
829 3469 905 3506 In.
939 3453 1038 3506 Ed.
1070 3450 1277 3511 Wech,
1307 3450 1434 3513 249,
1468 3449 1572 3524 ubi
1601 3449 1725 3524 agit
1754 3448 1825 3501 de

192 3527 521 3597 Pbeneatis,
588 3521 805 3597 quibus
869 3523 1096 3597 om_nia_
1149 3539 1280 3597 cum
1368 3521 1824 3597 Atheniensibus

192 3589 524 3654 communia
555 3614 568 3655 :
603 3589 892 3655 Φενεάταις
928 3590 985 3647 δὲ
1013 3591 1102 3646 καὶ
1132 3590 1446 3667 Δήμητρός
1501 3589 1642 3667 ἐςτιν
1678 3589 1822 3661 ἱερὸν

190 3668 541 3736 Ἕλευσινίας,
571 3675 736 3743 ίθῐοη
787 3670 824 3723 i.
878 3683 927 3721 e.
983 3683 996 3721 :
1049 3666 1228 3743 «_Est
1265 3664 1466 3743 _ap'ud‘
1501 3664 1826 3743 Pheneatae

192 3744 351 3797 etiam
387 3742 616 3798 Cereris
654 3744 1039 3812 cognomento
1088 3737 1391 3812 Eleusinia:
1441 3737 1681 3801 fanum;
1733 3737 1827 3788 cui

192 3812 350 3870 initia
392 3815 600 3869 eodem
655 3809 792 3879 ritu,
826 3827 939 3882 quo
975 3809 1127 3879 apud
1162 3809 1823 3882 Eleusinemgperagun-

192 3892 298 3952 tur,
330 3902 469 3942 cum
499 3886 611 3957 ipsi
643 3878 935 3957 tamen—ea
965 3878 1132 3957 sacra
1157 3882 1311 3952 apud
1344 3879 1694 3957 se_primunm
1738 3878 1827 3931 in-

194 3960 391 4013 stituta
420 3952 749 4013 autument.
806 3977 835 4003 »
887 3954 953 4008 Et
1001 3953 1196 4007 statim
1249 3968 1262 4005 :
1321 3971 1342 3999 ε
1395 3952 1574 4022 Prope
1626 3953 1826 4022 fanum

192 4028 511 4096 Eleusiniae,
564 4028 787 4100 lapides
818 4027 1078 4100 eminent
1110 4024 1479 4095 praegrandes
1511 4021 1649 4100 duo,
1680 4021 1830 4100 alter

194 4108 316 4173 apte
347 4094 520 4156 alteri
552 4094 896 4173 impositus:
918 4098 1185 4173 Petroma
1215 4094 1421 4150 vocant
1452 4113 1549 4173 eos
1579 4094 1826 4173 lapides,

194 4165 281 4228 ubi
316 4165 699 4229 anniversarii
733 4169 1038 4238 sacri,qua
1070 4168 1294 4235 majora
1314 4165 1827 4233 nominantinitia,

192 4245 307 4301 dies
338 4246 828 4318 appropinquant,
866 4242 1444 4318 disjungunt._atque
1472 4239 1628 4318 inde
1672 4238 1831 4318 Mtte-.-

194 4333 279 4372 ras
326 4309 887 4385 eddcohtfquibns
940 4309 1162 4383 pompm
1212 4309 1381 4385 ritus,
1432 4314 1488 4367 et
1534 4327 1662 4380 quae
1708 4309 1831 4363 fieri

193 4394 413 4471 oportet
465 4389 664 4444 omnia
694 4384 1057 4471 equam-nata
1102 4384 1437 4471 siuntziium
1470 4384 1832 4471 comlmeuta-

196 4453 343 4516 rium
414 4477 549 4514 cum
617 4453 961 4514 sacriﬁculis
1028 4454 1404 4511 audientibus
1467 4453 1832 4508 recitandum

194 4533 470 4598 curarint,
520 4548 587 4586 ea
635 4531 763 4603 ipsa
810 4534 974 4585 nocte
1023 4528 1083 4581 in
1137 4527 1447 4598 pristinam
1500 4527 1697 4581 sedem
1743 4540 1834 4579 re-

232 4610 505 4660 onunt.»

195 4622 818 4747 Ροῧῖιόῗῐὶῖέιεηᾴεὸαηις
870 4668 1208 4747 cogitabam
1262 4669 1453 4747 primo
1498 4668 1837 4747 incendant;

196 4739 298 4825 sed
321 4739 566 4804 omnino
597 4744 678 4800 ita
708 4739 1654 4825 scripsitNTertullianus.ﬁniendi
1682 4739 1837 4795 enim

197 4820 330 4875 dicit
378 4834 555 4875 canes
589 4859 602 4881 ,
653 4833 785 4871 cum
834 4813 894 4868 in
944 4813 1119 4885 pedes
1170 4830 1231 4868 se
1287 4813 1685 4883 conjicicntes,
1737 4830 1841 4885 spe

200 4894 397 4962 prinde:
453 4888 780 4962 internodia
801 4887 1080 4962 corporis
1114 4886 1306 4939 laxant
1336 4890 1393 4940 et
1423 4885 1616 4962 spiras
1646 4890 1844 4962 exten-

198 4956 363 5031 dunt,
399 4958 878 5034 significatenim
926 4974 1263 5034 mensuram
1311 4956 1571 5034 corporis
1619 4958 1841 5026 canini,

198 5051 319 5105 qua:
351 5029 435 5090 Vin
459 5029 647 5088 'motu
698 5031 934 5087 dilator.
966 5029 1313 5105 glarissime
1374 5029 1631 5097 Ovidius,
1666 5034 1846 5084 Meta-

198 5101 550 5179 morphslib.
594 5120 702 5179 an,
752 5119 903 5159 vers.
954 5102 1058 5156 476
1099 5101 1169 5156 de
1222 5101 1426 5157 Latreo
1476 5106 1763 5157 Centauro
1813 5118 1847 5156 a

198 5175 394 5234 Czeneo
426 5175 755 5233 interfecto.

851 5313 1077 5363 Jactanti
1109 5313 1237 5363 talia
1263 5313 1457 5364 C(enus

315 5383 605 5431 Extentum
639 5392 796 5427 cursu
827 5378 987 5426 missa
1012 5377 1154 5425 latus
1183 5377 1320 5427 eruit
1348 5376 1516 5437 hasta,

317 5446 436 5504 Qua
466 5445 544 5491 vir
571 5456 709 5505 equo
740 5441 1055 5490 commissus
1086 5444 1196 5488 erat

268 5605 383 5677 (71)
432 5604 470 5659 Α
521 5602 676 5659 vobis
722 5601 846 5677 ﬁeri
893 5598 1220 5677 caerulam.
1283 5599 1641 5677 Porphyrius
1664 5600 1847 5677 _apud

204 5670 581 5745 Thuodoret.,
611 5692 671 5746 γρ.
708 5670 828 5746 108
876 5676 931 5727 et
979 5671 1081 5724 109
1131 5671 1298 5746 Gram.
1348 5670 1455 5746 Aﬁ‘.
1485 5670 1636 5746 ὀυτ-ἒ
1664 5670 1849 5746 ’Etlsto

203 5750 323 5824 γὰρ,
382 5742 576 5824 φησὶνᾼξ
601 5742 656 5824 ἐν
704 5742 899 5824 Ῥόβφ,
949 5746 1057 5824 etc.
1088 5764 1123 5824 fc
1157 5742 1851 5824 Mactabatur_eui_rn,_i_n-

209 5814 355 5896 quit,
389 5814 481 5880 im
514 5819 759 5878 Kalend.
792 5814 1136 5874 Novembris
1167 5817 1342 5872 homo
1389 5817 1542 5890 apud
1594 5817 1851 5873 Rhodios

1938 3377 2076 3432 olim
2110 3378 2290 3433 fuisse
2312 3379 2597 3452 scriptum
2635 3397 2647 3435 :
2684 3403 2711 3432 «
2743 3381 3066 3435 Saturnum
3098 3386 3154 3436 et
3183 3381 3385 3452 Opem,
3419 3384 3586 3435 caete-

1936 3466 2147 3519 rosqne
2200 3459 2338 3504 tunc
2387 3450 2677 3520 homines,
2728 3452 3047 3508 humanam
3100 3450 3332 3507 earn—em
3363 3452 3587 3507 ‘solitos

1935 3523 2185 3588 esitare;
2236 3539 2433 3596 verum
2490 3524 2745 3594 primum
2798 3529 3002 3580 Jovem
3054 3525 3211 3596 leges
3243 3525 3581 3579 hominibus

1936 3609 2241 3667 moresque
2271 3595 2619 3651 condentem
2650 3598 2839 3652 edicto
2870 3595 3269 3667 prohibuisse,
3320 3613 3393 3651 ne
3442 3596 3585 3651 lice-

1936 3672 2022 3741 ret
2052 3682 2117 3741 eo
2150 3665 2277 3722 cibo
2309 3666 2520 3741 vesci.»
2558 3668 2757 3739 Itaque
2791 3692 2817 3717 «
2854 3665 3022 3741 cujus
3052 3675 3140 3723 est
3171 3668 3582 3741 pudoris,quin

1936 3738 2054 3791 imo
2081 3736 2528 3811 inverecundim,
2563 3736 2731 3811 cujus
2763 3736 3121 3811 quod’agere
3149 3736 3204 3796 te
3252 3736 3477 3807 videas,
3522 3740 3582 3793 in

1937 3825 2002 3881 eo
2056 3808 2301 3864 alterum
2353 3808 2822 3881 reprehendere?
2871 3808 3161 3866 Maledicti
3209 3816 3267 3866 et
3315 3811 3581 3865 criminis

1938 3880 2071 3954 loco
2113 3881 2250 3936 dare
2301 3899 2390 3943 ea,
2422 3880 2571 3953 quae
2621 3883 2681 3938 in
2729 3888 2784 3937 te
2834 3883 3062 3954 possint
3108 3882 3583 3954 reciprocataivi-

1938 3952 2283 4078 cisuitudine
2315 3952 2687 4027 retorqueri?
2716 3960 2781 4010 ut
2810 3952 3072 4026 loquitur
3108 3952 3424 4020 Arnobius,
3472 3953 3578 4007 lib.

1940 4041 1999 4078 ιι.
2085 4042 2174 4078 AV.

1940 4041 1999 4079 II.
2036 4041 2174 4078 HAV.

2010 4097 2123 4166 (72)
2154 4097 2405 4167 Infantes
2432 4112 2591 4167 penes
2623 4098 2884 4167 Africam.
2918 4096 3281 4152 Testinionia
3326 4099 3590 4167 veterum

1941 4167 1988 4222 si
2022 4168 2153 4238 quis
2186 4166 2497 4234 desideret,
2523 4170 2694 4223 adeat
2717 4168 3212 4224 Elmenhorstium
3246 4172 3302 4223 et
3332 4168 3485 4222 alius
3517 4166 3589 4221 ad

1942 4238 2085 4294 illud
2118 4239 2379 4304 Minucii,
2416 4258 2470 4310 p.
2504 4241 2572 4294 34
2608 4256 2621 4294 :
2660 4260 2680 4288 α
2716 4239 2917 4295 Merito
2946 4241 3007 4294 in
3040 4240 3343 4295 nonnullis
3387 4239 3591 4293 Africae

1945 4311 2210 4382 partibus
2272 4313 2526 4367 infantes
2592 4311 3096 4381 immolabantur,
3165 4311 3468 4365 blanditiis
3533 4313 3592 4363 et

1944 4382 2143 4438 osculo
2201 4384 2621 4454 comprimente
2669 4384 2954 4453 vagitum,
3007 4400 3079 4437 ne
3146 4382 3355 4438 flebilis
3400 4382 3595 4436 hostia

1944 4454 2302 4508 immoletur.
2342 4478 2368 4503 »
2404 4456 2469 4509 Et
2500 4454 2847 4509 Plutarchus
2876 4456 2935 4509 in
2970 4456 3413 4524 Apophthegmat.
3457 4469 3591 4506 nar-

1946 4532 2037 4581 rat
2064 4526 2336 4581 Gelonem
2368 4531 2679 4596 tyrannum
2706 4527 2873 4582 victis
2900 4524 3488 4596 Carthaginiensibus
3519 4524 3592 4578 ad

1948 4598 2243 4652 Himeram
2274 4599 2534 4669 coegisse
2567 4598 2885 4652 inscribere
2915 4599 3248 4669 fcederibus,
3281 4597 3434 4669 quod
3467 4611 3597 4651 ces-

1866 4675 1916 4741 D
1948 4675 2144 4725 earent
2174 4668 2479 4724 immolare
2510 4670 2660 4724 ﬁlios
2688 4672 2959 4724 Saturno.
2994 4671 3136 4727 HAV.

2022 4741 2133 4811 (73)
2166 4742 2619 4796 Proconsulalum
2668 4742 2888 4797 Tiberii.
2942 4741 3197 4805 Nodum,
3250 4740 3349 4812 qui
3400 4738 3600 4812 erudi-

1950 4816 2041 4866 tos
2092 4812 2343 4866 multum
2376 4817 2643 4879 torserat,
2678 4814 2920 4868 solvisse
2951 4814 3037 4867 vel
3072 4811 3318 4870 scidisée
3347 4811 3605 4883 Scalige-

1953 4900 2109 4949 rum,
2141 4890 2392 4939 testatur
2430 4884 2717 4939 Heraldus
2768 4886 2828 4939 in
2881 4885 3063 4940 Notis.
3116 4888 3179 4940 Et
3239 4901 3380 4941 sane
3424 4883 3605 4954 digna

1953 4956 2062 5026 legi
2108 4957 2493 5027 est/epistola
2538 4958 2665 5026 ejus
2695 4958 2765 5011 ad
2799 4957 3047 5012 Casaub.
3080 4960 3170 5024 66,
3205 4958 3305 5012 ubi
3341 4956 3605 5026 disputat

1954 5046 1987 5083 a
2018 5036 2366 5099 propratore
2392 5029 2477 5083 vel
2510 5030 2857 5100 proconsule
2887 5028 3099 5084 Tiberii
3146 5031 3267 5100 (qui
3321 5032 3378 5100 et
3424 5027 3607 5100 sacri«

1955 5100 2086 5155 ﬁcia
2135 5106 2375 5156 cruenta
2402 5099 2721 5167 Gallorum,
2751 5104 2900 5156 texte
2931 5100 3143 5166 Plinio,
3177 5099 3519 5170 sustulerat)
3552 5101 3608 5153 et

1956 5172 2076 5226 haec
2107 5171 2337 5245 sublata
2368 5190 2497 5228 esse
2545 5172 2705 5245 Quod
2740 5177 2815 5245 ut
2832 5189 3032 5227 verum
3069 5177 3233 5245 puto,
3258 5177 3455 5227 tamen
3493 5186 3609 5223 non

1956 5261 2198 5314 possum
2231 5244 2446 5299 illustr.
2480 5244 2584 5297 viri
2616 5243 3081 5299 emendationem
3118 5246 3381 5315 probare,
3441 5256 3609 5311 usque

1956 5316 2029 5370 ad
2072 5318 2450 5386 proconsulem
2499 5317 2735 5376 Tiberii;
2766 5316 2847 5369 ita
2876 5318 3028 5370 enim
3065 5317 3222 5385 legit.
3254 5316 3390 5371 licet
3418 5329 3606 5384 opera:

1957 5389 2349 5458 expresserint
2374 5390 3053 5459 proconsulatum,conlra
3076 5388 3423 5444 sententiam
3455 5387 3605 5459 ejus.

1960 5455 2264 5515 Peccatum
2301 5455 2457 5516 enim
2490 5461 2548 5514 in
2582 5460 2818 5525 genium
2847 5461 3212 5525 Tertulliani,
3247 5459 3346 5529 qui
3370 5455 3607 5529 omnino

1958 5534 2402 5602 proconsulatum
2430 5533 2635 5598 voluit,
2671 5532 2770 5586 sed
2804 5532 2906 5599 ita,
2943 5537 3008 5587 ut
3048 5533 3146 5586 illo
3198 5528 3607 5603 proconsulem

1960 5603 2328 5674 exprimeret,
2391 5603 2888 5675 quemadmodum
2948 5605 3008 5657 in
3068 5602 3209 5659 hoc
3244 5602 3391 5675 libro
3458 5617 3612 5672 saepe

1958 5673 2192 5749 locutus
2223 5681 2330 5748 est,
2365 5673 2429 5731 ut
2459 5693 2592 5733 cum
2624 5674 2768 5749 dixit
2796 5677 3107 5749 naufragiis
3141 5692 3242 5749 pro
3275 5673 3421 5749 ipsis
3452 5690 3609 5749 Anau-

1962 5748 2161 5876 ﬁngis,
2195 5747 2322 5822 cap.
2355 5750 2460 5818 30;
2492 5752 2547 5805 ct
2602 5748 2927 5804 ministeriis
2976 5748 3111 5805 alibi
3144 5747 3267 5822 ‘pro
3316 5747 3611 5805 ministris.

2012 5837 2101 5876 AV.

2012 5837 2101 5878 AV.
