4366 6392
148 341 253 399 369

1248 334 2067 416 ΑΡΟΕΟΕΕΤΙΟΠΞῘΑΠΥ.
2116 337 2442 401 GENTES.

3438 346 3559 407 370

148 470 242 524 illa
273 466 718 539 reigiosissima
740 469 879 523 urbe
906 469 1292 524 .Eneadurum
1322 469 1546 541 piorum
1571 469 1681 539 (83)
1706 471 1795 522 est
1822 476 1874 541 Α
1907 467 2223 525 homicidio
2255 473 2297 505 εδ
2329 472 2584 541 intersit)
2618 480 2920 529 convertar
2951 474 3020 529 ad
3064 476 3375 546 populum.
3416 476 3560 539 Quo-

142 556 609 630 jupiterquidam
624 558 914 629 (8i)quem
932 557 1087 613 ludis
1105 558 1228 613 suis
1245 558 1505 614 humano
1522 557 1798 629 proluunt

149 648 456 719 sanguine.
485 646 591 703 Sed
622 647 886 703 bestiarii
920 648 1054 719 (85),
1089 647 1354 719 inquitis.
1392 649 1526 715 lloc,
1566 646 1791 717 opinor,

151 737 336 793 minus
369 752 550 807 quam
586 735 958 791 hominis.An
992 736 1099 791 hoc
1129 738 1173 771 ⁸³
1205 736 1618 808 turpius,quod
1654 734 1794 790 mali

150 826 400 882 hominis
431 824 639 880 PCerte
671 830 866 880 tamen
899 826 970 880 de
1001 825 1318 881 homicidio
1348 826 1678 879 funditur.0
1699 825 1793 879 Jo-

150 933 265 971 vem
298 914 705 970 Christianum
739 919 795 969 et
824 914 1013 969 solum
1044 916 1225 987 patris
1259 914 1444 969 filium
1486 915 1557 969 de
1586 914 1792 968 crude-

150 1003 1336 1076 litate(85)lSed’quoniamdeintanticidio
1357 1002 1501 1058 nihil
1528 1003 1792 1069 interest,

150 1110 299 1151 sacro
322 1091 484 1149 318
501 1109 574 1148 an
597 1091 836 1148 arbitrio
860 1098 1222 1165 perpetretur
1246 1092 1788 1165 (licetparricidium

1906 558 2085 614 vultis
2118 576 2184 615 ex
2216 559 2308 615 his
2341 562 2861 618 circumstantibus
2892 568 2948 618 et
2980 565 3038 618 in
3089 564 3557 621 Christianorum

1904 649 2255 719 sanguinem
2289 649 2685 722 hiantibus,ex
2708 652 2853 725 ipsis
2885 654 3058 708 etiam
3091 654 3257 709 vobis
3282 654 3553 725 justissi-

1904 737 2017 794 mis
2047 742 2103 793 et
2135 739 2524 796 severissimis
2556 742 2612 795 in
2646 758 2752 796 nos
2803 743 3153 813 praesidibus
3204 744 3358 816 apud
3412 761 3553 799 con-

1901 828 2176 883 scientias
2210 828 2559 901 pulsem,qui
2590 836 2756 886 natos
2778 831 2885 886 sibi
2914 832 3125 887 liberos
3158 838 3397 888 enecent
3421 832 3555 905 (87)?

1903 916 2205 987 Siquidem
2238 924 2290 973 et
2324 920 2395 973 de
2427 936 2635 989 genere
2686 921 2844 975 necis
2876 921 3070 976 differt
3100 923 3143 955 7°
3191 922 3393 993 utique
3423 938 3557 978 cru-

1902 1005 2090 1060 delius
2121 1007 2230 1078 (88)
2266 1007 2321 1061 in
2356 1025 2472 1079 qua
2502 1008 2777 1079 spiritum
2810 1010 3188 1081 extorquetis,
3224 1018 3326 1066 aut
3354 1011 3555 1082 frigori

1901 1098 1957 1148 et
1988 1094 2127 1148 fami
2159 1099 2215 1149 et
2243 1095 2488 1152 canibus
2519 1097 2631 1168 (89)
2664 1097 2954 1169 exponitis
2982 1123 2996 1165 ;
3029 1099 3180 1154 319
3215 1100 3366 1155 ferro
3397 1099 3555 1156 enim

1564 1194 1769 1256 Variae
1800 1194 2123 1256 lectiones.

213 1292 253 1327 ⁸⁸
287 1294 447 1367 (ferte
487 1297 555 1367 ut
600 1291 708 1367 hoc
736 1293 989 1367 μηθέν-ε.
1065 1292 1111 1367 (⁵⁸
1155 1292 1261 1367 sie
1287 1291 1370 1367 ed.
1413 1291 1607 1355 Rhen.,
1653 1294 1824 1367 Hera,
1860 1290 2074 1367 Seml.;
2105 1292 2227 1367 cad.
2276 1295 2440 1362 Agob.
2497 1296 2888 1352 Homicidium
2940 1297 3273 1367 parricidio.
3324 1300 3445 1367 Rig.
3505 1302 3560 1353 et

155 1369 261 1419 Aav.
294 1365 539 1437 licetide
573 1364 861 1437 parioidio‘
881 1363 1127 1437 inlersit.
1159 1364 1262 1418 Sed
1290 1366 1401 1417 tota
1427 1362 1959 1437 sententidvidetur
1987 1378 2098 1417 non
2126 1382 2162 1419 a
2194 1366 2413 1420 Tertull.
2445 1371 2693 1437 pro/ecta
2721 1385 2854 1435 esse,

2956 1369 3001 1403 ⁷ο
3030 1370 3248 1424 Haverc.
3311 1386 3340 1425 e
3387 1370 3557 1425 colla-

157 1440 293 1511 tione
324 1433 594 1511 Mediana
635 1451 647 1489 :
675 1436 729 1491 Si
766 1435 905 1506 quid
938 1442 990 1491 et
1024 1436 1093 1490 de
1123 1452 1333 1511 genere
1366 1436 1524 1489 necis
1547 1435 1573 1487 ?
1604 1434 1824 1511 Dilfert.
1862 1433 2089 1505 Utique,
2121 1445 2223 1511 etc.
2260 1433 2807 1511 Quam-scripturam
2842 1433 3064 1497 servato
3119 1442 3311 1497 eodem
3365 1442 3558 1497 ordine

155 1510 435 1563 verborum
456 1509 732 1563 Semlerus
758 1523 966 1579 quoque
993 1510 1237 1577 pratuli:
1265 1514 1589 1564 ceterorum
1620 1506 1886 1560 librorum
1915 1510 2254 1563 auctoritati.

1586 1606 2109 1668 Commentarius.

156 1704 256 1760 sibi
286 1704 490 1778 gulam
524 1709 814 1778 prosecat.
846 1728 874 1755 ››
908 1705 1168 1778 Firmant
1219 1704 1523 1778 lectionem
1567 1703 1794 1778 Modia-

159 1775 480 1833 nam—illam
512 1775 771 1832 Suetonii
804 1777 860 1831 in
894 1777 1209 1833 Claudio.c.
1232 1778 1302 1830 25
1335 1793 1346 1831 ε
1384 1798 1410 1829 α
1440 1775 1794 1831 Druidarum

159 1849 495 1920 religionem
528 1849 684 1920 apud
710 1848 905 1905 Gallos
936 1850 1071 1904 diras
1128 1823 1515 1903 immanitatis
1572 1851 1629 1901 et
1660 1852 1795 1901 tan-

160 1927 270 1975 tum
300 1922 534 1977 civibus
565 1921 673 1975 sub
706 1927 969 1993 Augusto
1000 1922 1367 1976 interdictam
1402 1922 1635 1991 penitus
1658 1920 1796 1974 abo-

158 1992 306 2049 levit.
348 2016 378 2042 »
413 1993 562 2047 Nam
594 1999 747 2047 certe
776 1992 1021 2049 desiisse
1052 2000 1301 2048 testatur
1346 1994 1521 2047 etiam
1558 1993 1799 2061 Pompo-

160 2066 279 2119 nius
310 2064 461 2120 Mela
490 2063 591 2119 lib.
627 2080 767 2133 111,0.
799 2066 834 2118 2
866 2082 878 2120 :
914 2087 942 2114 «
978 2064 1305 2136 Aliquando
1336 2065 1480 2119 adeo
1511 2065 1799 2118 immanes

162 2137 314 2197 Galli.
349 2142 415 2191 ut
447 2136 746 2191 hominem
779 2136 1178 2208 gratissimam
1214 2136 1326 2190 diis
1347 2136 1639 2189 victimam
1676 2152 1799 2189 cre-

160 2210 351 2263 derent
385 2225 398 2263 :
436 2212 680 2262 manent
706 2210 950 2279 vestigia
982 2209 1230 2263 feritatis
1255 2208 1379 2276 jam
1436 2209 1681 2271 abolitae,
1711 2212 1798 2279 at-

163 2297 264 2350 que
295 2286 359 2334 ut
391 2282 467 2334 ab
502 2279 730 2334 ultimis
783 2278 1038 2336 caedibus
1070 2286 1418 2351 temperant,
1474 2280 1553 2351 ita
1585 2278 1793 2333 nihilo-

164 2354 347 2407 minus
376 2351 478 2407 ubi
511 2352 745 2406 devotas
776 2351 1058 2407 altaribus
1090 2355 1418 2421 admovere,
1452 2350 1732 2406 delibant.
1769 2370 1797 2399 ››

161 2423 311 2478 Unde
341 2426 523 2478 etiam
554 2422 903 2495 Gallograeci
937 2426 1008 2478 ab
1040 2424 1130 2479 his
1180 2423 1311 2490 orti,
1344 2430 1400 2478 et
1456 2424 1603 2478 ritus
1662 2438 1796 2495 cum

163 2496 385 2551 nomine
419 2494 760 2561 retinentes,
794 2496 947 2567 apud
989 2496 1317 2562 Justinum,
1361 2511 1512 2562 xxvr,
1562 2498 1597 2546 2
1629 2510 1641 2547 :
1672 2515 1699 2543 «
1738 2494 1797 2567 In

164 2568 418 2639 auspicia
467 2582 675 2638 pugna:
734 2565 956 2623 hostias
1014 2570 1286 2623 caedunt:
1342 2583 1591 2637 quarum
1650 2565 1799 2619 extis

164 2638 285 2695 cum
316 2655 535 2709 magna
564 2640 767 2705 caedes,
802 2639 1192 2711 interitusque
1223 2640 1487 2695 omnium
1518 2638 1801 2711 praedice-

164 2714 266 2777 tur,
298 2728 417 2767 non
449 2711 508 2765 in
542 2712 834 2777 timorem,
869 2712 969 2766 sed
1000 2712 1060 2765 in
1096 2710 1347 2765 furorem
1378 2710 1797 2780 versi,speran-

163 2786 355 2856 tesque
385 2783 629 2856 deorum
664 2785 856 2838 minas
886 2785 1105 2856 expiari
1134 2784 1287 2837 caede
1318 2799 1557 2837 suorum
1579 2854 1586 2856 _
1608 2797 1798 2856 posse,

168 2854 435 2927 conjuges
469 2858 527 2908 et
555 2854 768 2927 liberos
805 2872 943 2911 suos
964 2854 1278 2911 trucidant.
1310 2876 1338 2905 »
1373 2858 1519 2908 Ante
1574 2854 1801 2925 legeba-

168 2934 270 2990 tur,
303 2926 613 2995 prosecant.
647 2926 785 2981 ΗΑν.

228 3000 337 3070 (83)
368 2998 746 3053 Αῑηεαάανωη
787 3001 1024 3069 piorum.
1086 2999 1169 3052 lta
1199 3013 1297 3052 eos
1338 3000 1518 3070 vocat
1577 2995 1801 3070 ratione

170 3066 406 3126 auctoris
440 3071 673 3141 generis
704 3076 760 3125 et
788 3066 1029 3141 originis
1067 3070 1188 3141 (qui
1250 3068 1457 3123 nullibi
1520 3084 1632 3121 non
1689 3066 1801 3141 hac

167 3139 663 3214 commendatione
692 3143 845 3214 apud
877 3139 1570 3214 Poetam’introducitur),
1606 3139 1711 3214 sed
1739 3144 1805 3191 ut

168 3213 327 3269 simul
360 3209 991 3285 impietatem-illorum
1016 3215 1125 3268 sub
1148 3213 1249 3268 tali
1278 3211 1511 3285 nomine
1529 3209 1799 3285 flagellet.

168 3285 429 3341 Imitatur
457 3284 650 3342 autem
686 3286 912 3341 Lucret.
948 3286 1047 3357 qui
1079 3286 1159 3339 ita
1190 3285 1292 3339 lib.
1326 3302 1403 3349 vr,
1462 3284 1601 3357 1277
1629 3284 1798 3357 Athe-

166 3357 447 3413 niensium
482 3358 762 3430 populum
792 3354 1165 3430 pium—vocat,
1200 3358 1300 3412 sed
1338 3357 1559 3427 absque
1589 3354 1795 3409 ironia:

274 3475 379 3525 Nec
408 3488 525 3524 mos
556 3475 638 3524 ille
670 3476 961 3537 sepulturae
991 3475 1301 3524 remanebat
1329 3473 1383 3522 in
1420 3474 1569 3537 urbe,

278 3537 339 3587 Ut
367 3539 493 3602 pius
520 3538 607 3587 hic
635 3533 865 3602 populus
893 3552 1106 3601 semper
1135 3538 1420 3586 consuerat
1448 3533 1679 3585 humari.

227 3644 333 3716 (84)
390 3647 607 3716 Jupiter
670 3646 911 3718 quidam.
974 3647 1334 3702 Postremum
1372 3661 1607 3718 ivocem
1681 3659 1797 3718 non

169 3719 423 3787 agnoscit
454 3719 566 3774 MS.
626 3716 693 3773 LI
749 3724 803 3772 B.
844 3718 1123 3789 Intelligit
1178 3735 1310 3773 vero
1370 3717 1675 3780 Latiarem,
1728 3716 1799 3769 de

162 3803 263 3857 quo
290 3791 436 3846 satis
471 3789 660 3845 multa
678 3790 1105 3861 alii.lnsignem
1140 3806 1276 3844 vero
1303 3789 1588 3861 Cypriani
1607 3790 1796 3861 locum

197 3862 413 3917 reducit
442 3863 504 3918 in
537 3862 693 3917 notis
736 3862 861 3917 suis
908 3858 1287 3917 doctissimus
1320 3858 1403 3915 vir
1460 3858 1797 3915 Desiderius

162 3876 413 3984 sIrouucit
442 3879 504 3918 1n
537 3876 693 3917 notis
736 3878 861 3917 suis
908 3876 1287 3917 doctissimus
1320 3878 1403 3915 v1r
1462 3876 1797 3915 uesuuerius

210 3934 460 3988 eraldus.
498 3933 732 3989 Videsis
755 3933 931 4006 plura
954 3934 1105 4006 apud
1133 3934 1498 4006 Minucianos
1523 3933 1800 4006 interpre-

164 4007 258 4059 tes.
292 4007 357 4060 Et
390 4021 586 4062 revera
618 4006 681 4060 id
716 4005 853 4061 olim
886 4007 945 4060 in
998 4005 1159 4061 more
1214 4006 1393 4059 fuisse
1450 4005 1618 4059 docet

164 4074 315 4149 ribus
346 4078 605 4144 Scaliger
636 4078 705 4132 ad
740 4079 1057 4133 Eusebium
1093 4094 1149 4149 p.
1185 4078 1277 4149 56,
1322 4081 1378 4131 et
1422 4077 1527 4149 qui
1580 4091 1647 4129 ex
1670 4073 1797 4129 ’Pli-

166 4147 251 4203 nio
281 4150 475 4213 docet,
508 4150 741 4221 quando
772 4151 845 4205 ab
875 4151 985 4205 hac
1016 4147 1358 4221 crudelitate
1388 4147 1472 4221 sit
1511 4152 1801 4221 tempera-

165 4222 296 4293 tum,
330 4222 390 4275 in
426 4218 597 4293 cujus
627 4222 895 4277 sacrificii
926 4222 1116 4276 locum
1151 4219 1389 4293 sanguis
1444 4219 1653 4274 deinde
1682 4218 1798 4293 Abs-

166 4288 810 4349 stiariorum'successit
838 4294 1080 4350 effusus.
1119 4288 1466 4349 Prudentius
1495 4308 1644 4347 vers.
1676 4288 1801 4357 379,

167 4360 260 4419 lib.
292 4382 330 4432 ι,
366 4366 576 4421 Contra
607 4365 817 4436 Symm.

277 4470 745 4537 Respicsiterrilici
778 4472 1038 4537 scelerata
1056 4472 1299 4537 sacraria
1330 4469 1477 4531 Ditis,

277 4534 547 4585 Cui'cadit
576 4536 808 4585 infausta
839 4535 993 4585 fusus
1021 4534 1282 4597 gladiator
1312 4546 1486 4597 srena.

284 4597 394 4647 Heu
429 4598 566 4648 male
595 4603 831 4648 lustratae
862 4593 1215 4662 Pilegétontia
1236 4597 1451 4646 victima
1480 4593 1695 4643 Remis!

1668 4002 1796 4074 plu-

173 4690 369 4769 Quidni
397 4696 581 4769 igitur
611 4713 970 4767 usurpemus
1018 4694 1120 4751 illa
1165 4699 1393 4751 Seneca
1446 4691 1505 4747 in
1555 4694 1812 4747 extremo
1843 4699 1890 4764 Ι)

176 4760 452 4835 Octaviae:
462 4785 616 4824 vers.
649 4760 797 4823 978‘:

286 4872 424 4923 Urbe
455 4878 536 4923 est
566 4878 751 4923 nostro
784 4873 964 4924 mitior
990 4873 1155 4935 Aulis,

298 4936 359 4985 Et
386 4939 685 4987 Taurorum
714 4938 939 4987 barbara
968 4938 1145 4987 tellus.

294 4998 525 5063 Hospitis
565 5000 669 5048 illic
698 5001 845 5050 caede
886 5001 1070 5049 litatur

292 5060 500 5126 ljumen
530 5077 783 5125 superum
815 5077 827 5111 :
861 5063 991 5112 civis
1020 5060 1220 5126 gaudet

293 5124 470 5175 Roma:
503 5124 714 5176 cruore.

249 5222 354 5293 (85)
386 5223 487 5278 Sed
529 5223 807 5290 Bestiarii,
872 5222 1262 5281 Bestiarorum.
1321 5220 1411 5275 ed.
1474 5217 1701 5293 Barraei.
1753 5216 1822 5270 Hi

189 5292 317 5349 sunt
361 5296 462 5367 qui
515 5312 649 5351 cum
700 5295 870 5367 bestii
937 5294 1466 5367 congredieban‘tur
1513 5292 1573 5344 in
1625 5306 1820 5367 arena,

190 5368 301 5439 sive
330 5363 626 5423 nocentes.
663 5368 782 5422 sive
808 5366 1007 5439 inopia
1037 5363 1292 5439 illorum,
1326 5363 1421 5419 alii
1456 5378 1588 5417 cum
1622 5363 1827 5439 imma-

192 5437 352 5510 nibus
385 5440 521 5494 feris
554 5434 1101 5510 comparatifﬂisce
1134 5438 1411 5510 ultimum
1458 5434 1826 5510 coenantibus

193 5505 498 5582 liberaliter
529 5505 930 5582 apponebatur
961 5527 1180 5566 mensa.
1216 5509 1369 5580 Apol.
1415 5523 1466 5582 c._
1498 5508 1565 5582 42
1600 5522 1612 5559 ε
1648 5505 1823 5582 «ςΝρρ

198 5578 249 5633 in
280 5582 506 5652 publico
538 5577 881 5638 liberalibus
930 5577 1270 5651 discumbo,
1318 5580 1471 5653 quod
1531 5577 1828 5632 bestiariis

198 5666 463 5710 sunrema
493 5655 862 5710 cmnantibus
895 5670 1022 5709 mos
1053 5658 1159 5709 est.
1198 5676 1218 5702 ι

1909 1711 2276 1783 sacramento
2336 1707 2681 1783 infanticidii
2742 1712 3003 1779 cruenta,
3064 1709 3233 1783 quasi
3263 1715 3433 1783 (Deus
3486 1727 3552 1766 ac

1911 1777 2190 1854 Dominus
2223 1783 2421 1854 noster
2451 1782 2739 1854 sanguine
2769 1777 3549 1854 gauderetfhomicidioque

1906 1848 2214 1936 coleretur.
2250 1852 2407 1936 Quod
2451 1848 2877 1936 .Ter‘tulljan'us.
2918 1848 3106 1936 primo
3164 1848 3549 1936 falsissimum

1829 1955 1876 2020 Β
1908 1924 2355 2020 esseneste‘ndni‘t,‘
2374 1923 2832 2020 d'einge‘crimeu
2864 1923 3058 2020 ipsum
3093 1927 3153 2020 in
3185 1934 3554 2020 aecusatpres

1909 1998 2224 2067 retorquet.
2258 1995 2485 2050 Etenim
2515 2000 2764 2053 Saturno
2796 1995 2902 2053 suo
2932 1999 3189 2053 infantes
3237 1996 3552 2067 immolari,

1908 2064 2390 2142 ipsumqueadeo
2422 2069 2671 2142 propriis
2692 2070 2839 2142 filiis
2863 2087 2978 2124 non
3002 2069 3349 2142 pepercisse,
3385 2064 3554 2125 unico

1907 2136 2046 2214 .love
2097 2137 2278 2214 patris
2329 2136 2491 2209 impii
2532 2136 2820 2214 dentibus
2886 2136 3095 2211 erepto‘
3132 2136 3445 2214 fuga,Sed
3500 2145 3557 2196 et

1906 2208 2103 2283 Jovem
2140 2213 2331 2283 Romae
2355 2227 2587 2282 quoque
2618 2212 2875 2267 humano
2905 2208 3356 2283 sanguine'coli.
3390 2213 3554 2268 Unde

1909 2280 2507 2353 aolligit.jocaturque
2528 2285 2910 2338 exclamando
2936 2301 2949 2339 :
2976 2280 3248 2340 O'Jovem
3280 2285 3555 2340 Christia-

1908 2369 2073 2428 num,
2120 2353 2223 2428 qui
2271 2354 2805 2428 scilicethumano
2848 2358 3134 2427 sanguine
3168 2356 3383 2428 placari
3416 2356 3553 2428 velit

1907 2430 1973 2477 ut
2000 2424 2265 2479 Christus
2299 2440 2310 2479 :
2347 2442 2480 2479 nam
2514 2425 2621 2481 hoc
2652 2430 2721 2482 de
2752 2424 2985 2483 (lhristd
3014 2424 3185 2482 fama'
3226 2427 3552 2482 calumnio-

1908 2495 2138 2570 sissirnc
2168 2495 2505 2570 vulgaverat
2538 2514 2550 2561 ;
2584 2504 2661 2565 et,
2692 2500 2868 2554 solum
2896 2502 3071 2569 patris
3120 2499 3319 2570 ﬁlium,
3381 2498 3552 2570 quasi

1908 2567 2017 2622 hoc
2048 2567 2125 2621 sit
2154 2567 2328 2640 etiam
2358 2567 2483 2623 Jovi
2508 2584 2819 2625 commune
2840 2567 2973 2625 cum
3007 2567 3322 2637 Christo,et
3342 2567 3549 2640 quem-

1909 2640 2227 2714 admodum
2277 2639 2581 2714 Christum,
2638 2643 3006 2714 unigenitum
3077 2642 3262 2697 Patris
3342 2639 3549 2696 Filium

1907 2710 2239 2784 Christiana
2271 2710 2382 2784 ﬁde
2431 2710 2871 2784 credimusfsic
2920 2721 2977 2769 et
3025 2714 3258 2784 Jupiter
3308 2715 3468 2769 solus
3497 2718 3555 2769 et

1910 2783 2388 2857 unicusssaturni
2423 2783 2578 2857 {ilius
2628 2784 2931 2857 habeatur.
2979 2783 3304 2857 Utrumque
3356 2790 3553 2841 autem

1909 2855 1980 2909 de
2011 2854 2353 2909 crudelitate
2389 2871 2400 2909 :
2433 2856 2659 2979 Jupiter
2702 2856 3092 2928 Christianus,
3147 2854 3284 2929 quia
3328 2857 3554 2913 Christo

1909 2926 2194 2979 sanguine
2228 2927 2485 2979 humano
2538 2928 2665 2979 itari
2701 2931 3157 2979 mentiebantun
3195 2934 3259 2979 ut
3290 2929 3412 2979 Jovi
3447 2946 3554 2979 suo

1909 2926 2194 2996 sanguine
2228 2927 2485 2981 humano
2514 2926 2548 2981 li

2538 2928 2665 2982 itari
2701 2928 3171 2992 mentiebantur,
3195 2934 3259 2984 ut
3290 2929 3412 2985 Jovi
3447 2946 3555 2984 suo

1913 2998 2111 3053 Latiali
2147 3016 2159 3063 ;
2191 2997 2834 3072 Jupitersolus‘Patris
2866 3001 3191 3072 filius,quia
3222 3001 3382 3055 solus
3408 3000 3555 3068 patri

1910 3074 2229 3139 superstes,
2262 3070 2485 3125 caeteris
2518 3071 2589 3125 ab
2620 3070 2872 3127 Saturno
2904 3072 3001 3127 illo
3034 3070 3325 3127 manduco
3357 3073 3558 3127 crude-

1910 3140 2133 3195 lissime
2166 3140 2471 3195 devoratis.
2513 3142 2635 3196 Βία.

1984 3214 2095 3283 (87)
2125 3213 2286 3267 Natos
2307 3213 2647 3268 sibilibero:
2681 3217 2920 3269 enecent.
2973 3213 3016 3268 Ο
3066 3212 3322 3278 crudele,
3379 3229 3410 3267 ο
3460 3211 3555 3266 in-

1913 3283 2238 3356 humanum
2272 3284 2520 3352 facinus,
2560 3284 2618 3338 in
2653 3284 2907 3340 infantes
2965 3286 3180 3341 ferrum
3243 3286 3552 3356 stringere,

1829 3329 1872 3397 (ἶ
1912 3355 2130 3410 nullius
2168 3356 2462 3421 inimicos,
2495 3329 2716 3411 nullius
2766 3374 2913 3423 reos,
2964 3356 3061 3427 qui
3113 3355 3200 3412 vel
3252 3358 3322 3412 ad
3354 3329 3551 3411 hgstes

1908 3429 2017 3482 sub
2046 3427 2229 3499 cultro
2278 3427 2543 3499 rideant!
2579 3433 2635 3483 et
2664 3431 2858 3483 tamen
2911 3428 3057 3482 nihil
3102 3429 3291 3499 magis
3344 3428 3549 3483 tritum

1907 3500 2063 3572 apud
2096 3498 2248 3553 illos.
2282 3498 2779 3572 Undeadmiratio
2811 3499 2989 3555 simul
3028 3503 3085 3555 et
3114 3498 3278 3572 locus
3308 3499 3549 3555 Germa-

1906 3570 2116 3627 norum
2149 3572 2301 3641 apud
2328 3571 2593 3625 Tacitum
2619 3573 2780 3626 0.19:
2813 3594 2839 3620 «
2874 3572 3197 3627 Numerum
3230 3570 3550 3628 liberorum

1906 3644 2096 3717 ﬁnire,
2128 3647 2229 3698 aut
2258 3658 2612 3717 quemquam
2646 3660 2714 3699 ex
2743 3643 2970 3717 agnatis
3002 3660 3225 3717 necare,
3260 3643 3547 3717 ﬂagitium

1907 3716 2172 3770 habetur.
2211 3735 2253 3786 4»
2304 3714 2680 3785 Graviterque
2741 3714 3104 3786 impietatem
3152 3714 3551 3771 istam'taxat

1909 3788 2177 3859 Labtant,
2210 3784 2311 3859 lib.
2343 3802 2421 3859 vi,
2452 3787 2522 3859 28
2557 3784 2630 3841 :iu
2666 3787 2815 3857 Ergo
2832 3784 2923 3842 _ne
2953 3787 3098 3842 illud
3146 3788 3383 3859 quidem
3416 3804 3549 3859 con-

1906 3858 2029 3913 cedi
2061 3858 2275 3929 aliquis
2301 3857 2683 3924 existimet,ut
2713 3864 2974 3914 recentes
3006 3857 3179 3915 natos
3203 3859 3375 3914 liceat
3407 3858 3549 3913 abli-

1908 3932 2042 3985 dcre
2078 3948 2090 3985 :
2125 3928 2253 4001 quae
2282 3928 2378 4001 vel
2412 3930 2667 3984 maxima
2727 3936 2814 3986 est
2869 3929 3159 4001 impietas.
3221 3930 3307 3983 Ad
3367 3931 3553 3985 vitam

1907 4002 2063 4058 enim
2095 4000 2249 4056 Deus
2279 4000 2527 4073 inspirat
2556 4002 2808 4066 animas,
2840 4019 2952 4057 non
3004 4002 3075 4057 ad
3124 4006 3369 4057 mortem
3441 4002 3550 4058 Ve-

1907 4090 2039 4129 rum
2071 4073 2360 4141 homines,
2392 4088 2462 4127 ne
2495 4074 2647 4144 quod
2681 4073 2758 4127 sit
2789 4074 3160 4144 facinus,quo
3185 4089 3397 4128 manus
3413 4090 3553 4129 suas

1910 4163 2026 4202 non
2058 4146 2345 4217 polluant,
2376 4144 2622 4201 rudibus
2653 4145 2864 4214 adhuc,
2896 4150 2953 4202 et
2969 4145 3339 4217 simplicibus
3369 4145 3554 4201 animi

1910 4220 2204 4289 abnogant
2229 4216 2419 4289 lucem
2454 4235 2657 4289 non_a
2715 4234 2776 4271 se
2835 4219 3053 4273 datam.
3090 4216 3142 4267 ί»
3202 4216 3364 4272 Clare
3418 4233 3553 4273 vero

1911 4287 2090 4345 Barrf
2106 4294 2165 4361 et
2188 4288 2337 4361 hinc
2360 4305 2471 4344 ms.
2507 4287 2672 4344 Fuld.
2708 4290 3020 4361 praeferunt
3042 4293 3306 4361 enectent.

1986 4361 2097 4431 (88)
2146 4359 2339 4431 Siquid
2391 4364 2440 4416 et
2484 4361 2550 4416 de
2615 4357 2810 4429 geriere
2879 4363 3043 4426 necis,
3093 4366 3226 4417 etc..
3282 4359 3368 4431 Ita
3410 4357 3559 4431 Coll,

1918 4429 2475 4498 Mediana,_omnino
2499 4432 2711 4487 melius
2751 4448 2928 4503 quam
2963 4432 3087 4501 alii,
3116 4430 3388 4502 siquidem
3418 4436 3465 4487 et
3497 4429 3564 4485 de

1914 4520 2114 4577 genere
2143 4506 2291 4559 necis
2320 4504 2524 4576 differt,
2556 4507 2767 4576 utique,
2814 4508 2924 4577 etc.
2977 4519 3125 4577 cum
3156 4503 3367 4577 utique
3396 4518 3565 4577 squo-

1919 4573 2149 4649 cunque
2184 4577 2356 4632 modo
2381 4573 2782 4649 perpetratum
2817 4576 2894 4649 sit
2920 4573 3298 4646 parricidium
3354 4576 3411 4649 et
3464 4574 3564 4629 ho-

1921 4645 2249 4714 micidium,
2295 4645 2509 4703 tamen
2545 4647 2595 4702 si
2645 4652 2701 4702 et
2765 4645 2931 4703 necis
2975 4664 3160 4719 genus
3209 4645 3566 4719 consideres,

1918 4721 2075 4775 aliud
2100 4719 2213 4775 alio
2244 4724 2333 4775 est
2359 4719 2655 4775 crudelius
2683 4737 2695 4788 ;
2728 4719 2944 4776 ferrum
2978 4717 3133 4792 quod
3167 4719 3279 4774 cito
3311 4717 3572 4792 absumit

1922 4792 2248 4855 hominem,
2282 4794 2556 4864 quodque
2585 4792 2716 4847 ideo
2751 4790 3012 4864 majores
3034 4797 3195 4848 natu.
3240 4790 3571 4864 occidentes

1926 4882 1988 4921 se
2013 4864 2257 4935 eligunt,
2296 4861 2487 4920 lenius
2521 4863 2727 4919 mortis
2759 4861 2943 4936 genus
2975 4869 3063 4920 est
3092 4880 3268 4935 quam
3310 4861 3481 4936 longa
3512 4862 3573 4917 in

1928 4934 2388 5008 aquis’jactatio,
2421 4939 2523 4992 aut
2553 4934 2783 5008 frigore
2798 4937 3020 4993 fameve
3049 4934 3576 5008 co’msumptio,aut

1928 5006 2179 5079 denique
2221 5007 2349 5063 viva
2376 5006 2534 5080 'vivo
2574 5006 2808 5080 sepeliri
2857 5026 3101 5080 corpora
3147 5012 3343 5080 busto,
3390 5012 3455 5080 ut
3483 5006 3568 5080 lo-

1930 5078 2131 5152 quitur
2161 5080 2482 5135 Lucretius.
2518 5079 2579 5152 In
2613 5078 2997 5150 sequentibus
3036 5079 3336 5152 nonnulla
3362 5078 3574 5152 editio-

1931 5149 2035 5209 ues
2064 5152 2283 5223 legunt.
2323 5174 2349 5201 ‹‹
2383 5151 2667 5224 Spiritum
2701 5149 3075 5222 extorquetis,
3121 5156 3221 5207 aut
3268 5149 3470 5224 frigori
3514 5152 3573 5204 et

1932 5226 1972 5279 f.
2005 5227 2063 5278 et
2092 5222 2141 5278 c.
2177 5239 2226 5277 e.
2263 5224 2412 5280 ferro
2430 5222 2598 5278 enim
2633 5224 2778 5278 mori
2808 5230 2948 5279 mtas
2979 5241 3033 5293 q.
3088 5240 3167 5277 m.
3219 5222 3455 5293 optavit.
3491 5224 3579 5293 Ita

1932 5311 2065 5352 vero
2098 5295 2392 5367 distinguo
2427 5314 2439 5351 :
2474 5300 2533 5367 et
2559 5296 2752 5367 siquid
2786 5300 2841 5349 et
2872 5297 2943 5350 de
2976 5292 3188 5367 genere
3224 5292 3431 5349 necis?
3461 5292 3579 5347 dif-

1936 5369 2068 5425 fert.
2100 5366 2314 5437 Utique
2344 5366 2725 5423 crudelius’in
2760 5384 2932 5437 aqua,
2972 5366 2999 5415 »ί
3028 5371 3135 5422 etc.
3170 5370 3307 5422 Hav.

2007 5438 2117 5511 (89)
2149 5436 2377 5507 Frigori
2402 5448 2452 5495 el
2482 5442 2620 5511 fami
2649 5443 2696 5495 et
2727 5436 2954 5494 canibus
2982 5438 3277 5509 exponitis,
3313 5436 3577 5511 Lactant.

1936 5509 1974 5564 1.
2007 5506 2060 5565 v.
2099 5506 2111 5565 Ξ
2144 5534 2171 5559 ‹‹
2207 5506 2346 5575 Quis
2379 5506 2547 5568 natos
2577 5530 2645 5568 ex
2681 5527 2741 5565 se
2790 5527 2999 5581 pueros
3044 5506 3143 5565 aut
3186 5506 3579 5577 strangulant,

1938 5587 2040 5655 aut
2087 5581 2135 5655 si
2180 5583 2429 5639 nimium
2482 5584 2559 5655 pii
2620 5581 2850 5645 fuerint,
2916 5585 3213 5653 exponunt
3258 5581 3579 5655 iterum_v1,

1936 5653 2008 5707 20
2042 5671 2054 5708 :
2090 5654 2235 5735 Quid
2255 5652 2518 5735 illique—9
2548 5655 2695 5735 falsa
2722 5655 2910 5735 pietas
2942 5652 3095 5735 cogit
3112 5669 3397 5735 exponere
3421 5669 3433 5707 :
3455 5652 3581 5735 Non

285 5725 370 5787 86)
401 5727 442 5782 Ο
472 5728 655 5782 Jovem
686 5726 1065 5798 Christianum
1094 5728 1160 5798 et
1191 5724 1369 5798 solum
1414 5721 1603 5798 putris
1651 5722 1831 5798 ﬁlium
1940 5730 2191 5796 possunt
2220 5721 2561 5784 innocentes
2590 5721 2933 5795 existimari,
2984 5721 3085 5798 qui
3134 5721 3357 5798 viscera
3387 5741 3495 5798 sua
3523 5725 3584 5779 in

202 5791 437 5855 de'crud.
465 5799 903 5872 Objiciebantur
953 5795 1300 5853 Christianis
1346 5792 1516 5849 initia
1562 5794 1828 5863 quaedam

1940 5798 2196 5869 praedam
2228 5801 2477 5857 canibus
2508 5799 2905 5871 objiciuntzet
2927 5796 3216 5871 quantum
3240 5796 3300 5853 in
3335 5797 3481 5869 ipsis
3500 5799 3591 5854 est
