4366 6344
470 333 587 394 379
989 330 1515 393 TERTULLIANI
1561 330 1882 392 OPERUM
1930 330 2132 390 PARS
2177 330 2227 389 Ι.
2258 360 2336 374 -
2366 328 2636 390 SEBIES
2679 329 2726 402 Ι,
2773 331 3343 395 APOLOGETIGA.
3769 331 3892 392 380

469 465 560 522 vel
614 465 977 537 adoptandos
1022 464 1363 519 melioribus
1411 464 1565 519 826
1614 463 1954 533 parentibus
2011 462 2126 535 (19)
2153 464 2210 530 Α
2240 465 2577 534 utrumque.
2613 462 2722 518 Sed
2772 462 3048 520 caecitatis
3099 465 3227 520 dua
3275 464 3497 537 species
3544 462 3712 520 facile
3760 479 3888 519 con-

473 553 880 625 emancipatis.
915 551 1158 607 Alienati
1192 551 1422 623 generis
1453 567 1691 606 necesse
1740 555 1830 606 est
1861 552 2125 622 quando-
2239 555 2504 619 currunt,
2541 554 2603 606 ut
2660 551 2760 621 qui
2792 567 2907 607 non
2938 553 3136 608 vident
3165 570 3291 624 quae
3323 557 3479 619 sunt,
3509 553 3702 609 videre
3747 553 3898 608 vide-

473 658 586 713 que
615 641 959 698 memoriam
1009 641 1282 710 dissipari
1309 659 1322 708 ;
1355 646 1414 696 et
1441 639 1620 696 semel
1660 656 1819 696 error
1864 640 2126 712 impege-
2235 643 2332 694 tur
2362 656 2488 710 quis
2524 655 2640 694 non
2671 643 2828 694 sunt.
2868 641 2960 695 Sic
2991 657 3092 713 per
3121 641 3318 698 omnia
3347 643 3678 700 ostendam.
3727 645 3897 702 Nunc

474 731 568 797 rit,
604 731 808 786 exinde
847 731 974 801 jam
1025 730 1235 785 tradux
1279 730 1545 800 proficiet
1601 729 1826 796 incesti,
1861 733 2128 800 serpente
2241 729 2310 784 de
2344 728 2847 784 manifestioribus
2879 730 3069 786 dicam
3101 731 3163 786 9‘.

473 834 684 890 genere
732 835 865 873 cum
912 817 1148 873 scelere.
1185 818 1349 872 Tunc
1386 817 1598 872 deinde
1648 833 2019 888 quocumque
2067 816 2127 872 in

474 905 621 973 loco,
654 906 829 972 domi,
861 921 1120 978 peregre,
1167 911 1332 962 trans
1379 907 1544 971 freta,
1578 921 1775 961 comes
1807 911 1896 961 est
1925 905 2127 975 libido,

473 997 642 1066 cujus
690 995 908 1066 ubique
939 995 1128 1050 saltus
1177 995 1349 1051 facile
1381 999 1628 1066 possunt
1658 994 1875 1050 alicubi
1908 994 2131 1066 ignaris

474 1084 627 1139 ﬁlios
660 1099 912 1156 pangere
943 1083 1031 1138 vel
1060 1100 1129 1138 ex
1159 1083 1359 1154 aliqua
1390 1083 1634 1140 seminis
1668 1083 1931 1154 portione
1948 1084 2028 1150 ⁹³;
2067 1088 2131 1138 ut

474 1173 557 1226 ita
589 1189 862 1243 sparsum
894 1172 937 1206 “
966 1189 1148 1242 genus
1191 1188 1293 1244 per
1321 1171 1672 1227 commercia
1701 1171 1962 1227 humana
1991 1188 2129 1227 con-

475 1266 672 1316 currat
696 1262 756 1316 in
788 1261 1102 1316 memorias
1149 1278 1312 1326 suas,
1345 1277 1535 1331 neque
1577 1277 1676 1316 eas
1704 1260 1894 1317 coitus
1926 1260 2132 1316 incesti

475 1350 785 1421 sanguinis
837 1355 1136 1421 agnoscat.
1188 1350 1304 1404 Nos
1351 1350 1422 1404 ab
1474 1349 1584 1404 isto
1632 1351 1703 1404 20
1747 1355 1957 1404 eventu
1999 1349 2129 1404 dili-

476 1439 824 1510 gentissima
844 1443 902 1494 et
924 1438 1270 1494 ﬁdelissima
1301 1439 1543 1494 castitas
1574 1439 1778 1509 sepsit,
1813 1443 2132 1509 quantum-

478 1543 588 1596 que
629 1527 700 1582 ab
733 1525 955 1597 stupris
987 1533 1044 1580 et
1087 1527 1157 1581 ab
1189 1527 1347 1581 omni
1390 1537 1522 1597 post
1553 1527 1956 1581 matrimoium
1979 1527 2126 1582 3⁸17

476 1630 739 1682 excessu,
789 1619 1020 1670 tantum
1074 1619 1132 1670 et
1175 1615 1247 1670 ab
1297 1613 1508 1670 incesti
1559 1631 1698 1670 casu
1739 1615 1848 1669 tuti
1901 1630 2130 1670 sumus.

2897 863 3124 918 CAPUT
3173 864 3235 920 X.

2239 969 2674 1020 Anouunu'ruu.
2706 996 2774 1004 ——
2805 967 3168 1034 Proyredilur
3195 967 3308 1036 iam
3356 965 3426 1020 ad
3469 968 3678 1022 crimen
3708 967 3902 1021 irreli-

2308 1037 2625 1106 giosistatis,
2658 1038 2842 1108 aitque
2899 1038 3240 1094 Christianos
3294 1037 3521 1093 deorum
3562 1038 3770 1093 cultum
3812 1055 3899 1092 re-

2312 1123 2533 1174 cusare,
2591 1111 2720 1177 quia
2767 1109 2850 1163 dii
2895 1126 3007 1164 non
3053 1119 3199 1178 sunt,
3249 1109 3480 1176 colendi,
3532 1113 3584 1165 si
3639 1110 3903 1164 divinitas

2311 1195 2501 1234 eorum
2563 1178 2931 1234 demonstrari
2989 1184 3183 1252 possit.
3251 1185 3513 1236 Provocat
3579 1181 3768 1252 itaque
3824 1180 3902 1236 ad

2312 1252 2739 1324 conscientiam_
2755 1252 3073 1324 gentilium,
3125 1267 3252 1324 quae
3297 1268 3509 1324 negare
3563 1269 3680 1306 non
3734 1256 3902 1324 potest

2313 1338 2495 1377 omnes
2521 1323 2664 1396 gillo:
2707 1321 2830 1378 deos
2873 1321 3313 1396 homines'olimi
3350 1321 3549 1393 fuisse,
3594 1321 3745 1395 quod
3781 1325 3904 1396 jam

2312 1396 2478 1449 unius
2509 1394 2736 1449 Saturni
2765 1397 3013 1466 exemplo
3044 1395 3252 1466 liquido
3281 1394 3636 1452 demonstrat.

2312 1526 2482 1594 Deos,
2516 1527 2786 1597 inquitis,
2819 1544 2934 1582 non
2980 1527 3173 1583 colitis
3223 1528 3354 1599 (21),
3408 1531 3465 1582 et
3493 1543 3597 1599 pro
3642 1526 3901 1597 impera-

2242 1615 2470 1671 toribus
2516 1616 2806 1671 sacrificia
2855 1633 2970 1672 non
3003 1617 3368 1688 impenditis.
3402 1616 3680 1687 Sequitur
3708 1620 3772 1669 ut
3804 1630 3890 1669 θαι

478 1704 728 1768 Quidam
761 1702 946 1758 multo
979 1703 1306 1759 securiores
1334 1708 1516 1758 totam
1556 1703 1676 1758 vim
1707 1703 1887 1774 hujus
1917 1703 2134 1758 erroris
2243 1705 2374 1759 dem
2407 1703 2631 1759 ratione
2662 1721 2766 1776 pro
2812 1704 2944 1760 aliis
2995 1721 3112 1760 non
3160 1704 3582 1771 sacriﬁcemus,
3623 1703 3764 1776 quia
3795 1718 3900 1759 nec

477 1792 704 1864 virgine
734 1791 1092 1848 continentia
1121 1791 1441 1864 depellunt,
1475 1808 1642 1847 senes
1693 1792 1876 1864 pueri.
1912 1792 2042 1848 Haec
2074 1793 2133 1847 in
2165 1842 2212 1864 η
2243 1807 2346 1862 pro
2391 1792 2559 1846 nobis
2611 1792 2764 1848 828
2815 1792 2983 1863 ipsis,
3035 1793 3208 1848 semel
3265 1793 3409 1849 deus
3459 1809 3575 1847 non
3633 1791 3902 1848 colendo-

491 1842 702 1864 .--σή
739 1842 1091 1848 --_-__-_-_“
1127 1842 1441 1864 ﬁrmam,
1476 1842 1639 1847 --κη
1693 1842 1875 1864 τη---
1913 1842 2038 1848 πη-
2074 1842 2133 1847 ,η
2244 1842 2340 1862 τ--
2392 1842 2557 1846 -ηη
2616 1842 2758 1848 -.,-
2816 1842 2983 1863 -,.---,
3035 1842 3208 1848 _--_--
3269 1842 3408 1849 π--
3460 1842 3575 1847 __-_
3637 1842 3866 1848 ---ηπ

479 1881 644 1936 vobis
665 1881 878 1950 esse,si
912 1879 1628 1952 consideraritis,proinde
1649 1881 1994 1936 Christianis
2019 1897 2136 1936 non
2165 1842 2212 1906 Β
2251 1881 2448 1950 itaque
2496 1879 2788 1952 sacrilegii
2835 1882 2950 1952 (22)
3007 1885 3066 1936 et
3120 1880 3448 1952 majestatis
3503 1880 3584 1935 rei
3625 1879 3897 1936 conveni-

481 1985 608 2026 esse
639 1968 1066 2041 perspiceretis.
1098 1967 1280 2024 lidem
1331 1968 1482 2025 oculi
1529 1968 1969 2025 renuntiassent
2007 1985 2138 2024 esse
2248 1985 2401 2023 mur.
2437 1969 2679 2024 Summa
2725 1968 2846 2024 hac
2891 1985 3090 2037 causa,
3139 1967 3257 2025 imo
3303 1973 3428 2026 tota
3466 1973 3574 2038 est,
3607 1973 3665 2026 et
3695 1969 3899 2040 utique

1926 2068 2130 2128 Variae
2161 2067 2459 2128 lectiones

555 2166 600 2200 ⁸³
629 2167 754 2235 Rig.
789 2170 842 2221 et
875 2171 1017 2222 Hau.
1069 2182 1340 2238 pangere,
1374 2164 1532 2220 velut
1564 2181 1630 2220 ex
1661 2164 1753 2238 al.
1792 2164 2268 2237 semisparsione,
2319 2169 2428 2219 etc.
2503 2165 2548 2199 9‘
2580 2163 2672 2219 Uti
2703 2181 3036 2238 aspersum
3095 2165 3327 2238 Franeg.

492 2239 691 2292 omnia
720 2240 1026 2293 ostendam
1060 2237 1257 2294 desunt
1290 2239 1349 2292 in
1379 2239 1468 2292 ed.
1501 2237 1776 2305 Rhenani,
1807 2241 1856 2292 et
1885 2253 2004 2309 quis
2033 2241 2338 2308 sequuntur

481 2312 714 2382 scripta.
748 2311 873 2381 Reg.
907 2311 971 2367 de
1002 2312 1136 2366 Ηαυ.
1170 2311 1334 2365 Nunc
1365 2313 1423 2365 et
1452 2309 1804 2365 manifestis.

3431 2165 3475 2200 ³⁸
3503 2165 3606 2220 Vv.
3653 2166 3741 2220 Sic
3802 2179 3903 2236 per

2393 2253 2412 2290 :
2467 2240 2630 2292 Nunc
2683 2237 2754 2293 de
2801 2235 3315 2294 manifestioribus
3368 2236 3585 2308 dicam,
3615 2254 3661 2292 c.
3715 2236 3772 2291 X.
3805 2235 3902 2292 ad-

1923 2387 2448 2450 Commentarius.

485 2497 642 2556 gam.
675 2484 975 2550 Quomodo
1015 2501 1150 2540 cum
1181 2501 1357 2556 saepe,
1387 2487 1511 2540 tum
1562 2485 1740 2541 etiam
1770 2501 1877 2540 vox
1910 2484 2014 2540 illa
2043 2501 2146 2540 oc-

2259 2479 2303 2536 δ’
2357 2482 2438 2538 ὑπ’
2504 2481 2676 2538 αὐτῶν
2727 2479 2814 2556 ἐπὶ
2865 2479 3107 2554 {Situ-riae
3165 2481 3593 2556 Eootlevoojtevm,
3661 2487 3800 2556 eto.,_
3834 2482 3904 2556 _i_d

487 2554 669 2628 currit
697 2555 798 2611 lib.
829 2556 950 2611 adv.
1003 2554 1420 2628 Hermagehem,
1463 2572 1592 2628 cap.
1625 2557 1687 2612 41
1747 2571 1759 2612 :
1802 2579 1840 2628 xx
1896 2561 2027 2612 Haac
2055 2557 2143 2611 in-

491 2625 658 2695 quies
690 2645 802 2683 non
837 2635 948 2692 est,
981 2628 1102 2684 haec
1142 2627 1506 2684 turbulentis
1536 2625 1607 2683 et
1655 2627 1970 2700 passivitas
2029 2645 2145 2683 non

487 2702 596 2770 est,
650 2700 751 2754 sed
815 2700 1134 2756 moderatio
1164 2706 1222 2755 et
1283 2699 1586 2754 modestia.
1649 2699 1671 2752 ἰ
1748 2700 1893 2755 Male
1949 2701 2148 2770 itaque

489 2769 684 2842 liben.
733 2793 754 2819 ι
807 2773 1194 2842 Suppeditare
1265 2773 1542 2842 materias
1588 2771 1810 2842 passim
1863 2769 2148 2842 invitante

495 2839 746 2895 luxuria.
800 2864 828 2891 »
885 2836 1096 2898 Graecis
1147 2840 1441 2913 εἷκαιὸτης,
1487 2836 1642 2899 unde
1672 2839 1846 2894 εἰκαῖα
1876 2836 2141 2913 πρόϐατα,

527 2913 742 2987 assa/es
770 2929 908 2969 oves.
943 2913 1086 2970 Vide
1137 2913 1498 2987 Scaligerum
1532 2915 1603 2969 ad
1638 2913 1935 2970 Manilium
1967 2932 2022 2987 p.
2054 2916 2142 2969 68.

541 3001 630 3039 Αν.

492 3125 664 3196 longe
691 3126 902 3182 melius
934 3145 1110 3198 quam
1132 3127 1274 3183 editi
1303 3127 1541 3200 quidam
1558 3127 1949 3184 misericordia
1967 3131 2148 3200 extra-

491 3213 628 3272 riew,
663 3204 765 3254 aut
813 3200 1072 3272 ljhenani
1105 3204 1283 3272 matre
1333 3202 1565 3254 extrena
1599 3216 1611 3254 :
1646 3201 1938 3272 quomodo
1965 3199 2145 3272 etiam

493 3268 780 3356 ραι-τίθης.
811 3271 1121 3356 Eleganter
1154 3269 1365 3356 Paulus
1407 3268 1895 3356 jurisc‘onsultus,
1917 3271 2146 3356 .citante

490 3343 725 3397 Wouw.
759 3343 827 3396 ad
865 3342 1078 3398 Minue.
1129 3359 1142 3398 :
1195 3365 1216 3391 ι
1267 3342 1484 3397 Necare
1515 3343 1741 3398 videtur
1770 3360 1885 3398 non
1912 3347 2144 3398 tantum

492 3413 543 3467 is
561 3415 685 3486 qui
705 3418 938 3486 partum
971 3415 1264 3486 prefocat,
1301 3416 1400 3468 sed
1434 3415 1562 3470 etis
1587 3417 1686 3485 qui
1721 3415 1972 3484 publicis
2001 3413 2146 3470 locis

494 3484 901 3558 misericordiae
925 3484 1102 3542 causa
1129 3486 1587 3558 exponit,_quam
1605 3484 1745 3558 ipse
1775 3503 1890 3541 non
1915 3487 2144 3558 habeto}

493 3555 618 3628 Non
653 3573 894 3627 possum
929 3559 1070 3628 quin
1108 3555 1405 3628 Lactantii
1428 3555 1660 3612 ilocum'
1695 3558 2008 3621 adducam,
2043 3556 2144 3628 sed

495 3626 579 3699 ita
605 3626 1058 3699 utremendatior
1105 3627 1348 3698 legatur,
1396 3629 1503 3693 lsa,
1556 3645 1631 3693 vi,
1675 3630 1764 3699 20,
1818 3634 1883 3684 ut
1929 3627 2147 3699 vulgati

497 3696 633 3752 libri
667 3698 886 3754 habent
917 3715 929 3753 :
967 3722 995 3749 «
1026 3696 1444 3765 Quis'dubitet,
1477 3699 1616 3770 quin
1670 3696 1889 3770 impius
1919 3696 2147 3768 sitfqui

501 3770 706 3825 alienis
731 3770 1354 3827 misericordiwlocum
1384 3787 1498 3826 non
1521 3771 1728 3842 tribuit
1747 3770 1774 3826 ?
1803 3772 1945 3842 quin
1970 3772 2145 3826 etiam

499 3842 548 3896 si
581 3843 886 3914 contingat
914 3843 964 3898 ei
996 3843 1150 3913 quod
1185 3842 1382 3898 voluit.
1428 3847 1492 3896 ut
1521 3841 1712 3897 alatur
1742 3842 2150 3914 addixitgcerte

499 3912 1076 3986 sanguinemsuum,
1109 3914 1195 3968 vel
1245 3916 1315 3970 ad
1363 3914 1724 3980 servitutem,
1757 3913 1842 3970 vel
1873 3916 1942 3970 ad
1977 3912 2148 3986 lupa-

499 3932 846 3986 sanguinem
878 3932 1076 3982 suum,
1109 3932 1195 3968 vel
1245 3932 1315 3970 aa
1363 3932 1724 3980 servntutem,
1757 3932 1842 3970 V01
1873 3932 1942 3970 ao
1977 3932 2033 3968 lu
2083 3932 2145 3969 a-

497 4001 621 4056 nar.
658 4007 686 4034 »
718 3985 868 4040 Nihil
901 3986 1101 4041 minus
1131 3986 1292 4054 dicit,
1327 4002 1499 4056 quam
1534 3987 1686 4056 quod
1721 3987 1951 4042 videtur
1979 3932 2145 4052 velle,

498 4055 574 4129 in;
617 4072 749 4129 meo
799 4063 954 4114 certe
1007 4055 1361 4129 exemplari:
1409 4055 1660 4129 Repone,
1712 4079 1741 4106 «
1793 4058 1902 4121 Qui
1951 4058 2149 4113 aliena:

499 4127 912 4212 misericordiae
944 4129 1156 4196 locum,
1178 4127 1834 4212 honustum—tribuunt;
1873 4153 1893 4179 ιι
1941 4129 1998 4211 id
2033 4129 2150 4212 exi-

499 4204 648 4271 gunt
672 4217 798 4270 qua
828 4201 905 4256 ibi
937 4217 998 4256 se
1047 4206 1285 4256 uuntur.
1333 4200 1678 4255 Extraneam
1712 4201 1888 4256 talem
1921 4201 2150 4256 miseri-

501 4270 762 4344 cordiam
807 4218 1167 4328 videreqlicet
1195 4273 1500 4328 Chariclezs
1543 4271 1805 4327 evenisse
1853 4273 2006 4344 apud
2048 4273 2154 4344 He-

502 4341 793 4414 lioporum
846 4344 1087 4414 EthiOp.
1134 4345 1234 4398 lib.
1281 4361 1344 4408 ιι,
1397 4361 1454 4415 p.
1487 4344 1626 4415 7118,
1684 4345 1824 4399 edit.
1871 4341 2151 4400 Commel.

505 4415 616 4471 Sed
649 4432 755 4470 nos
785 4416 856 4470 de
904 4416 1245 4471 crudelitate
1293 4414 1412 4469 hao’
1446 4414 1616 4486 plura
1663 4415 1720 4468 in
1773 4416 1942 4472 initio
1973 4415 2154 4486 hujus

503 4487 735 4559 capitis,
785 4487 1001 4558 quibus
1049 4485 1856 4560 addiqpotest’Kippingius.
1916 4505 1934 4542 ι
1967 4532 1983 4559 ,
2022 4485 2151 4560 cap.

509 4558 652 4630 1,’p.
689 4561 756 4614 13
787 4576 943 4614 novae
974 4558 1270 4614 editionis.
1305 4558 1444 4612 ΗΑν.

2255 2560 2364 2612 etc.
2399 2579 2427 2605 ‹‹
2461 2559 2765 2623 Caeterum,
2799 2553 3068 2613 homines
3098 2553 3293 2611 idiotas
3337 2553 3559 2610 abillis
3589 2571 3692 2627 pro
3724 2553 3907 2610 nihilo

2254 2627 2493 2696 habitis,
2527 2634 2591 2683 ut
2620 2627 2783 2682 stulti
2832 2633 2889 2682 et
2934 2629 3266 2693 illiberales,
3313 2627 3361 2682 si
3417 2628 3588 2682 modo
3637 2627 3908 2683 commit-

2254 2703 2382 2754 tant
2413 2715 2474 2754 se
2505 2699 2562 2752 in
2596 2699 2768 2754 ﬁdem
2803 2700 2924 2768 Dei,
2973 2706 3029 2754 et
3075 2699 3396 2756 doctrinam
3427 2702 3564 2754 Jesu
3598 2698 3904 2768 recipiant,

2253 2776 2492 2841 tantum
2519 2771 2735 2825 absunt
2764 2772 2836 2826 ab
2867 2773 3024 2826 omni
3059 2771 3364 2834 lascivitia,
3385 2769 3687 2840 spurcitia,
3715 2770 3905 2841 turpi-

2252 2842 2456 2898 tudine
2485 2840 2817 2914 libidinum,
2852 2847 2916 2897 ut
2944 2843 3002 2898 in
3037 2859 3255 2898 morem
3288 2843 3678 2914 perfectorum
3711 2840 3905 2897 sacer-

2254 2915 2458 2970 dotum
2491 2915 2562 2968 ab
2606 2913 2767 2970 omni
2813 2914 2965 2970 coitu
2999 2913 3465 2980 abhorrentium,
3497 2913 3667 2968 multi
3701 2928 3901 2968 eorum

2255 2987 2312 3041 in
2345 2989 2533 3069 totum
2575 2991 2733 3069 caste
2785 3002 3042 3069 pureque
3071 2987 3290 3069 vivant,
3323 2985 3496 3069 alieni
3527 3002 3561 3041 a
3590 3001 3904 3069 congressu

2255 3056 2569 3131 mulierum
2601 3056 2794 3131 etiam
2815 3056 3098 3131 legitimo.
3134 3080 3163 3108 ››
3195 3059 3323 3114 Mox
3354 3074 3388 3114 a
3429 3057 3613 3113 Rhen.
3662 3056 3827 3113 abest
3852 3061 3905 3112 et

2252 3129 2594 3200 ﬁdelissima.
2626 3129 2766 3184 Hav.

2177 3241 2220 3308 C
2252 3197 2260 3200 “
2329 3201 2438 3326 ξι)
2473 3201 2626 3282 Deos,
2660 3200 2910 3272 inquitis,
2942 3216 3056 3255 non
3099 3200 3298 3283 colitis.
3336 3197 3558 3281 Passim
3608 3197 3764 3280 apud
3801 3199 3908 3254 Ar-

2259 3288 2332 3327 no
2379 3313 2393 3327 .
2428 3276 2491 3326 ut
2522 3271 2674 3326 ωλι
2717 3289 2730 3326 :
2783 3294 2809 3322 ‹‹
2864 3273 3056 3327 Egone
3112 3286 3308 3327 impia:
3354 3269 3655 3327 religionis
3701 3286 3908 3326 sumus

2379 3313 2393 3338 ,
2428 3276 2491 3326 ut
2522 3271 2622 3326 lib.
2657 3289 2674 3326 ι
2717 3269 2745 3326 ;“
2783 3294 2809 3322 ‹‹
2864 3273 3056 3341 Egone
3112 3270 3308 3341 impias
3354 3269 3655 3341 religionis
3701 3286 3908 3326 sumus

2255 3343 2409 3415 apud
2440 3359 2542 3415 vos
2572 3343 2675 3409 rei,
2699 3349 2755 3398 et
2778 3340 2936 3413 quod
2975 3340 3382 3415 caputrerum
3413 3340 3484 3396 et
3509 3340 3774 3415 columen
3807 3358 3908 3397 ve-

2255 3411 2616 3470 nerabilibus
2647 3411 2882 3469 edim—us
2929 3411 3228 3484 obsequiis
3257 3413 3348 3483 (ut
3377 3411 3635 3467 convicio
3668 3418 3908 3468 utamur

2253 3486 2470 3554 vestro)
2500 3485 2742 3540 infausti
2772 3490 2828 3541 et
2856 3485 3021 3541 Athei
3066 3486 3524 3554 nuncupamur?
3572 3504 3615 3554 a
3642 3484 3760 3538 Lib.
3793 3500 3829 3538 v
3885 3501 3900 3541 :

2257 3579 2286 3607 «
2318 3557 2543 3611 Audere
2570 3573 2674 3612 vos
2719 3556 2908 3611 dicere
2937 3574 3004 3612 ex
3050 3555 3144 3611 his
3193 3553 3451 3621 atheum,
3485 3553 3905 3626 irreligiosum,

2257 3627 2627 3699 sacrilegum,
2660 3629 2757 3699 qui
2793 3631 2896 3682 deo
2929 3644 3078 3698 esse,
3112 3627 3352 3683 omnino
3398 3632 3500 3699 aut
3538 3633 3774 3699 negant,
3808 3632 3909 3699 aut

2256 3698 2546 3755 dubitent.
2587 3722 2607 3747 ι
2642 3698 2710 3753 Et
2741 3699 2838 3754 lib.
2870 3716 2928 3753 VI
2984 3718 2997 3755 :
3052 3722 3079 3749 ‹‹
3116 3699 3177 3754 In
3229 3699 3337 3754 hac
3388 3698 3545 3753 enim
3579 3698 3906 3754 censuestis

2256 3777 2419 3843 parte
2469 3769 2720 3826 invidias
2771 3771 2940 3826 nobis
2975 3769 3548 3843 tumultuosissimas
3594 3771 3903 3838 concitare,

2257 3842 2550 3914 appellare
2580 3859 2696 3898 non
2741 3843 2963 3906 atheos,
3011 3847 3066 3897 et
3116 3843 3269 3913 quod
3320 3842 3631 3896 minimum
3681 3843 3906 3897 tribua-

2257 3913 2390 3969 mus
2418 3914 2549 4040 aiis.
2586 3936 2614 3964 »
2647 3913 2791 3969 Vide
2822 3914 2992 3987 plura
3038 3915 3193 3986 apud
3244 3913 3592 3985 interpretes
3623 3914 3907 3970 Arnobia-

2257 4003 2385 4040 nos.
2468 4003 2557 4040 Αν.

2257 4003 2385 4042 nos.
2418 4003 2557 4040 HAV.

2327 4058 2442 4142 (22)
2469 4055 2797 4142 sacrilegii.-
2827 4055 3163 4111 Convicium
3196 4055 3351 4142 quhod
3393 4055 3696 4142 confestim
3721 4054 3907 4142 ‘Chri-

2259 4126 2468 4184 stianis
2506 4129 2902 4199 ingerebatur,
2953 4145 3133 4200 supra
3168 4143 3229 4200 7c.
3261 4131 3296 4182 2
3329 4145 3341 4182 :
3378 4149 3404 4174 «
3436 4127 3774 4200 Quandode
3805 4126 3910 4200 ali:

2258 4217 2372 4271 quo
2401 4197 2662 4268 nocente,
2695 4197 3066 4269 cognoscitis,
3103 4221 3130 4248 »
3163 4199 3282 4253 Etc.
3311 4202 3393 4271 Et
3441 4199 3582 4254 ibid.
3616 4221 3645 4248 «
3680 4197 3911 4254 Laniari

2263 4269 2461 4343 jubere
2520 4271 2891 4343 sacrilegum,
2951 4271 3000 4327 si
3062 4269 3325 4343 conﬁteri
3374 4271 3909 4343 perseveraverit.»

2310 4348 2331 4398 t
2361 4344 2431 4398 ad
2477 4341 2791 4414 Scapulam,
2826 4359 2875 4397 c.
2907 4344 2943 4394 2
2974 4361 2986 4399 :
3022 4365 3049 4393 »
3098 4342 3314 4398 Tamen
3369 4358 3495 4406 nos,
3529 4358 3678 4412 quos
3725 4341 3912 4414 sacri-

2262 4415 2421 4487 legos
2451 4413 2825 4477 existimatis,
2858 4429 2963 4469 nec
2991 4414 3049 4487 in
3101 4415 3253 4487 furto
3285 4413 3914 4487 unquamudeprehenf

2263 4483 2454 4556 distis,
2491 4488 2702 4542 nedum
2761 4487 2818 4540 in
2855 4483 3177 4555 sacrilegio.
3215 4506 3242 4557 ξ)
3291 4483 3424 4557 γΙωὸ
3481 4483 3910 4557 solita—populi

2265 4565 2390 4614 erat
2417 4555 2760 4615 acclamatio
2795 4558 2852 4611 in
2877 4555 3264 4629 deposcendis
3285 4556 3663 4612 innocentum
3687 4555 3914 4629 suppli-

575 4611 1445 4702 (ἶρίλᾱὸᾷπᾶηἱιόἔἦιὲιὲονέἱὸὶιέ
1480 4629 1821 4702 parentibus.
1856 4629 1962 4693 Qui
2013 4629 2151 4685 alie-
2183 4611 2228 4677 D
2261 4611 2385 4686 ciis'
2412 4611 3298 4702 1"TtilliiitiierilegoslBullinus
3347 4611 3415 4684 ei
3461 4611 3912 4702 Eusebioﬂli'lecl.

508 4717 616 4755 nos
664 4700 878 4758 liberos
907 4719 1124 4773 amore
1183 4706 1421 4773 paterno
1471 4700 1960 4773 complectuntur,
2008 4719 2155 4773 quos

551 4777 780 4830 arentes
807 4772 919 4844 ipsi
951 4772 1274 4844 ablegando
1315 4788 1348 4826 a
1393 4787 1465 4844 se
1499 4772 1694 4827 odisse
1724 4773 1966 4843 professi
2000 4772 2159 4830 sunt.

535 4845 754 4900 nterim
787 4842 982 4900 tamen
1014 4842 1287 4900 laudibus
1318 4842 1471 4915 apud
1505 4842 1821 4915 scriptores
1874 4845 1968 4901 hic
2015 4847 2161 4901 ado-

511 4859 754 4900 lnterlm
787 4859 982 4900 tamen
1014 4859 1287 4900 tauaious
1318 4859 1471 4967 agno
1505 4859 1821 4915 scriptores
1875 4859 1968 4901 mc
2015 4859 2161 4901 ado-

511 4917 715 4988 ptandi
771 4934 876 4973 nos
925 4933 1037 4971 non
1091 4916 1299 4988 caruit.
1344 4985 1352 4988 _
1392 4915 1649 4988 potabilis
1675 4915 1839 4971 locus
1888 4922 1975 4973 est
2005 4917 2162 4988 apud

510 4985 815 5043 Philonem
866 4989 1134 5044 Judaeum
1184 4989 1242 5044 in
1275 4985 1441 5057 initio
1475 4985 1655 5043 libelli
1685 4988 1757 5043 de
1780 4985 2162 5059 Agricultara,

510 5075 686 5132 quem
720 5060 846 5116 vide
880 5061 1014 5132 Hav.

583 5132 693 5202 (20)
725 5134 833 5187 Nos
873 5131 940 5186 ab
978 5133 1096 5186 isto.
1129 5127 1591 5202 Pulcherrimum
1634 5128 1975 5185 Christianas
2019 5147 2163 5186 con-

509 5201 766 5258 timentia:
806 5203 1158 5258 encomium.
1212 5201 1530 5258 Minucius.
1577 5218 1634 5271 p.
1684 5202 1754 5254 85
1807 5219 1820 5256 :
1875 5222 1904 5252 «
1950 5203 2018 5256 At
2057 5219 2164 5257 nos

512 5276 794 5345 pudorem
830 5293 945 5331 non
991 5275 1155 5341 facie,
1197 5273 1296 5345 sed
1351 5277 1953 5345 mente_praastamus,
1988 5273 2164 5329 unius

515 5342 872 5402 matrimonii
924 5346 1155 5401 vinculo
1205 5344 1450 5400 libenter
1491 5342 1887 5415 inhaeremus;
1933 5345 2166 5415 cupidi-

513 5422 696 5473 tatem
731 5419 1071 5490 procreandi
1104 5420 1204 5473 aut
1233 5431 1410 5471 unam
1443 5413 1688 5490 scimus,
1717 5419 1819 5490 aut
1849 5413 2095 5490 nullam.
2133 5437 2162 5490 η

515 5491 585 5544 Et
615 5485 748 5545 moi
794 5491 932 5547 ibib.
999 5506 1012 5546 :
1077 5510 1107 5542 α
1149 5490 1403 5544 Tantum
1456 5485 1709 5555 denique
1753 5486 1917 5541 abest
1957 5487 2164 5543 incesti

519 5562 754 5634 cupido,
787 5567 853 5618 ut
881 5557 1413 5634 nonnullisrubori
1446 5557 1547 5634 sit_
1568 5557 1746 5634 etiam
1779 5559 1993 5634 pudica
2023 5577 2167 5634 con-

512 5628 758 5704 junctio'.
817 5655 845 5683 υ
901 5635 1009 5689 Sed
1063 5632 1312 5689 maxime
1367 5629 1480 5684 huc
1522 5628 1659 5684 facit
1700 5628 1866 5704 locus
1900 5630 2167 5704 Origenis

515 5701 710 5761 contra
757 5705 971 5761 Celsum
1009 5704 1110 5760 lib.
1146 5721 1184 5770 ι,
1227 5717 1401 5774 quem
1451 5717 1586 5756 cum
1640 5716 1733 5774 me
1779 5701 2041 5774 docuerit
2069 5703 2164 5774 Ele

520 5777 898 5850 mehorstius,
948 5775 1150 5848 religio
1206 5772 1297 5831 est
1343 5788 1557 5831 nomen
1601 5772 1730 5844 ejus
1779 5773 2040 5834 reticere.
2099 5773 2166 5833 Ol

2266 4703 2402 4756 Hist.
2435 4717 2492 4756 iv
2525 4717 2538 4754 :
2577 4725 2604 4750 «
2637 4701 2824 4755 Judex
2861 4701 2931 4756 ad
2977 4699 3358 4772 Polycarpum
3411 4716 3424 4755 :
3478 4699 3698 4756 Habeto
3727 4700 3913 4755 aetatis

2270 4778 2383 4828 tuas
2423 4773 2826 4840 reverentiam,
2871 4777 2928 4826 et
2967 4771 3136 4842 parce
3182 4771 3400 4826 ultimas
3447 4772 3732 4827 senectuti
3776 4777 3910 4839 tuae,

2264 4845 2404 4915 jura
2433 4845 2724 4898 fortunam
2766 4843 3028 4908 Caesaris,
3069 4860 3277 4915 gerens
3307 4843 3392 4915 de
3406 4844 3700 4915 prioribus
3732 4844 3914 4915 pinni-

2271 4912 2560 4976 tudinem.
2590 4921 2647 4971 et
2675 4915 2976 4987 conclama
3007 4912 3182 4970 etiam
3214 4920 3277 4969 tu
3311 4930 3324 4968 :
3353 4912 3510 4970 Tolle
3541 4912 3912 4987 sacrilegos.»

2273 4988 2517 5059 Ibidem,
2539 4989 2609 5042 de
2641 4992 2826 5042 morte
2854 4986 3158 5058 Pulycarpi
3191 5002 3204 5041 :
3238 5009 3269 5059 ς(
3321 4988 3461 5040 Cum
3491 5002 3561 5041 ex
3591 4986 3774 5059 hujus
3796 4992 3917 5059 tam

2271 5057 2738 5132 insignismorte
2775 5057 3094 5132 stuporem
3125 5057 3376 5132 cepisset
3426 5057 3683 5132 astantis
3719 5058 3920 5132 populi

2273 5129 2586 5188 multitudo
2634 5135 2691 5186 et
2736 5129 2918 5187 totius
2965 5129 3427 5184 Christianorum
3483 5131 3674 5202 gentis
3718 5129 3921 5187 mirari

2270 5202 2545 5257 virtutem
2596 5205 2667 5259 de
2713 5202 3137 5274 contemnenda
3185 5205 3372 5274 morte
3414 5202 3748 5274 coepissent,
3781 5220 3919 5259 con-

2273 5274 2530 5329 clamant
2557 5290 2761 5331 omnes
2793 5291 2806 5330 :
2836 5273 2996 5329 Tolle
3047 5272 3385 5343 sacrilegos.
3447 5294 3475 5321 »
3506 5272 3608 5329 ‘Ex
3664 5290 3918 5346 quorum

2273 5346 2710 5418 comparatione
2751 5346 2942 5401 lucem
2991 5360 3196 5415 capere
3242 5347 3513 5415 possunt,
3554 5363 3681 5416 qua
3721 5348 3792 5402 de
3821 5349 3922 5403 Ju-

2274 5419 2528 5473 daaorum
2562 5417 2620 5471 in
2651 5423 3011 5472 Servatorem
3044 5416 3298 5485 clamore
3330 5414 3583 5485 legimus
3614 5419 3766 5485 apud
3811 5424 3918 5474 Lu-

2274 5435 2528 5473 ueorum
2562 5435 2620 5471 1n
2651 5435 3011 5472 servatorem
3044 5435 3298 5472 Clamore
3330 5435 3583 5485 legimus
3614 5435 3766 5489 apua
3811 5435 3914 5474 Lu-

2274 5507 2398 5564 cam
2430 5505 2589 5564 xxm,
2641 5490 2709 5564 ίξ
2752 5506 2772 5545 .'
2803 5487 3116 5564 ’ᾼνρξιραξαγ
3164 5484 3222 5564 δὲ
3263 5484 3609 5564 παμπληβξξ,
3642 5487 3914 5564 λέγοντι(

2275 5562 2408 5636 sip:
2435 5563 2647 5636 τρρτογ,
2677 5560 2838 5624 Quod
2872 5558 3044 5636 idem
3083 5561 3156 5636 ing
3185 5558 3364 5636 Paulo
3401 5558 3920 5636 succiditgAc'tnxn,

2274 5627 2409 5708 36':
2453 5627 2770 5708 ’ῌηολὸυθει
2824 5631 2928 5708 γὰρ
2988 5631 3051 5686 τὸ
3097 5627 3310 5708 πλῆθος
3343 5633 3453 5708 ⁸τῖοῐὶ
3503 5629 3637 5708 lacti
3695 5627 3915 5708 ῃρᾴζονλ

2274 5651 2344 5688 δο
2396 5651 2409 5687 ἒ
2471 5651 2770 5694 ΠκοΑουθει
2824 5651 2928 5761 ‘ap
2988 5651 3051 5686 το
3097 5651 3310 5700 πληθος
3357 5651 3453 5684 του
3505 5651 3637 5686 Λαου
3695 5651 3915 5708 κραςον·

2274 5705 2409 5774 Αἶρε
2437 5701 2619 5777 αὐτὸν,
2646 5708 2704 5760 et
2734 5704 3149 5777 mutomagis
3176 5719 3314 5770 xm,
3334 5704 3411 5777 _22_
3459 5717 3473 5756 :
3523 5704 3654 5777 Αῑρε
3684 5703 3790 5760 ἀπὸ
3816 5711 3919 5777 τῆς

2273 5771 2376 5853 γῆξ
2402 5773 2492 5830 τὸν
2522 5771 2769 5832 τοιοῦτον
2803 5775 2864 5835 οὐ
2893 5774 2992 5854 γὰρ
3023 5771 3260 5846 κᾶθῆκον
3291 5771 3449 5830 αὐτὸν
3471 5771 3750 5851 ζῇν.ἨΑν.
