4366 6364
404 345 523 407 883

929 339 1456 402 TERTULLIANI
1503 339 1829 402 OPERUM
1872 340 2071 402 PARS
2114 342 2164 403 Ι.
2190 374 2266 389 -
2295 341 2570 404 SEBIES
2615 342 2664 417 Ι,
2711 338 3282 402 APOLOGETICA.

3693 334 3812 395 384

406 474 684 541 rusticos,
713 471 988 541 urbanos,
1012 471 1300 539 nauticos,
1325 471 1607 526 militares
1634 497 1648 539 ;
1678 472 1932 528 otiosum
1963 476 2054 529 est
2081 483 2138 550 Α
2166 490 2344 547 quam
2369 472 2758 546 depalaverat,
2789 471 3062 527 Saturnia
3110 485 3297 540 usque
3326 483 3481 524 nunc
3512 471 3602 522 est
3629 484 3643 535 ;
3693 470 3813 522 tota

411 565 588 620 etiam
638 560 837 617 titulos
887 559 1182 631 persequi,
1234 563 1297 614 ut
1345 558 1616 631 colligam
1668 560 1726 614 in
1778 578 2057 634 compen-

410 653 571 707 dium
604 650 739 721 (30),
770 655 827 705 et
875 648 982 704 hoc
1024 664 1137 703 non
1187 663 1302 718 quo
1335 650 1722 720 cognoscatis,
1768 651 1867 706 sed
1902 668 2058 706 reco-

409 740 744 812 gnoscatis;
795 742 950 793 certe
980 737 1135 792 enim
1186 735 1397 792 oblitos
1450 737 1644 809 agitis.
1679 740 1826 794 Ante
1859 739 2057 794 Satur-

412 844 556 884 num
589 829 734 882 deus
778 841 953 898 penes
988 842 1089 880 vos
1135 842 1305 880 nemo
1335 831 1444 895 est,
1478 827 1548 881 ab
1600 825 1699 881 illo
1731 843 1943 883 census
1972 834 2056 883 to-

411 919 530 972 tius
559 915 649 970 vel
675 914 918 986 potioris
939 913 1026 968 vel
1055 913 1296 969 notioris
1318 914 1662 970 divinitatis.
1688 916 1888 987 Itaque
1906 916 2059 986 quod

411 1007 482 1060 de
511 1003 736 1076 origine
780 1001 1127 1071 constiterit,
1163 1003 1218 1057 id
1253 1003 1324 1057 de
1355 1002 1695 1072 posteritate
1725 1006 2050 1062 conveniet.

410 1093 727 1148 Saturnum
780 1091 999 1162 itaque,
1053 1089 1102 1145 si
1156 1095 1442 1161 quantum
1483 1091 1524 1124 ⁸⁸
1573 1090 1780 1147 litterae
1829 1093 2059 1159 docent,

411 1197 602 1252 neque
631 1179 918 1236 Diodorus
969 1179 1224 1245 Graecus,
1258 1184 1359 1234 aut
1385 1179 1539 1234 830
1569 1179 1829 1248 Thallus,
1874 1197 2064 1253 neque

410 1270 653 1325 Cassius
685 1269 951 1336 Severus,
982 1275 1084 1323 aut
1113 1267 1412 1322 Cornelius
1443 1269 1653 1340 Nepos,
1686 1285 1874 1340 neque
1905 1270 2062 1326 ullus

411 1361 841 1414 commentator
862 1357 1220 1426 ejuscemodi
1243 1356 1662 1427 antiquitatum
1694 1356 1852 1412 aliud
1883 1374 2062 1429 quam

410 1447 710 1503 hominem
763 1443 1288 1517 provulgaverunt;
1339 1444 1387 1499 si
1418 1451 1704 1514 quantum
1744 1463 1938 1502 rerum
1971 1465 2060 1502 ar-

413 1541 713 1609 gumenta,
768 1550 1060 1604 nusquam
1110 1533 1339 1588 invenio
1373 1533 1652 1605 ﬁdeliora,
1698 1551 1874 1604 quam
1907 1537 2061 1606 apud

413 1626 606 1698 ipsam
643 1622 896 1690 Italiam,
931 1622 991 1677 in
1043 1639 1159 1693 qua
1208 1623 1498 1678 Saturnus
1527 1623 1640 1694 (31)
1691 1633 1818 1695 post
1847 1625 2064 1681 multas

415 1713 812 1784 expeditiones
871 1715 1122 1782 postque
1196 1712 1387 1766 Attica
1462 1711 1718 1783 hospitia
1773 1714 2060 1779 consedit,

415 1805 689 1872 exceptus
720 1817 754 1855 a
803 1799 974 1864 Jano,
1007 1798 1092 1853 vel
1137 1799 1303 1867 Jane,
1339 1804 1403 1854 ut
1434 1800 1574 1855 Salii
1623 1801 1844 1857 volunt.
1878 1803 2060 1868 Mons,

415 1905 592 1962 quem
639 1887 961 1944 incoluerat
990 1888 1122 1959 (32),
1176 1887 1489 1945 Saturnius
1542 1889 1782 1959 dictus;
1834 1891 2059 1959 civitas,

2170 563 2421 634 denique
2443 562 2630 628 Italia,
2652 565 2781 633 post
2797 560 3130 616 OEnotriam
3153 559 3287 629 (33),
3311 556 3587 612 Saturnia
3608 571 3815 627 cogno-

2168 652 2503 707 minabatur
2522 653 2586 706 ".
2618 652 2703 704 Ab
2744 650 2871 720 ipso
2919 649 3175 721 primum
3207 645 3419 701 tabulae
3449 651 3507 700 et
3557 643 3813 715 imagine

2167 741 2430 809 signatus
2463 756 2679 796 numus
2725 739 2858 809 (34),
2904 741 2960 792 et
3005 736 3142 790 inde
3195 735 3396 790 aerario
3427 734 3575 790 331
3614 731 3816 804 praesi-

2167 829 2283 885 det.
2317 830 2534 885 Tamen
2566 829 2616 884 si
2647 829 2820 882 homo
2852 828 3162 888 Saturnus,
3200 825 3400 894 utique
3453 839 3521 878 ex
3552 822 3812 886 homine,

2167 926 2224 974 et
2253 920 2392 990 quia
2437 919 2508 974 ab
2549 917 2784 973 homine
2833 931 2949 970 non
2998 913 3200 984 utique
3252 913 3324 968 de
3353 911 3496 967 coelo
3543 916 3601 966 et
3637 915 3816 966 terra.

2168 1007 2275 1063 Sed
2306 1009 2476 1077 cujus
2508 1010 2776 1078 parentes
2823 1003 3004 1074 ignoti
3037 1006 3223 1068 erant,
3257 1000 3424 1055 facile
3472 998 3584 1054 fuit
3611 1015 3814 1054 eorum

2169 1094 2356 1149 ﬁlium
2385 1094 2519 1164 dici,
2548 1108 2799 1164 quorum
2818 1096 2874 1147 et
2902 1105 3107 1146 omnes
3139 1105 3455 1161 possumus
3479 1087 3654 1142 videri
3680 1088 3815 1158 (35).

2170 1183 2313 1250 Quis
2337 1182 2491 1238 enim
2514 1199 2628 1237 non
2660 1181 2872 1236 coelum
2893 1184 2952 1235 et
2980 1183 3196 1234 terram
3229 1181 3480 1232 matrem
3509 1179 3567 1232 et
3590 1180 3815 1247 patrem

2169 1269 2555 1326 venerationis
2583 1273 2639 1325 et
2668 1268 2907 1324 honoris
2938 1268 3124 1338 gratia
3154 1264 3423 1337 appellet,
3464 1265 3550 1320 vel
3582 1279 3650 1320 ex
3680 1280 3817 1320 con-

2171 1359 2482 1414 suetudine
2513 1359 2792 1426 humaua,
2815 1373 2932 1427 qua
2957 1356 3140 1428 ignoti
3173 1355 3259 1410 vel
3291 1371 3361 1409 ex
3389 1353 3690 1426 inopinato
3712 1369 3818 1425 ap-

2172 1454 2442 1520 parentes
2471 1449 2542 1502 de
2572 1446 2714 1502 cmlo
2755 1444 3164 1518 supervenisse
3195 1445 3471 1498 dicuntur
3491 1443 3520 1496 ‘I
3570 1440 3819 1496 Proinde

2171 1537 2421 1593 Saturno
2469 1535 2770 1607 repentino
2817 1532 3077 1605 ubique‘
3127 1533 3232 1603 (36)
3283 1531 3531 1587 cmlitem
3579 1527 3820 1598 contigit

2171 1626 2308 1681 dici.
2357 1626 2500 1681 Nam
2553 1630 2611 1680 et
2658 1630 2825 1679 terrea
2872 1623 3023 1678 ﬁlios
3073 1621 3284 1693 vulgus
3331 1625 3516 1689 vocat,
3564 1633 3817 1690 quorum

2171 1730 2359 1786 genus
2387 1713 2677 1769 incertum
2719 1717 2827 1769 est.
2879 1713 3064 1767 Taceo
3096 1712 3250 1782 quod
3283 1710 3364 1766 ita
3416 1709 3590 1764 rudes
3621 1707 3819 1763 nunc'

2174 1804 2441 1859 homines
2491 1804 2760 1873 agebant,
2792 1805 2857 1856 ut
2908 1801 3224 1872 cujuslibet
3255 1799 3385 1855 novi
3437 1797 3544 1854 viri
3576 1801 3815 1868 aspectu

2172 1891 2339 1963 quasi
2373 1891 2568 1948 divino
2600 1891 2707 1964 (37)
2753 1895 3280 1958 commoverentur,
3329 1904 3464 1944 cum
3497 1887 3666 1943 hodie
3688 1886 3816 1958 jam

1836 1992 2038 2052 Varia:
2080 1991 2397 2054 lectiones.

488 2089 533 2124 ⁹⁸
564 2087 688 2145 Cod.
723 2087 889 2158 Lugd.
943 2084 992 2142 si
1023 2090 1346 2162 quantum;
1406 2089 1645 2144 caeteri:
1686 2095 1995 2160 quantum,
2053 2098 2217 2162 atque
2273 2092 2329 2145 in
2361 2090 2542 2146 altera
2595 2089 2815 2160 periodi
2864 2091 3025 2159 parte
3073 2103 3174 2160 pro
3229 2103 3312 2162 eo,
3371 2086 3514 2158 quod
3572 2084 3820 2141 Gelenius

419 2159 634 2230 aliique
689 2163 1082 2214 substituerent
1117 2177 1136 2214 :
1166 2160 1215 2214 si
1247 2176 1474 2231 quaaras
1532 2177 1642 2214 rer.
1692 2177 1838 2231 arg.,
1887 2177 1916 2217 e
1969 2159 2138 2218 coddf
2183 2163 2421 2218 Herald.
2470 2171 2522 2217 et
2579 2159 2700 2230 Βία.
2759 2159 3117 2215 restituerunt
3173 2177 3192 2214 :

421 2236 782 2303 argumenta,
813 2235 923 2285 etc.
1000 2231 1043 2266 ’9
1073 2231 1240 2303 Rhea.
1273 2240 1324 2287 et
1367 2230 1555 2288 Geten.
1590 2250 1609 2286 :
1641 2230 1804 2286 Mons

3249 2160 3298 2215 si
3359 2163 3647 2230 quantum
3708 2174 3818 2212 rer.

1852 2248 2025 2304 quem
2075 2233 2335 2289 coluerat
2361 2229 2668 2289 Saturnius
2717 2232 2930 2302 dictus,
2964 2232 3168 2286 civitas
3226 2229 3402 2303 quam
3431 2229 3820 2304 debellaverat

417 2300 690 2359 Saturnia
718 2302 1263 2376 cognominabatur.
1320 2304 1361 2376 ,ξ
1386 2307 1472 2376 Ita
1503 2304 1624 2357 Her.
1658 2308 1710 2358 et
1733 2300 1887 2376 ,Ηαυῖ
1919 2321 1949 2360 e
1992 2305 2144 2361 codd.
2197 2307 2402 2362 Wouw.
2441 2324 2453 2362 :
2487 2305 2736 2362 Saturno
2789 2304 2860 2358 de
2907 2300 3208 2376 repentino
3239 2300 3508 2360 adventu.
3587 2303 3608 2335 ²
3644 2300 3816 2357 Codd.

421 2376 578 2432 Fuld.
611 2380 771 2432 tunc.
799 2373 813 2444 ᾖ
845 2377 917 2445 cf.
948 2374 1018 2429 ad
1047 2375 1169 2430 Nat.
1205 2374 1275 2446 II,
1310 2375 1394 2430 12.
1430 2373 1623 2430 Castori
1654 2375 1865 2431 adhuc.

1861 2477 2381 2538 Commentarius.

422 2576 599 2628 ctam.
635 2593 663 2621 n
713 2573 900 2638 Quare
951 2571 1010 2626 in
1055 2571 1231 2627 dubio
1279 2575 1389 2642 est,
1431 2575 1630 2627 utrum
1684 2571 1958 2627 Philistaai
2003 2576 2068 2627 ut

425 2649 709 2716 tropaaum
747 2645 816 2699 de
843 2643 1011 2716 hoste
1039 2643 1208 2714 victo,
1243 2661 1315 2698 an
1362 2660 1493 2716 vero
1526 2643 1732 2698 divinae
1765 2643 2064 2700 existima-

423 2715 600 2770 tionis
629 2730 764 2786 ergo
795 2720 851 2769 et
880 2715 1028 2787 opis,
1061 2731 1255 2769 arcam
1290 2715 1520 2770 fcederis
1545 2717 1604 2769 in
1635 2716 1853 2787 templo
1885 2716 2068 2787 Dago-

419 2787 514 2842 nis
547 2787 638 2841 dei
669 2785 761 2841 sui
812 2785 1174 2854 collocarint,
1224 2789 1294 2842 de
1325 2803 1439 2856 quo
1489 2791 1512 2839 Ι
1542 2792 1697 2842 Sam.
1732 2785 1780 2842 οῖ
1813 2803 1870 2841 v.
1903 2785 2068 2842 Certe

420 2876 536 2913 non
569 2857 716 2913 levia
741 2859 812 2912 de
861 2857 1254 2913 [srealitarum
1288 2863 1398 2914 Deo
1433 2859 1711 2926 sensisse,
1746 2864 1975 2914 constat
1999 2876 2068 2914 ex

423 2946 573 2984 vers.
603 2933 638 2984 7
669 2946 717 2984 ο.
771 2945 858 3001 ιν,
880 2934 937 2983 et
983 2931 1018 2982 6
1067 2947 1192 3001 cap.
1248 2947 1321 2984 νι.
1373 2930 1726 2986 Gravissima
1771 2947 1903 2985 vero
1933 2929 2069 2986 tulit

421 3001 782 3083 Deus,.quos
812 3000 1088 3082 vicerant,
1120 3000 1176 3056 et
1211 3002 1577 3083 .pOpulorum
1627 3018 1774 3074 quos
1806 3003 2066 3083 eradica-

419 3072 663 3146 rant,iin
698 3072 943 3146 numina
973 3090 1080 3128 sua
1102 3073 1453 3146 reciperent,
1479 3079 1543 3130 ut
1569 3072 1726 3146 patet
1755 3091 1823 3130 ex
1855 3075 1900 3130 ll
1925 3075 2064 3146 Reg.

421 3162 539 3210 XVI,
568 3145 622 3212 3,
655 3150 711 3199 et
739 3160 879 3212 xvn,
910 3145 965 3214 7,
996 3147 1054 3199 8.
1097 3145 1234 3199 HAV.

2177 2573 2585 2651 inventusest.
2637 2575 2766 2651 Ipse
2797 2571 2952 2627 enim
2987 2571 3209 2651 signari
3241 2587 3514 2651 nummos
3559 2574 3614 2626 et
3643 2567 3820 2651 scribi

2177 2644 2504 2700 constituit.
2539 2645 2848 2715 Propterea
2878 2656 2930 2699 el
2973 2644 3233 2700 aerarium
3285 2646 3535 2700 Saturno
3569 2660 3601 2697 a
3630 2644 3817 2715 genti-

2175 2716 2331 2772 libus
2361 2713 2766 2788 consecratum
2798 2722 2904 2771 est.
2943 2738 2970 2765 ››
3014 2716 3157 2772 Vide
3189 2716 3359 2788 plura
3389 2715 3541 2788 apud
3587 2713 3818 2770 Elmen-

2176 2788 2358 2844 horst.
2393 2789 2452 2843 in
2493 2787 2559 2842 N.
2611 2789 2681 2842 ad
2733 2788 2870 2843 Min.
2903 2793 2968 2842 ut
3013 2793 3070 2860 et
3117 2787 3271 2860 apud
3305 2787 3485 2860 Lipsii
3529 2789 3817 2857 excerpta,

2177 2876 2302 2930 qua:
2354 2876 2511 2915 nova;
2561 2860 2802 2915 editioni
2855 2859 3258 2931 Kippingianas
3305 2861 3531 2931 adjecta
3579 2866 3714 2914 sunt
3759 2873 3816 2927 p.

2174 2933 2300 2999 597,
2333 2936 2387 2986 et
2419 2932 2639 3003 grande
2686 2931 3015 3003 litterarum
3063 2931 3266 2999 decus,
3315 2947 3552 3003 suaeque
3583 2931 3818 3003 Germa-

2178 3004 2285 3058 nias
2317 3000 2519 3057 verum
2559 3002 2731 3057 hodie
2774 3003 3144 3073 splendorem
3188 3007 3277 3058 Jo.
3328 3000 3819 3059 Alb.’Fabricium

2177 3076 2238 3130 in
2274 3074 2688 3146 Bibliographia
2728 3074 3082 3146 (Antiquaria,
3134 3075 3346 3146 p.525.
3395 3079 3521 3129 Non
3571 3079 3819 3146 estivero

2177 3143 2567 3211 reticendum,
2590 3145 2741 3217 quod
2782 3143 3162 3202 ita—exhibeat
3193 3146 3432 3202 Collatio
3463 3163 3606 3203 mss.
3653 3143 3816 3200 Fuld.

489 3217 600 3287 (30)
660 3215 924 3292 Colligam
983 3217 1043 3271 in
1073 3286 1084 3292 _
1115 3217 1508 3292 compedium,
1548 3220 1790 3292 Notatur
1847 3215 2058 3292 locutio
2090 3224 2132 3292 ρ
2173 3241 2200 3269 ‹‹
2231 3219 2298 3272 Et
2322 3217 2575 3292 imagine
2610 3215 2670 3272 et
2697 3217 2962 3292 signatus
2997 3235 3313 3292 pummus.
3352 3240 3380 3266 ››
3429 3217 3596 3292 Unde
3623 3217 3816 3287 conje-

419 3286 714 3360 Ilinemari
773 3286 1120 3360 Rhemensis
1169 3289 1356 3360 arch.,
1414 3287 1623 3360 quiin
1680 3288 1851 3360 epist.
1903 3287 2056 3360 ait:

421 3359 554 3432 «__Ut
583 3362 794 3413 cuncta
815 3358 1060 3432 breviter
1081 3359 1314 3432 cingulo
1339 3358 1823 3432 perstringamus.
1848 3381 1876 3411 »
1901 3359 2062 3416 Unde

423 3429 635 3486 allucet
689 3431 1043 3503 locutionem
1100 3429 1276 3486 istam
1342 3429 1621 3486 breviter'
1650 3433 2060 3503 perstringere,

420 3503 699 3575 usitatam
733 3501 953 3575 Latinis
985 3501 1665 3575 auctoribustsumptam
1700 3520 1731 3558 a
1763 3520 1824 3558 re
1853 3501 2064 3558 vestia-

421 3573 528 3637 ria,
559 3577 616 3627 et
648 3573 968 3643 prszsertim
1001 3591 1035 3628 a
1063 3574 1316 3645 cingulo.
1350 3573 1525 3630 Unde'
1540 3573 1633 3628 hic
1663 3575 2065 3630 Tertullianus

420 3645 670 3716 signate,
705 3666 733 3693 «
765 3645 1044 3714 Colligam
1069 3645 1125 3700 in
1148 3646 1585 3716 compendium,
1618 3665 1645 3697 ι
1681 3646 1846 3716 quasi
1877 3653 2065 3702 vestes

423 3716 677 3787 cingulo,
712 3731 784 3788 ne
812 3717 1100 3771 difﬂuant.
1133 3717 1330 3788 Neque
1360 3735 1392 3772 a
1419 3718 1678 3773 vestibus
1711 3719 2065 3774 abitlocutio

425 3791 650 3842 Senecas
697 3787 870 3858 epist.
897 3788 968 3841 76
999 3804 1012 3842 :
1049 3809 1078 3838 «
1107 3787 1180 3844 Ut
1221 3789 1277 3844 in
1331 3805 1531 3844 arcum
1563 3806 1690 3860 quis
1734 3790 1886 3845 dicta
1927 3795 2068 3846 sunt

424 3859 783 3914 contraham.
819 3881 847 3908 »
883 3864 1009 3913 Lac.

494 3931 607 4002 (31)
639 3934 701 3985 In
734 3932 1147 4004 ququaturnus.
1179 3930 1531 3987 Prudentius
1553 3931 1611 3986 in
1645 3933 2066 4004 Symmachum

423 4000 530 4060 lib.
572 4000 612 4068 ι’,
643 4000 794 4057 vers.
826 4003 915 4072 42,
943 4002 1038 4057 hic
1068 4002 1490 4074 inspiciendus,
1522 4005 1619 4059 ubi
1649 4000 1858 4077 incipit
1890 4023 1902 4061 :

517 4117 652 4165 Num
686 4117 872 4167 nielius
901 4117 1161 4166 Saturnus
1190 4133 1317 4166 avos
1347 4119 1547 4167 rexisse
1580 4120 1792 4168 Latinos

516 4179 803 4228 Creditur?
835 4180 1021 4228 edictis
1055 4181 1146 4242 qui
1182 4181 1375 4230 talibus
1405 4181 1714 4230 informavit

517 4243 764 4304 Agrestes
794 4243 1016 4304 animos,
1049 4249 1099 4292 et
1128 4243 1356 4292 barbara
1386 4245 1545 4293 corda
1568 4245 1820 4293 virorum.
1860 4245 1986 4293 Hsv.

497 4355 612 4426 (32)
639 4355 786 4428 Mons
831 4373 986 4428 quem
1041 4357 1364 4413 incoluerat.
1414 4361 1579 4412 Hunc
1622 4358 1816 4414 locum
1848 4359 2076 4415 videtur

427 4427 928 4500 desumpsisse’ex
957 4428 1214 4484 Varrone
1241 4428 1282 4484 l.
1312 4447 1372 4500 ιν
1399 4430 1464 4484 de
1493 4431 1714 4500 Lingua
1745 4433 1966 4499 Latina,
1992 4432 2074 4486 ci-

425 4499 890 4574 tatumetiama
935 4505 997 4574 Ι)ἶ
1029 4502 1274 4574 August.
1309 4499 1345 4556 1.
1397 4518 1497 4572 vn,
1530 4499 1611 4574 de
1644 4501 1757 4557 Civ.
1791 4503 1913 4572 Dei,
1943 4519 2073 4574 cap.

424 4573 500 4644 ἓξ
540 4594 560 4618 ι
599 4571 789 4644 Mons.
835 4571 1048 4643 inquit,
1104 4571 1162 4627 in
1219 4589 1334 4644 quo
1382 4571 1733 4644 Capitolium
1780 4571 1906 4641 est,
1943 4571 2075 4630 ante

425 4641 707 4713 Tarpeius
738 4641 932 4698 dictus
962 4648 1074 4699 est.
1114 4664 1140 4695 η
1175 4641 1341 4699 Hunc
1387 4641 1552 4699 antea
1588 4652 1843 4701 montem
1878 4648 2074 4702 Satur-

425 4715 592 4786 nium
620 4713 979 4785 appellatum
1013 4716 1413 4786 prodiderunt,
1437 4720 1495 4771 et
1524 4716 1597 4771 ab
1626 4734 1712 4784 eo,
1737 4717 1849 4773 late
1871 4724 2074 4773 Satur-

429 4784 600 4861 niam
620 4784 861 4861 terram,
892 4791 957 4840 ut
989 4784 1166 4861 etiam
1197 4787 1419 4861 Ennius
1445 4787 1723 4861 appellat.
1754 4790 2077 4861 Antiquum

429 4857 804 4933 oppidumin
850 4859 960 4913 hoc
992 4859 1172 4914 fuisse
1221 4857 1561 4933 Saturnium
1606 4857 2081 4933 scribiturijus

426 4928 612 4982 vestis
669 4928 845 4983 etiam
906 4946 1060 4984 nunc
1110 4936 1348 4986 manent
1393 4931 1540 4998 tria;
1598 4933 1752 5001 quod
1808 4928 2082 4988 Saturnia

429 5003 600 5126 porta
655 5016 833 5070 quam
889 5001 1101 5056 Junius
1158 5003 1384 5068 scribit,
1434 5020 1611 5074 quam
1670 5021 1827 5060 nunc
1874 5009 2083 5060 vocant

475 5073 795 5126 andanum.
829 5073 983 5126 quod
1019 5077 1148 5126 post
1185 5075 1368 5126 aedem
1420 5075 1682 5126 Saturni.
1715 5077 1775 5126 in
1807 5076 2082 5126 mdiﬁcin-

475 5073 795 5144 andanum,
829 5073 983 5144 quod
1018 5077 1148 5144 post
1185 5075 1368 5129 eadem
1420 5073 1683 5142 Saturni,
1715 5077 1776 5131 in
1807 5076 2082 5132 aediﬁcio-

433 5161 564 5219 rum
597 5142 862 5219 legibus;
897 5142 1147 5219 parietes
1198 5144 1635 5219 postici,7muri,
1686 5153 1826 5204 sunt
1856 5147 2079 5219 scripti.

428 5217 491 5270 In
523 5232 697 5286 quem
731 5215 920 5289 locum
955 5217 1120 5272 affert
1149 5215 1404 5289 Scaliger
1434 5218 1594 5289 ipsos
1629 5219 1795 5274 Ennii
1827 5226 1885 5276 et
1915 5215 2084 5276 simi-

432 5290 517 5342 les
548 5287 796 5342 Maronis
827 5305 1028 5344 versus
1061 5289 1131 5343 de
1159 5287 1630 5345 JaniculofPAM.

506 5359 617 5427 (33)
675 5359 1016 5415 OEnotriam.
1078 5359 1244 5414 Italia
1297 5361 1454 5414 dicta
1504 5366 1594 5416 est
1651 5360 1924 5417 OEnotria
1982 5360 2084 5415 ὑπὸ

430 5431 526 5504 τῷ
557 5427 726 5495 οἷ’νου,
761 5449 792 5486 a
832 5432 990 5504 vino,
1022 5447 1136 5486 non
1171 5433 1242 5487 ab
1275 5431 1471 5502 aliquo
1524 5448 1657 5504 rege
1689 5432 1866 5504 hujus
1899 5433 2084 5489 norni-

435 5500 574 5574 nis:
608 5519 736 5572 quaa
767 5502 962 5574 opinio
994 5504 1284 5559 consentit
1314 5500 1448 5558 cum
1481 5500 1810 5568 Aristotele,
1849 5505 1948 5560 lib.
1983 5523 2088 5574 v11,

435 5573 776 5646 Politicqret
808 5573 948 5630 ’cum
999 5575 1284 5631 Strabone
1331 5575 1433 5629 lib.
1481 5593 1559 5646 v1,
1591 5575 1691 5646 qui
1743 5576 1906 5634 nulla
1936 5573 2088 5634 facta

439 5644 732 5718 OEnotorii
770 5648 1083 5713 mentione,
1117 5647 1276 5702 illam
1309 5644 1644 5718 indigitant.
1679 5647 1809 5703 LAC.

507 5716 622 5786 (34)
656 5718 907 5793 Imagine
946 5720 1198 5793 signatus
1244 5716 1465 5793 namus:
1518 5720 1811 5790 Isodorus,
1846 5719 2011 5793 Orig.
2045 5721 2086 5778 l.

439 5803 559 5855 xvx,
591 5803 641 5844 c.
676 5789 742 5846 17
796 5807 810 5845 :
863 5811 892 5841 «
946 5790 1154 5849 Postea
1200 5808 1234 5850 a
1279 5791 1531 5850 Saturno
1578 5807 1759 5851 aereus
1800 5789 2088 5853 nummus

2173 3307 2386 3358 ceram,
2420 3290 2699 3360 scriptum
2735 3290 2900 3360 forte,
2939 3310 2965 3341 α
2995 3290 3064 3345 Et
3113 3289 3420 3360 imagines,
3449 3293 3505 3343 et
3551 3289 3818 3360 signatus

2170 3378 2471 3417 nummus.
2508 3383 2536 3410 ››
2570 3361 2858 3416 Minucius
2904 3367 3076 3430 certe,
3109 3361 3204 3432 qui
3257 3360 3517 3432 gnaviter
3547 3366 3814 3415 nostrum

2172 3434 2504 3515 descripsit,
2549 3437 2780 3488 tantum
2840 3433 3014 3515 habet
3061 3449 3314 3515 nummos
3359 3435 3600 3515 signare,
3653 3436 3716 3487 ut
3759 3434 3817 3515 et

2173 3502 2404 3576 reliqui.
2452 3507 2594 3559 Cum
2641 3520 2775 3560 vero
2811 3504 2907 3560 alii
2957 3505 3028 3560 de
3067 3504 3712 3576 putationerarborum,
3745 3502 3818 3558 de

2173 3575 2425 3642 coronis,
2459 3576 2531 3630 de
2563 3576 2808 3647 navigiis
2858 3575 3096 3646 addant,
3131 3577 3330 3647 potuit.
3379 3575 3585 3630 Noster
3613 3575 3814 3647 inven—

2172 3654 2298 3704 tum
2332 3647 2625 3703 statueris:
2673 3645 2729 3702 et
2776 3647 3102 3704 sculntoriae
3131 3645 3280 3703 artis
3324 3648 3571 3703 Saturno
3602 3645 3819 3703 adscri-

2173 3721 2332 3785 bere,
2377 3735 2511 3774 cum
2571 3723 2704 3791 ante
2750 3718 3065 3776 simulacra
3113 3720 3243 3775 rudi
3298 3724 3355 3775 et
3403 3720 3638 3775 informi
3689 3718 3817 3791 palo

2175 3796 2530 3848 constarent.
2567 3790 2705 3846 ΗΑν.

2247 3865 2355 3935 (35)
2416 3864 2692 3935 Quorum_
2721 3864 2776 3916 et
2829 3877 3020 3935 omnes
3050 3933 3057 3935 _
3081 3877 3365 3932 possumus
3420 3860 3615 3935 uideri.
3676 3862 3822 3935 Hinc

2176 3932 2653 4007 patet'quomodo
2681 3932 2866 4007 locus,
2900 3933 3000 4004 qui
3048 3933 3400 4007 lusatusest
3429 3933 3488 3988 in
3520 3934 3623 3989 lib.
3657 3951 3719 4001 ιι,
3753 3933 3823 4007 ad

2175 4005 2304 4064 Nat.
2375 4023 2501 4077 cap.
2557 4006 2641 4075 l2,
2679 4005 2771 4077 sit
2817 4006 3233 4077 restituendus,
3285 4005 3432 4077 ibi;
3486 4027 3514 4054 «
3567 4007 3678 4060 Sed
3733 4005 3826 4060 cui

2177 4075 2541 4150 parentes}...
2591 4075 2947 4148 quibusdam
2997 4077 3183 4150 facile
3213 4075 3321 4150 fuit
3367 4076 3533 4150 illum
3584 4077 3826 4150 deorum

2179 4148 2366 4204 filium
2399 4149 2538 4215 dici,
2578 4165 2828 4220 quorum
2880 4165 3086 4220 poss...
3135 4148 3338 4202 videri.
3394 4171 3422 4198 η
3475 4149 3830 4220 Supplerunt

2221 4239 2282 4276 er
2327 4219 2629 4291 ignotipet
2667 4219 2896 4290 possunt
2940 4219 3036 4291 vel
3073 4237 3358 4291 possumus
3406 4219 3611 4291 omnes,
3651 4225 3824 4278 recte.

2221 4239 2282 4276 er
2327 4238 2524 4291 ignora,
2571 4238 2629 4275 et
2667 4238 2893 4290 possunt
2940 4238 3026 4275 vei
3073 4238 3358 4291 possumus
3406 4238 3611 4291 omnes,
3651 4238 3824 4278 reeie.

2181 4238 2292 4348 Sed
2325 4298 2381 4346 et
2414 4291 2476 4344 τὸ
2520 4290 3218 4364 άεοταηιλριιίιιιαλιὶιίθιια
3250 4293 3461 4364 (minui
3501 4296 3824 4364 oportebat.

2181 4363 2458 4434 Sequitur
2485 4367 2542 4417 et
2571 4363 2648 4417 ibi
2683 4362 2840 4418 enim
2874 4380 2887 4418 :
2923 4385 2951 4414 «
2983 4362 3122 4427 Quis
3167 4363 3323 4419 enim
3353 4362 3573 4420 Caelum
3604 4369 3662 4420 et
3688 4369 3830 4420 Ter-

2183 4452 2332 4502 ram,
2367 4457 2394 4485 ››
2428 4438 2537 4490 etc.
2570 4435 2714 4489 Hav.

2256 4507 2368 4577 (36)
2401 4508 2698 4576 Repentino
2745 4505 2963 4577 ubique.
3017 4505 3102 4560 lta
3133 4521 3244 4560 ms.
3297 4504 3356 4561 L.
3409 4510 3470 4560 B.
3516 4505 3746 4563 Herald.
3779 4509 3836 4562 et

2185 4577 2397 4650 Rigalt.
2421 4582 2801 4650 Intruserunt
2819 4577 2914 4632 alii
2949 4577 3146 4650 minus
3167 4581 3321 4632 recte
3351 4593 3546 4650 vocem
3573 4580 3832 4636 adventu.

2187 4649 2391 4720 Itaque
2417 4665 2520 4705 nec
2549 4649 2693 4704 illud
2728 4649 3213 4705 Wouwerianum
3245 4649 3612 4720 probandum
3650 4668 3663 4706 :
3693 4675 3720 4702 «
3754 4651 3834 4706 De

2188 4722 2492 4793 repentino
2523 4722 2774 4793 adventu
2803 4721 3033 4793 utique.
3070 4745 3092 4772 ι
3129 4721 3273 4776 Dicit
3305 4720 3460 4793 enim
3485 4723 3555 4776 de
3586 4727 3835 4778 Salurno

2189 4791 2433 4867 Tertull.
2466 4793 2522 4847 id
2574 4792 2744 4867 quod
2782 4792 2876 4867 de
2903 4791 3223 4867 eubornato
3273 4791 3537 4867 falsoque
3582 4795 3840 4867 Agrippa

2187 4864 2446 4932 Tacitus,
2479 4881 2520 4918 ιι
2566 4864 2764 4936 Annal.
2816 4864 2885 4918 39
2917 4881 2938 4936 :7
2970 4863 3416 4936 «Relinquebat
3443 4863 3842 4936 'famar'nfa’ut

2233 4936 2600 5010 rmvenjebat.
2635 4960 2656 4988 ι
2693 4935 2866 5010 Notat
2895 4935 3170 5010 similiter
3216 4935 3510 5010 Lacertius
3539 4937 3599 4992 in
3631 4943 3838 5010 Empe—

2233 5007 2374 5082 oclis
2405 5007 2558 5082 Vita,
2578 5025 2610 5063 a
2639 5007 3163 5082 Selinantiisillum
3197 5007 3499 5082 repentina
3519 5027 3628 5066 sua
3659 5007 3841 5082 appa-

2191 5079 2402 5153 ritione
2432 5079 2942 5153 divinoshonores
2972 5078 3339 5153 impetrasse.
3375 5079 3486 5153 Sed
3519 5088 3577 5138 et
3607 5078 3714 5152 qui
3739 5078 3842 5153 pro

2193 5152 2502 5224 desperato
2535 5152 2606 5208 ab
2639 5151 2768 5206 aliis
2799 5151 3035 5224 relictus
3064 5155 3155 5224 est
3180 5151 3342 5224 locus
3374 5151 3476 5208 lib.
3510 5171 3573 5216 ιι.
3615 5151 3689 5210 od
3718 5151 3840 5211 Nat.

2192 5223 2319 5294 cap.
2355 5224 2422 5277 13
2454 5240 2570 5279 una
2596 5239 2773 5296 opera
2801 5223 3042 5278 sanabo.
3078 5223 3159 5278 Ibi
3208 5223 3279 5277 de
3307 5225 3508 5280 eodem
3545 5227 3789 5282 Summo
3825 5243 3838 5282 :

2194 5317 2221 5369 ᾳ
2258 5295 2834 5369 Ρ-ιζοίιιᾱθ...λεθιιιρθιέ
2862 5311 2998 5363 eg...
3025 5296 3328 5369 repentino
3358 5297 3576 5369 ubique
3606 5299 3845 5359 inolevit

2193 5365 2456 5422 Coclitem
2479 5365 2615 5422 dici.
2649 5387 2675 5417 υ
2709 5368 3033 5437 Scripserat
3062 5365 3460 5424 Tertullianus
3483 5365 3507 5424 Ξ
3545 5391 3572 5422 a
3603 5371 3848 5427 Proinde

2195 5439 2448 5494 Saturno
2500 5456 2732 5510 semper
2777 5454 2956 5510 egeno
3001 5441 3075 5510 et,
3105 5438 3430 5508 repentino.
3463 5463 3491 5491 »
3543 5442 3646 5497 llle
3687 5445 3842 5498 enim

2195 5509 2404 5581 pulsus
2435 5527 2608 5583 regno
2633 5508 2674 5566 ὲ.
2700 5509 2840 5565 Jove
2877 5508 3018 5579 filio,
3051 5509 3266 5584 dicitur
3309 5513 3526 5568 ibidem
3558 5513 3844 5584 plurimas

2193 5587 2382 5638 terras
2416 5581 2794 5657 peragrasse;
2830 5597 3012 5657 quare
3058 5581 3224 5657 illum
3258 5581 3669 5657 mendicofqui
3701 5603 3844 5641 nus-

2197 5671 2375 5726 quam
2409 5652 2509 5710 diu
2537 5652 2755 5718 manet,
2789 5652 3099 5709 assimilat.
3132 5655 3276 5710 ΗΑν.

2269 5727 2380 5797 (37)
2423 5726 2842 5800 Quasiudivino.
2893 5726 3063 5798 Apud
3110 5727 3407 5800 Iustinum
3451 5743 3525 5800 v.7
3556 5728 3609 5800 4,
3663 5727 3846 5784 Athe-

2199 5796 2435 5858 nienses
2492 5797 2853 5857 Alcibiadem
2901 5796 3037 5856 cum
3082 5798 3298 5857 victore
3346 5796 3604 5858 exercitu
3650 5800 3846 5860 subito
