4366 6352
392 372 514 432 385

1502 368 2095 432 APOLOGETICUS
2142 371 2245 430 AD
2258 371 2328 433 V.
2377 370 2705 432 GENTES.

3685 371 3806 433 386

389 501 577 575 politi,
610 516 755 572 quos
800 502 933 556 ante
962 516 1179 571 paucos
1226 498 1350 555 dies
1395 498 1551 555 luctu
1602 499 1836 573 publico
1884 518 2043 557 mor-
2074 508 2127 573 Α
2159 505 2500 559 tractemus.
2526 507 2588 557 In
2615 503 2822 574 primis
2844 503 3081 575 quidem
3107 520 3343 561 necesse
3365 508 3453 561 est
3479 506 3807 563 concedatis

387 597 523 648 tuos
558 592 669 662 (38)
702 589 821 645 sint
869 588 1148 658 confessi,
1177 589 1236 642 in
1284 589 1423 644 deos
1477 594 1836 644 consecrent.
1888 591 2044 647 Satis

382 683 510 753 jam
544 682 614 735 de
645 681 919 742 Saturno,
953 678 1089 733 licet
1119 678 1343 749 paucis.
1374 678 1564 732 Etiam
1608 682 1813 733 Jovem
1847 685 2043 734 osten-

389 772 600 826 demus
632 773 752 823 tam
784 767 937 823 ωσι
990 766 1284 822 hominem
1315 768 1428 838 (39)
1459 784 1632 837 quam
1668 784 1735 821 ex
1784 766 2041 837 homine,

387 865 445 915 et
494 857 766 929 deinceps
820 862 1008 911 totum
1044 855 1274 927 generis
1327 872 1567 911 examen
1620 860 1741 910 tam
1802 856 2044 911 mortale

393 964 571 1020 quam
606 945 848 1002 seminis
880 944 973 1000 sui
1005 961 1129 1016 par.

1035 1058 1266 1115 CAPUT
1306 1057 1398 1113 XI.

389 1154 826 1208 Aacumsu'rum.
862 1178 930 1189 —
958 1148 1028 1202 At
1078 1164 1206 1202 cum
1247 1155 1366 1218 post
1414 1151 1644 1202 mortem
1694 1149 1941 1204 homines
1972 1150 2036 1205 ob

459 1224 779 1279 meritorum
821 1221 1208 1290 praestantiam
1233 1220 1295 1273 in
1326 1224 1458 1274 Deos
1509 1219 1713 1292 adlecti
1755 1221 2034 1292 dicantur,

457 1296 692 1366 inquirit
720 1293 821 1366 hoc
866 1297 1042 1362 capite
1072 1293 1131 1345 in
1159 1308 1352 1366 causas
1398 1306 1523 1366 qua?
1552 1291 1650 1346 hoc
1695 1296 1980 1366 exegerint
2016 1308 2029 1347 :

458 1363 583 1437 qia?
610 1365 828 1448 quidem
858 1366 1101 1434 respectu
1130 1363 1335 1445 summi
1351 1365 1453 1448 [ξρὶ
1470 1365 1709 1418 inveniri
1738 1369 2029 1448 nequeunt,

457 1434 583 1491 cum
612 1434 709 1491 ille
740 1437 981 1490 aliorum
1013 1451 1109 1504 ope
1145 1452 1260 1506 non
1291 1434 1533 1504 indigeat
1564 1454 1583 1489 :
1618 1440 1861 1505 respectu
1892 1438 2033 1506 ipso-

452 1526 600 1574 rum,
634 1508 717 1563 vel
747 1524 903 1562 vana:
932 1510 1079 1570 sunt,
1112 1504 1205 1560 vel
1234 1507 1388 1574 tales,
1420 1514 1477 1561 ut
1508 1504 1828 1561 mereantur
1854 1504 2035 1578 potius

453 1584 518 1637 ob
552 1580 685 1635 illas
714 1595 840 1634 cum
879 1578 1145 1647 maleﬁcia
1175 1580 1231 1631 in
1264 1579 1443 1631 imum
1472 1582 1748 1633 tartarum
1782 1581 2030 1649 detrudi,

453 1654 551 1707 ubi
577 1652 918 1707 collocarunt
944 1666 1031 1705 eos
1060 1652 1227 1719 viros,
1260 1651 1355 1719 qui
1381 1652 1430 1705 et
1459 1652 1714 1718 inventis,
1739 1659 1792 1706 et
1820 1653 2034 1707 meritis

454 1726 578 1780 illos
607 1725 763 1794 longe
793 1730 1149 1793 superarunt.

456 1840 524 1895 Et
580 1837 882 1911 quoniam,
945 1836 1096 1892 sicut
1156 1835 1289 1891 illos
1343 1836 1611 1893 homines
1681 1839 1861 1894 fuisse
1920 1856 2034 1895 non

386 1929 618 1984 audetis
650 1944 881 1999 negare,
918 1927 1001 1982 ita
1033 1933 1161 1996 post
1208 1930 1453 1981 mortem
1488 1928 1628 1983 deos
1659 1928 1839 1983 factos
1869 1929 2037 1983 insti-

386 2017 588 2073 tuistis
641 2031 991 2086 asseverare,
1024 2030 1233 2070 causas
1287 2031 1415 2085 quis
1447 2015 1555 2071 hoc
1603 2018 1898 2088 exegerint
1949 2034 2035 2072 re-

2154 607 2283 647 esse
2337 593 2591 663 aliquem
2642 592 3047 647 sublimiorem
3092 593 3274 649 Deum
3308 595 3417 665 (40)
3470 599 3527 649 et
3581 596 3805 651 manci-

2154 697 2284 751 pem
2319 681 2430 751 (41)
2476 682 2630 736 833
2676 683 2989 751 quemdam
3026 683 3137 751 (42)
3188 682 3537 748 divinitatis,
3586 683 3687 753 qui
3737 700 3807 739 ex

2154 768 2497 823 hominibus
2527 770 2664 824 deos
2696 770 3077 824 fecerit.Nam
3102 787 3289 841 neque
3321 771 3433 826 sibi
3466 770 3548 826 illi
3580 772 3805 842 potuis-

2152 864 2283 912 sent
2314 874 2547 913 sumere
2578 858 2946 913 divinitatem
2980 860 3302 930 (43),quam
3337 877 3451 915 non
3486 859 3803 933 habebant,

2152 963 2257 1001 nec
2288 947 2440 1001 alius
2491 952 2764 1018 praestare
2814 965 2941 1003 eam
2980 965 3092 1003 non
3144 949 3521 1015 habentibus,
3558 949 3669 1004 nisi
3703 951 3804 1023 qui

2151 1036 2383 1108 proprie
2432 1036 2769 1107 possidebat
2799 1038 2840 1091 ³.
2874 1040 3156 1092 Caeterum
3207 1039 3255 1092 si
3290 1053 3461 1092 nemo
3494 1044 3670 1103 esset,
3704 1039 3803 1110 qui

2150 1125 2289 1179 deos
2323 1125 2554 1194 faceret,
2587 1128 2805 1179 frustra
2834 1126 3191 1196 praesumitis
3238 1126 3378 1182 deos
3426 1127 3607 1182 factos
3633 1129 3804 1183 aufe-

2149 1214 2327 1269 rendo
2377 1214 2683 1269 factorum.
2736 1214 2899 1269 Certe
2947 1215 3187 1285 quidem
3242 1216 3290 1269 si
3338 1216 3447 1285 ipsi
3499 1231 3561 1270 se
3612 1217 3801 1272 facere

2150 1302 2499 1374 potuissent,
2536 1319 2839 1374 nunquam
2873 1303 3142 1359 homines
3190 1305 3461 1371 fuissent,
3498 1305 3799 1375 possiden-

2147 1398 2232 1447 tes
2264 1393 2419 1464 apud
2439 1409 2501 1448 se
2518 1392 2742 1447 scilicet
2762 1392 3019 1448 melioris
3042 1394 3398 1449 conditionis
3422 1399 3797 1466 potestatem.

2146 1482 2329 1553 Igitur
2358 1482 2405 1537 si
2457 1486 2546 1537 est
2597 1480 2695 1552 qui
2747 1481 2921 1537 faciat
2958 1482 3126 1551 deos,
3158 1487 3413 1538 revertor
3461 1484 3533 1538 ad
3586 1500 3796 1539 causas

2144 1570 2563 1626 examinandas
2617 1570 3011 1625 faciendorum
3047 1586 3115 1625 ex
3146 1570 3485 1627 hominibus
3527 1573 3795 1640 deorum,

2145 1676 2249 1715 nec
2279 1659 2431 1715 ullas
2462 1659 2713 1725 invenio,
2748 1659 2862 1713 nisi
2895 1660 2943 1714 si
2978 1659 3304 1716 ministeria
3333 1662 3355 1695 ‘
3385 1662 3496 1733 (44)
3530 1666 3587 1716 et
3632 1663 3796 1715 auxi-

2143 1748 2221 1803 lia
2268 1748 2476 1804 officiis
2524 1748 2735 1802 divinis
2777 1748 3128 1804 desideravit
3168 1750 3263 1804 ille
3314 1766 3565 1821 magnus
3618 1750 3795 1805 Deus.

2148 1838 2339 1892 Primo
2387 1837 2695 1909 indignum
2729 1841 2837 1900 est,
2872 1842 2937 1891 ut
2985 1837 3234 1908 alicujus
3268 1854 3441 1908 opera
3485 1838 3795 1909 indigeret,

2146 1933 2203 1982 et
2234 1926 2471 1998 quidem
2516 1926 2750 1990 mortui,
2785 1942 2967 1997 quum
3001 1927 3241 1998 dignius
3294 1927 3365 1981 ab
3401 1926 3568 1981 initio
3618 1929 3795 1981 deum

2148 2015 2404 2087 aliquem
2439 2014 2691 2081 fecisset,
2725 2015 2826 2085 qui
2858 2015 3071 2070 mortui
3123 2020 3247 2070 erat
3277 2031 3516 2087 operam
3564 2014 3797 2071 deside-

1807 2135 2010 2195 Variie
2041 2133 2365 2194 lectiones.

457 2241 478 2275 ³
508 2238 893 2296 Possidebant
922 2238 1104 2293 Paris.
1181 2238 1202 2272 ‘
1234 2237 1499 2310 Mysteria
1528 2240 1712 2295 Paris.

1827 2340 1975 2399 Com
1987 2338 2351 2399 mentarius.

382 2448 494 2504 sibi
522 2446 813 2503 redditum
869 2447 1159 2501 mirantur
1191 2462 1203 2501 :
1242 2467 1269 2495 «
1302 2447 1364 2502 In
1396 2446 1551 2501 hunc
1601 2447 1797 2503 oculos
1827 2448 2030 2503 civitas

386 2522 676 2585 universa,
720 2520 777 2573 in
826 2519 983 2573 hunc
1032 2535 1321 2588 suspensa
1365 2536 1464 2574 ora
1514 2522 1796 2575 convertit
1828 2537 1839 2574 :
1875 2520 2031 2575 hunc

387 2593 555 2664 quasi
614 2593 684 2646 de
742 2591 889 2664 cmlo
930 2589 1197 2664 missum,
1232 2595 1289 2664 et
1348 2595 1410 2645 ut
1465 2591 1653 2662 ipsam
1711 2592 2030 2647 Victoriam

387 2662 737 2719 contuentur
795 2685 815 2710 ι
868 2662 1203 2734 Lactantius
1254 2662 1377 2717 loco
1426 2679 1606 2734 supra
1658 2670 2031 2720 memorato:

388 2759 415 2785 ‹‹
450 2735 738 2789 Minucius
786 2733 941 2788 Felix
974 2734 1029 2786 in
1062 2750 1127 2789 eo
1183 2733 1350 2802 libro,
1385 2736 1485 2804 qui
1506 2733 1791 2791 Octavius
1822 2736 2032 2791 inscri-

389 2808 569 2867 bitur,
599 2806 685 2861 sic
739 2813 1187 2876 argumentatus
1237 2810 1326 2859 est
1358 2822 1370 2859 :
1404 2812 1744 2874 Saturnum,
1778 2824 1907 2862 cum
1945 2810 2031 2862 fu-

430 2884 558 2933 atus
613 2882 769 2933 esset
816 2895 849 2932 a
900 2876 1018 2930 tilio
1070 2876 1127 2930 in
1184 2876 1523 2948 Italiamque
1578 2880 1852 2945 venisset,
1896 2879 2033 2934 Caeli

386 2894 573 3005 ﬁlium
607 2948 1029 3005 dictumzauod
1054 2947 1349 3003 soleamus
1366 2964 1463 3003 eos
1488 2966 1735 3005 quorum
1760 2951 2031 3005 virtutem

434 2950 573 3004 lium
607 2948 1029 3019 dictumzquod
1054 2947 1349 3003 soleamus
1366 2947 1463 3003 eos
1488 2966 1735 3019 quorum
1760 2951 2031 3005 virtutem

391 3021 686 3083 miremur,
737 3026 838 3074 aut
886 3036 1007 3083 eos,
1058 3020 1156 3090 qui
1209 3021 1508 3090 repentine
1556 3022 1912 3090 advenerint,
1965 3024 2034 3078 de

388 3093 530 3149 coelo
562 3092 841 3149 cecidisse
871 3091 1081 3147 dicere.
1114 3115 1136 3143 ι
1174 3091 1318 3145 Hinc
1350 3091 1491 3146 illud
1524 3092 1826 3163 vulgatum
1862 3111 1875 3149 :

630 3217 835 3266 Tertius
867 3230 893 3265 e
925 3216 1064 3265 caelo
1094 3216 1283 3266 cecidit
1310 3216 1456 3265 Cato.

384 3348 493 3396 Nec
517 3342 644 3412 jam
683 3342 900 3397 mirum
935 3341 1574 3412 amplius,curPaulum
1609 3348 1664 3398 et
1681 3344 2029 3413 Barnabam,
2064 3311 2107 3377 Ο

392 3413 749 3469 Mercurium
784 3431 912 3469 esse
943 3414 1287 3485 Jovemque,
1318 3420 1374 3468 et
1403 3414 1622 3469 ccelites
1672 3416 2044 3471 descendisse

388 3487 723 3567 putaverint
753 3485 1093 3567 Lystrenses
1113 3489 1246 3567 “Act.
1276 3487 1475 3567 Apost.
1504 3488 2039 3567 x1v,_12,quomodo

390 3557 607 3613 ibidem
665 3559 924 3627 xxv11,6.
988 3557 1234 3612 Paulum
1290 3557 1435 3612 nihil
1494 3576 1525 3612 a
1585 3560 1779 3627 vipera
1834 3559 2039 3614 liesum

390 3630 997 3756 {)euchrediderunt
1047 3630 1396 3696 Melitenses,
1429 3634 1486 3685 et
1530 3630 1763 3686 barbari
1795 3636 1853 3686 et
1878 3632 2041 3687 insu-

417 3719 531 3755 am.
621 3719 712 3756 av.

417 3719 531 3755 am.
572 3719 712 3756 ΠΑν.

459 3773 571 3843 (38)
608 3775 779 3827 Luctu
824 3769 1038 3843 publico
1082 3774 1341 3825 mortuos.
1376 3772 1563 3827 Codex
1615 3773 1779 3827 Fuld.
1816 3779 2039 3842 postre-

394 3841 489 3898 ma
542 3845 623 3898 ita
681 3841 935 3911 concipit
967 3842 1263 3916 :_humatos
1310 3848 1579 3904 mortuos,
1631 3846 1786 3916 quod
1822 3841 2041 3901 referri

389 3916 582 3982 possit
612 3916 681 3969 ad
717 3927 939 3966 morem
971 3912 1399 3983 descriptorum
1435 3916 1531 3984 qui
1565 3912 1896 3972 ita—variam
1932 3918 2041 3972 lec-

386 3986 605 4059 tionem
657 3984 1042 4059 invenientes
1072 3991 1383 4059 utramque
1428 3992 1841 4042 connectentes
1874 4007 2038 4059 repo-

383 4056 597 4109 nebant
626 4070 638 4119 ;
676 4055 787 4108 nisi
826 4053 996 4107 malis
1028 4052 1108 4107 ita
1139 4052 1661 4119 scrib’ere,mortuos
1686 4069 1736 4113 et
1765 4052 2036 4116 humalos.

377 4126 587 4180 Videre
620 4126 787 4180 facile
834 4125 988 4183 licet.
1022 4128 1175 4194 quod
1209 4127 1326 4179 acri
1381 4136 1541 4182 aceto
1573 4128 1865 4184 Caesarum
1900 4149 2038 4187 con-

377 4199 628 4271 sacratio
660 4202 717 4252 et
748 4196 1014 4271 adoratio
1048 4196 1141 4250 hic
1171 4214 1203 4251 a
1235 4198 1591 4253 Tertulliano
1644 4202 2037 4271 perfunditur,

378 4287 495 4324 non
529 4270 685 4324 enim
725 4267 942 4323 mortui
967 4271 1337 4342 _tantum,sed
1368 4274 1422 4323 et
1454 4267 1823 4342 conclamati,
1848 4276 1947 4329 sed
1983 4267 2040 4330 et

379 4342 617 4413 sepulti.
658 4342 852 4395 Possis
904 4340 1076 4413 etiam
1113 4339 1303 4411 legere
1352 4346 1592 4397 humane
1642 4339 1889 4399 mortuos
1917 4346 1955 4399 i.
1987 4364 2036 4401 e.

382 4412 542 4469 mOre
576 4413 912 4477 hominum,
949 4412 1166 4481 quibus
1221 4415 1558 4482 opposuerit
1591 4416 1648 4468 in
1680 4415 1802 4469 deos
1848 4433 2038 4472 conse-

381 4490 550 4541 crent.
584 4484 811 4559 Similis
841 4482 1036 4559 irrisio
1071 4486 1505 4559 peregrinorum
1534 4488 2037 4559 numinum,quo-

383 4575 518 4613 rum
555 4557 750 4611 cultus
782 4561 974 4610 Romae
1010 4555 1359 4626 invaluerat,
1393 4558 1545 4628 apud
1597 4555 2035 4616 Lucanum‘lib.

387 4646 511 4696 vm,
546 4645 714 4685 versu
747 4628 872 4682 833.

499 4754 561 4802 Et
586 4766 746 4817 quem
775 4756 833 4802 tu
868 4751 1128 4813 plangens
1157 4749 1429 4800 hominem
1462 4754 1676 4802 testaris
1707 4754 1916 4804 Osirim.

372 4877 521 4933 Male
554 4894 687 4931 mox
717 4875 901 4930 Rhea.
940 4892 952 4929 :
994 4872 1363 4930 Ostendimus.
1400 4876 1540 4931 HAV.

442 4950 556 5019 (39)
590 4950 719 5003 Tam
750 4947 1056 5011 hominem,
1080 4953 1204 5019 etc.
1238 4947 2026 5012 Sanchouiathon,vetustis-

371 5017 562 5076 simus
612 5021 888 5090 scriptor,
942 5017 1097 5092 apud
1148 5018 1491 5092 Theodoret.
1545 5037 1720 5076 serm.
1751 5024 1803 5090 3,
1849 5040 1902 5092 p.
1938 5024 2025 5090 42,

370 5097 691 5147 Saturnum
737 5088 937 5146 fuisse
1010 5088 1333 5156 hominem,
1404 5092 1623 5148 Rheam
1698 5088 2025 5157 mulierem,

371 5164 609 5219 Saturni
662 5164 976 5235 conjugem
1010 5161 1211 5235 tradit,
1246 5164 1343 5233 qui
1376 5163 1575 5220 Jovem
1628 5169 1685 5218 et
1732 5166 2025 5221 Junonem

376 5236 537 5315 filios,
594 5233 1259 5315 procrearintL‘quippe
1325 5239 1679 5315 omnes_,-_ob
1750 5238 2030 5315 beneficia

372 5303 609 5375 collata,
639 5312 835 5377 postea
867 5306 939 5361 ab
969 5303 1341 5377 Phoenicibus
1378 5325 1477 5373 pro
1508 5309 1622 5363 diis
1652 5316 1791 5363 sunt
1819 5310 2025 5365 habiti.

371 5374 593 5434 Totam'
624 5374 857 5449 quoque
899 5374 1060 5431 Jovis
1112 5378 1510 5449 genealogiam
1560 5398 1695 5436 cum
1744 5399 1811 5437 cx
1844 5383 2028 5439 sacris

370 5451 537 5507 libris
567 5451 733 5506 Ennii
769 5449 1069 5506 retulisset
1104 5452 1550 5521 l_.actantius,ita
1584 5453 1881 5508 concludit
1911 5454 2017 5512 lib.

371 5542 419 5601 1,_
444 5540 493 5578 ο.
529 5525 641 5601 lli:
677 5546 705 5573 «
738 5523 868 5577 Haec
900 5525 989 5588 (ut
1019 5519 1240 5601 scripta
1274 5519 1627 5601 sunt)'_Jovis
1663 5526 2029 5601 fratrumque

370 5597 499 5665 ejus
548 5595 743 5666 stirps,
778 5600 955 5664 atque
1001 5594 1295 5666 cognatio,
1348 5594 1404 5648 in
1460 5598 1615 5653 hunc
1667 5594 2029 5653 modum—ex

373 5662 539 5724 sacra
570 5662 887 5738 scriptione
914 5662 1131 5738 tradita
1156 5668 1263 5717 est.
1302 5684 1344 5738 »ῃ
1368 5670 1508 5724 ΗΑν.

443 5740 554 5809 (40)
601 5736 995 5796 Sublimiorem
1040 5736 1263 5809 ADeumL
1319 5736 1425 5801 Qui
1485 5758 1600 5798 non
1660 5745 1890 5798 tantum
1947 5738 2027 5796 sit

369 5807 779 5888 Ἀρχάιότατνς,
812 5816 876 5869 ut
921 5812 992 5868 de
1030 5807 1178 5865 Jano
1228 5807 1595 5872 Herodianus
1646 5814 1747 5872 lib.
1798 5832 1840 5883 1,
1896 5830 2023 5887 cap.

2145 2448 2249 2514 16;
2284 2447 2383 2501 sed
2435 2452 2490 2502 et
2537 2443 2918 2520 Αὐτοκράτωρ,
2971 2449 3035 2500 ut
3084 2446 3138 2499 in
3191 2462 3450 2520 nummo,
3485 2461 3660 2517 quem
3713 2446 3786 2520 ad

2143 2535 2270 2589 cap.
2305 2520 2392 2586 34,
2429 2517 2809 2589 proferemus,
2841 2524 3099 2589 vocatur,
3125 2517 3295 2589 Caius
3329 2526 3595 2589 respectu
3646 2518 3780 2574 scil.

2144 2588 2439 2645 adSSOIem’
2472 2597 2528 2645 et
2578 2592 2824 2655 Lunam,
2860 2590 2958 2660 qui
2996 2588 3106 2641 θεοὶ
3156 2588 3544 2662 αὐτοκράτὸρες
3583 2605 3789 2644 vocan-

2143 2668 2241 2716 tur
2294 2664 2446 2733 apud
2510 2662 2809 2733 Philonem
2866 2664 2933 2717 de
2989 2661 3265 2715 Monarch.
3316 2662 3415 2715 lib.
3470 2679 3507 2730 1,
3562 2678 3617 2732 p.
3662 2662 3788 2730 812,

2144 2732 2405 2805 adeoque
2450 2734 2680 2789 deorum
2727 2732 2876 2797 deus,
2928 2738 2989 2786 ut
3038 2733 3293 2805 Marobio
3339 2749 3544 2805 rursus
3601 2733 3788 2787 Janus

2143 2803 2400 2872 vocatur,
2432 2804 2533 2860 lib.
2591 2822 2783 2929 near.
2836 2806 2889 2873 9,
2941 2803 3283 2878 Δημιουργὸς
3335 2803 3422 2856 καὶ
3462 2803 3577 2862 θεὸς
3632 2807 3788 2873 θεῶν,

2144 2879 2435 2929 ouomodo
2521 2877 2720 2929 Hieroc
2749 2894 2810 2929 es
2896 2876 2951 2929 in
3035 2878 3166 2929 Aur.
3238 2876 3418 2929 Carm.
3505 2876 3788 2929 describit

2144 2879 2435 2948 quomodo
2521 2876 2810 2932 Hierocles
2896 2876 2951 2930 in
3035 2876 3418 2930 Aur.‘Carm.
3505 2876 3792 2930 describit

2144 2965 2444 3003 summum
2481 2953 2657 3002 Deum
2697 2964 2709 3001 :
2745 2970 2773 2996 ‹‹
2805 2952 3130 3002 Creatorem
3164 2948 3355 3001 solum
3386 2948 3568 3002 Deum
3611 2963 3786 3017 quem

2142 3021 2328 3075 Deum
2390 3022 2629 3075 deorum
2690 3020 2898 3073 dixerit
2966 3018 3200 3088 aliquis,
3260 3023 3317 3072 et
3366 3024 3787 3088 Ueumﬂsumo

2145 3108 2305 3175 mum
2339 3096 2417 3181 “et
2462 3091 2752 3181 qptimum
2789 3108 2801 3145 :
2835 3088 2939 3177 Τρν
2971 3085 3303 3181 δημιεὶγργὸν
3353 3088 3519 3177 pavo:
3568 3086 3624 3140 ὃν
3669 3089 3787 3142 θεὸν

2145 3166 2276 3224 θεῶν
2337 3158 2396 3214 ἃν
2458 3155 2599 3214 εἷ’ποι
2655 3181 2757 3227 τις,
2815 3159 2904 3213 καὶ
2959 3155 3074 3222 θεὸῆι
3131 3155 3449 3213 ὕέτάτονκαὶ
3482 3155 3722 3234 ἄριστον.
3760 3181 3789 3211 ››

2143 3235 2283 3288 ΗΑν.

2220 3304 2326 3375 (41)
2359 3303 2675 3373 Μαηοὶρεγη.
2710 3302 2948 3365 Qualem
2974 3302 3461 3375 Aintelligereﬂdat
3489 3302 3791 3375 Luctatius

2152 3373 2239 3431 vel
2274 3373 2609 3430 Lactantius
2641 3376 2810 3429 Statii
2860 3373 3173 3429 Scoliastes
3204 3376 3273 3428 ad
3308 3373 3407 3428 lib.
3444 3391 3497 3427 ιν
3538 3373 3791 3429 Thebaid.

2152 3465 2285 3503 cum
2320 3448 2522 3502 scribit
2557 3465 2568 3502 :
2604 3469 2629 3495 ‹‹
2667 3445 2879 3500 lnﬁniti
2914 3451 3105 3501 autem
3142 3445 3647 3518 philosophorum,
3672 3462 3797 3499 ma-

2191 3536 2379 3574 orum.
2413 3523 2595 3573 Persa:
2628 3518 2763 3571 item
2809 3519 3178 3585 confirmant,
3208 3534 3405 3573 revera
3433 3533 3561 3573 esse
3592 3524 3801 3587 praeter

2191 3538 2379 3574 orum.
2413 3538 2595 3573 versa:
2628 3538 2763 3571 Item
2809 3538 3178 3585 conurmani,
3208 3538 3405 3573 revera
3433 3538 3561 3573 esse
3592 3538 3794 3587 praeter

2151 3538 2257 3647 Eos
2284 3593 2424 3646 deos
2457 3589 2719 3662 cognitos
2767 3590 2864 3660 qui
2895 3590 3169 3645 coluntur
3215 3591 3272 3643 in
3325 3590 3560 3660 templis
3615 3588 3794 3643 alium

2150 3664 2499 3735 principem,
2533 3669 2589 3716 et
2647 3663 2911 3735 maxime
2949 3667 3147 3735 Deum,
3200 3667 3538 3735 cmterorum
3601 3662 3796 3714 numi-

2151 3732 2293 3790 num
2346 3732 2774 3789 ordinatoren‘.
2808 3756 2834 3781 ›ι
2869 3733 3109 3788 Tertull.
3150 3750 3355 3787 rursus
3402 3732 3502 3787 lib.
3536 3735 3604 3786 de
3628 3736 3797 3802 Spec-

2149 3817 2266 3886 tae.
2302 3822 2351 3886 c_.
2391 3808 2453 3860 10
2489 3822 2500 3860 ;
2541 3828 2561 3853 ι
2592 3806 2748 3886 .Quze
2779 3822 2912 3860 vero
2945 3822 3080 3886 voce
3123 3811 3178 3861 et
3219 3806 3409 3886 modis
3453 3810 3509 3859 et
3551 3802 3795 3886 organis

2149 3884 2206 3933 et
2232 3878 2389 3947 lyriaa
2422 3878 2850 3947 transiguntur,
2872 3877 3168 3947 Apollines
3199 3882 3255 3931 et
3287 3878 3483 3932 Musas
3514 3880 3569 3947 et
3588 3877 3798 3947 Miner-

2150 3946 2264 4005 vas
2309 3955 2365 4005 et
2423 3946 2745 4003 Mercurios
2804 3946 3107 4019 mancipes
3167 3949 3403 4002 habent.
3470 3946 3801 4019 »_Hav.--

2150 4048 2173 4070 ιι
2212 4022 2536 4091 Mancipem
2570 4021 2885 4091 quemdam
2919 4017 3266 4075 divinitatis.
3298 4042 3323 4067 ››
3358 4017 3529 4083 Quasi
3565 4034 3800 4087 magna-

2151 4093 2303 4148 rium
2333 4094 2645 4163 quemdam
2678 4092 2999 4146 divinitatis
3032 4091 3802 4163 negotiatoremLMancipes

2148 4161 2435 4219 Asconius
2495 4164 2911 4233 interpretatur
2976 4161 3276 4233 PrinCipes
3345 4161 3796 4233 publicanorum

2150 4238 2589 4306 Redemptores,
2624 4232 2717 4290 Sic
2770 4235 2921 4306 apud
2973 4232 3238 4289 auctores
3284 4232 3797 4306 Juris,Mancipes

2149 4303 2414 4370 Viarum,
2464 4303 2823 4374 Salinarum,
2866 4312 2972 4360 etc.
3008 4308 3103 4361 Sic
3154 4313 3211 4360 et
3261 4305 3664 4359 Tertullianus
3692 4303 3793 4356 lib.

2148 4380 2217 4433 de
2274 4380 2597 4433 ldololatria
2644 4378 2808 4442 dixit,
2871 4378 3166 4447 Mancipes
3226 4377 3535 4430 idolorum.
3571 4376 3692 4428 RIG.
3728 4405 3797 4415 —

2150 4453 2469 4520 Mancipem
2524 4450 2829 4519 quemdam.
2875 4449 3145 4514 Venuste,
3206 4449 3396 4520 inquit
3454 4447 3794 4520 Rhenanus,

2153 4517 2482 4592 mancipem
2517 4517 2855 4592 divinitatis
2885 4526 3070 4592 vocat
3101 4517 3478 4574 Deum’illum
3532 4517 3796 4588 superio-

2152 4608 2295 4652 rem,
2322 4590 2387 4648 ac
2410 4591 2713 4663 potiorem,
2744 4592 2846 4662 qui
2871 4590 2947 4645 rel
2975 4591 3109 4661 quis
3132 4591 3495 4663 divinitatem
3527 4605 3798 4663 commu-

2067 4683 2113 4747 Ι)
2149 4665 2375 4728 nicarit,
2411 4661 2606 4747 sicuti.
2633 4661 2879 4743 Sutrinis
2905 4664 3262 4747 magistrum
3296 4662 3539 4745 .Plinius
3565 4661 3800 4747 .manci-

2148 4753 2278 4809 pem
2324 4742 2525 4809 vocat,
2560 4739 2615 4790 et
2665 4735 2721 4788 in
2783 4734 3045 4809 qualibet
3092 4752 3152 4790 re
3213 4735 3311 4806 qui
3361 4734 3579 4791 summi
3631 4738 3794 4798 sunt,

2143 4807 2442 4879 mancipes
2474 4807 2770 4861 dicuntur.
2810 4807 2947 4861 PAM.

2212 4876 2675 4951 (4‘3)'Quemdam.
2714 4879 2813 4932 Ed.
2854 4883 3012 4933 Barr.
3050 4876 3288 4947 quidem,
3319 4881 3381 4931 ut
3403 4880 3459 4931 et
3492 4893 3602 4931 ms.
3634 4876 3696 4931 L.
3731 4879 3794 4930 Β.

2140 4952 2279 5006 ΗΑν.

2214 5024 2323 5093 (43)
2360 5022 2585 5077 Sumere
2631 5021 2999 5075 divinitatem.
3050 5023 3208 5076 Infra
3259 5038 3309 5076 c.
3358 5022 3473 5073 2‘2:
3529 5042 3555 5093 ς‹
3595 5020 3795 5073 Ᾰῐιϊιυ-

2141 5091 2341 5150 ωηατ
2399 5094 2788 5157 divinitatem,
2825 5093 2964 5147 dum
3004 5093 3272 5149 furantur
3302 5091 3794 5148 divinationem.»

2140 5167 2245 5223 Ubi
2282 5167 2409 5240 vidt?
2441 5183 2569 5236 ψιεθ
2607 5170 2903 5240 notam?-
2942 5166 3079 5240 "“.’-
3724 5229 3763 5240 ·’

2212 5240 2321 5309 (44)
2357 5230 2475 5293 Nisi
2501 5240 2552 5292 si
2578 5238 2922 5291 ministeria.
2973 5238 3219 5292 Adverte
3249 5233 3673 5309 Tertullianum
3707 5230 3795 5282 di-

2136 5305 2353 5365 lemma
2384 5311 2685 5365 conficere.
2724 5309 2938 5362 Idcirco
2972 5325 3224 5379 magnus
3262 5310 3432 5379 Deus
3464 5305 3794 5379 adiutorem

2139 5382 2247 5437 sibi
2283 5382 2618 5453 postulavit,
2655 5379 2735 5433 vel
2772 5381 2908 5450 quia
2941 5374 3227 5451 indigeret
3258 5377 3475 5453 auxilio
3506 5381 3561 5429 et
3596 5374 3798 5453 minis-

2139 5445 2748 5523 terio.alicujus,'sine
2775 5445 2912 5524 i'quo
2945 5445 3309 5524 nonvposset
3342 5450 3460 5524 haec
3513 5445 3790 5524 machina

2139 5527 2347 5581 mundi
2381 5516 2535 5581 fieri:
2562 5516 2649 5579 vel
2683 5516 2829 5595 quia
2854 5523 2962 5577 hoc
2994 5516 3268 5595 petebant
3298 5518 3505 5575 merita
3538 5516 3794 5595 alicujus

2144 5599 2259 5652 Dei.
2293 5599 2416 5652 Non
2461 5588 2739 5668 primum,
2774 5588 3359 5668 quia_n'ullus_locus
3408 5588 3615 5668 merito
3647 5592 3795 5668 atto-

2141 5670 2295 5725 lendi
2344 5669 2401 5723 in
2451 5662 2686 5731 omium,
2717 5662 2846 5720 cum
2900 5666 3017 5719 sint
3065 5663 3253 5720 multa
3300 5662 3509 5717 merita
3560 5662 3793 5732 suppri-

2140 5742 2334 5798 mendi
2367 5742 2438 5799 ad
2469 5742 2801 5805 Tartarum,
2836 5739 2893 5793 et
2921 5736 3042 5793 haec
3075 5736 3160 5793 vis
3190 5739 3313 5793 tota
3344 5735 3524 5808 hujus
3554 5731 3786 5808 capitis.

2141 5814 2269 5871 Lac.
