4366 6378
533 408 654 470 399

1051 407 1579 471 TERTULLIANI
1623 406 1951 469 OPERUM
2000 407 2198 468 PARS
2241 405 2393 467 1.-
2423 403 2702 466 SERIES
2744 403 2794 476 l,
2840 402 3403 464 APOLOGETICA.

3813 405 3937 465 400

531 538 778 595 mestica
807 540 1086 610 potestate
1113 537 1377 593 tractatis
1407 536 2171 610 pignerando,venditando,
2206 544 2256 610 Α
2287 534 2480 590 forum
2533 533 2789 606 petitur;
2847 533 2960 589 sub
3014 533 3218 588 eadem
3275 548 3413 589 voce
3468 533 3777 605 praeconis,
3821 535 3935 591 sub

533 628 890 683 demutando
945 626 1262 697 aliquando
1307 626 1367 680 in
1428 624 1776 680 cacabulum
1808 626 1920 697 (95)
1950 625 2022 680 de
2070 625 2172 681 Sa-

533 720 707 771 turno
767 716 830 783 ³⁸,
862 714 1177 785 aliquando
1237 713 1298 767 in
1355 713 1594 769 trullam
1653 715 1727 769 de
1788 714 2063 781 Minerva,
2121 717 2183 768 ut

533 803 786 875 quisque
833 804 1124 858 contritus
1155 806 1332 873 atque
1380 809 1665 858 contusus
1697 809 1810 866 est,
1841 803 1991 859 845
2038 803 2181 856 dum

538 892 639 946 diu
671 890 901 956 colitur,
935 896 1001 944 ut
1031 891 1280 961 quisque
1304 891 1582 945 dominus
1613 891 1728 962 (96)
1760 892 1801 926 ³⁷
1832 891 2180 946 sanctiorem

537 983 809 1050 expertus
864 983 954 1034 est
1009 978 1391 1033 domesticam
1446 980 1875 1034 necessitatem.
1913 978 2183 1033 Publicos

539 1082 702 1137 asque
732 1065 964 1140 publico
987 1067 1124 1137 jure
1155 1066 1406 1131 foedatis,
1438 1082 1585 1137 quos
1613 1066 1672 1120 in
1707 1068 1967 1122 hastario
2006 1066 2184 1122 vecti-

537 1153 695 1225 gales
719 1154 946 1210 habetis
964 1155 1097 1226 (97).
1127 1154 1219 1210 Sic
1238 1153 1715 1225 Capitolium,sic
1745 1153 2040 1211 olitorium
2074 1154 2183 1227 (98)

2283 625 2487 680 eadem
2519 623 2691 678 hasta
2720 622 2854 693 (99),
2872 622 2982 677 sub
3005 621 3208 677 eadem
3227 621 3601 678 adnotatione
3624 625 3938 695 quaestoris

2289 712 2565 768 divinitas
2616 710 2849 765 addicta
2879 710 3033 765 848
3064 709 3432 766 conducitur.
3466 711 3578 766 Sed
3625 712 3779 766 enim
3813 713 3941 782 agri

2289 800 2507 856 tributo
2539 801 2737 855 onusti
2768 798 3022 868 viliores,
3054 798 3361 854 hominum
3403 799 3595 869 capita
3640 801 3938 871 stipendio
4018 862 4027 869 ,

2289 906 2465 945 censa
2492 887 2842 960 ignobiliora
2867 904 2880 957 ;
2917 904 3054 942 nam
3089 887 3173 942 has
3202 888 3244 922 ¹⁸
3274 894 3417 942 sunt
3447 893 3595 943 notas
3626 889 3939 961 captivita-

2289 978 2389 1034 tis.
2422 977 2512 1032 Dii
2560 993 2693 1032 vero
2723 976 2821 1047 qui
2879 976 3067 1046 magis
3117 975 3435 1043 tributarii,
3471 977 3659 1049 magis
3703 978 3937 1047 sancti;

2290 1068 2410 1123 imo
2459 1067 2556 1137 qui
2608 1065 2797 1137 magis
2845 1064 3054 1130 sancti,
3088 1064 3278 1136 magis
3324 1065 3637 1121 tributarii.
3666 1068 3942 1137 Majestas

2293 1153 2652 1227 quaestuaria
2695 1153 2967 1210 efficitur.
2999 1152 3217 1208 Circuit
3264 1168 3564 1225 cauponas
3594 1155 3671 1226 (1)
3730 1153 3936 1228 religio

2326 1281 2516 1322 Iones.

2326 1281 2340 1321 ι
2465 1282 2516 1322 s.

609 1358 654 1395 ¹⁶
680 1359 742 1414 1η
770 1356 894 1415 edd.
920 1356 1089 1415 Rhea.
1122 1362 1173 1414 et
1202 1356 1413 1414 Gelenii
1439 1357 1634 1413 desunt
1662 1375 1745 1414 vv.
1781 1262 2467 1429 aliqua‘t’izldairiliitc?ld:
2495 1362 2768 1413 Saturno.
2819 1355 2973 1413 codd.
3004 1355 3159 1412 lv‘uld.
3187 1359 3240 1413 et
3286 1355 3458 1427 Lugd.
3493 1374 3508 1414 :
3541 1358 3940 1417 caccabulum.

547 1430 590 1466 ⁸⁷
621 1428 957 1495 Dominum,
989 1430 1170 1497 Paris,
1210 1432 1386 1485 Deum
1419 1434 1564 1485 Hav.
1642 1430 1685 1466 1³
1715 1429 1845 1485 Htec
1873 1428 2064 1486 Paris.

1974 1535 2489 1598 Commentarius.

534 1647 688 1717 rent,
719 1660 866 1717 quos
895 1643 1246 1717 domesticos
1276 1643 1574 1717 appellant
1604 1644 1799 1710 Lares,
1831 1649 1889 1700 et
1919 1649 2041 1700 tam
2074 1661 2184 1717 pu-

532 1715 683 1772 blice
712 1715 891 1787 quam
938 1716 1207 1787 privatim
1258 1715 1601 1787 animalium
1649 1733 1892 1771 suorum
1950 1715 2184 1787 sangui-

537 1804 671 1843 nem
702 1786 1030 1843 funderent.
1066 1809 1093 1837 ››
1128 1788 1264 1859 Vide
1292 1786 1365 1842 lii
1398 1788 1701 1859 (Cuperum
1737 1789 1793 1843 in
1829 1786 2096 1859 Inscript.
2131 1792 2187 1842 et

536 1859 876 1915 Marmorib.
929 1859 1125 1929 Antiq.
1174 1858 1408 1914 Homeri
1453 1860 1766 1930 Apotheosi
1812 1858 2094 1913 subncXis
2125 1875 2181 1929 p.

534 1931 661 1997 279,
696 1930 794 1986 ubi
825 1931 897 1985 de
943 1930 1207 1999 Sylvano,
1243 1930 1473 2001 Phoebo,
1507 1938 1565 1986 et
1610 1930 1749 1986 Jove
1779 1930 1907 2001 ipso
1949 1932 2182 1985 domes-

537 2002 652 2128 ticto
682 2001 908 2128 flrudite
959 2001 1215 2069 disserit,
1243 2008 1300 2057 et
1328 2000 1436 2057 hoc
1468 2001 1737 2059 Auctoris
1766 2000 1826 2057 in
1859 2008 2056 2073 partes
2088 2018 2182 2057 vo-

538 2090 605 2128 ca
636 2114 648 2126 .
732 2090 821 2128 xv.

538 2077 648 2129 cat.
684 2077 821 2128 Hav.

604 2145 717 2215 (95)
752 2143 1132 2199 Cacoabulum.
1164 2146 1252 2215 Ita
1300 2141 1611 2197 manifeste
1654 2142 2091 2215 Membr.rFuld.
2124 2146 2180 2197 et

531 2213 849 2286 Lu‘gd.Bat.
872 2230 986 2269 non
1017 2213 1364 2269 cacabulum.
1397 2215 1530 2279 Qum
1553 2230 1654 2286 vox
1683 2214 1914 2269 etiamsi
1945 2215 2179 2270 notione

531 2285 747 2359 spurca
805 2286 1022 2359 passim
1083 2302 1197 2340 non
1242 2292 1539 2359 occurrat,
1574 2285 1970 2359 ultrogtamen
2024 2291 2181 2356 patet

533 2356 819 2414 adbibita'
843 2372 972 2413 esse
1019 2372 1155 2411 cum
1204 2356 1387 2412 altera
1432 2373 1569 2411 voce
1621 2357 1810 2424 trulla,
1845 2363 1908 2411 ut
1956 2356 2175 2412 instru-

530 2437 748 2491 menta,
780 2427 1005 2500 quibus,
1043 2427 1260 2500 ventris
1292 2432 1350 2481 et
1392 2429 1595 2483 vesicas
1636 2444 1785 2482 onus
1833 2429 2175 2500 excipiatur,

531 2499 947 2567 notet,ut’vero
978 2499 1117 2554 deos
1147 2499 1204 2552 in
1236 2515 1375 2553 vasa
1404 2500 1727 2553 immundis
1761 2499 1967 2553 usibus
1997 2499 2176 2554 desti-

531 2579 672 2628 nata
698 2570 1049 2629 commutari
1081 2570 1225 2625 dicit
1256 2577 1472 2635 noster,
1507 2571 1586 2625 ita
1615 2576 1673 2625 et
1723 2570 2011 2626 Minucius
2043 2571 2178 2625 inde

534 2643 667 2699 illos
698 2643 879 2714 ipsos,
906 2642 1125 2714 derivat
1158 2659 1210 2712 p.
1242 2643 1314 2695 26
1342 2659 1354 2696 :
1389 2642 1527 2696 Deus
1570 2658 1744 2696 aereus
1771 2642 1856 2714 uel
1885 2650 2177 2711 argenteus

534 2714 602 2769 de
630 2713 913 2769 immundo
941 2713 1258 2779 vascula,ut
1287 2714 1484 2782 smptus
1513 2717 1725 2784 factum
1750 2713 2012 2784 {Egyptio
2039 2715 2176 2782 regi,

532 2784 795 2857 conﬂato.
829 2784 1043 2857 Horum
1066 2788 1239 2857 (certe
1269 2782 1519 2857 sorores
1544 2800 1672 2839 esse
1691 2782 1946 2857 elegans
1976 2785 2178 2839 doceat

535 2854 700 2911 locus
732 2857 805 2911 ab
858 2854 1259 2910 Elmenhorsio
1308 2855 1600 2911 adductus
1649 2854 1926 2921 Philonis,
1955 2856 2021 2911 de
2055 2858 2177 2910 Vita

534 2929 892 3000 Contempla.
930 2943 983 3000 p_.
1028 2926 1135 2981 610
1168 2943 1181 2981 :
1364 2924 1432 2979 τὰ
1455 2922 1712 3000 -ἀδελ-φὰ.
1746 2926 1883 3000 μέρη
1935 2925 2175 3000 κᾳὶῌσργ

570 3004 660 3072 εγῆ
692 2993 1054 3072 harpag-(Spw
1083 2995 1351 3072 _‘{E'fdvt_16t
1381 2996 1470 3072 κᾳὶ
1520 2993 1880 3072 πρδογίτέτρόξ,
1908 2998 1995 3051 καὶ
2031 2993 2177 3072 and

570 3020 660 3066 ενη
692 3020 1054 3072 Λουτροφοροι
1101 3020 1351 3070 γεγονασι
1381 3020 1470 3049 και
1520 3020 1875 3071 ποοονιπτρα,
1908 3020 1995 3051 και
2031 3020 2175 3051 αΛΛα

532 3020 676 3142 ἔτλα
719 3073 824 3124 τῶν
874 3065 1300 3142 ἆῖιμοτὲρῳν,-ἆ
1340 3069 1477 3142 πρὸς
1516 3068 1611 3142 τᾲς
1658 3067 1709 3122 ἐν
1760 3064 1943 3142 σκότῳί
1985 3068 2175 3142 χρείας

536 3140 794 3217 ρπηρεςτέί
837 3136 1149 3217 -μᾶλλονίῇ
1200 3139 1295 3202 τὰς
1338 3136 1393 3192 ἐν’
1442 3139 1618 3217 cpio-cl;
1652 3142 1690 3195 i.
1722 3155 1772 3195 e.
1808 3157 1821 3195 :
1856 3163 1884 3190 «
1910 3136 2175 3217 Quorum

533 3215 645 3286 [sc._
675 3212 1145 3286 simulacrorum]
1181 3212 1463 3282 cognatae
1485 3216 1677 3283 partes
1725 3228 1913 3286 versis
1951 3213 2176 3286 suntin

534 3284 721 3341 serias
762 3292 817 3340 et
863 3284 1136 3355 pelluvia,
1169 3290 1492 3352 czeteraque
1538 3300 1678 3339 vasa
1722 3284 1962 3338 sordida
2018 3284 2177 3338 adbi-

535 3356 728 3412 benda
756 3356 996 3412 secretis
1047 3356 1272 3411 usibus.
1311 3378 1331 3406 ι
1370 3359 1592 3410 Desunt
1634 3355 1752 3410 hac
1782 3356 1842 3409 in
1874 3355 2173 3411 Rhenana.

535 3429 720 3571 H136)
755 3498 819 3553 Ut
850 3498 1077 3622 quisque
1109 3500 1286 3552 Deum
1313 3499 1401 3551 Ita
1432 3512 1500 3550 ex
1527 3499 1632 3550 Ms.
1666 3494 1832 3578 Fuld.
1868 3494 2175 3566 Rigaltius.

540 3573 615 3622 At
646 3567 979 3622 Latinius.R
1025 3568 1333 3622 en.Aldus.
1368 3565 1660 3622 Pamelius
1694 3572 1886 3622 uniter
1916 3568 2175 3622 malunt:

540 3565 624 3624 At
646 3565 1333 3634 Latinius,Rhen.Aldus,
1368 3565 1660 3623 Pamelius
1694 3567 1886 3623 uniter
1916 3565 2178 3623 malunt:

540 3663 569 3691 «
608 3640 682 3696 Ut
707 3640 793 3695 vel
826 3639 1021 3711 (prout
1053 3639 1256 3704 Aldus)
1287 3638 1536 3709 quisque
1584 3639 1890 3694 dominum
1925 3640 2184 3695 sanctio-

538 3729 661 3767 rem
718 3716 990 3782 expertus
1049 3717 1138 3765 est
1211 3712 1593 3765 domesticam
1646 3711 2091 3782 (necessitatem.
2154 3732 2182 3759 ››

541 3782 704 3847 Quod
735 3782 1003 3854 quamvis
1021 3783 1235 3837 bonum
1255 3788 1312 3854 et
1328 3788 1528 3851 aptum
1549 3781 1721 3837 faciat
1749 3782 2185 3852 sensum.longe

541 3852 1121 3936 tamen'Fuldnensem
1169 3853 1545 3936 scripturam.
1565 3854 1824 3936 prafero.
1859 3854 2110 3936 Viderat.
2129 3859 2186 3908 et

538 3925 863 3997 Scaligqui
897 3923 1611 3997 Dominumemendat.Ait
1638 3923 1792 3979 enim
1826 3942 2023 3980 revera
2054 3924 2185 3997 illos

539 3995 891 4067 cogndscere
925 3997 1067 4051 nihil
1102 3996 1211 4052 sibi
1247 3997 1379 4051 boni
1414 4012 1447 4051 a
1478 3996 1592 4050 diis
1619 3996 1751 4050 istis
1784 3995 2183 4067 accedere,qui

537 4069 747 4139 majori
782 4070 833 4123 vi
863 4069 1114 4135 subjecti
1146 4075 1305 4136 sunt,
1338 4067 1669 4122 necessitati
1720 4083 1929 4139 nempe
1959 4069 2183 4124 domes-

536 4141 683 4197 ticas.
720 4142 922 4212 itaque
955 4140 1239 4197 Martialis
1271 4139 1342 4194 ad
1395 4140 1672 4210 Priapum
1706 4156 1880 4194 suum
1914 4157 2032 4206 vm,
2066 4141 2135 4195 40
2167 4157 2181 4196 :

781 4239 895 4287 Non
932 4236 1073 4287 horti
1102 4249 1281 4300 neque
1318 4236 1552 4300 palmitis
1578 4236 1736 4296 beati,

778 4300 880 4349 Sed
910 4300 1017 4349 rari
1052 4298 1331 4358 memoris,
1354 4298 1563 4361 Priape,
1597 4303 1795 4354 custos.

778 4362 852 4411 Ex
878 4375 987 4424 quo
1017 4367 1177 4410 natus
1205 4376 1280 4417 es,
1311 4365 1363 4410 et
1397 4368 1553 4424 poles
1582 4361 1808 4424 renasci,

777 4423 1001 4474 Furaces
1031 4437 1228 4473 moneo
1259 4437 1453 4473 manus
1476 4423 1721 4485 repellas,

778 4487 842 4536 Et
869 4488 1056 4536 silvam
1089 4486 1293 4537 domini
1328 4485 1459 4536 focis
1492 4498 1747 4534 reserves.

777 4549 830 4599 Si
862 4549 1115 4599 defecerit
1144 4549 1268 4611 hoc,
1299 4552 1352 4597 et
1381 4549 1497 4613 ipse
1529 4548 1732 4611 lignum
1763 4560 1839 4596 es.

527 4638 653 4718 Huc
685 4637 925 4720 facit‘et
954 4636 1209 4720 Diagorae
1252 4636 1403 4720 illud
1440 4653 1703 4720 scpmma
1749 4636 1901 4720 apud
1937 4633 2181 4720 Epipha-

529 4712 693 4763 nium
727 4709 785 4763 in
837 4708 984 4764 libro
1015 4706 1366 4773 Ancoratus,
1403 4714 1466 4763 ut
1496 4709 1553 4763 in
1588 4706 1832 4780 penuria
1862 4706 2004 4777 ligni
2039 4707 2178 4761 Her-

528 4781 720 4864 culem
750 4796 921 4877 aluum
961 4781 1216 4877 ligneugi
1252 4783 1605 4877 OXCIUSBlEﬁt'
1627 4797 1729 4851 per
1759 4779 2175 4877 ludibriumlad
2212 4813 2257 4877 Β

527 4851 726 4924 ipsum
759 4850 904 4906 dixit
934 4867 948 4905 :
986 4860 1103 4923 Age
1152 4851 1449 4917 Hercules,
1483 4849 1775 4907 decimum
1819 4851 2060 4906 tertium
2091 4849 2178 4904 la-

527 4923 728 4978 borem
759 4924 1068 4978 subiturus
1099 4924 1648 4992 adesto,obsonium
1684 4923 1850 4979 nobis
1882 4928 2175 4978 cocturus.

526 4996 599 5051 Et
620 4995 980 5067 sane.inquit
1002 4994 1205 5066 Epiph.
1240 5002 1541 5066 acceptum
1568 4996 1761 5067 ipsum
1785 4994 1840 5048 in
1868 4992 2178 5067 scandulae

526 5066 677 5122 ﬁdit.
712 5063 1391 5135 perlindensproprium
1421 5063 1626 5130 Deum,
1660 5065 1815 5120 velut
1847 5066 1944 5135 qui
1982 5063 2179 5119 nullus

526 5143 766 5199 esset.et
793 5139 1057 5208 apposito
1090 5139 1168 5193 illi
1208 5139 1469 5207 prandio,
1505 5138 1757 5208 illudens
1808 5138 2176 5208 pascebatur.

528 5212 593 5281 In
626 5206 839 5265 Graeca
871 5206 960 5266 ed.
1001 5210 1168 5274 mihi,
1290 5212 1415 5265 512.
1449 5209 1566 5264 Οὐκ.
1612 5206 1868 5263 ακούουίσι
1916 5206 2017 5281 γᾉᾶρ
2051 5213 2177 5259 Δια-

568 5280 1074 5353 όροψβῐοηΑΜυε
1106 5279 1283 5337 habet
1314 5298 1327 5336 :
1364 5304 1389 5331 «
1428 5287 1493 5336 Et
1521 5282 1773 5353 quisque
1804 5279 2177 5353 dominum.»

568 5302 719 5353 ορου,
752 5302 1074 5349 810.,A1UUS
1106 5302 1283 5337 Παοει
1314 5302 1327 5336 ἶ
1364 5304 1389 5331 ί(
1428 5302 1493 5336 LI.
1521 5302 1773 5353 qumque
1804 5302 2130 5334 UOUHUUHI.
2152 5302 2177 5328 ι)

527 5302 843 5417 ὖοσιθιῑηε,
898 5352 1123 5409 Herald.
1156 5358 1213 5408 et
1264 5352 1321 5406 la
1365 5353 1544 5408 Cerda
1580 5369 1593 5408 :
1633 5373 1658 5404 (ι
1690 5352 1763 5408 Ut
1799 5352 2044 5421 quisque
2076 5352 2177 5405 do-

527 5426 726 5481 minus
775 5425 1128 5479 sanctiorem
1160 5440 1210 5478 e.
1242 5426 1298 5478 d.
1343 5442 1400 5478 n.
1437 5447 1464 5474 »
1496 5425 1608 5480 Sed
1659 5424 1852 5478 forsan
1906 5421 2042 5478 olim
2099 5423 2177 5476 ita

526 5497 813 5564 scriptum
846 5512 859 5551 :
895 5519 922 5546 (ι
957 5496 1029 5551 Ut
1057 5495 1305 5566 quisque
1340 5496 1615 5551 Dominus
1649 5494 1887 5557 Deum,»
1917 5493 2174 5548 etclixv.

600 5569 712 5637 (97)
741 5573 891 5636 Quas
920 5570 980 5623 in
1012 5568 1260 5623 hastario
1296 5566 1992 5638 vectigales/labenslpse
2022 5565 2124 5621 lib.
2161 5582 2176 5621 ι

527 5639 598 5694 ad
647 5639 904 5694 Nationes
962 5640 1188 5695 dixerat
1221 5656 1234 5693 :
1270 5636 1451 5703 Quos?
1484 5641 1541 5693 in
1600 5636 1926 5693 hastarium
1987 5654 2177 5709 reges-

533 5709 719 5782 sistis.
753 5710 1090 5767 Hastarium
1140 5710 1323 5782 igitur
1369 5715 1457 5767 est
1504 5710 1677 5782 Liber
1721 5708 2041 5775 bastarius,
2068 5708 2173 5765 seu

528 5779 907 5854 Tabularium
954 5788 1013 5839 et
1056 5779 1371 5854 Regestum
1419 5781 1872 5853 vectigaliorum,
1906 5798 2034 5854 quae
2065 5782 2176 5854 sub

534 5852 710 5909 ﬂusta
737 5860 792 5909 et
820 5870 953 5910 voce
982 5852 1265 5926 prmgdnis
1291 5852 1694 5927 quinquennio
1722 5852 1953 5928 quoque
1983 5853 2173 5911 addici

2294 1641 2765 1714 redemptoribus
2790 1642 3072 1698 solebant.
3109 1642 3203 1714 Sic
3220 1642 3405 1698 lorica:
3420 1643 3897 1700 conducebantur
3928 1664 3942 1702 :

2297 1716 2381 1770 sic
2413 1712 2602 1769 forum
2658 1714 2979 1787 olitorium,
3010 1712 3229 1787 etalia
3275 1713 3618 1787 hujnsmodi
3670 1715 3941 1787 publica:

2295 1802 2434 1870 nam
2455 1790 2514 1841 et
2540 1792 2790 1870 Serapea
2806 1789 2865 1870 et
2883 1785 3399 1870 Capitolia‘eodem.
3422 1787 3557 1855 jure
3588 1785 3940 1870 proscripta.

2294 1858 2557 1927 Denique
2587 1856 2697 1912 sub
2729 1858 2932 1912 eadem
2964 1856 3134 1912 hasta
3162 1856 3508 1928 Capitolium
3556 1856 3612 1913 et
3633 1856 3942 1916 Olitorium

2294 1929 2677 1984 addicebatur
2700 1929 2915 1999 petenti
2937 1929 3313 1999 redemptori.
3337 1930 3446 2001 Sed
3481 1929 3619 2001 quid
3652 1932 3945 1987 transibat

2295 2001 2366 2056 ad
2400 2001 2828 2071 redemptorem
2877 2017 2945 2056 ea
2987 1999 3361 2056 addictiuue?
3392 1999 3512 2057 Hoc
3541 2001 3830 2068 videlicet,
3882 2010 3945 2058 ut
4035 2012 4042 2018 '

2215 2079 2263 2144 Β
2293 2071 2518 2144 olitorio
2573 2071 2811 2144 foroin
2835 2071 3302 2144 quinquennium
3347 2072 3601 2141 addicto,
3632 2090 3702 2129 ex
3734 2074 3941 2130 merci-

2292 2141 2505 2226 moniis
2538 2159 2683 2226 quae
2713 2142 2857 2197 inibi
2891 2141 3012 2226 toto
3042 2159 3108 2224 eo
3129 2148 3405 2226 tempore
3444 2151 3943 2226 proponerentur,

2289 2218 2478 2270 certas
2499 2215 2684 2285 stipes
2707 2221 2974 2281 cogeret;
3008 2214 3301 2280 similiter,
3322 2214 3604 2285 Capitolio
3634 2217 3941 2281 conducto.

2286 2287 2870 2358 exigeretmercedes
2901 2301 3005 2357 pro
3036 2286 3108 2340 iis
3161 2292 3502 2358 quaenotat
3547 2288 3672 2357 ipse
3717 2288 3947 2344 Tertul-

2286 2356 2635 2431 lianus,_lib.
2670 2374 2689 2411 ι
2717 2356 2789 2431 ad
2819 2358 3275 2431 Natz'onesg;gcap.
3299 2357 3384 2423 10,
3420 2375 3522 2429 pro
3548 2356 3681 2431 solo
3715 2360 3940 2431 templi,

2287 2445 2391 2501 pro
2422 2428 2585 2483 aditu
2617 2429 2787 2501 sacri,
2824 2428 3278 2501 proistipitibus,
3312 2428 3635 2501 profostiis.
3672 2434 3797 2486 Rm.

2356 2501 2467 2570 (98)
2499 2502 2590 2554 Sic
2619 2499 2907 2572 olitorum.
2936 2500 3016 2555 ita
3048 2505 3201 2555 recte
3224 2499 3629 2571 Rigaltius,cui
3649 2500 3937 2572 astipula-

2284 2574 2384 2624 tur
2413 2577 2518 2625 Ms.
2554 2572 2613 2625 L.
2648 2572 2727 2634 b.,
2780 2580 2835 2624 et
2867 2571 2966 2626 lib.
2999 2571 3068 2626 ad
3116 2572 3235 2627 Nat.
3270 2578 3325 2625 et
3356 2572 3498 2627 edit.
3542 2571 3779 2636 Aldina,
3807 2574 3928 2637 alii,

2287 2663 2315 2691 «
2348 2641 2402 2696 Si
2434 2642 2805 2712 Capitolium,
2838 2643 2887 2695 si
2920 2643 3287 2698 olitorium.«
3314 2647 3521 2698 Totum
3554 2642 3710 2699 hunc
3740 2645 3933 2700 locum

2288 2713 2441 2786 male
2472 2719 2808 2785 perceptum
2839 2713 2924 2786 ab
2947 2714 3501 2786 lnterpretibus,qui
3534 2716 3734 2771 multis
3765 2716 3929 2771 insu-

2287 2784 2449 2852 dant,
2495 2790 2559 2838 ut
2615 2784 2851 2840 sensum
2912 2784 3188 2840 idoneum
3246 2784 3500 2851 eliciant,
3557 2786 3720 2843 solus
3778 2792 3929 2842 recte

2285 2855 2592 2939 explicavit
2649 2854 2919 2939 Nicolans
2972 2856 3510 2939 Rigaltiusnhquem
3553 2858 3717 2939 _vide.
3748 2857 3926 2939 Atqui

2286 2927 2682 2982 Tertullianus
2717 2927 2812 2982 hic
2869 2943 2984 2982 non
3028 2927 3099 2983 de
3158 2927 3489 2984 venditione
3537 2930 3779 2985 deorum
3832 2927 3925 2985 vel

2289 3004 2616 3071 statuarum
2661 3016 2729 3054 ex
2761 3000 2954 3070 praeda
2986 3007 3049 3071 et
3096 3000 3393 3054 manubiis
3422 3001 3680 3056 hostium
3735 3007 3926 3071 parta-

2288 3070 2661 3142 rumragit,ut
2691 3072 2953 3125 sumniat
2982 3070 3038 3125 in
3072 3071 3273 3137 Cerda,
3306 3073 3407 3127 sed
3441 3074 3513 3128 de
3542 3070 3930 3128 conductione

2287 3157 2390 3196 seu
2422 3140 2726 3215 locatione,
2760 3141 2914 3196 unde
2960 3141 3204 3215 vectigal
3248 3143 3369 3215 fisci
3404 3142 3621 3215 publici
3673 3146 3928 3215 augeba-

2286 3217 2399 3267 tur.
2433 3213 2661 3268 Scilicct
2709 3230 2822 3268 non
2876 3214 3251 3269 attenderunt
3293 3213 3419 3269 viri'
3448 3214 3601 3271 docti
3658 3213 3927 3271 eximiam

2289 3284 2655 3357 antiquitatis
2706 3283 2969 3339 notitiam
3024 3285 3193 3339 nobis
3231 3286 3321 3340 hic
3363 3286 3649 3357 indagari.
3684 3292 3827 3342 Nam
3873 3292 3937 3341 ut

2287 3356 2508 3426 ubique
2541 3357 2753 3428 omnia
2798 3360 2990 3428 Romae
3039 3362 3368 3411 statuarum
3422 3356 3588 3413 erant
3632 3357 3824 3428 plena,
3855 3358 3937 3413 ita

2209 3442 2253 3509 ρ
2292 3433 2359 3509 ut
2386 3426 2555 3509 quasi
2587 3426 3234 3509 alter‘po‘pulusesset,
3265 3426 3687 3509 adeoqu.e__non
3736 3431 3939 3509 imme~

2293 3496 2420 3571 ritoj
2457 3496 2555 3552 ille
2607 3499 2760 3569 apud
2817 3498 3146 3571 Petronium
3181 3500 3337 3554 dicat
3368 3517 3381 3555 :
3422 3496 3444 3550 ἆ
3478 3500 3688 3571 Utique
3737 3506 3940 3556 nostra

2293 3569 2450 3641 regio
2494 3574 2612 3624 tam
2669 3570 3055 3640 praesentibus
3113 3571 3281 3641 plena
3329 3576 3420 3626 est
3476 3569 3836 3634 numinibus.
3875 3577 3940 3627 ut

2293 3640 2521 3695 facilius
2553 3641 2741 3711 possis
2791 3642 2965 3695 deum
3015 3640 3188 3706 quam
3237 3643 3531 3698 hominem
3566 3645 3825 3699 invenire
3856 3659 3870 3707 ;
3908 3666 3937 3691 ιι

2294 3715 2755 3785 totquedeorum
2799 3715 2969 3775 aedes,
3004 3719 3068 3767 ut
3094 3720 3151 3768 et
3180 3714 3274 3769 hic
3307 3716 3591 3785 potuisset
3610 3715 3938 3771 exclamare

2290 3781 2588 3858 Graeculus
2613 3783 2711 3839 ille
2742 3800 2755 3837 :
2786 3785 2982 3840 Audite
3010 3785 3222 3855 templa
3243 3805 3266 3850 ,ο
3293 3781 3373 3840 ita
3397 3787 3741 3858 Capitolium
3775 3786 3936 3842 illius

2294 3856 2547 3910 maxime
2588 3860 2858 3911 ornatum
2908 3862 3052 3922 erat,
3085 3858 3238 3928 quod
3270 3874 3303 3911 ιι
3336 3856 3663 3928 publicanis
3710 3860 3933 3914 condu-

2293 3929 2554 4002 cebatur,
2602 3932 2666 3981 ut
2714 3944 2815 4002 pro
2869 3927 3026 4002 aditu
3075 3927 3246 4002 sacri,
3298 3927 3570 4002 prohsolo
3617 3929 3819 4002 templi
3876 3933 3938 4002 et

2296 3996 2612 4067 similibus,
2644 3999 2800 4054 unde
2851 3999 3032 4069 gratis
3061 4000 3201 4055 deos
3233 3996 3363 4054 non
3398 3998 3569 4056 licere
3616 3996 3787 4057 nosse
3833 4001 3935 4069 ait,

2293 4069 2523 4124 aedituis
2547 4076 2599 4142 ct
2616 4069 2960 4126 custodibus
2984 4072 3189 4141 ingens
3212 4073 3542 4142 proveniret
3568 4072 3936 4128 emolumen-

2293 4150 2438 4215 tum.
2471 4141 2691 4215 Eode‘m‘
2720 4142 2916 4212 itaque
2947 4144 3119 4198 modo
3150 4141 3224 4198 uti
3264 4143 3556 4215 olitorium
3589 4145 3801 4215 forum,
3834 4143 3935 4199 ubi

2293 4212 2839 4288 olera_vendebant,
2876 4215 3215 4288 petebatur,
3247 4214 3425 4270 etiam
3480 4212 3831 4288 Capitolium
3882 4219 3940 4271 et

2290 4282 2540 4354 templa:
2565 4300 2730 4340 sacra
2760 4282 3013 4341 maxime
3043 4285 3420 4342 licitabantur
3442 4287 3515 4342 ab
3545 4282 3677 4344 aliis
3706 4288 3763 4344 in
3785 4303 3939 4343 com-

2293 4356 2533 4428 modum
2566 4373 2739 4428 suum
2770 4359 2828 4411 et
2853 4356 3175 4428 publicum.
3210 4359 3345 4412 "AV.

2360 4427 2474 4497 (99)
2506 4426 2615 4481 Sub
2660 4426 2869 4482 eadem'
2896 4428 3074 4484 hasta.
3143 4431 3217 4484 lie
3266 4429 3568 4484 hastarum
3616 4433 3674 4483 et
3716 4428 3940 4485 auctio-

2292 4514 2435 4572 num
2467 4497 2687 4572 origine
2718 4515 2800 4572 (ac
2830 4499 2943 4572 ritu
2995 4501 3175 4572 videri
3210 4506 3461 4572 possunt
3511 4500 3837 4556 Alexander
3867 4503 3941 4554 ab

2288 4568 2619 4643 Alexandro
2656 4570 2750 4643 Ill,
2787 4571 2872 4643 16,
2900 4578 2958 4626 et
2989 4568 3223 4643 Junius
3265 4572 3559 4638 Rabirius,
3593 4574 3763 4643 cujus
3794 4572 3946 4628 liber

2290 4657 2358 4694 ex
2388 4641 2643 4713 editione
2690 4641 3024 4713 Parisiensi,
3072 4661 3209 4699 ann.
3268 4645 3424 4713 1554,
3457 4645 3512 4709 4,
3545 4641 3803 4700 insertus
3852 4648 3944 4699 est

2289 4716 2451 4767 tomo
2525 4712 2575 4764 V
2604 4712 2750 4779 Thes,
2783 4712 3074 4770 Granium.
3107 4714 3363 4770 Conferri
3404 4732 3535 4770 cum
3590 4716 3682 4771 his
3731 4715 3946 4771 debent

2287 4785 2462 4857 verba
2513 4800 2579 4838 ex
2634 4784 2738 4844 lib.
2770 4786 2839 4839 ad
2869 4787 2990 4841 Nat.
3024 4804 3063 4851 ι,
3100 4788 3185 4851 10,
3217 4803 3344 4857 quas
3394 4793 3577 4843 totum
3614 4789 3721 4842 hoc
3769 4785 3942 4843 unice

2288 4855 2647 4929 illustrantur
2674 4859 2803 4911 Jam
2841 4857 3091 4927 primum
3130 4855 3277 4929 quos
3303 4860 3359 4913 in
3393 4859 3717 4915 hastarium
3751 4874 3943 4927 reges-

2287 4925 2471 4992 sistis,
2490 4926 2819 5002 publicanis
2844 4925 3188 4995 Vsubditatis,
3220 4930 3379 4985 omni
3411 4925 3824 5002 quinquennio
3848 4930 3939 4984 in-

2286 5002 2377 5052 ter
2401 4998 2705 5073 vectigalia
2724 5005 2923 5073 (vestra
2945 4998 3624 5073 proscripto,adducitis:
3661 5002 3742 5057 sic
3772 5006 3938 5057 Sera-

2290 5071 2577 5142 peum.sic
2600 5071 3209 5142 Capitolium‘petitur,
3243 5075 3552 5141 addicitur,
3586 5074 3940 5129 conducitur

2289 5140 2562 5196 divinitas
2593 5140 2700 5196 sub
2750 5140 3135 5198 eadem'voce
3179 5148 3483 5213 praeconis.
3516 5140 3717 5200 eadem
3768 5162 3942 5200 exac-

2286 5215 2444 5267 tione
2478 5215 2803 5284 quasstaris.
2824 5238 2850 5262 »ι
2883 5215 2986 5270 Ubi
3012 5217 3239 5283 egregie
3258 5218 3432 5272 etiam
3457 5224 3593 5271 ante
3615 5217 3936 5287 Rigaltium

2288 5301 2653 5355 quaecunque
2684 5286 2798 5340 huc
2831 5288 3338 5355 pertinentdocuit
3360 5286 3744 5346 doctissimus
3763 5290 3941 5344 Jutus

2288 5357 2701 5433 Gothofredus,
2735 5360 3110 5433 ostenditque
3164 5362 3222 5433 in
3266 5360 3735 5433 quinquennium
3772 5378 3804 5416 a
3832 5377 3940 5431 pu-

2288 5427 2539 5482 blicanio
2575 5429 2753 5484 fuisse.
2776 5432 3153 5487 conductum.
3185 5427 3326 5488 HAv.

2356 5499 2433 5572 (1)
2469 5501 2677 5574 Circuit
2722 5516 3016 5572 cauponas.
3049 5503 3367 5560 Gentilium
3400 5501 3809 5574 turpissimum
3844 5500 3943 5556 lu—

2286 5570 2450 5648 crum
2474 5570 2701 5648 arguit,
2732 5570 2886 5648 apud
2921 5591 3071 5646 quos
3101 5578 3432 5632 sacerdotes
3462 5570 3696 5648 Cybeles
3723 5574 3942 5644 stipem

2285 5643 2549 5698 ostiatim
2581 5644 2908 5715 exigebant,
2941 5643 3097 5703 unde
3127 5655 3239 5707 sat.
3265 5665 3371 5704 vm
3403 5643 3698 5704 iuvenalis
3728 5663 3742 5702 :

2409 5758 2553 5828 inter
2580 5758 2872 5828 carniﬁces,
2904 5765 2957 5810 et
2985 5762 3163 5828 fabros
3194 5763 3630 5828 saudapinarum,

2408 5821 2472 5869 Et
2498 5822 2795 5885 resupinati
2829 5827 3091 5877 cessantia
3118 5821 3376 5891 tympana
3401 5827 3549 5877 Galli.
3616 5821 3624 5825 ’
3692 5827 3759 5877 Ls
3787 5825 3874 5876 Pa.
