4366 6346
298 347 411 407 401

1407 349 1449 400 Α
1468 345 1709 405 POLOG
1725 344 1996 407 ETICUS
2043 346 2141 405 AD
2158 348 2224 407 V.
2275 349 2611 410 GENTES.

3594 350 3710 406 402

292 477 632 534 mendicans
676 476 772 547 (2).
826 474 1069 547 Exigitis
1129 475 1453 530 mercedem
1502 478 1580 547 (3)
1634 478 1779 531 347
1835 486 2185 551 prerum
2235 481 2504 535 addicitis
2534 482 2600 531 ²¹.
2659 483 2907 551 Aceepte
2939 480 3127 535 ferent
3188 480 3268 534 dii
3327 482 3525 549 vestri,
3586 480 3702 535 imo

289 567 410 623 solo
464 565 689 637 templi,
742 582 843 637 pro
893 566 1051 618 aditu
1101 565 1349 635 sacri(/i)
1392 583 1404 631 ;
1463 582 1575 619 non
1627 566 1759 620 licet
1806 568 1944 621 deos

291 673 464 711 nosse
494 656 698 727 gratis,
730 653 960 709 venales
994 659 1151 709 sunt.
1186 655 1329 718 Quid
1365 654 1602 709 omnino
1638 656 1703 709 ad
1756 654 1944 710 hono-

290 747 507 800 randos
538 762 636 799 eos
671 744 884 807 facitis,
916 745 1067 813 quod
1098 760 1209 796 non
1243 743 1420 797 etiam
1456 745 1703 798 mortuis
1736 745 1942 801 vestris

287 833 653 889 conferatis?
704 833 857 887 aades
907 832 1169 903 proinde,
1213 848 1345 887 aras
1394 832 1635 903 proinde
1664 834 1725 887 ιθ.
1782 835 1941 889 Idem

286 923 527 979 habitus
558 929 615 977 et
644 921 903 993 insignia
947 921 1003 974 in
1036 921 1269 976 statuis.
1325 920 1394 975 Ut
1430 926 1591 986 aetas,
1628 925 1691 975 ut
1723 939 1841 989 ars,
1878 927 1940 977 ut

285 1012 587 1083 negotium
622 1009 835 1065 mortui
884 1010 1014 1078 fuit,
1050 1010 1129 1063 ita
1161 1010 1305 1064 deus
1353 1015 1458 1064 est.
1491 1010 1613 1073 Quo
1644 1011 1833 1065 differt
1865 1012 1936 1065 ab

280 1100 454 1172 epulo
496 1099 657 1155 Jovis
687 1100 766 1170 (5)
815 1098 1198 1164 silicernium,
1233 1115 1267 1152 a
1296 1098 1551 1169 simpulo
1580 1100 1623 1134 ²⁰
1653 1101 1803 1154 οὴιιθ.
1834 1098 1932 1170 (6),

278 1190 354 1243 ab
387 1188 701 1259 haruspice
732 1186 1089 1258 pollinctor?
1118 1202 1253 1241 nam
1286 1190 1343 1241 et
1366 1186 1657 1258 haruspex
1689 1188 1933 1243 mortuis

276 1282 521 1348 apparet
571 1276 671 1347 (7).
731 1276 841 1331 Sed
900 1275 1075 1346 digne
1130 1275 1583 1347 imperatoribus
1642 1276 1933 1332 defunctis

274 1366 555 1421 honorem
612 1363 885 1419 divinatis
942 1364 1173 1433 dicatis,
1233 1364 1451 1434 quibus
1500 1368 1556 1418 et
1602 1362 1931 1420 viventibus

2056 568 2529 637 gratulabuntur,
2563 569 2716 639 quod
2752 585 2917 639 pares
2940 568 3025 623 eis
3055 567 3199 622 fiant
3228 568 3451 623 domini
3485 568 3576 623 sui
3607 568 3703 639 (8).

2055 658 2162 711 Sed
2192 673 2324 712 cum
2360 658 2730 712 Larentinam
2762 658 2826 725 ",
2861 656 3163 727 publicum
3217 663 3502 724 scortum,
3532 656 3706 711 velim

2052 746 2260 801 saltem
2296 748 2531 801 Laidem
2579 752 2681 801 aut
2714 748 3003 818 Phrynen,
3037 747 3188 801 inter
3224 746 3487 801 Junones
3521 751 3577 801 et
3607 750 3705 801 Ce-

2050 852 2205 890 reres
2230 853 2294 889 ac
2328 836 2540 891 Dianas
2571 836 2867 901 adoratis;
2902 852 3034 889 cum
3086 836 3381 890 Simonem
3424 838 3703 907 Magnum

2050 926 2407 995 statua19)et
2440 925 2821 995 inscriptione
2852 924 3004 978 348
3038 924 3225 979 sancti
3260 923 3351 978 dei
3386 922 3704 995 inaugura-

2048 1012 2163 1078 tis;
2194 1030 2327 1067 cum
2347 1014 2417 1068 de
2448 1013 2799 1085 pwdagogiis
2821 1014 2865 1047 ³³
2887 1012 3094 1067 aulicis
3116 1012 3311 1067 nescio
3334 1028 3508 1081 quem
3534 1029 3701 1083 syno.

2047 1101 2103 1154 di
2128 1102 2174 1135 ²⁴
2203 1102 2378 1156 deum
2412 1104 2526 1173 (10)
2558 1102 2747 1157 facitis
2778 1120 2790 1157 :
2824 1101 2959 1156 licet
2991 1118 3105 1156 non
3137 1102 3456 1157 nobiliores
3486 1101 3568 1155 dii
3604 1116 3701 1155 ve-

2046 1193 2223 1258 teres,
2255 1195 2452 1245 tamen
2476 1190 2893 1246 contumeliam
2920 1207 2953 1245 a
2980 1190 3145 1245 vobis
3175 1190 3563 1260 deputabunt,
3588 1189 3698 1245 hoc

2043 1284 2100 1333 et
2129 1278 2260 1335 aliis
2290 1279 2549 1346 licuisse,
2582 1280 2730 1351 quod
2766 1278 2908 1336 solis
2939 1278 3262 1350 antiquitas
3294 1278 3620 1334 contulit".

1686 1474 1889 1533 Variae
1934 1472 2248 1535 lectiones.

346 1570 389 1605 ¹⁹
420 1570 586 1643 lEdes
618 1568 857 1641 perinde
889 1586 1047 1643 aras:
1075 1569 1257 1624 Paris.
1336 1569 1385 1643 ἕο
1416 1569 1587 1624 Rhen.
1621 1577 1671 1625 el
1721 1569 1908 1625 Geten.

2016 1572 2305 1642 .impuvio.
2385 1574 2427 1608 ²¹
2466 1573 2758 1643 Adjicitis,
2807 1573 2990 1628 Paris.
3066 1573 3112 1607 ²²
3159 1571 3347 1639 Βὴεη.,
3380 1570 3527 1638 Ald.,
3559 1572 3693 1627 δί’αά

271 1642 420 1711 liger
451 1659 463 1695 :
498 1642 848 1696 Larentiam.
888 1642 967 1711 Cf.
1000 1642 1222 1695 Minutii
1252 1642 1364 1696 Fel.
1396 1643 1518 1698 Oct.
1572 1658 1620 1696 c.

1822 1643 1869 1676 ³³
1896 1648 1999 1698 aut
2044 1644 2195 1698 addit
2247 1647 2425 1701 Paris.
2504 1646 2549 1679 “
2579 1646 2905 1715 Cincndum,
2954 1645 3182 1701 Semler.
3260 1645 3306 1679 ²⁵
3340 1649 3480 1701 Ηαυ.
3514 1660 3543 1699 e
3570 1644 3684 1700 cod.

268 1714 427 1769 Fuld.
458 1732 476 1768 :
505 1716 657 1785 quod
691 1714 800 1769 soli
831 1714 903 1769 ab
934 1716 1281 1783 antiquitate
1311 1720 1725 1784 praeceperant.
1762 1714 1880 1785 Βία.
1917 1732 1929 1768 :
1964 1723 2367 1787 perceperant.

1709 1823 2234 1883 Commentariun.

1709 1842 2174 1882 uommentarlu
2220 1869 2234 1883 .

446 1918 653 1987 Religio
685 1918 1020 2003 rpendimps.
1053 1916 1208 2003 .9011.
1244 1917 1392 1972 Mod.
1425 1918 1769 2003 religionem.
1805 1918 1915 1973 Lu-
1950 1922 1997 1987 B
2027 1842 2211 2003 gessi:
2250 1920 2623 2003 Kippin‘gius,
2680 1921 2873 2003 Antiq._
2897 1922 3053 2003 Regi.
3104 1938 3160 2003 p_.
3211 1921 3338 1990 209,
3370 1936 3526 2003 novas
3558 1918 3677 2003 edi-

263 1989 480 2045 oretius
514 2007 626 2045 non
661 1990 787 2046 sine
818 1990 1020 2045 aculeo
1053 1989 1154 2044 lib.
1191 2006 1252 2052 ιι,
1284 2006 1437 2044 vers.
1470 1991 1595 2044 62/1.

356 2113 510 2174 Ergo,
542 2127 662 2163 cum
694 2114 923 2177 primum
959 2125 1182 2175 magnas
1213 2112 1422 2177 invecta
1451 2126 1548 2174 per
1580 2113 1736 2162 urbes

355 2177 626 2225 Muuiﬂcat
656 2178 818 2226 tacita
852 2178 1103 2225 mortales
1134 2176 1302 2223 multa
1331 2176 1520 2233 salute,

350 2240 464 2287 Ere
494 2244 655 2301 atque
686 2246 905 2301 argento
934 2243 1183 2287 sternunt
1211 2241 1310 2287 iter
1336 2251 1494 2286 omne
1526 2239 1753 2298 varium,

352 2302 605 2364 Largiﬁea
634 2302 767 2364 stipe
799 2303 1049 2351 ditantes.

256 2413 463 2470 Noster
512 2432 717 2470 rursus
766 2432 816 2470 c.
868 2416 936 2469 42
969 2431 982 2469 :
1017 2437 1043 2463 ‹‹
1080 2418 1205 2468 Non
1254 2412 1408 2470 enim
1460 2414 1808 2481 sufficimus,
1854 2418 1910 2470 et

258 2485 621 2553 hominibus,
679 2494 737 2542 et
790 2486 903 2542 diis
958 2487 1165 2541 vestris
1220 2485 1688 2541 mendicantibus
1738 2504 1906 2558 opem

256 2558 425 2613 ferre.
465 2581 485 2607 ιι
520 2558 808 2613 Minucius
841 2576 896 2629 p.
929 2560 1019 2627 26,
1046 2580 1073 2609 (ι
1095 2558 1492 2613 Mendicantes
1515 2558 1745 2613 vicatim
1768 2560 1906 2627 deos

256 2631 520 2697 ducunt;
556 2652 583 2679 »
619 2630 715 2685 ubi
740 2631 865 2685 vide
900 2634 1269 2700 lnterpretes.
1298 2630 1460 2684 Hunc
1484 2636 1678 2685 tamen
1711 2630 1903 2686 locum

253 2700 503 2772 intelligi
535 2704 743 2758 debere
768 2720 877 2757 non
912 2702 981 2756 de
1002 2702 1480 2757 circumforaneis
1503 2703 1903 2757 sacerdotibus

253 2780 310 2828 et
343 2773 599 2828 ostiatim
636 2775 1000 2829 mendicante
1026 2774 1328 2845 religione,
1351 2776 1449 2829 sed
1473 2774 1542 2827 de
1564 2776 1904 2830 invitatione

252 2845 489 2917 publica
519 2847 589 2901 ad
647 2845 1017 2909 locationem,
1049 2846 1281 2917 abunde
1329 2846 1660 2900 ostenditur
1708 2847 1773 2917 in
1798 2846 1898 2900 lib.

246 2916 321 2971 ad
353 2920 482 2999 Nat.
519 2934 557 2985 1,
586 2918 769 2999 _10\:‘§<
802 2916 1457 2999 Negotiationreligion'e
1497 2916 1900 2999 proscribitur,

248 2990 533 3061 sanctitas
585 2988 934 3045 locationem
980 2988 1294 3044 mendicat.
1330 3011 1359 3039 »
1412 2988 1656 3044 Fallitur
1702 2988 1901 3061 itaque

245 3059 572 3115 Pamelius.
607 3066 754 3117 ΗΑν.

322 3132 401 3203 (3)
432 3134 673 3203 Exigitis
701 3132 1023 3187 mercedem.
1056 3131 1238 3195 Quam
1288 3130 1617 3203 publicanis
1652 3131 1900 3201 pendere

248 3220 488 3260 necesse
517 3209 663 3270 erat,
716 3222 851 3260 nam
901 3206 970 3259 de
1002 3203 1282 3259 locatione
1334 3208 1395 3257 ut
1427 3211 1666 3275 apparet
1695 3220 1764 3258 ex
1794 3203 1894 3257 lib.

242 3275 315 3329 ad
349 3276 542 3360 Nat},
578 3277 689 3360 10“:
725 3277 1046 3359 f<Majostas
1077 3275 1458 3360 constituitur
1481 3276 1892 3360 iniquipstu-m:
1926 3294 1967 3360 ο

243 3348 541 3419 negotiato
575 3347 870 3419 religione
904 3347 1307 3419 proscribitur,
1341 3348 1621 3403 sanctitas
1658 3347 1891 3402 locatio-

248 3436 384 3474 nem
439 3420 730 3475 mendicat
762 3437 774 3475 :
809 3420 1041 3491 exigitis
1074 3419 1397 3474 mercedem
1451 3436 1550 3491 pro
1582 3420 1704 3475 solo
1745 3424 1893 3473 tem-

246 3492 355 3562 pli,
388 3508 487 3561 pro
514 3493 674 3547 aditu
707 3493 880 3559 sacri,
916 3509 1018 3563 pro
1048 3492 1323 3563 stipibus.
1356 3508 1458 3563 pro
1489 3492 1719 3556 hostiis,
1753 3508 1893 3546 ven-

247 3564 390 3618 ditis
418 3569 601 3619 totam
634 3562 1020 3633 divinitatem,
1052 3579 1167 3618 non
1199 3562 1335 3618 licet
1358 3562 1486 3619 eam
1518 3566 1703 3635 gratis
1735 3564 1844 3619 coli
1880 3579 1892 3617 :

292 3635 385 3690 ius
415 3636 667 3706 denique
696 3636 1026 3707 publicanis
1058 3636 1341 3707 refigitur,
1373 3653 1550 3707 quam
1582 3635 1895 3692 sacerdoti-

292 3723 383 3761 us.
417 3730 445 3757 ››
493 3705 597 3762 Pro
628 3705 775 3763 sacri
826 3708 981 3779 Cod.
1017 3705 1186 3761 Fuld.
1232 3705 1675 3779 legit—sacrarii,
1706 3714 1761 3764 et
1793 3724 1896 3779 pro

245 3779 614 3845 honorandos,
648 3780 862 3834 ibidem
897 3778 1325 3833 inhonorandos.
1364 3780 1501 3833 Hav.

321 3851 397 3919 (4)
431 3853 536 3905 Pro
590 3850 749 3904 aditu
795 3851 964 3904 sacri.
1015 3849 1161 3913 Quid
1211 3848 1407 3920 itaque
1458 3851 1695 3911 mirum,
1747 3852 1795 3904 si
1842 3852 1899 3904 et

242 3922 438 3977 Judaei
482 3938 741 3977 annuam
776 3921 1112 3990 pensionem
1145 3920 1283 3974 dare
1332 3922 1512 3975 coacti
1550 3921 1765 3977 fuerint
1797 3938 1897 3991 pro

238 3993 376 4047 loco
427 3993 484 4044 in
540 4006 871 4062 quogsacra
920 4007 1023 4045 sua
1064 3991 1519 4062 transigebant?
1565 3994 1708 4047 Vide
1749 3992 1899 4046 infra

241 4079 378 4131 cap.
416 4062 479 4116 18
520 4063 590 4116 ad
625 4060 766 4117 illud
806 4060 1125 4130 :vecligalis
1174 4060 1317 4117 liber
1362 4062 1603 4131 scilicet,
1636 4068 1700 4119 ut
1726 4064 1895 4119 Juve-

242 4134 370 4191 nal.
403 4134 520 4189 Sat.
556 4149 639 4199 111,
677 4135 743 4189 15
775 4149 788 4186 :

344 4246 527 4311 Omnis
556 4248 695 4296 enim
728 4247 924 4310 populo
958 4247 1257 4296 mercedem
1290 4248 1523 4310 pendere
1557 4248 1709 4311 jussa
1737 4254 1833 4299 est.

344 4309 535 4368 Arbor,
566 4316 617 4359 et
646 4309 831 4374 ejectis
858 4312 1128 4360 mendicat
1154 4309 1305 4374 sylva
1330 4309 1605 4361 camenis.

244 4416 541 4491 Hendicatg
560 4422 728 4491 potes
758 4417 920 4487 dicit,
946 4422 1011 4472 ut
1040 4418 1248 4491 Noster
1270 4435 1443 4491 supra
1480 4437 1494 4476 :
1528 4418 1745 4475 Circuit
1767 4436 1900 4475 cau-

242 4506 436 4564 ponas
455 4489 668 4564 religio
700 4492 1060 4546 mendicans.
1099 4489 1299 4564 anAY.

321 4561 395 4631 (5)
427 4562 502 4615 Ab
552 4561 711 4633 epulo
758 4565 923 4630 lovis,
976 4567 1081 4617 etc.
1136 4562 1389 4633 Epulum
1441 4579 1603 4618 coma
1652 4566 1739 4617 est
1768 4561 1895 4617 Jovi

233 4633 368 4704 jam
400 4634 637 4729 grandi
683 4636 789 4729 dep
839 4651 1054 4729 sacra,L
1075 4633 1439 4729 silicepniu‘m
1492 4635 1720 4729 prgprie
1775 4638 1897 4729 terat
1930 4665 1974 4729 Β

243 4706 577 4778 convivium
612 4708 853 4762 funebre
893 4706 1134 4761 senibus
1176 4706 1523 4761 exhibitum.
1559 4706 1893 4778 Simpulum

240 4777 332 4849 vel
367 4776 730 4849 Simpuvium
782 4795 885 4834 vas
934 4782 1057 4834 erat
1101 4793 1214 4849 quo
1245 4778 1303 4833 in
1354 4779 1655 4833 sacriﬁciis
1692 4776 1894 4833 vinum

238 4847 508 4923 libatur,
547 4852 699 4907 obba
747 4867 878 4923 vero
932 4853 1054 4905 erat
1109 4847 1265 4923 vasis
1286 4850 1620 4923 gventricosi
1688 4867 1896 4923 genus,

246 4936 369 4992 quo
401 4920 513 4975 diis
544 4924 813 4977 manibus
846 4922 1144 4976 litabatur.
1180 4922 1254 4976 LE
1285 4921 1381 4977 Pa.

321 4991 399 5060 (6)
436 4998 470 5047 Α
506 4996 743 5064 simpulo
782 4996 942 5050 obba.
996 4993 1310 5062 Diligenter
1338 4993 1409 5065 de
1456 4992 1618 5049 hisce
1650 4996 1896 5065 egerunt

245 5062 622 5135 Interpretes.
672 5067 827 5122 Nihil
876 5066 1105 5120 differre
1153 5065 1236 5119 ait
1282 5064 1518 5136 epulum
1572 5062 1730 5122 Jovis
1769 5067 1892 5135 jam

245 5140 389 5190 natu
425 5138 662 5207 grandis
694 5156 726 5194 a
776 5137 1003 5193 funebri
1036 5152 1242 5191 senum
1295 5136 1575 5207 convivio,
1606 5154 1711 5193 nec
1757 5155 1897 5192 vasa

246 5210 305 5262 et
338 5209 613 5264 utensilia
645 5212 699 5265 in
724 5216 988 5281 utroque,
1016 5225 1119 5263 nec
1144 5209 1491 5278 ministeria,
1524 5228 1651 5281 quae
1684 5216 1897 5265 cuncta

245 5294 354 5356 suo
382 5281 622 5356 nomine
652 5283 928 5356 appellat.
982 5281 1259 5356 Dicebant
1289 5298 1422 5336 vero
1456 5299 1474 5356 :_
1508 5307 1527 5331 ι
1564 5282 1895 5356 Simpulum

244 5353 303 5425 et
334 5350 747 5425 _sin_1puvium','
777 5379 804 5405 ››
858 5354 1148 5425 quomodo
1195 5356 1283 5407 est
1327 5354 1478 5423 apud
1531 5350 1893 5409 Rhenanum.

246 5423 387 5496 [nde
422 5422 612 5481 forsan
645 5422 894 5487 diversa,
927 5426 1080 5496 quod
1112 5425 1217 5480 hoc
1250 5440 1317 5479 ex
1352 5422 1508 5493 ligno
1541 5433 1713 5491 esset,
1750 5426 1895 5480 illud

246 5493 447 5549 ﬁctile.
490 5498 733 5554 Nonius.
790 5521 817 5548 «
862 5493 1231 5568 Simpuvium
1283 5502 1371 5551 est
1400 5515 1499 5553 vas
1550 5499 1830 5569 ligneum.
1867 5520 1895 5547 »

246 5570 452 5643 F_estus
486 5585 498 5623 :
528 5594 555 5619 ‹‹
586 5571 919 5643 Simpulum
939 5586 1039 5624 vas
1064 5585 1302 5643 parvum
1322 5585 1437 5624 non
1458 5570 1743 5625 dissimile
1767 5588 1894 5641 cya-

249 5638 513 5714 th_o,_quo
544 5638 747 5698 vinum
775 5645 831 5697 in
853 5641 1157 5697 sacriﬁciis
1192 5640 1501 5714 libabatur.
1526 5666 1552 5691 ››
1572 5638 1892 5714 Apulerus:

253 5710 361 5787 -_In
383 5712 723 5787 hodiernum
743 5714 995 5787 populus
1014 5718 1310 5787 Romanus
1328 5713 1439 5769 diis
1462 5710 1896 5787 immortalibus

250 5781 507 5855 simpulo
538 5793 595 5844 et
623 5781 835 5845 catino'
862 5786 1026 5844 fictili
1057 5784 1366 5843 sacriﬁcat.
1401 5808 1430 5837 »
1463 5785 1723 5845 Plurima
1754 5804 1895 5845 con-

2027 1992 2223 2048 tionis.
2291 1995 2365 2047 De
2432 1993 2727 2048 Silicernio
2784 1992 2913 2048 vide
2969 1992 3258 2049 Donatum
3316 1992 3389 2047 ad
3446 1993 3675 2048 Terent.

2025 2064 2253 2136 Adelph.
2290 2082 2345 2135 p.
2377 2064 2500 2117 299.
2536 2065 2675 2119 ΗΑν.

2096 2133 2173 2207 (7)
2212 2133 2469 2208 Apparet.
2513 2137 2669 2208 ,Hinc
2717 2139 2876 2207 patet
2923 2134 3217 2208 quomodo
3264 2133 3375 2190 hoc
3426 2133 3669 2208 verbum

2025 2204 2231 2262 debeat
2278 2204 2457 2278 accipi
2508 2207 2565 2261 in
2600 2204 2774 2262 lib.'11
2823 2208 2896 2262 ad
2922 2204 3048 2261 Nat.
3079 2224 3127 2262 c.
3162 2207 3217 2272 5,
3250 2222 3424 2277 quem
3449 2204 3668 2278 locum

2024 2294 2141 2334 una
2166 2295 2339 2351 opera
2369 2277 2689 2334 emendabo
2721 2301 2747 2327 ‹‹
2782 2278 2885 2333 Cui
2920 2279 3066 2349 (deo)
3097 2277 3673 2351 apparerevideatur

2022 2348 2293 2406 universa
2311 2351 2627 2420 negotiatio
2652 2351 2947 2405 mundalis
2968 2348 3312 2420 proveniens
3331 2350 3399 2403 ad
3426 2348 3671 2403 humani

2019 2423 2250 2493 generis
2301 2420 2636 2489 utilitatem,
2687 2428 2811 2476 et...
2861 2438 3052 2476 onem.
3089 2441 3117 2470 η
3168 2420 3413 2493 Supplet
3444 2420 3667 2493 ,Golho-

2020 2492 2216 2549 fredus
2270 2510 2363 2549 seu
2418 2495 2833 2549 accessionem?
2887 2509 2992 2563 ego
3048 2509 3181 2547 vero
3234 2502 3285 2547 et
3337 2492 3610 2563 lesionem
3640 2494 3665 2545 .9

2016 2565 2237 2621 Docent
2266 2565 2322 2620 id
2357 2582 2481 2637 qure
2517 2566 2865 2637 prazcedunt,
2890 2562 3025 2637 quas
3059 2568 3408 2637 sequuntur.
3440 2562 3576 2637 Hav.

2089 2639 2163 2708 (8)
2199 2634 2425 2692 Domini
2454 2634 2561 2692 sui.
2598 2636 3073 2690 Admirabiliterl
3121 2635 3236 2705 Ipsi
3269 2636 3434 2708 enim
3450 2635 3573 2708 jam
3611 2634 3669 2687 in

2016 2706 2327 2763 numinum
2360 2709 2622 2763 ordinem
2648 2709 3013 2775 rediguntur,
3039 2707 3137 2777 qui
3164 2712 3296 2761 ante
3328 2710 3383 2760 et
3407 2706 3520 2777 diis
3551 2706 3667 2759 im-

2014 2782 2317 2852 perabant,
2384 2785 2442 2836 et
2502 2780 3008 2842 faciebant,deos.
3060 2776 3370 2845 Manilius,
3427 2776 3528 2831 lib.
3588 2793 3665 2847 ιν,

2013 2854 2083 2909 de
2114 2856 2263 2924 Aug.

2103 2950 2221 2998 Jam
2252 2950 2378 2999 facit
2406 2950 2517 3012 ipse
2550 2951 2705 3011 Deos,
2729 2949 2996 3010 mittitque
3029 2946 3092 3012 ad
3123 2948 3297 3012 sidera
3328 2959 3530 2995 numen

2104 3012 2291 3075 Majus,
2324 3018 2376 3061 et
2402 3010 2639 3074 Augusto
2670 3010 2858 3060 crescit
2887 3012 2985 3060 sub
3018 3010 3257 3073 principe
3286 3022 3489 3058 numen

2011 3100 2082 3154 ob
2109 3102 2604 3180 consecrationem
2637 3099 2751 3153 divi
2782 3097 2930 3180 Juli‘i‘
2952 3124 2990 3180 ;_
3017 3114 3190 3180 quem
3224 3097 3361 3180 hinc
3388 3100 3660 3180 formato-‘-

2008 3188 2125 3227 rem
2172 3188 2445 3242 puparum
2498 3172 2693 3225 ridens
2743 3170 2999 3241 appellat
3040 3168 3359 3241 imperator
3406 3168 3560 3224 idem
3602 3173 3661 3224 et

2012 3242 2396 3315 philosophus
2427 3243 2698 3297 Julianus
2728 3242 2782 3315 in
2817 3242 3161 3315 Cassaribus,
3196 3242 3661 3315 quodquemad-

2007 3312 2261 3370 modum
2298 3314 2500 3385 plastas
2552 3314 2870 3386 nymphas,
2908 3313 2991 3386 ita
3033 3312 3130 3386 ille
3179 3313 3319 3386 deos
3360 3312 3656 3386 formarat.

2006 3387 2192 3458 Impia
2222 3384 2473 3458 quoque,
2507 3384 2622 3458 sed,
2656 3384 3019 3458 diisgtalibus
3049 3384 3247 3458 digna
3274 3384 3518 3440 Neronis
3552 3401 3661 3439 vox

2006 3456 2159 3530 apud
2194 3456 2472 3513 senecam
2507 3458 2563 3512 in
2597 3456 2833 3512 Octavia
2856 3473 3005 3511 vers.
3036 3457 3159 3511 450.

2100 3547 2266 3598 Stulte
2296 3548 2536 3605 verebor,
2568 3547 2681 3609 ipse
2716 3560 2837 3596 cum
2870 3544 3058 3595 faciam
3089 3544 3238 3594 deos.

2006 3636 2209 3764 glaud.
2244 3637 2475 3693 boletum
2520 3638 2772 3692 innuens.
2808 3634 2936 3690 Ald.
2990 3651 3092 3706 pra
3116 3636 3219 3705 fer.
3255 3632 3390 3689 hab.
3421 3635 3652 3705 ferrent.

2056 3726 2147 3763 av.

2056 3726 2147 3763 AV.

2078 3781 2154 3851 (9)
2187 3780 2462 3835 Eamdem
2508 3782 2763 3834 statuam
2816 3782 3237 3833 commemorat
3267 3776 3324 3831 S.
3357 3774 3651 3851 Justinus.

2006 3847 2159 3922 Apol.
2214 3869 2253 3919 1,
2299 3853 2390 3920 26,
2443 3852 2620 3906 etiam
2666 3868 2715 3905 c.
2748 3851 2861 3915 56.,
2914 3864 3167 3922 eumque
3216 3847 3652 3922 prazter_tEu_se-

2006 3919 2168 3979 bium
2201 3919 2385 3979 secuti
2417 3930 2554 3978 sunt
2582 3924 2852 3989 irenaeus,
2885 3920 3015 3975 Adv.
3048 3927 3246 3985 haeres,
3280 3936 3318 3985 1,
3352 3935 3400 3974 c.
3432 3919 3575 3985 23,§
3607 3919 3647 3984 Ι,

2008 4012 2064 4064 p.
2112 3996 2199 4049 99.
2262 3996 2351 4049 sd.
2412 3996 2689 4051 Maesuet.
2751 4024 2817 4033 —
2874 3991 3017 4048 Coll.
3077 3993 3356 4064 Clement.
3416 3990 3647 4064 Recogn.

2008 4060 2069 4138 ιι,
2121 4083 2169 4120 c.
2218 4067 2272 4138 9.
2317 4095 2388 4138 7-
2439 4066 2631 4138 Cyrill.
2683 4066 2905 4121 Hieros.
2952 4060 3180 4138 C_atech_.
3234 4079 3308 4131 v1,
3358 4077 3407 4115 c.
3447 4062 3548 4138 14.
3582 4090 3649 4138 -έ

2009 4137 2185 4193 Alios.
2215 4137 2402 4208 Hujus
2432 4131 2514 4193 rei
2546 4138 2940 4192 narrationem
2964 4134 3271 4191 defendere
3293 4131 3481 4188 conati
3509 4134 3652 4208 sunt

2008 4206 2330 4274 Thiribius',
2389 4214 2660 4265 Marunus
2721 4208 2967 4275 (Prasfat.
3030 4222 3114 4274 ιιι,
3172 4222 3227 4276 p.
3288 4220 3487 4259 Lxxxv1
3537 4206 3650 4276 sq.)

2008 4279 2268 4334 Baunius
2298 4284 2355 4334 et
2386 4298 2498 4351 praa
2554 4281 2777 4335 caeteris
2831 4276 3146 4351 Fogginius
3176 4275 3273 4351 (De
3298 4276 3571 4351 Romano
3586 4275 3648 4351 DL

2007 4354 2161 4405 Petri
2190 4345 2466 4407 itinere-el
2511 4356 2841 4423 episcopatu.
2888 4345 3144 4423 Florent.
3182 4345 3337 4423 1741.
3372 4348 3437 4423 lt;
3460 4363 3514 4416 p.
3545 4345 3653 4398 247

2007 4423 2109 4492 sq).
2144 4453 2211 4462 ——
2242 4417 2726 4503 contradixerunt
2769 4422 3039 4486 Grabius,
3071 4436 3180 4474 van
3212 4417 3350 4473 Dale
3380 4418 3473 4489 (De
3499 4432 3648 4469 orae.

2006 4494 2130 4548 velt.
2169 4494 2533 4558 ethnicorum,
2572 4496 2665 4550 ed.
2714 4498 2747 4548 2
2792 4491 3110 4547 Amstelod.
3160 4491 3318 4558 1700,
3349 4490 3401 4555 4,
3454 4505 3512 4558 p.
3544 4488 3651 4541 579

2006 4531 2747 4641 ἔέἱῇ.ᾖ”ὲ’ἷῖιῖἒᾈέ’ὶὶ.⁹ρῗ’ρῗ
2769 4531 3322 4641 θὲἒέᾆέῗῖξᾳιῖίὶιῖιῖἑ
3350 4531 3647 4641 saeuiat

2089 4631 2339 4692 —'-'Anno
2388 4631 2546 4706 1574,
2595 4631 2765 4707 lapis,
2800 4631 3008 4707 statuai
3043 4631 3194 4689 'olim
3231 4631 3518 4707 basisLin
3554 4631 3648 4685 in-

2005 4707 2133 4763 sula
2166 4708 2442 4765 Tiberina
2470 4727 2499 4765 e
2530 4704 2842 4764 ruderibus
2872 4706 3119 4761 effossus
3147 4709 3237 4760 est
3266 4704 3403 4775 (vid.
3440 4704 3648 4759 Baron.

2004 4782 2204 4835 Annal.
2238 4782 2330 4835 ad.
2367 4799 2500 4836 ann.
2554 4782 2641 4845 44,
2698 4784 2840 4834 tom.
2876 4783 2918 4845 Ι,
2970 4778 3170 4833 Colon.
3227 4778 3379 4831 1625.
3414 4793 3469 4847 p.
3521 4776 3647 4845 363,

2002 4868 2109 4922 seq.
2138 4869 2151 4917 ;
2184 4852 2316 4908 coll.
2338 4853 2743 4909 Montefalcon.
2766 4851 3239 4913 Diariumilalic.,
3260 4852 3393 4922 etc.,
3425 4865 3477 4918 p.
3496 4847 3645 4922 26S),

2004 4918 2178 4979 haece
2201 4930 2433 4982 notatus
2453 4925 2831 4982 inscriptione
2854 4924 3105 4977 :Semoni
3130 4926 3336 4978 Sancto
3368 4921 3470 4975 Dco
3498 4918 3649 4974 Fidzo

2006 4943 2178 4979 nacce
2201 4943 2433 4982 noratus
2453 4943 2625 4980 inseri
2678 4943 2831 4978 tione
2854 4943 3103 4977 :semom
3130 4943 3336 4978 oancw
3368 4943 3470 4975 ucu
3498 4943 3649 4974 rzaw

2006 5013 2245 5072 sacrum,
2308 5002 2417 5054 etc.
2459 4943 2670 5072 _(apudJ
2701 4998 2929 5060 Gruter,
2952 4996 3207 5072 _Inscrip.
3257 4993 3651 5072 antiqL‘totius

2008 5070 2152 5123 orbis
2200 5071 2354 5123 Rom.
2407 5063 2498 5124 ed.
2538 5063 2728 5123 'Graav.
2782 5072 2901 5121 tom
2952 5066 2995 5129 Ι,
3029 5084 3085 5138 p.
3137 5063 3282 5132 icvn,
3328 5082 3386 5119 11.
3420 5064 3497 5132 5).
3539 5063 3650 5138 _IIic

2005 5141 2178 5196 Semo
2206 5142 2313 5196 dici
2348 5143 2520 5198 etiam
2556 5144 2781 5212 poterat
2810 5139 2992 5203 Simo,
3021 5134 3097 5212 int
3129 5154 3279 5209 serpe
3309 5134 3649 5212 Mercurius,

2006 5213 2265 5276 Camina,
2299 5204 2568 5277 Gimina;
2588 5214 2661 5267 al.
2711 5217 2931 5265 Sancus
2962 5204 3067 5281 (vel
3104 5204 3353 5275 Sangus,
3392 5212 3455 5261 ut
3498 5204 3650 5281 apud

2007 5284 2235 5339 Gruter.
2272 5302 2309 5349 1,
2344 5302 2392 5339 c.
2428 5303 2486 5339 11.
2519 5276 2574 5350 6,
2606 5290 2660 5340 et
2691 5276 2977 5347 Sanctus,
2999 5288 3059 5337 ut
3090 5282 3230 5337 Ovid
3257 5283 3398 5335 Fast.
3422 5295 3500 5330 v1.
3524 5276 3647 5331 213.

2007 5355 2121 5425 sq.)
2172 5356 2522 5413 Sabinorum
2577 5362 2701 5411 erat
2751 5361 2899 5410 Deus
2948 5354 3043 5424 (cf.
3097 5353 3238 5408 Ovid
3268 5369 3311 5425 ι,
3361 5367 3415 5402 v.
3460 5350 3565 5401 217
3598 5350 3655 5425 et

2008 5423 2271 5483 Laetant.
2322 5430 2523 5484 lnslill.
2576 5431 2753 5485 divin.
2806 5445 2846 5489 1,
2897 5423 2961 5479 c.
3003 5427 3085 5486 15,
3126 5424 3213 5478 ed.
3267 5423 3340 5475 Le
3394 5425 3544 5473 Brun
3596 5423 3653 5471 et

2007 5498 2273 5554 Dufresn.
2309 5506 2451 5556 tom.
2486 5502 2552 5570 Ι),
2588 5502 2687 5571 qui
2721 5497 2903 5570 pactis
2926 5501 2981 5551 et
3012 5495 3324 5572 fmderibus
3358 5492 3652 5572 praeerata

2008 5572 2323 5627 sanciendo
2370 5562 2561 5627 dictus
2590 5562 2621 5639 ;’
2656 5562 3008 5639 quapropter
3038 5566 3214 5620 etiam
3268 5570 3417 5639 Deus
3451 5562 3651 5617 Fidius

2006 5643 2194 5769 gavid.
2230 5662 2269 5714 1,
2298 5646 2525 5769 v.E213;
2579 5635 2637 5699 et
2667 5635 2898 5698 Gruter.
2928 5655 2986 5704 n,
3016 5638 3124 5707 cc.)
3158 5635 3584 5711 appellabatur,
3618 5651 3651 5689 a

2028 5733 2041 5769 1
2091 5732 2140 5769 θ.
2407 5732 2498 5769 nn.

2028 5716 2140 5770 ide.
2362 5716 2498 5771 Enn.

2078 5785 2187 5859 (10)
2221 5786 2428 5857 Synodi
2454 5786 2632 5843 deum.
2664 5781 2767 5839 Vel
2796 5780 2935 5837 hinc
2975 5780 3315 5852 praestantia
3340 5797 3452 5838 ms.
3484 5780 3548 5837 L.
3582 5781 3647 5836 B.
