4366 6344
329 289 450 348 405

1443 288 2035 347 APOLOGETICUS
2080 289 2259 347 ADV.
2309 289 2636 349 GENTES.

3626 290 3745 347 406

330 435 437 474 nec
470 418 700 473 tertiam
734 420 955 487 partem
991 416 1047 470 in
1075 433 1235 471 aram
1279 417 1407 487 ejus
1457 416 1779 484 imponitis.
1834 419 1978 472 Lau-
2009 424 2063 489 Α
2089 418 2309 489 Jovem,
2348 437 2417 474 ne
2441 420 2706 474 eamdem
2730 418 2841 472 vim
2878 436 2910 474 a
2959 418 3180 473 caateris
3227 417 3516 473 caelitibus
3566 434 3744 490 expe-

332 508 405 562 do
440 508 483 541 ³⁷
518 506 705 577 magis
738 506 1245 577 sapientem,quod
1281 508 1350 560 de
1382 508 1604 577 perdito
1630 508 1742 579 (45)
1766 506 1983 576 aliquid

330 597 562 669 eripitis
594 598 656 652 ³⁸.
686 596 797 650 Sed
833 613 1151 651 conversus
1182 597 1250 650 ad
1287 596 1511 651 litteras
1561 602 1805 663 vestras,
1855 596 1985 667 qui-

331 686 442 743 bus
469 684 867 741 informamini
893 684 962 739 ad
987 686 1132 741 351
1164 685 1529 754 prudentiam
1551 690 1606 740 et
1627 687 1694 740 ad
1723 686 1986 740 liberalia

332 776 773 845 officia,quanta
793 772 1319 828 invenioludibrial
1355 774 1656 829 deosinter
1676 791 1736 829 se
1752 779 1986 845 propter

332 866 612 933 Trajanos
666 868 722 919 et
752 862 1001 917 Achivos
1060 866 1123 917 ut
1179 862 1567 933 gladiatorum
1630 864 1790 934 paria
1847 880 1983 918 con-

334 970 570 1026 gressos
593 953 963 1023 depugnasse
990 975 1003 1017 ;
1027 950 1308 1006 Venerem
1335 952 1593 1005 humana
1612 952 1825 1022 sagitta
1848 968 1981 1006 sau-

334 1042 571 1109 ciatam,
591 1040 747 1112 quod
772 1038 960 1093 tilium
993 1043 1400 1094 suusznean
1434 1056 1581 1111 pene
1612 1040 1983 1095 interiectum

334 1132 407 1187 ab
439 1131 641 1187 eodem
677 1128 949 1183 Diomede
978 1144 1181 1200 rapere
1222 1128 1395 1183 vellet
1434 1130 1479 1163 ²⁰
1512 1146 1525 1196 ;
1577 1129 1819 1184 Martem
1873 1134 1985 1184 tre-

333 1220 522 1276 decim
570 1218 874 1275 mensibus
924 1218 982 1272 in
1024 1216 1277 1272 vinculis
1329 1234 1472 1289 pene
1522 1224 1982 1289 consumptum;

2094 508 2509 579 riretur,opera
2539 508 2848 578 cujusdam
2883 508 3130 562 monstri
3166 508 3566 573 liberatum,et
3590 524 3744 562 nunc

2096 597 2324 652 ﬂentem
2368 597 2688 669 Sapcdonis
2738 614 2961 661 casum,
3018 614 3172 651 nunc
3241 598 3381 652 ἷεεάο
3430 598 3742 652 subantem

2094 688 2247 743 352
2262 688 2317 742 in
2335 705 2588 743 sororem
2607 687 2714 742 sub
2730 686 3452 741 commcmorationcmnon
3470 686 3548 741 ita
3563 686 3744 741 dilec-

2094 780 2286 831 tarum
2310 777 2666 848 jampridem
2701 777 3023 830 amicarum
3052 776 3160 847 (t6)
3182 776 3207 829 ?
3232 776 3447 830 Exinde
3470 776 3603 846 quis
3628 793 3741 830 non

2098 871 2265 935 poeta
2296 882 2363 919 ex
2395 865 2711 920 autoritate
2766 864 3045 935 principis
3096 864 3189 919 sui
3238 865 3620 919 dedecorator
3653 866 3741 920 in-

2097 953 2715 1008 veniturdeorumPHic
2731 952 3099 1024 Appollinem
3112 953 3354 1007 Admeto
3369 953 3487 1025 regi
3505 969 3743 1025 pascen-

2097 1042 2187 1096 dis
2220 1043 2527 1113 pecoribus
2559 1042 2775 1096 addicit
2803 1043 2936 1111 (17),
2970 1040 3066 1097 ille
3096 1044 3346 1113 Neptuni
3397 1044 3741 1098 structorias

2097 1146 2308 1202 operas
2335 1130 2712 1187 Laomedonti
2752 1130 2926 1186 locat.
2991 1132 3089 1186 Est
3145 1135 3202 1185 et
3253 1130 3370 1186 illis
3418 1132 3489 1185 de
3546 1132 3743 1202 lyricis

2098 1218 2439 1291 (Pindarum
2471 1219 2643 1291 dico),
2685 1218 2785 1292 qui
2833 1218 3236 1291 Aisculapium
3283 1220 3441 1275 canit
3489 1220 3740 1275 avaritia:

1753 1353 1955 1413 Variae
1994 1352 2317 1417 lectiones.

398 1481 442 1514 ³⁷
476 1479 747 1535 Laudabo
778 1478 945 1534 Seml.

1052 1479 1095 1513 ³⁸
1126 1478 1450 1550 Descriptis
1478 1480 1606 1534 Jun.
1686 1478 1732 1512 ³⁸
1766 1478 1887 1535 Cod.
1924 1479 2079 1535 Fuld.
2115 1498 2127 1535 :
2162 1496 2295 1535 cum
2329 1479 2516 1534 {ilium
2552 1496 2727 1535 suum
2759 1480 3020 1548 Elaeam,
3068 1497 3138 1535 ne
3183 1480 3619 1536 interimeretur
3652 1498 3741 1535 ra-

328 1569 463 1624 pere
494 1552 794 1607 voluisset.
825 1552 959 1619 Quae
980 1550 1282 1615 Scriptura?
1309 1552 1602 1607 diversitas
1650 1554 1816 1606 movit
1850 1552 2173 1622 Rigaltium,
2207 1563 2267 1608 ut
2306 1553 2428 1609 ha’c
2458 1553 2619 1608 verba
2664 1556 2890 1621 prorsus
2940 1554 3163 1619 deleret,
3204 1553 3326 1608 Haec
3375 1554 3537 1608 habet
3583 1552 3737 1607 Mser.

324 1626 494 1680 codex
524 1624 664 1679 Bibl.
700 1625 833 1695 Reg.
858 1625 1037 1679 Paris.
1069 1624 1231 1679 2616.

1774 1740 2297 1802 Commentarius.

328 1881 669 1930 PERFICIASQ.
714 1880 999 1920 οεονΜΑυι.
1040 1882 1129 1920 VT.
1174 1881 1383 1920 FACIAT.
1446 1882 1626 1920 νεηιιε.
1690 1881 1972 1920 RATIONIS.
2007 1874 2054 1939 B

332 1953 568 1999 PROQVE.
612 1953 740 1992 HOC.
781 1953 979 1999 ADQVE.
1022 1952 1222 1993 Αωειε.
1264 1953 1445 1991 DONIS.
1489 1954 1611 1992 ΒΕΘ.
1668 1954 1854 1992 DIGNA.
1897 1954 1977 1991 Ml

333 2026 523 2064 BENTI.

402 2082 792 2160 Sumptuosus
822 2083 975 2160 certe
1007 2079 1305 2160 l_)eus,ﬁqui
1340 2082 1460 2160 tam
1494 2081 1701 2160 grandi
1736 2080 1975 2160 dispen-

331 2152 427 2205 dio
459 2150 564 2205 coli
602 2167 836 2206 necesse
871 2152 1137 2207 habebat.
1172 2152 1353 2215 Quam
1387 2152 1446 2205 in
1474 2150 1594 2206 rem
1617 2150 1980 2223 elegantissi-

330 2223 411 2277 mi
444 2223 620 2277 simul
652 2228 708 2277 et
738 2224 1097 2279 veracissimi
1129 2240 1329 2279 versus
1357 2229 1499 2279 sunt
1546 2223 1834 2295 Antipatri
1874 2224 1980 2278 Au-

329 2294 591 2365 !hologia:
622 2295 770 2350 libro
803 2311 842 2350 ι.

329 2413 583 2490 Εὕχολος
612 2416 887 2491 Ἑρμείας,
924 2416 967 2469 ὧ
998 2414 1271 2491 neruine.
1306 2414 1359 2470 ἐν
1480 2416 1711 2490 γάλακτι

325 2486 566 2563 Χαῖρῳνε
592 2486 685 2563 καῖ
718 2487 918 2563 δρυξνῳ
946 2486 1311 2563 σπενδόμενος
1338 2486 1535 2563 μέλιτί.

330 2508 422 2545 λαὶ
467 2510 559 2552 ων,
592 2509 677 2542 xa:
718 2508 918 2563 oputh
946 2508 1307 2559 σπενοομενος
1338 2508 1535 2558 μεΛιτι.

330 2508 484 2651 ἰξλὲ’
515 2561 622 2651 οὐχ
650 2558 969 2651 Ἠρακλέης
1003 2557 1097 2650 ἕνα
1127 2558 1183 2651 ξὲ
1204 2558 1415 2651 αἰτίλον,
1450 2560 1482 2629 ἢ
1517 2559 1697 2635 παχὺν
1740 2558 1872 2635 ἄρνα

324 2633 498 2699 Atrei,
529 2625 622 2705 καῖ
648 2625 861 2705 πᾶντῳν
892 2625 944 2687 ἓν
980 2632 1108 2705 θύος
1140 2625 1434 2705 ἐκλέγεταί.

330 2704 509 2779 Ἀλλὰ
539 2704 734 2779 Micon;
770 2701 953 2779 ei’pyst'
990 2701 1245 2779 Tingere
1276 2701 1543 2779 “altanus?
1571 2704 1631 2757 τὸ
1663 2702 1937 2779 φυλαχθὲν

324 2776 613 2849 ”Ολλυται,
649 2774 753 2830 εἴτε
779 2774 987 2844 ltitiam,
1022 2774 1118 2839 εἴθ’
1153 2776 1254 2829 ὑπὸ
1283 2780 1378 2829 τοῦ
1405 2774 1665 2850 φύλακος.

329 2905 549 2958 Versus
571 2902 799 2957 Graecos
832 2901 939 2956 hoc
973 2902 1146 2957 modo
1177 2900 1470 2971 eleganter
1517 2900 1810 2972 Josephus
1840 2904 1979 2956 Sca-

331 2974 477 3044 tiger
509 2974 746 3030 Latinos
780 2974 913 3028 fecit
944 2989 957 3029 :

456 3072 766 3133 Mercurius,
799 3071 969 3134 pueri,
1004 3071 1226 3134 minimo
1257 3069 1545 3134 placabilis,
1580 3070 1668 3118 illo

459 3135 628 3193 Lacte,
663 3135 745 3183 vel
778 3137 971 3196 agresti
1004 3134 1159 3182 melle
1192 3133 1375 3181 litatus
1405 3133 1522 3181 erit.

456 3197 571 3244 Non
603 3198 677 3245 sic
710 3195 919 3245 Alcides
950 3209 961 3245 :
996 3198 1132 3245 aries
1163 3200 1256 3245 aut
1288 3210 1514 3257 magnus
1548 3195 1763 3256 opimus

463 3261 724 3320 Poscitur,
758 3264 851 3308 aut
881 3260 1061 3321 aliquo
1092 3260 1157 3308 de
1189 3272 1347 3322 grege
1378 3262 1512 3307 lecta
1540 3272 1720 3320 pecus.

460 3323 602 3371 Dicis
639 3326 692 3371 at
722 3323 810 3370 ille
842 3322 994 3384 lupos
1025 3328 1193 3385 ercet,
1222 3322 1613 3385 quasireferat,
1645 3324 1824 3385 utrum

444 3385 661 3447 Custos,
701 3398 840 3434 anne
875 3383 1039 3448 rapax
1069 3383 1257 3449 perdat
1304 3383 1439 3433 ovile
1471 3384 1646 3447 lupus.
1715 3384 1841 3432 ΗΠ.

391 3492 502 3563 (15)
542 3493 616 3547 De
652 3493 919 3563 perdicto.
956 3493 1113 3548 Idem
1147 3492 1242 3547 ille
1272 3492 1579 3547 Plautinus
1615 3507 1821 3563 servus
1850 3488 1980 3544 istis

318 3564 591 3619 versibus
625 3562 1087 3636 q’uipraacedunt,
1120 3566 1429 3635 increpans
1460 3563 1582 3618 heri
1616 3562 1926 3618 stultitiam
1964 3578 1976 3615 :

318 3678 528 3727 Domini
561 3679 824 3743 quidquid
854 3679 1271 3738 habet,verritur
1302 3678 1416 3749 tam,
1440 3678 1873 3749 quandoquidem

1356 3744 1488 3804 (eius
1519 3743 1784 3804 perditum
1822 3743 1976 3797 sedit,

321 3804 537 3853 Secreto
561 3802 742 3852 hercle
772 3802 1026 3865 equidem
1048 3803 1197 3851 illum
1223 3802 1683 3867 adjutabo,neque
1706 3817 1822 3852 mea
1844 3804 1980 3864 (qui-

449 3927 622 3987 Opera
653 3938 933 3988 nunquam
966 3925 1319 3975 nihilominus
1354 3940 1766 4053 propere,qu;im
1800 3872 1979 4039 ρδοέἓὲ

1704 4004 1813 4052 peri
1857 4005 1871 4037 ι
1902 4025 1915 4038 .

323 4077 383 4128 et
413 4074 509 4144 qui
548 4090 695 4146 pone
728 4078 1078 4146 sequuntur.

450 4180 582 4230 Nam
617 4182 717 4231 hoc
748 4180 979 4230 assimile
1026 4184 1125 4239 est,
1160 4182 1311 4244 quasi
1343 4182 1409 4231 de
1438 4182 1602 4231 ﬂuvio
1659 4183 1748 4245 qui
1782 4196 1977 4244 aquam

1568 4244 1798 4304 (derivat
1825 4246 1945 4304 sibi,

450 4306 561 4357 Nisi
594 4306 904 4366 derivetur;
928 4309 1104 4355 tamen
1131 4308 1305 4357 omnis
1327 4322 1389 4357 ea
1408 4321 1547 4370 aqua
1563 4309 1716 4356 abeat
1736 4308 1790 4355 in
1812 4321 1977 4365 mare,

450 4372 584 4419 Nam
616 4370 719 4420 hoc
748 4370 803 4418 in
834 4382 978 4419 mare
1008 4371 1136 4430 abit,
1169 4370 1361 4420 misere
1385 4371 1524 4434 perit
1552 4372 1667 4419 sine
1708 4371 1852 4419 omni
1882 4370 1977 4419 bo-

1604 4440 1697 4491 (na
1724 4434 1916 4496 gratia.

321 4540 446 4594 Huc
476 4555 708 4612 quoque
729 4543 993 4609 spectant
1023 4538 1306 4595 Lactantii
1338 4540 1513 4596 verba
1542 4539 1599 4594 in
1633 4539 1735 4595 lib.
1764 4555 1965 4609 ii,cap.

317 4612 375 4667 4.
411 4635 437 4660 ‹‹
476 4614 572 4667 His
604 4628 815 4666 aurum
849 4618 906 4666 et
936 4618 1247 4683 argentum
1296 4617 1659 4677 consecrant,
1693 4629 1816 4682 quae
1850 4617 1969 4666 tam
2001 4613 2048 4678 D

322 4700 440 4738 non
475 4684 712 4749 habent,
746 4683 847 4754 qui
879 4685 1378 4755 accipiunt,quam
1413 4684 1510 4755 qui
1537 4684 1636 4738 illa
1656 4684 1971 4755 donarunt,

320 4755 427 4811 ubi
458 4762 513 4810 et
544 4754 1109 4827 Dionysiisacrilegi
1141 4754 1315 4811 verba
1344 4754 1599 4811 adverte.
1635 4755 1701 4809 Hi
1748 4754 1827 4809 dii
1855 4755 1973 4810 sci-

325 4827 467 4899 licet
496 4833 635 4882 sunt
666 4844 733 4882 ex
768 4826 881 4883 illis
922 4826 1157 4897 mortui,
1210 4828 1279 4882 de
1324 4829 1542 4892 quibus
1586 4827 1822 4899 sapiens
1880 4827 1976 4883 ille

320 4898 559 4969 Mimus,
596 4899 863 4954 Publium
896 4900 1024 4955 dico
1057 4917 1225 4955 versu
1258 4901 1383 4954 608.

451 5005 662 5055 Mortuo
694 5018 892 5055 munus
927 5006 1018 5069 qui
1048 5007 1228 5066 mittit,
1260 5005 1335 5054 nil
1364 5005 1454 5055 dat
1486 5005 1582 5065 illi,
1606 5005 1791 5055 adimit
1818 5004 1939 5055 sibi.

392 5110 517 5167 Non
550 5112 876 5183 injucunda
955 5112 1137 5183 igitur
1203 5112 1501 5167 altercatio
1550 5111 1813 5168 Cartonis
1846 5128 1979 5168 cum

327 5184 615 5239 Mercurio
648 5185 801 5256 apud
834 5184 1134 5256 Aristoph.
1166 5184 1225 5239 in
1260 5184 1408 5240 Plut.
1442 5188 1567 5241 Atc.
1596 5202 1649 5253 v,
1680 5202 1763 5240 sc.
1797 5203 1835 5240 1.

322 5293 431 5344 ΕΡ.
465 5289 568 5361 Καὶ
602 5289 706 5361 μὴν
734 5289 897 5344 ὁπότε
920 5310 972 5344 τι
1010 5289 1290 5361 σκιύαριον
1323 5294 1418 5343 τοῦ
1450 5288 1716 5346 δεσπότου

325 5359 731 5437 ξξφείλουέξγώ
764 5382 821 5414 σε
856 5359 1391 5437 ἧανθάνεενλέπο-ξουν
1426 5363 1525 5417 dist.

481 5433 598 5509 Ἐφ’
623 5433 728 5509 ᾧτε
763 5434 1009 5509 μετέχειν
1043 5433 1226 5509 αὐξτὸς,
1257 5433 1299 5487 ὣ
1330 5433 1669 5509 τοξχωρύχε,

328 5504 617 5578 ᾚκενηγὰρ
642 5503 708 5558 ἄν
745 5503 827 5558 σοι
859 5503 1048 5578 ναστὸς
1077 5506 1135 5578 οὗ
1166 5503 1532 5578 πεπεμμένοξ.

355 5526 489 5559 Πκεν
556 5526 617 5578 up
650 5526 708 5558 αν
745 5526 827 5558 σοι
859 5526 1048 5567 ναστος
1081 5527 1135 5558 ευ
1166 5526 1532 5577 πεπεμμενος.

330 5576 440 5631 ΕΡ·
476 5526 700 5650 ’ἔπειτα
730 5577 922 5630 τοῦτόν
950 5579 998 5650 γ’
1032 5576 1191 5650 αὐτος
1221 5575 1279 5631 ἂν
1305 5581 1612 5650 κατήσθῃς.

339 5653 469 5723 K_A._
487 5647 563 5703 Οὐ
594 5648 693 5723 γαρ
730 5647 978 5723 μετεῖχεέ
1008 5650 1102 5711 τὰς
1134 5648 1248 5710 ἷ¹σας
1278 5648 1494 5723 πληγὰς
1522 5648 1667 5723 ἐμοὶ,

334 5718 534 5776 Ὁπότε
564 5718 615 5773 τί
649 5718 922 5799 ληφθείην
952 5724 1331 5798 πανουργήσας
1363 5718 1489 5799 ἐγώ.

2148 1865 2277 1913 Msa.
2308 1864 2373 1913 At
2403 1869 2459 1913 tu
2492 1877 2610 1912 cum
2643 1864 2916 1913 vasculum
2950 1863 3163 1927 aliquod
3197 1865 3490 1928 surriperes
3519 1865 3667 1915 hero.

2086 1927 2365 1976 Faciebam
2396 1941 2512 1989 ego,
2538 1942 2604 1975 ne
2634 1928 2753 1990 quis
2783 1932 2833 1975 te
2862 1929 2915 1975 in
2952 1929 3089 1975 furto
3120 1927 3566 1990 deprehenderet.

2150 1992 2237 2055 (ΖΑἶ
2270 1990 2379 2038 Hoc
2412 1990 2529 2038 ideo
2560 1989 2812 2055 faciebas,
2843 1990 3086 2055 perfosor
3117 1989 3398 2055 parietum,

2088 2052 2241 2110 Quod
2272 2066 2512 2114 sperares
2543 2056 2593 2099 te
2625 2053 2753 2100 furti
2786 2053 3099 2115 participem
3132 2053 3263 2102 fore.

2088 2129 2219 2176 Nam
2252 2116 2404 2175 panis
2429 2114 2659 2164 mellitus
2693 2128 2755 2163 eo
2790 2114 3009 2164 cedebat
3038 2116 3152 2165 tibi.

2150 2180 2277 2226 Msa.
2310 2178 2411 2226 Sed
2443 2191 2565 2225 eum
2599 2191 2791 2239 panem
2828 2181 2937 2225 tute
2970 2179 3083 2239 ipse
3115 2175 3313 2226 edebas
3342 2180 3546 2239 postea.

2150 2240 2599 2301 CA.Recte,neque
2633 2240 2773 2288 enim
2805 2240 3173 2288 tueorumdem
3214 2253 3418 2289 mecum
3454 2240 3733 2290 verberum

2088 2302 2275 2351 Fiebas
2306 2304 2586 2365 particeps,
2619 2303 2785 2365 sicubi
2823 2302 3259 2363 deprehenderer

2086 2365 2312 2428 Aliquod
2340 2366 2680 2414 committens
2712 2364 2991 2426 ti‘agitium.

2091 2462 2155 2533 Et
2183 2462 2446 2533 eamdem
2474 2462 2546 2516 ob
2578 2478 2814 2516 causam
2848 2461 3145 2533 Diogenes
3185 2459 3417 2533 haetiam
3448 2463 3572 2533 jcﬁw
3608 2457 3736 2514 δού-

2090 2531 2283 2606 λωνγοῖ
2315 2527 2791 2606 λαϐροφαγοῦντας
2837 2527 3068 2604 ὁρῶντας
3116 2527 3247 2592 robe
3295 2528 3577 2601 δεσπότας,
3626 2554 3733 2604 μη-

2090 2602 2634 2677 δὲν.ἁρπάζοιεν’τῶν
2681 2602 3033 2675 ἐσθιομένων,
3080 2606 3136 2677 ri.
3187 2622 3261 2670 e',
3310 2628 3335 2653 ‹‹
3388 2622 3585 2660 servos
3621 2602 3732 2660 ini-

2089 2676 2348 2735 rabatur.
2380 2678 2477 2748 qui
2512 2694 2644 2731 cum
2678 2678 2885 2731 edaces
2933 2676 3204 2732 dominos
3236 2682 3554 2743 cernerent,
3592 2677 3736 2732 nihil

2088 2750 2419 2820 deriperent
2449 2749 2711 2805 ciborum
2750 2771 2796 2814 ι,
2832 2754 2894 2803 ut
2925 2754 3125 2803 narrat
3158 2750 3436 2803 Laertius.
3477 2751 3604 2803 Hsv.

2158 2818 2268 2891 (16)
2329 2819 2443 2874 Νοη
2506 2824 2586 2875 ita
2649 2821 2976 2876 dilectarum
3018 2822 3350 2875 amicarum.
3401 2821 3486 2875 Ita
3530 2818 3735 2875 malim

2088 2908 2219 2946 cum
2254 2892 2474 2961 optimo
2512 2893 2767 2947 Fuldano
2801 2894 3016 2956 codice,
3050 2909 3219 2963 quam
3270 2908 3401 2946 cum
3435 2891 3568 2947 aliis
3602 2908 3736 2945 om-

2089 2964 2263 3018 nibus
2290 2980 2301 3017 :
2326 2987 2351 3012 «
2377 2963 2500 3018 Non
2523 2963 2603 3018 ita
2633 2963 3336 3034 dilectarumjampridem
3351 2963 3736 3018 amicarum.»

2089 3036 2390 3105 Siquidem
2411 3036 2586 3090 istum
2621 3035 2678 3089 in
2710 3036 2948 3090 vetitum
2982 3036 3172 3090 nisum
3202 3040 3259 3089 et
3279 3040 3555 3107 negatum
3581 3051 3734 3089 ana-

2088 3113 2220 3160 tura
2253 3107 2430 3161 situm
2475 3107 2603 3177 ipsa
2636 3108 2881 3187 abunde
2926 3108 3088 3187 Juno.
3134 3113 3321 3187 norat,
3377 3110 3734 3187 quapropter

2092 3195 2201 3233 non
2215 3195 2511 3268 nunquam
2528 3177 2748 3268 ‘se‘Jovi
2775 3179 2884 3268 sub
2902 3179 3125 3268 pellicis
3147 3179 3337 3268 spe‘cie
3353 3177 3733 3268 substituisse

2012 3254 2054 3321 ρ
2094 3256 2292 3321 narrat
2324 3245 2681 3321 Philostrat.
2718 3268 2771 3321 p.
2805 3245 2927 3313 91c,
2982 3247 3112 3302 ἰδεῖν
3138 3245 3297 3321 adeo»;
3350 3248 3475 3321 ςτότε
3521 3245 3729 3321 seem,

2093 3319 2173 3395 δίει
2205 3320 2336 3395 αρτὴ
2362 3318 2579 3395 σύνεστι
2612 3317 2811 3395 Astapa,
2844 3322 2941 3388 τὴν
2982 3339 3097 3395 γγαρ
3133 3317 3423 3395 λαῖδεσσίαν
3478 3318 3731 3395 τέθεικεν.

2090 3392 2165 3454 εἷς
2197 3390 2411 3467 κλοπὴν
2450 3390 2727 3467 μοιχείαςξ
2779 3394 2853 3467 Et,
2884 3390 3025 3448 satis
3055 3390 3209 3449 bella
3242 3391 3539 3467 excusatio
3572 3409 3732 3467 amo-

2090 3482 2220 3520 rum
2258 3466 2409 3520 {Elite
2444 3464 2737 3520 suai'Vero
2768 3466 3074 3520 videbatur
3104 3466 3256 3536 apud
3286 3464 3729 3535 Spartian.,c.5,

2090 3554 2222 3593 cum
2256 3538 2473 3592 diceret
2529 3539 2601 3592 ad
2648 3554 2882 3593 uxorem
2921 3554 2933 3592 :
2974 3560 2995 3586 ι
3048 3541 3251 3591 Patere
3302 3552 3393 3591 me
3442 3553 3544 3607 per
3590 3537 3735 3591 alias

2089 3626 2353 3665 exercere
2384 3608 2736 3680 cupiditates
2788 3626 2948 3664 meas
2980 3626 2993 3675 ;
3027 3626 3172 3663 uxor
3222 3608 3377 3663 enim
3428 3608 3731 3679 dignitatis

2090 3699 2301 3737 nomen
2335 3687 2438 3749 est,
2471 3698 2584 3736 non
2617 3681 2954 3752 voluptatis.
2988 3703 3016 3730 ››
3047 3682 3157 3735 Sed
3189 3680 3373 3742 locus,
3407 3696 3579 3751 quem
3606 3697 3731 3735 res-

2088 3754 2244 3825 pexit
2276 3760 2497 3817 auctor,
2533 3758 2588 3807 et
2618 3769 2748 3807 cum
2785 3752 2881 3807 illo
2912 3753 3321 3825 Minucius,est
3342 3753 3495 3822 apud
3519 3753 3732 3825 Home-

2089 3824 2219 3881 rum
2246 3825 2411 3880 Iliad.
2445 3826 2515 3889 Ξ,
2548 3840 2697 3891 vers,
2730 3826 2853 3893 314,
2888 3824 2986 3878 ubi
3018 3824 3246 3895 Jupiter
3278 3824 3530 3892 Trojano
3579 3824 3731 3877 bello

2086 3898 2369 3962 intentus,
2422 3902 2725 3951 revocatus
2772 3912 2905 3950 vero
2966 3895 3100 3950 inde
3168 3895 3467 3949 blanditiis
3508 3896 3727 3960 uxoris,

2089 3986 2280 4025 acrem
2313 3968 2618 4023 stimulum
2637 3967 2877 4022 Veneris
2909 3966 3481 4037 prodit,longamque
3512 3967 3728 4021 amica-

2087 4058 2218 4096 rum
2251 4040 2460 4095 seriem
2493 4039 2880 4111 pertexit,non
2906 4056 3165 4111 unquam
3208 4055 3341 4107 erga
3372 4039 3503 4093 illas
3533 4039 3634 4111 ita,
3668 4042 3734 4091 ut

2086 4117 2227 4167 tunc
2251 4129 2387 4183 erga
2416 4110 2705 4183 Junonem
2741 4110 3175 4166 aﬂ'ectus.Unde
3204 4110 3731 4183 expressiusetiam

2088 4186 2157 4239 ad
2188 4180 2501 4238 Homerum
2536 4188 2593 4237 et
2623 4182 2928 4237 lectionem
2964 4188 3223 4237 nostram
3255 4180 3310 4235 in
3345 4180 3447 4236 lib.
3480 4181 3731 4249 Ad.lVat.,

2089 4272 2126 4310 ι.
2167 4256 2279 4308 1οε
2320 4276 2347 4303 ‹‹
2380 4258 2487 4309 Aut
2519 4253 2907 4309 luxuriantem
2956 4270 3088 4307 cum
3136 4253 3369 4308 Junone
3416 4252 3735 4308 fccdissime

2088 4326 2315 4381 inducit
2344 4328 2751 4381 commendato
2786 4325 3042 4381 libidinis
3090 4324 3378 4379 desiderio
3430 4340 3530 4395 per
3568 4340 3735 4379 com-

2090 4398 2575 4453 memorationem
2607 4404 2663 4453 et
2684 4397 3183 4452 enumerationem
3216 4396 3561 4451 amicarum.
3593 4416 3621 4444 »
3661 4397 3735 4449 De

2088 4473 2268 4523 Marte
2308 4484 2414 4523 suo
2444 4468 2639 4523 Venus
2689 4468 2843 4537 apud
2882 4468 3206 4522 Martialem
3248 4467 3306 4521 in
3358 4464 3735 4537 epithalamio

2090 4538 2380 4594 Hiantidis
2409 4546 2465 4594 et
2495 4539 2704 4608 Stellae,
2730 4538 2829 4595 lib.
2864 4555 2940 4607 vr,
2974 4540 3063 4592 21.

2213 4636 2314 4686 Sed
2346 4641 2625 4698 postquam
2657 4651 2810 4686 meus
2839 4640 2939 4691 est,
2964 4635 3113 4684 nulla
3145 4648 3229 4684 me
3261 4634 3447 4696 pellice
3483 4634 3619 4685 laesit
3650 4652 3663 4689 :

2211 4702 2336 4749 Tam
2368 4700 2506 4763 frugi
2532 4701 2674 4749 Juno
2708 4700 2867 4749 vellet
2893 4700 3089 4748 habere
3118 4699 3323 4747 Jovem.

2083 4786 2279 4843 Possis
2308 4785 2463 4841 hunc
2499 4785 2688 4841 locum
2721 4786 2803 4841 ita
2832 4787 3006 4840 etiam
3032 4785 3349 4840 reformare
3383 4802 3396 4841 :
3432 4806 3460 4833 ‹‹
3491 4788 3616 4841 Non
3650 4786 3733 4842 ita

2085 4859 2431 4915 dilectarum
2458 4859 2695 4929 quidem
2733 4858 3074 4923 amicarum,
3107 4856 3221 4923 vel,
3283 4874 3393 4911 non
3429 4856 3510 4911 ita
3555 4858 3734 4913 dilec-

2084 4936 2280 4986 tarum
2317 4931 2468 4985 haud
2506 4931 2725 5001 pridem
2776 4930 3120 4985 amicarum.
3155 4952 3182 4977 ι)
3210 4930 3371 4995 Quod
3422 4929 3735 4985 stultitiam

2084 5003 2245 5058 illius
2274 5002 2434 5057 Jovis
2466 5002 2653 5073 magis
2703 5002 2918 5074 arguit,
2969 5007 3034 5056 ut
3070 5002 3171 5074 qui
3200 5001 3449 5057 Junonis
3496 5017 3611 5058 sua:
3643 5019 3739 5057 re-

2087 5075 2275 5131 centia
2308 5075 2527 5129 foderet
2554 5074 2813 5129 vulnera.
2847 5074 2981 5129 ΗΑν.

2162 5147 2269 5215 (17)
2302 5147 2534 5201 Addicit.
2581 5147 2819 5217 PrOpria
2870 5145 3132 5217 praetoris
3187 5162 3297 5200 vox
3337 5145 3393 5197 in
3446 5144 3743 5216 peculium

2092 5217 2341 5287 alicujus
2408 5218 2867 5289 servitutemque
2932 5234 3282 5288 quemquam
3342 5217 3738 5289 detrudentis,

2093 5291 2247 5359 quod
2281 5290 2339 5343 in
2374 5288 2643 5346 obseratis
2676 5295 2732 5345 et
2765 5287 3074 5361 mancipiis
3109 5289 3229 5343 ﬁeri
3270 5287 3514 5361 solebat.
3553 5287 3741 5341 Livius

2094 5362 2165 5416 de
2189 5363 2591 5432 provocatione
2624 5362 2785 5434 Appii
2820 5359 3046 5434 Claudii
3086 5367 3213 5434 post
3246 5359 3434 5434 scelus
3477 5359 3737 5434 intenta-

2093 5430 2219 5488 tum
2244 5434 2301 5487 in
2323 5430 2725 5499 Virginiamfé
2746 5432 3004 5503 Rapique
3026 5430 3745 5503 in‘vinculaegentemjure

2095 5505 2406 5574 libertatis,
2440 5507 2536 5577 qui
2572 5506 2818 5561 liberum
2840 5500 3061 5573 corpus
3084 5503 3144 5557 in
3181 5500 3539 5577 servitutem
3564 5502 3740 5577 eddi-

2097 5578 2304 5644 xisset,
2340 5600 2367 5626 »
2395 5572 2503 5633 lib.
2536 5594 2620 5641 III,
2653 5595 2703 5633 c.
2734 5578 2823 5639 55,
2858 5572 3033 5645 supra
3070 5590 3081 5627 :
3117 5596 3144 5622 ‹‹
3180 5572 3464 5645 Divinitas
3510 5573 3743 5629 addicta

2100 5650 2484 5714 conducitur;
2524 5672 2550 5697 »
2583 5650 2652 5703 de
2682 5643 3119 5702 venditionibus
3141 5643 3743 5703 etlocationibus.Vo-

2101 5736 2226 5777 cem
2260 5722 2377 5792 regi
2407 5721 2558 5778 delet
2586 5719 2723 5777 Cod.
2758 5715 2923 5773 Fuld.
2956 5716 3101 5770 ΗΑν.
