4366 6340
264 352 389 412 409

1380 352 1969 415 APOLOGETICUS
2020 352 2199 413 ADV.
2251 352 2579 413 GENTES.

3564 355 3687 413 410

265 486 367 557 qui
401 485 458 539 in
493 484 909 540 contumeliam
945 485 1187 540 deorum
1220 502 1497 556 quercum
1524 491 1578 540 ot
1602 486 1831 540 hircum
1867 489 1923 539 ct
1957 500 1999 561 Α
2035 486 2289 539 Socratis
2321 489 2523 556 postea
2554 484 2845 538 at’tlxcrint
2877 484 2922 518 ³³
2953 484 3087 555 (26),
3118 488 3175 539 et
3206 484 3524 556 imaginem
3551 486 3681 554 ejus

265 574 771 643 eanem(23)354
802 574 1235 644 dejerabat.Sed
1270 580 1573 645 prepterea
1607 576 1922 629 damnatus

261 666 353 715 est
384 660 816 731 Socrates,quia
860 661 997 715 deos
1028 662 1363 715 destruebat
1395 662 1506 731 (24)
1540 662 1711 716 Plane
1759 661 1921 731 oliui,

262 751 325 805 id
357 757 441 805 est
472 765 726 820 semper,
761 750 974 803 veritas
1005 750 1137 803 odio
1165 754 1271 804 est.
1306 754 1519 805 Tamen
1555 767 1687 804 cum
1741 750 1920 821 punii-

264 839 447 895 tentia
478 838 777 895 sententis:
813 839 919 909 (25)
975 838 1360 894 Athenienses
1408 844 1464 894 et
1514 840 1923 894 criminatores

2033 589 2267 627 auream
2304 574 2365 626 in
2395 572 2614 643 templo
2649 573 2755 643 (27)
2801 573 2949 628 855
3015 571 3379 643 collocarint,
3434 575 3685 630 rescissa

2032 661 2327 716 damnatio
2358 661 2756 715 testimonium
2792 661 3012 715 Socrati
3048 660 3431 715 reddidit.Sed
3465 667 3521 716 et
3552 663 3685 716 Dio-

2033 768 2209 822 genes
2245 750 2437 805 nescio
2470 750 2608 818 quid
2636 751 2749 819 (28)
2783 750 2838 803 in
2871 750 3176 804 llcrculem
3212 750 3441 818 ludit,et
3469 756 3683 806 Itoma-

2036 856 2146 893 nus
2178 840 2428 911 Cynicus
2464 839 2573 909 ('20)
2604 841 2785 893 Varro
2819 843 3107 893 trecentos
3139 840 3291 895 356
3322 840 3513 907 Joves,
3563 840 3682 896 sive

1693 940 1893 1001 Variae
1926 940 2248 1000 lectiones.

334 1039 380 1073 ⁸³
409 1036 534 1092 Cod.
567 1036 724 1091 Fuld.
760 1038 975 1092 Tamen
1004 1053 1136 1091 cum
1169 1038 1406 1109 poenitet
1430 1037 1732 1093 sententiae
1762 1038 2170 1104 Athenienses,
2201 1039 2262 1091 ut
2287 1035 2695 1092 criminatores
2722 1035 2880 1091 Socr.
2915 1036 3247 1106 efflixerint,
3279 1041 3337 1093 et
3368 1066 3438 1078 —
3469 1038 3679 1092 rescis-

264 1126 335 1166 sa
361 1109 737 1165 damnatione
765 1112 900 1165 test.
930 1116 1089 1163 Socr.
1123 1109 1522 1164 reddiderunt.

1704 1192 1853 1251 Com
1866 1188 2227 1251 mentarius.

340 1286 456 1355 (23)
491 1286 760 1354 Quercum
790 1289 840 1341 et
870 1287 1085 1340 hircum
1122 1288 1175 1341 et
1229 1302 1438 1341 canem.
1492 1285 1682 1355 Hujus
1740 1303 1929 1342 exem-

268 1357 363 1430 plo
428 1362 577 1413 Zeno
639 1375 740 1429 per
771 1364 1095 1430 rcapparim
1121 1360 1382 1430 jurabat,
1416 1359 1497 1412 ait
1528 1358 1809 1415 Laertius.
1845 1360 1925 1414 De

268 1428 428 1484 hisce
454 1428 814 1500 juramentis
847 1428 969 1502 agit
1004 1430 1213 1501 lydius
1258 1428 1324 1484 de
1374 1431 1615 1496 larum,
1678 1447 1805 1502 cap.
1869 1434 1922 1499 3,

266 1502 414 1569 §23,
444 1503 535 1555 51.
570 1502 855 1565 Quoniam
890 1517 1023 1556 vero
1060 1508 1115 1555 in
1150 1517 1292 1555 mss.
1333 1502 1521 1564 Fuld.,
1567 1502 1761 1555 media
1816 1520 1925 1557 vox

265 1575 456 1639 abest,
493 1574 828 1644 suspicatur
857 1574 1143 1643 Higalt.ex
1169 1590 1312 1627 sono
1348 1574 1730 1643 prazcedentia
1760 1591 1927 1644 quer-

266 1661 437 1714 quum
475 1644 694 1700 vitiatis
727 1644 971 1699 auribus
1004 1646 1299 1714 irrepisse.
1328 1646 1435 1699 Sed
1488 1646 1654 1700 docte
1704 1647 1926 1701 notavit

267 1717 553 1770 Heraldus
585 1734 651 1769 ex
681 1715 1007 1771 Scholiaste
1036 1716 1444 1785 Aristophanis
1475 1717 1648 1770 etiam
1686 1734 1785 1785 per
1817 1718 1927 1772 hir-

268 1804 400 1841 cum
435 1788 877 1857 dejcrasse,imo
914 1806 1015 1858 per
1048 1803 1311 1842 anserem
1334 1794 1389 1841 et
1409 1788 1519 1841 alia
1540 1804 1925 1859 quaecunque,

268 1864 335 1913 ut
366 1862 491 1914 t‘use
524 1861 676 1914 idem
711 1864 1001 1914 observat.
1037 1859 1302 1913 Faciebat
1332 1875 1465 1913 vero
1495 1860 1549 1912 id
1587 1862 1791 1914 docere
1823 1878 1925 1915 vo-

2034 1303 2209 1341 aurea
2237 1302 2362 1355 quae
2393 1288 2739 1355 sequuntur,
2781 1284 2927 1341 alias
2984 1286 3275 1358 copiosus.
3337 1287 3522 1343 Locus
3580 1285 3677 1342 hic

2033 1360 2104 1413 ob
2134 1358 2464 1428 angustiam
2496 1374 2605 1411 non
2642 1358 2877 1428 patitur.
2918 1359 3052 1413 Hav.

2107 1430 2215 1500 (‘27)
2258 1431 2312 1483 In
2373 1430 2594 1498 templo.
2651 1430 2931 1499 Suspecta
2990 1429 3423 1499 quodammodo
3481 1428 3674 1484 lectio.

2031 1500 2239 1554 Narrat
2268 1500 2503 1570 quidem
2536 1500 2764 1554 Flavius
2799 1500 3080 1570 Vopiscus
3111 1501 3376 1555 Tacitum
3427 1500 3676 1571 impera-

2033 1577 2215 1626 torem
2277 1578 2531 1626 statuam
2578 1579 2904 1639 argenteam
2939 1575 3067 1627 divo
3097 1572 3406 1627 Aureliano
3440 1573 3497 1627 in
3530 1580 3677 1626 tem-

2036 1645 2127 1714 plo
2159 1643 2308 1697 Solis
2342 1644 2609 1698 dedicare
2639 1642 2912 1709 voluisse,
2946 1644 3201 1713 itemque
3231 1646 3497 1698 divorum
3530 1650 3677 1699 tem-
3730 1672 3741 1681 -

2036 1716 2193 1785 plum
2259 1716 2374 1769 lieri
2428 1715 2670 1784 jusisse,
2730 1715 2786 1768 in
2841 1733 2954 1785 quo
3002 1722 3199 1771 essent
3224 1722 3429 1770 statuae
3462 1717 3680 1787 princi-

2034 1804 2171 1857 pum
2208 1787 2628 1841 bonorum.Sed
2664 1787 2775 1841 ista
2804 1794 2967 1841 erant
3001 1789 3243 1843 numina
3277 1788 3676 1842 Romanorum

2036 1858 2254 1928 quibus
2284 1865 2339 1912 et
2370 1858 2679 1928 hostiaect
2733 1863 2863 1912 vota
2917 1860 3149 1913 ﬁebant.
3216 1860 3475 1913 Laertius
3533 1860 3678 1914 dicit

268 1930 525 2003 lensper
565 1932 703 1985 deos
737 1948 848 1987 non
885 1948 1011 1987 esse
1061 1931 1584 2003 jurandumthos
1642 1933 1919 2001 quoniam
1952 1936 1999 2001 B
2034 1925 2213 2003 fuisse
2274 1935 2527 2003 statuam
2588 1925 2636 1979 ἐν
2672 1928 2936 2001 Πομπεῖῳ
2967 1938 3238 1993 erectam,
3275 1932 3505 2001 publico
3538 1930 3675 1985 tedi-

269 2001 417 2056 nihil
474 2003 778 2071 habemus,
839 2004 990 2073 quod
1052 2001 1341 2057 addamus
1372 2001 1686 2073 diligentiae
1719 2004 1923 2058 Herul-

269 2075 439 2138 dinaa,
475 2082 674 2129 nostra
703 2077 859 2128 enim
895 2075 1151 2146 proferre
1183 2073 1472 2146 volumus,
1534 2090 1647 2127 non
1708 2075 1915 2144 aliens,

268 2147 598 2216 symbolum
657 2148 867 2200 damus
901 2145 990 2202 ex
1020 2145 1269 2217 gemmis
1300 2145 1635 2215 Gorlaeanis,
1671 2151 1809 2203 tom.
1846 2148 1914 2214 ll,

270 2232 431 2271 num.
463 2217 587 2283 305,
622 2218 746 2283 306,
780 2219 904 2285 307,
937 2220 1060 2282 313,
1095 2218 1220 2281 316,
1266 2218 1390 2284 317,
1450 2218 1571 2282 322,
1632 2218 1755 2285 323,
1818 2220 1915 2273 ubi

267 2288 530 2358 conspici
568 2296 814 2359 possunt
844 2290 1038 2360 capita
1069 2288 1533 2359 anseris,aquilaa
1565 2290 1918 2361 canis,galli,

269 2361 470 2416 arietis
503 2363 621 2414 sive
655 2362 823 2430 hirci,
852 2364 1005 2431 equi,
1040 2366 1097 2431 et
1129 2361 1332 2414 folium
1384 2377 1715 2429 querquus;
1776 2366 1916 2417 sunt

268 2432 511 2493 ibidem,
545 2432 641 2485 ubi
675 2430 971 2502 proboscis
1001 2430 1379 2503 elephantine
1408 2434 1679 2487 Occurrit.
1715 2432 1855 2486 Hav.

334 2504 445 2573 (2-4)
480 2504 613 2559 Deos
643 2504 963 2560 destruebat.
1006 2506 1083 2558 [ta
1113 2505 1179 2558 de
1212 2503 1448 2557 Platone
1473 2504 1702 2571 judicat
1733 2504 1913 2558 Theo-

268 2575 526 2641 doretus,
559 2592 830 2646 serm.,p.
863 2592 947 2640 III,
984 2577 1134 2646 p.50,
1167 2592 1301 2630 eum
1337 2591 1449 2629 non
1483 2592 1690 2630 ausum
1728 2580 1909 2631 totam

260 2646 551 2701 idolorum
595 2648 873 2702 tabricam
902 2646 1124 2713 tollere,
1158 2650 1319 2701 metu
1352 2647 1547 2716 pOpuli
1592 2646 1909 2702 Athenien-

260 2718 367 2785 sis,
401 2721 500 2772 sed
528 2719 785 2788 jussisse
816 2736 885 2774 ne
918 2737 985 2774 ex
1017 2718 1129 2773 alia
1164 2719 1405 2772 materia
1428 2735 1602 2788 quam
1628 2718 1786 2789 ligno
1821 2719 1910 2774 vel

261 2806 401 2862 saxo
436 2791 658 2855 fierent,
692 2808 867 2862 quam
903 2796 1132 2862 putaret
1178 2791 1536 2859 contemptui
1588 2790 1907 2846 obnoxiam

261 2861 429 2916 facile
453 2861 733 2917 vilitatem
768 2880 874 2917 suo
893 2861 1105 2934 populo
1126 2862 1908 2931 persuasuram.Laclantius

262 2949 497 3004 quoque
528 2935 599 2989 de
631 2937 905 2989 omnibus
941 2934 1145 3005 poetis,
1183 2934 1279 2987 lib.
1314 2949 1352 2997 ι,
1389 2949 1446 3005 οι
1472 2934 1538 2985 42
1572 2948 1584 2986 :
1624 2955 1650 2982 ‹‹
1684 2934 1908 2987 Metue-

260 3002 589 3060 bant—enim
645 3006 886 3073 malum,
941 3002 987 3061 ei
1051 3010 1253 3060 contra
1313 3002 1605 3073 publicam
1666 3021 1903 3074 persua-

270 3077 496 3131 sionem
559 3078 898 3143 laterentur,
956 3079 1110 3149 quod
1145 3083 1267 3131 erat
1297 3092 1520 3149 verum.
1559 3096 1599 3149 »_
1624 3081 1685 3129 b't
1715 3076 1784 3149 de
1816 3076 1906 3131 Ci-

263 3165 494 3221 cerone,
530 3148 842 3221 imprimis,
880 3146 988 3203 lib.
1018 3148 1175 3204 n.c.3
1210 3166 1222 3203 :
1262 3171 1288 3197 ‹‹
1318 3146 1685 3221 Intelligebat
1713 3148 1906 3221 Cicero

255 3220 409 3275 falsa
437 3219 719 3292 esse,quae
749 3220 1019 3278 homines
1049 3219 1528 3292 adorarentNam
1553 3234 1684 3273 cum
1709 3220 1905 3292 multa

2032 2002 2158 2055 licio
2194 2006 2254 2056 ut
2283 2007 2442 2072 notat.
2473 2001 2854 2056 Casaubonus
2886 2019 2952 2056 ex
3010 2003 3263 2069 Polluce,
3322 2003 3379 2056 in
3442 2019 3555 2072 quo
3616 2005 3681 2055 ut

2029 2078 2216 2143 putat,
2274 2071 2339 2125 τὰ
2377 2074 2643 2142 πομπεῖα,
2682 2074 2719 2140 i,
2752 2090 2800 2126 e.
2835 2089 3157 2143 pomparum
3189 2071 3678 2144 choragia’asser-

2025 2144 2521 2217 vehanturLUnde
2554 2145 2727 2217 etiam
2764 2145 2955 2199 forsan
2988 2146 3356 2216 pretiosiores
3391 2145 3677 2217 imagines

2026 2218 2289 2270 conditas
2322 2215 2399 2269 ibi
2436 2216 2600 2270 festis
2659 2216 2866 2270 diebus
2927 2215 3169 2286 proferri
3230 2215 3543 2287 potuerunt
3602 2218 3673 2271 ad

2025 2287 3006 2359 solemnitatem,ampliﬁcandam.
3058 2288 3305 2358 Scripsit
3336 2287 3535 2359 itaque
3569 2303 3673 2341 ea:—

2021 2361 2221 2429 templo
2251 2358 2668 2423 Tertullianus,
2702 2362 2853 2429 quod
2892 2360 3070 2430 probo
3133 2377 3197 2414 ex
3263 2358 3508 2430 Laertio,
3564 2358 3672 2430 qui

2023 2431 2162 2484 dicit
2228 2430 2568 2501 pmnitentia
2633 2429 2930 2501 correptos
3014 2431 3397 2486 Athenienses
3462 2429 3665 2497 εὐθὺς,

2020 2519 2149 2555 mox
2197 2509 2371 2574 atque
2402 2501 2536 2574 inde
2569 2502 2870 2571 publicum
2904 2502 3129 2557 luctum
3163 2503 3465 2571 indixisse,
3498 2518 3669 2557 accu-

2021 2580 2241 2629 satores
2285 2573 2657 2644 perdidisse,
2710 2576 3003 2628 Socratem
3064 2579 3263 2629 statua
3322 2575 3665 2629 honorasse.

2020 2647 2127 2699 Sed
2196 2652 2251 2698 et
2314 2646 2370 2699 in
2439 2644 2674 2715 templis
2731 2649 2973 2699 deorum
3042 2652 3265 2700 statuas
3342 2645 3663 2701 illustrium

2018 2717 2282 2773 vivorum
2351 2732 2478 2771 esse
2543 2721 2764 2771 erectas
2832 2719 2998 2771 docet
3082 2717 3354 2772 Leontino
3441 2718 3664 2788 Gorgiae

2020 2788 2205 2843 honos
2265 2788 2374 2843 iste
2430 2789 2485 2841 in
2547 2789 2764 2859 templo
2822 2788 3108 2859 Apollinis
3162 2789 3353 2857 Pythii
3407 2788 3668 2859 habitus,

2062 2864 2193 2914 rout
2224 2875 2363 2913 sane
2396 2864 2598 2913 statuae
2634 2860 2949 2915 illustrium
3007 2860 3316 2915 mulierum
3372 2860 3547 2914 etiam
3605 2861 3665 2915 in

2043 2947 2143 2985 oco
2192 2930 2387 3000 aliquo
2422 2930 2648 2985 numini
2683 2932 2911 2986 cuidam
2947 2932 3211 2987 dedicato
3241 2931 3666 2988 excitabantur.

2018 3002 2105 3057 Ita
2137 3008 2485 3057 testamento
2512 3018 2617 3055 suo
2641 3020 2753 3058 non
2776 3008 3004 3057 tantum
3027 3002 3208 3058 voluit
3226 3003 3667 3073 Theophrastus

2016 3078 2081 3127 ut
2114 3074 2441 3128 Aristotelis
2474 3074 2744 3143 imagoin
2766 3074 2942 3128 simili
2976 3076 3229 3145 sacrario
3262 3080 3661 3145 reponeretur.

2020 3146 2081 3219 ln
2116 3145 2235 3219 vita
2265 3146 2393 3219 ejus
2427 3139 2720 3219 Diogenes
2752 3147 2960 3219 Laert,,
2992 3139 3173 3219 ἔπειτα
3213 3139 3667 3219 τήνίᾊριστγοτέ-

2016 3211 2145 3289 lout:
2177 3211 2354 3289 εἶκᾷὖα
2396 3211 2617 3281 “eam
2676 3215 2753 3277 εἷς
2811 3216 2871 3269 τὸ
2928 3216 3095 3289 ἱερόν.
3157 3211 3277 3273 Sed?
3322 3211 3476 3289 idern
3533 3218 3659 3289 ipse

262 3292 530 3370 dixisset,
563 3286 691 3363 qua:
719 3295 788 3348 ad
824 3293 1185 3370 eversionem
1240 3290 1611 3370 rel_i_gionum_
1634 3290 1908 3362 valerent,
1939 3303 1981 3370 ρ
2018 3286 2468 3370 Aristotelesde
2503 3288 2856 3370 matrissuze
2884 3286 3083 3370 statua
3115 3290 3236 3370 fieri
3272 3288 3474 3370 voluit,
3510 3286 3573 3344 ut
3605 3289 3663 3370 in

257 3364 366 3431 ait,
416 3362 610 3419 tamen
674 3382 786 3419 non
839 3382 967 3421 esse
999 3380 1064 3418 ea
1096 3364 1266 3434 vulgo
1298 3362 1671 3432 disputanda,
1706 3380 1774 3417 ne
1804 3381 1909 3418 su-

256 3441 491 3506 sceptas
524 3436 753 3508 publice
785 3438 1095 3508 religiones
1133 3436 1473 3508 disputatio,
1508 3435 1646 3508 talis
1696 3436 1911 3490 exstin-

251 3514 417 3581 guat.
454 3530 481 3555 ››
525 3506 933 3581 'Ubihegregie
960 3510 1049 3581 id“
1081 3507 1430 3581 Christianis
1463 3506 1559 3561 ille
1590 3508 1784 3581 Cicero
1814 3510 1905 3581 in,

249 3580 516 3634 Marcum
547 3577 801 3636 Tullium
826 3577 1117 3636 invehitur
1150 3578 1336 3649 plenis
1367 3577 1710 3649 eloquentiae
1741 3578 1903 3648 velis,

245 3650 453 3706 dicens
485 3654 635 3706 inter
675 3653 788 3708 alia
820 3670 832 3707 :
869 3676 897 3701 «
954 3653 1062 3705 Sed
1127 3651 1402 3705 nimirum
1461 3650 1713 3705 Socratis
1773 3668 1897 3705 car-

244 3739 439 3777 cerem
472 3724 647 3778 times
679 3739 690 3777 :
725 3724 973 3795 ideoque
1004 3722 1393 3793 patrocinium
1427 3722 1687 3795 veritatis
1720 3723 1906 3777 susci-

240 3811 386 3866 pere
418 3812 530 3849 non
559 3796 760 3850 audes.
795 3793 1162 3861 At‘mortem,
1196 3798 1261 3847 ut
1317 3793 1575 3866 sapiens,
1635 3799 1901 3865 contem-

239 3864 387 3922 nere
414 3866 695 3931 debuisti,
725 3886 750 3917 ιο
789 3873 846 3921 et
877 3883 1003 3935 quae
1035 3868 1383 3936 sequuntur.
1420 3864 1557 3919 Hav.

318 3939 431 4008 (25)
460 3939 813 4008 Prenitenlize
842 3934 1133 4008 sententia;
1155 3934 1462 4008 -I_)_iogenes
1526 3936 1798 4008 Laertius
1838 3937 1895 3992 in

240 4001 371 4062 Vita
416 4001 539 4075 eius
591 4024 617 4078 _:
680 4006 957 4078 Ἀθηναῖοι
1019 4002 1062 4058 δ’
1120 4001 1700 4078 εὐθὺςνμετὲγγωσαν,
1760 4005 1898 4061 ὥστε

226 4074 458 4133 κλεῖσαι
516 4075 605 4129 καὶ
664 4074 998 4149 παλαίστρας
1055 4076 1143 4129 καὶ
1174 4074 1541 4149 γυμγάσιαέὶ,
1574 4094 1622 4131 e.
1661 4098 1687 4126 ‹‹
1716 4080 1896 4149 Athe-

230 4148 554 4208 niensibus
586 4150 783 4205 statim
815 4146 979 4204 tanta
1007 4151 1135 4218 ejus
1167 4146 1303 4202 facti
1340 4147 1680 4217 poenitentia
1710 4148 1897 4207 inces—

229 4223 341 4286 sit,
377 4225 441 4294 ut
470 4220 766 4294 palaestras
799 4226 855 4276 et
882 4218 1572 4294 gympnasiaclauderent.
1608 4240 1635 4267 »
1672 4220 1806 4294 ῌΑν.

312 4286 1119 4363 (26)_}l/ﬂz'a:erint.,Laertius,
1170 4292 1312 4363 ibid.
1377 4308 1390 4346 :
1454 4288 1549 4347 Καὶ
1610 4286 1738 4363 τοὺς
1801 4290 1893 4362 μὲν

228 4358 599 4440 ἐφύγάδευόαν
637 4406 676 4440 ,_
738 4361 978 4440 ῌελίτου
1055 4360 1111 4418 δὲ
1184 4361 1417 4440 ⁸θαὶνοιτογ
1502 4358 1843 4440 δεᾳτὲγ-νωςάν
1882 4405 1895 4431 ,

226 4431 472 4509 ’Ᾱνὺεςόν
526 4454 584 4489 τε
657 4432 1076 4509 ἐπιδημησαντα
1141 4431 1450 4509 αὐθημιρὸν
1521 4431 1842 4509 ὲξιξῇρυξᾳγ
1880 4477 1892 4500 ,

226 4506 619 4578 Πρακλιῶται,
652 4507 691 4561 i.
725 4525 800 4577 e.,
831 4506 866 4562 Vc
898 4509 967 4564 Ut
997 4508 1144 4565 alios
1193 4506 1432 4578 quidem
1493 4506 1716 4571 exsilio,
1775 4507 1893 4561 Me-

226 4580 410 4636 litum
443 4596 574 4635 vero
614 4585 798 4635 morte
851 4582 1226 4647 damnarent,
1282 4581 1537 4651 Anytum
1570 4578 1722 4651 ipsa
1780 4578 1893 4647 die,

227 4652 377 4733 dum
440 4668 691 4733 peregre.
732 4659 933 4733 esset,_
959 4651 1309 4733 Heracleotm
1340 4648 1829 4733 exterminarunt.
1870 4674 1889 4699 ι)
1926 4669 1973 4733 D

226 4725 316 4809 Ad
356 4721 505 4809 hanc
536 4721 867 4809 opiniunern
902 4726 971 4779 de
995 4729 1226 4807 mortuo
1242 4727 1474 4809 Socrate
1494 4721 1895 4809 apudj‘udices

228 4798 399 4924 ipsos
432 4795 1225 4922 al}u%it§hmdrus,nominis
1244 4800 1302 4851 et
1321 4796 1491 4851 fama
1523 4794 1895 4865 ambitiosus,

256 4886 267 4922 ι
324 4909 339 4922 .
375 4884 464 4931 nr,
523 4886 553 4923 α
604 4909 615 4921 .
690 4909 703 4922 .

326 5017 494 5081 Cujus
524 5032 631 5067 non
663 5017 809 5081 fugio
845 5023 1086 5081 mortem,
1120 5019 1162 5068 si
1195 5017 1388 5067 famam
1421 5030 1696 5081 assequar,

325 5082 391 5130 Et
410 5080 550 5130 cedo
582 5081 814 5142 invidiaa,
852 5080 1147 5132 dummodo
1176 5081 1428 5131 absolvar
1457 5080 1609 5129 cinis.

225 5226 288 5281 In
327 5240 441 5278 ms.
477 5222 641 5279 Fuld.
676 5222 760 5278 ita
792 5224 1159 5279 scribebatur
1206 5240 1219 5277 :
1282 5222 1528 5277 Paenitet
1587 5222 1887 5276 sententia;

219 5295 713 5359 Athanienses,ut
743 5294 1152 5351 criminatores
1180 5295 1433 5351 Socratis
1456 5296 1657 5365 postea
1675 5293 1885 5365 ettlixe-

223 5372 369 5436 rint,
401 5371 459 5424 et
490 5367 806 5440 imaginem
839 5368 965 5436 ejus
996 5384 1234 5423 auream
1284 5368 1342 5421 in
1372 5363 1590 5437 templo
1643 5364 1887 5440 colloca-

222 5443 367 5501 rint.
430 5437 709 5504 rescissa,
769 5440 1143 5495 damnatione
1197 5439 1601 5495 testimonium
1665 5437 1884 5492 Socrati

224 5512 633 5579 reddiderunt,
667 5534 694 5561 ››
730 5517 787 5566 et
818 5511 901 5566 sic
931 5516 1252 5583 usurpatur
1280 5511 1574 5583 (if/ligendi
1612 5510 1881 5583 verbum,

223 5586 330 5641 lib.
367 5601 464 5649 iv.,
501 5584 624 5639 adv.
660 5588 858 5648 Mare,
890 5599 939 5637 c.
974 5581 1255 5650 12,_addit
1282 5581 1609 5654 Scioppius.
1671 5581 1881 5636 Crimi-

225 5663 466 5713 natores
496 5655 554 5711 hi
586 5654 841 5711 Socratis
873 5672 1079 5710 rursus
1115 5655 1269 5726 apud
1328 5653 1617 5710 Gorlaeum
1677 5654 1879 5726 eodem

225 5735 393 5786 tomo
448 5732 760 5783 occurrunt
792 5726 979 5792 nobis,
1020 5725 1191 5783 modo
1224 5727 1619 5797 dependentes
1653 5740 1684 5779 a
1715 5725 1879 5780 vultu

228 5800 486 5858 Socratis
519 5803 572 5855 et
600 5798 876 5861 Palladis,
910 5816 1073 5855 num.
1108 5799 1233 5866 301,
1266 5800 1439 5853 modo
1469 5798 1659 5861 aliter,
1713 5814 1877 5852 num.

225 5874 356 5942 330,
390 5873 739 5944 fueruntque
766 5870 1255 5943 Anytus,Melitus
1285 5873 1341 5928 et
1369 5870 1666 5942 Lycori.De
1686 5872 1881 5927 statua

2018 3359 2306 3433 Vitaejus
2337 3361 2524 3414 eidem
2551 3362 2801 3433 scriptor
2834 3378 2846 3414 ε
2884 3360 2981 3413 Καὶ
3014 3361 3253 3433 τήν-τῆς
3306 3360 3512 3433 μητρὸς
3565 3361 3664 3427 τῆς

2016 3430 2283 3504 ἡμετέρᾳ(
2331 3433 2399 3502 τῇ
2461 3429 2707 3504 Δημητρὶ
2770 3430 3036 3493 ἀναθεῖναὶ
3094 3429 3172 3493 εἷς
3232 3429 3459 3503 Νεμὲαὐ,
3522 3434 3559 3488 i.
3613 3450 3663 3487 e.

2019 3524 2043 3576 ᾳ
2078 3502 2272 3576 Matris
2330 3520 2556 3576 quoque
2614 3502 2823 3576 uestrae
2870 3510 2974 3570 (sc.
3009 3508 3287 3576 statuam)
3317 3504 3505 3559 Cereri
3538 3521 3664 3575 qua:

2014 3574 2073 3629 in
2107 3575 2318 3629 Nemea
2350 3575 2645 3648 estinicari
2682 3574 2829 3630 volo.
2870 3598 2889 3624 ι
2924 3576 3083 3631 Adde
3115 3594 3244 3648 quae
3271 3574 3347 3633 de
3377 3574 3662 3647 Calphur-

2014 3661 2111 3701 ma
2143 3648 2314 3700 modo
2344 3646 2618 3700 diximus.
2658 3652 2797 3702 Hav.

2085 3719 2193 3787 (28)
2227 3719 2491 3784 Diogenes
2520 3722 2702 3775 nescio
2732 3717 2883 3789 quid.
2938 3717 3196 3789 Respicit
3253 3718 3458 3773 Laertii
3516 3718 3660 3775 illud

2010 3787 2069 3861 in
2132 3788 2262 3843 Vita
2319 3793 2468 3859 ejus,
2530 3806 2642 3861 quo
2688 3787 3365 3861 gloriabatur'Diogenee
3397 3791 3661 3861 Herculis

2007 3860 2185 3915 vitam
2237 3856 2462 3926 vivere,
2489 3856 3245 3933 pinév‘tleuOspla;apoip
3283 3860 3428 3926 ίνων,
3490 3860 3664 3916 πάντα

2008 3934 2115 3983 τῶν
2140 3933 2458 4006 σφῶνγεῖναι
2489 3929 2689 4004 λέγων,
2723 3933 2772 4006 i.
2794 3949 2869 4002 e.,
2907 3929 2933 3981 ἁ
2964 3929 3125 4006 Nihil:
3152 3929 3421 3987 libertate
3446 3934 3659 3991 ducere

2009 4004 2435 4073 praestantius,
2500 4009 2555 4059 et
2617 4004 2815 4059 omnia
2882 4004 3235 4074 sapientium
3316 4019 3445 4058 esse
3517 4021 3659 4075 prte-

2008 4075 2233 4130 dicans.
2270 4095 2294 4125 ι)
2330 4076 2481 4131 Dicit
2511 4081 2706 4130 autem
2739 4077 2923 4131 nescio
2953 4075 3104 4146 quid,
3136 4076 3274 4147 quia
3307 4076 3515 4130 ultima
3561 4077 3659 4133 illa

2008 4148 2371 4203 subobscure
2436 4147 2550 4201 vim
2622 4152 2679 4202 et
2744 4145 2991 4216 injurias
3071 4145 3332 4203 Herculis
3420 4149 3657 4204 innue-

2006 4216 2171 4290 bant,
2203 4235 2353 4289 quas
2382 4219 2768 4273 imitabantur
2793 4218 2876 4273 illi
2902 4218 3119 4290 Cynici,
3151 4219 3204 4273 vi
3257 4220 3554 4289 capientes
3606 4221 3656 4276 si

2007 4289 2137 4361 quis
2197 4290 2531 4361 petentibus
2584 4296 2843 4361 negaret,
2904 4289 3009 4345 nec
3041 4290 3248 4345 baculo
3281 4290 3446 4346 aliter
3476 4307 3653 4361 quam

2007 4307 2137 4357 quis
2237 4307 2531 4345 etentinus
2584 4307 2843 4361 negaret,
2904 4307 3009 4345 nec
3041 4307 3248 4345 baculo
3281 4307 3446 4346 aliter
3476 4307 3653 4361 quam

2006 4307 2285 4416 Hercules
2313 4361 2477 4416 clava
2507 4365 2759 4427 utentes,
2820 4364 2885 4415 ut
2945 4362 3165 4433 passim
3226 4361 3405 4416 videri
3468 4367 3657 4432 potest

2007 4433 2160 4504 apud
2195 4432 2541 4488 Lucianum.
2574 4433 2873 4497 Quomodo
2903 4432 3055 4504 apud
3089 4433 3254 4487 illum
3287 4433 3344 4487 in
3401 4434 3652 4489 Vitarum

2005 4503 2284 4576 Auctione,
2319 4505 2716 4573 interrogatus
2748 4522 2781 4558 ει
2812 4503 3131 4559 mereatore
3161 4504 3466 4576 Diogenes,
3498 4521 3655 4575 quem

2005 4575 2376 4631 imitaretur?
2405 4576 2694 4629 Herculem
2742 4577 3057 4644 respondit.
3118 4576 3212 4630 Sie
3272 4575 3342 4631 de
3400 4575 3646 4634 Hercule

2005 4644 2258 4720 legimus
2302 4646 2472 4720 apud
2534 4646 2899 4720 Lactaptium
2959 4648 3087 4720 loco
3125 4664 3299 4720 quem
3334 4664 3449 4703 non
3482 4647 3653 4720 longe

2007 4716 2145 4791 hinc
2177 4716 2589 4791 produ’cemus,
2626 4739 2654 4766 ‹‹
2681 4717 2959 4791 Hercules,
2986 4716 3159 4775 solita
3188 4718 3462 4775 violentia
3486 4716 3654 4791 usuus,

2007 4789 2140 4863 quia
2166 4789 2355 4863 unum
2387 4789 2647 4861 accipere
2672 4806 2785 4845 non
2807 4790 3327 4863 potuitutrumque
3354 4789 3652 4848 sustulit.»

2003 4861 2126 4935 Imo
2160 4862 2316 4935 hunc
2343 4863 2704 4917 conditorem
2739 4861 2907 4917 sectae
2940 4881 3058 4918 suae
3088 4861 3513 4935 gloriabantur.
3550 4870 3652 4921 Le-

2004 4933 2431 5015 pidissirnaest
2480 4934 2877 5015 cqpt'abulatio
2922 4933 3209 5015 ~Diogenis
3268 4941 3325 5015 et
3382 4937 3650 5015 Herculis

2002 5007 2155 5061 inter
2209 5007 2467 5075 Dz'alogos
2521 5007 2861 5061 Morinorum
2919 5008 3349 5064 Samosatensis
3382 5009 3645 5065 Luciani.

2002 5076 2111 5133 Ubi
2143 5078 2375 5151 Herculi
2407 5076 2601 5132 illudit
2631 5077 2880 5151 Cynicus
2917 5096 2929 5135 :
2964 5096 3020 5151 q.
3054 5080 3205 5145 vide,
3254 5084 3312 5136 et
3369 5097 3498 5151 quae
3554 5098 3648 5136 se-

2001 5154 2264 5221 quuntur
2297 5150 2476 5222 facta,
2502 5150 2689 5222 sane.
2750 5152 2951 5222 Itaque
2982 5150 3133 5207 nihil
3168 5150 3468 5207 mirum’si
3500 5151 3648 5207 inter

1996 5220 2084 5276 tot
2112 5220 2369 5276 Herculis
2421 5220 2661 5291 efligiee,
2712 5220 2969 5291 juvenis,
3022 5224 3199 5291 senis,
3236 5224 3480 5288 barbati,
3536 5223 3646 5277 im-

1996 5293 2215 5356 berbis,
2247 5294 2422 5349 etiam
2455 5294 2649 5363 Cynici
2690 5294 2879 5350 locum
2916 5294 3143 5361 habeat,
3177 5299 3346 5364 cujus
3394 5294 3644 5359 nudum,

1996 5365 2316 5438 sqalidum.
2350 5364 2530 5420 barba
2563 5364 2890 5438 capilloque
2924 5367 3216 5422 hirsutum
3249 5370 3416 5436 capet
3444 5382 3512 5438 ex
3543 5382 3641 5420 ve-

1994 5437 2100 5492 teri
2134 5454 2365 5507 gemma
2398 5438 2615 5509 profert
2646 5437 3051 5494 nobilissimus
3069 5438 3438 5509 antiquarius
3464 5437 3637 5492 Leon.

1991 5509 2303 5576 Augustin.
2340 5510 2393 5563 in
2431 5508 2629 5564 Gemm.
2660 5511 2867 5578 Antiq.,
2898 5526 2951 5580 p.
2986 5526 3026 5573 ι,
3068 5528 3126 5567 n.
3158 5508 3223 5564 6.7
3247 5510 3386 5564 Hav.

2063 5582 2173 5652 (29)
2208 5581 2479 5637 Romanus
2511 5581 2764 5652 Cynicus.
2800 5581 2884 5636 Ita
2899 5579 3101 5636 dictus
3133 5581 3205 5636 ob
3239 5580 3474 5650 Salyra:
3528 5579 3637 5652 Me-

1990 5654 2237 5725 pippeas,
2272 5670 2420 5725 quas
2452 5651 2820 5725 conscripsit,
2852 5669 3102 5723 quorum
3138 5653 3473 5725 fragmenta,
3520 5651 3638 5725 eol-

1990 5722 2133 5797 legit
2186 5728 2245 5780 et
2288 5722 2454 5779 notis
2501 5722 2816 5797 illustravit
2844 5722 3139 5781 Ausonius
3172 5722 3411 5797 Po’pma,
3446 5724 3637 5797 Aulus

1990 5794 2229 5870 Gellius,
2261 5798 2581 5870 Noet._Att.,
2615 5794 2713 5870 lib.
2749 5810 2896 5870 περ.
2933 5797 3046 5870 18)
3082 5820 3109 5847 ‹‹
3146 5797 3225 5852 Ex
3255 5794 3490 5870 "quibus
3540 5796 3638 5870 ille

1985 5869 2291 5942 Menippus
2350 5867 2480 5927 fuit.
2542 5867 2714 5938 cujus
2772 5864 2954 5927 libros
3009 5869 3086 5929 M.
3118 5864 3307 5929 Varrd
3333 5870 3399 5929 In
3428 5869 3633 5925 Satiris
