4366 6364
547 306 661 367 4H

1067 307 1594 370 TERTULLIANI
1639 308 1963 371 OPERUM
2008 309 2208 369 PARS
2253 308 2300 368 Ι.
2335 339 2412 350 -
2443 306 2718 369 SERIES
2765 305 2814 378 Ι,
2860 303 3424 365 APOLOGETICA.

3832 306 3952 363 412

548 439 845 512 Jupiteres
876 439 984 511 (30)
1015 439 1350 508 dicendum,
1383 442 1510 497 sine
1541 441 1830 513 capitibus
1859 443 1972 515 (31)
2003 442 2188 499 intro-
2216 451 2270 516 Α
2371 437 2482 522 illa
2509 441 2816 522 tractatur;
2849 437 3083 522 denique
3113 454 3279 509 quam
3316 440 3684 522 irreverenter
3742 438 3830 492 dii
3886 437 3954 492 ab

554 528 717 584 ducit
746 529 809 580 ³³.

1095 617 1191 673 35
1205 618 1243 671 7
1280 617 1506 674 CAPUT
1537 618 1653 675 XV.

553 728 984 779 ARGUMENTUM.
1015 753 1086 764 —
1111 727 1469 780 Demonstrat
1490 741 1674 796 porro,
1730 741 1896 797 quam
1951 723 2199 779 indecore

625 801 854 850 deorum
910 797 1060 864 facta
1117 798 1170 848 et
1200 798 1444 864 nomina,
1479 797 1549 851 ad
1578 797 1863 852 oculorum
1893 805 1943 851 et
1973 797 2198 850 aurium

624 867 986 936 voluptatem,
1017 867 1083 920 ab
1117 868 1251 939 ipsis
1283 871 1343 921 in
1372 901 1395 938 ι
1399 871 1628 924 scenicis
1685 869 2056 939 voluptatibus
2109 868 2196 919 in-

623 939 936 1006 ﬂectantur,
996 945 1054 1011 ut
1110 939 1386 1011 divinitas
1431 940 1722 1010 plaudente
1755 941 1954 1011 populo
1983 946 2196 1011 constu-

621 1009 1016 1081 pretur;_utel
1045 1025 1210 1081 quam
1257 1008 1549 1066 crudeliter
1606 1014 1665 1066 in
1723 1008 1889 1066 cavea
1944 1019 1998 1064 et
2051 1008 2198 1063 ludis

621 1079 994 1135 theatralibus
1045 1079 1445 1151 adhibeantur,
1504 1082 1598 1137 ubi
1645 1083 1912 1138 vilissime
1940 1082 2196 1152 majestas

2373 511 2507 580 ipsis
2562 510 2889 577 habeantur,
2944 509 3074 564 dum
3100 508 3290 564 coram
3322 508 3450 563 illis
3481 508 3770 563 libidinem
3799 525 3956 563 suam

2378 583 2616 653 explent.
2652 582 2842 648 Qualis
2872 581 3088 651 quidem
3120 581 3318 650 religio
3349 581 3595 653 cultores
3637 597 3763 636 suos
3814 581 3954 636 stul-

2377 651 2476 722 tos,
2535 653 2687 708 358
2745 656 2998 720 insanos,
3053 668 3228 708 osores
3285 667 3413 708 vero
3463 651 3717 708 cordatos
3748 660 3798 707 et
3856 669 3952 707 sa-

2373 727 2583 796 pientes
2613 725 2869 779 ostendit.

2376 815 2591 868 Caetera
2620 811 2868 868 lascivia
2902 812 3136 884 ingenia
3175 813 3350 868 etiam
3399 810 3802 882 voluptatibus
3858 827 3951 866 ve-

2306 902 2465 968 stris,
2526 919 2628 973 per
2682 902 2924 956 deorum
2986 902 3238 956 dedecus
3295 904 3628 972 operantur.
3673 899 3954 972 Dispicite

2305 989 2689 1047 Dentulorum
2725 990 2838 1060 (32)
2864 995 2921 1044 et
2980 989 3362 1045 Hostiliorum
3422 989 3534 1060 (33)
3591 993 3951 1055 venustates,

2305 1083 2503 1134 utrum
2565 1078 2780 1134 mimos
2832 1077 2944 1149 (34)
3001 1094 3072 1133 an
3125 1078 3264 1133 deos
3315 1083 3538 1133 vestros
3596 1077 3652 1131 in
3707 1075 3859 1148 jocis
3899 1079 3956 1132 et

1972 1195 2176 1258 Variaa
2207 1193 2526 1256 lectiones.

623 1275 667 1309 ³³
697 1274 1028 1331 Introduxit
1055 1277 1237 1332 Paris.

1986 1363 2510 1427 Commentarios.

550 1466 859 1542 temulatus
914 1472 1046 1542 esti:
1079 1485 1227 1539 quas
1287 1469 1384 1524 alii
1439 1470 1701 1541 Cynicas,
1760 1469 1888 1542 ipse
1941 1467 2201 1541 appellat

551 1540 908 1624 Menippeas.
942 1541 1130 1624 ».Ips_e
1162 1542 1296 1596 inde
1327 1540 1645 1624 Menippeas
1701 1540 1915 1624 dictus
1951 1540 1992 1595 a7
2035 1543 2198 1624 Sym:

555 1610 762 1684 macbo
819 1611 876 1665 in
908 1611 1154 1684 epistola
1185 1629 1362 1684 quam
1397 1610 1624 1684 primus
1653 1614 1839 1668 edidit
1868 1618 1924 1669 et
1951 1610 2200 1667 correxit

551 1683 919 1738 Lud.Carrio
953 1683 1258 1749 Emendat.,
1306 1683 1344 1737 l.
1399 1683 1467 1754 ιι,
1528 1701 1577 1741 c.
1639 1687 1706 1739 14
1767 1703 1779 1741 :
1836 1707 1864 1734 «
1924 1685 2195 1738 Studium

552 1755 781 1809 cuidem
821 1755 1104 1826 Menippei
1134 1755 1413 1810 Varronis
1442 1756 1716 1825 imitaris,
1750 1757 1850 1812 sed
1879 1756 2067 1810 vincis
2106 1755 2193 1826 in—

593 1827 813 1894 enium,
851 1848 878 1876 »
911 1825 1066 1881 etab
1099 1827 1376 1892 Arnobio,
1410 1827 1511 1882 lib.
1545 1845 1619 1896 v1,
1655 1851 1682 1878 ››
1715 1827 1914 1897 Varro,
1949 1834 2011 1880 ut
2056 1825 2198 1881 dicit

616 1899 888 1968 enippus,
950 1914 1063 1952 non
1125 1904 1189 1952 ut
1226 1899 1387 1970 idicit
1417 1899 1759 1970 Menippeis,
1791 1922 1820 1949 ››
1844 1916 1912 1955 ex
1938 1898 2200 1969 ejusdem

555 1970 984 2037 emendatione,
1018 1986 1068 2024 c.
1103 1971 1190 2025 l7.
1225 1969 1364 2023 Hxv.

625 2043 896 2112 Romanus
927 2039 1178 2111 Cynicus.
1214 2041 1418 2097 Libero
1451 2040 1640 2112 inquit
1673 2041 2009 2105 Rhenanus,
2061 2039 2198 2112 Var-

555 2126 620 2166 ro
681 2111 909 2166 locutus
957 2109 1146 2184 estde
1201 2113 1314 2168 diis
1368 2109 1657 2183 gentium,
1712 2113 1767 2167 id
1821 2112 1976 2184 quod
2011 2109 2099 2184 vel
2133 2126 2200 2184 ea

558 2183 851 2238 sententia
876 2183 1020 2255 satis
1051 2188 1278 2254 arguat,
1313 2181 1437 2255 quvis
1472 2183 1636 2238 citari
1663 2184 1809 2239 solet
1835 2181 1905 2238 de
1935 2181 2200 2255 exstispif

559 2255 666 2309 ciis
700 2271 712 2309 :
747 2259 870 2309 Non
902 2254 1092 2310 solum
1123 2252 1471 2320 otiosos,sed
1503 2255 1660 2311 sordi
1684 2256 1961 2312 dissimos
1985 2252 2200 2322 deos,si

558 2326 617 2380 in
643 2327 908 2398 jecorum
942 2333 997 2398 et
1018 2327 1304 2381 viscerum
1356 2326 1722 2398 sterquilinio
1780 2345 1884 2382 sua
1932 2326 2198 2398 occulue-

554 2403 692 2452 runt
748 2397 1013 2465 consilia,
1066 2398 1406 2453 hominibus
1439 2396 1511 2453 ab
1541 2397 1766 2454 insanis
1798 2396 2199 2454 sacerdotibus

557 2468 1013 2543 manifestanda,
1049 2469 1203 2524 Idem
1237 2471 1454 2526 Satiras
1485 2487 1625 2526 suas
1654 2470 2004 2543 Menippea-as
2037 2486 2071 2524 a
2097 2474 2198 2540 Cy-

555 2541 684 2596 nico
716 2542 1168 2611 cognominavit.
1199 2546 1345 2596 PAM.

627 2612 743 2694 (30)
772 2613 1076 2694 Jupiteres.
1102 2613 1253 2694 _Vid_e
1285 2612 1843 2694 Rriscianpmnblam
1874 2611 2033 2694 Jovis
2078 2627 2195 2694 neu

550 2689 640 2736 est
694 2681 985 2753 genitivus
1035 2686 1130 2735 τοῦ
1185 2687 1422 2754 Jupiter,
1455 2686 1556 2738 sed
1591 2684 1818 2755 antiqui
1852 2681 2193 2737 nominativi

549 2755 714 2824 Iovis,
747 2761 808 2810 ut
841 2755 1060 2825 passim
1093 2755 1285 2810 videre
1315 2762 1402 2810 est
1432 2773 1501 2810 ex
1557 2755 1835 2823 exemplis
1895 2759 2197 2825 poetarum

552 2825 707 2895 apud
767 2826 1212 2881 Grammaticos.
1272 2826 1433 2882 Unde
1477 2826 1660 2881 Varro
1693 2827 1928 2894 diserte,
1963 2825 2064 2880 lib.
2097 2841 2197 2888 vn,

555 2897 621 2950 de
649 2898 708 2951 L.
745 2899 799 2950 L.
835 2920 863 2947 «
903 2898 1068 2951 Nunc
1126 2897 1550 2953 consuetudine
1598 2899 1764 2954 aliter
1819 2899 2032 2960 dicere,
2095 2912 2196 2967 pro

552 2969 734 3034 Jovis,
793 2969 1024 3040 Jupiter
1055 2986 1068 3023 :
1105 2987 1204 3040 pro
1238 2970 1398 3026 bovis
1428 2974 1483 3023 et
1514 2971 1641 3035 bus,
1677 2971 1781 3024 bos
1814 2985 1826 3023 :
1861 2985 1963 3040 pro
1991 2968 2194 3030 struis,

554 3046 768 3112 strues.
803 3061 832 3089 »
861 3041 1091 3112 Jupiter
1120 3058 1249 3097 vero
1280 3047 1368 3096 est
1414 3041 1582 3111 quasi
1642 3043 1833 3103 iuvans
1892 3045 2078 3105 Pater,
2135 3043 2199 3092 ut

551 3110 854 3182 Marspiter,
887 3110 1163 3168 et'rectos
1197 3115 1366 3168 modo
1424 3110 1596 3167 casus
1651 3115 1821 3168 habet
1870 3112 2194 3167 secundum

554 3185 847 3238 eumdem.
914 3183 993 3239 De

552 3254 650 3326 ille
680 3255 1019 3326 pansophus
1050 3254 1109 3310 in
1142 3254 1433 3310 Addendis
1464 3257 1534 3310 ad
1567 3255 1667 3310 lib.
1699 3273 1760 3322 ιι,
1793 3272 1844 3310 o.
1875 3258 1929 3321 8,
1961 3256 2032 3309 de
2052 3258 2202 3326 Ana-

554 3325 727 3400 logia,
759 3325 881 3381 ms.’
908 3327 1085 3398 Lugd.
1120 3329 1240 3382 Bat.
1269 3328 1409 3400 legit
1432 3328 1672 3398 Jupitros
1699 3328 1980 3382 dicendos.
2014 3325 2200 3388 Fuld.,

557 3399 851 3466 Jupiteros.
886 3401 1023 3452 ΙΙΑν.

631 3465 743 3539 (31)
809 3470 1086 3538 Captibus.
1157 3473 1340 3524 Locus
1405 3467 1695 3532 difﬁcilis,
1765 3473 1925 3522 tanto
1992 3465 2199 3537 magis,

563 3539 702 3610 quia
732 3555 836 3612 nec
867 3540 994 3594 vola
1025 3556 1130 3595 nec
1151 3539 1469 3612 vestigium
1499 3542 1626 3612 ejus
1659 3541 1808 3612 apud
1833 3539 2201 3612 iVarronem,

565 3613 736 3680 cujus
767 3611 1044 3681 pleraque
1069 3617 1123 3665 et
1149 3610 1336 3682 longe
1351 3612 1566 3682 optima
1601 3611 2205 3680 interciderunt,quo-

565 3629 736 3680 enjus
767 3629 1044 3681 pleraque
1069 3629 1123 3665 et
1151 3629 1318 3682 longe
1351 3629 1382 3666 ο
1429 3629 1566 3665 uma
1601 3629 2205 3680 intereiuerunt,quo-

557 3699 688 3736 rum
723 3685 1036 3754 naufragae
1061 3684 1292 3738 tabulas
1311 3629 1679 3754 coiiligerunt
1697 3683 2206 3754 Riccobonusﬁte-

558 3754 816 3826 pbanus,
851 3758 1083 3826 Popma,
1119 3772 1224 3810 nos
1253 3757 1427 3809 etiam
1462 3753 1518 3808 in
1548 3754 1619 3826 iis
1664 3771 1899 3825 cperam
1945 3753 2202 3826 aliquam

559 3823 888 3896 posuimus.
934 3823 1163 3881 'Junius
1223 3843 1290 3880 ex
1337 3830 1504 3881 Festo
1535 3823 1756 3896 aliquid
1791 3826 1975 3888 allert,
2013 3823 2206 3896 sedin

558 3895 673 3968 quo
705 3898 1072 3968 acquiescere
1103 3915 1216 3952 non
1277 3898 1517 3969 possim.
1579 3895 1685 3960 Qui
1740 3913 1853 3951 non
1911 3895 2204 3950 immerito

561 3969 696 4023 inde
729 3969 1077 4024 deridetura
1103 3970 1180 4023 La
1210 3969 1590 4040 Cerda,cujus
1611 3970 1687 4024 La
1703 3969 1895 4025 Cerdae
1927 3972 2064 4022 nota
2095 3971 2202 4032 est,

557 4043 680 4096 sine
709 4040 1000 4111 capitibus,
1033 4042 1087 4095 id
1122 4045 1230 4104 est,
1272 4040 1484 4095 minuti
1535 4043 1741 4111 capite,
1795 4055 2046 4111 quorum
2098 4054 2204 4093 nec

558 4113 976 4182 conditionem,
1022 4127 1126 4167 nec
1158 4112 1462 4176 familiam,
1497 4129 1601 4167 nec
1625 4112 1914 4167 civitatem
1945 4127 2205 4182 comme-

560 4189 750 4255 morat
777 4181 993 4255 quibus
1024 4183 1230 4254 triplex
1263 4184 1574 4239 diminutio
1608 4183 1817 4255 capitis
1836 4181 2201 4255 exprimitur.

557 4253 834 4310 Haecille.
884 4253 1130 4326 Oblique
1183 4271 1315 4309 vero
1372 4256 1544 4310 etiam
1604 4253 1786 4309 Varro
1843 4254 2080 4322 taxavit,
2141 4257 2205 4307 ut

557 4342 663 4398 ego
722 4326 960 4398 quidem
1014 4333 1174 4398 puto,
1230 4327 1410 4381 Deum
1446 4326 1730 4388 Stoicum,
1765 4326 2074 4398 mundum,
2109 4340 2206 4380 ro-

557 4397 834 4466 tundum,
868 4397 1198 4469 globesum,
1231 4404 1468 4466 Seneca,
1502 4398 1672 4469 epist.
1703 4398 1773 4451 96
1806 4413 1818 4451 :
1858 4417 1882 4449 α
1914 4397 1968 4451 Si
2004 4401 2206 4469 rotun-

557 4469 692 4524 dam
718 4468 1124 4540 illisfqualem
1159 4469 1272 4524 Deo
1303 4468 1575 4524 dederint
1609 4471 1875 4524 formam.
1904 4487 1927 4518 ι
1953 4469 2110 4540 Idem
2144 4468 2202 4522 in

560 4541 809 4597 ridicula
839 4525 942 4596 illa
971 4541 1470 4612 Apocolocyntosi,
1501 4558 1675 4612 quam
1736 4541 1861 4596 sine
1919 4539 2202 4594 cachinno
2235 4525 2280 4590 D

559 4611 688 4684 lego
722 4611 1046 4682 nunquam,
1081 4613 1150 4684 de
1177 4611 1415 4668 Claudio
1449 4656 1463 4679 ,
1497 4611 1784 4678 «Qualem
1819 4612 1991 4666 deum
2023 4612 2205 4666 istum

559 4683 684 4738 fieri
724 4684 916 4738 velis?
973 4683 1255 4740 Stoicum.
1314 4685 1613 4748 Quomodo
1671 4687 1862 4755 potest
1917 4684 2205 4755 rotundus

563 4769 693 4828 esse
732 4759 829 4828 (ut
862 4755 943 4809 ait
973 4755 1167 4825 Varro)
1199 4756 1325 4828 sine
1355 4756 1564 4828 capite,
1597 4753 1724 4811 sine
1756 4753 2079 4826 praeputio?
2111 4758 2210 4808 Est

560 4825 782 4897 aliquid
816 4825 871 4880 in
907 4843 972 4882 eo
1003 4828 1179 4882 Stoici
1210 4827 1308 4882 Dei
1333 4825 1487 4897 ;jam
1521 4828 1708 4895 video,
1758 4825 1874 4881 ineo
1926 4843 2044 4893 cor,
2103 4842 2207 4880 nec

567 4902 740 4969 caput
788 4897 982 4954 habet.
1021 4921 1047 4949 »
1080 4903 1256 4954 Prout
1286 4905 1479 4954 autem
1513 4897 1780 4955 nonnulli
1809 4897 2208 4969 innumerabi-

565 4968 652 5024 les
682 4969 876 5025 dixere
910 4970 1182 5037 mundos,
1223 4972 1304 5026 ita
1331 4971 1510 5027 Varro
1556 4975 1846 5026 trecentos
1895 4970 2035 5024 deos
2090 4968 2211 5024 sive

566 5041 862 5112 Jupiteres
902 5042 1240 5110 introduxit,
1273 5041 1331 5096 in
1363 5042 1462 5097 illo
1494 5043 1709 5110 scripto
1740 5041 1893 5113 quod
1928 5040 2213 5113 amboLet

565 5110 773 5186 Sineca
806 5119 864 5169 et
917 5113 1338 5178 Tertullianus,
1396 5115 1723 5186 respixisse
1758 5110 2214 5186 videntur.__Est

569 5185 760 5240 adhuc
809 5203 934 5255 qua:
987 5186 1198 5240 morari
1243 5203 1349 5239 nos
1384 5182 1570 5256 potest
1597 5185 1767 5240 lectio
1798 5184 1932 5238 Cod.
1963 5182 2034 5238 ad
2063 5183 2211 5256 Nat.,

568 5257 710 5324 1-10,
743 5254 838 5311 ubi
871 5264 958 5313 est
991 5258 1220 5322 inducit,
1255 5254 1394 5327 quo,
1426 5258 1537 5312 nisi
1599 5257 1897 5327 usurparit
1964 5271 2063 5327 pro
2120 5254 2213 5307 in-

564 5329 840 5397 troducit,
891 5330 1122 5384 videtur
1152 5329 1336 5384 notari
1365 5330 1674 5400 expunctio
1705 5327 1915 5383 horum
1948 5327 2214 5400 deorum,

564 5400 664 5471 qui
701 5407 764 5456 ut
796 5401 852 5455 la
885 5401 1068 5456 Cerda
1098 5400 1178 5455 ait
1206 5397 1492 5455 deminuti
1529 5400 1647 5455 sint
1675 5400 1884 5471 capite,
1916 5397 2083 5471 quasi
2109 5397 2215 5471 _ibi

561 5468 923 5528 examinarit
978 5471 1161 5528 Varro
1221 5471 1576 5527 soliditatem
1632 5476 1688 5526 et
1717 5468 1971 5526 valorem
2007 5468 2214 5523 divini-

566 5543 710 5598 tatis
740 5545 1026 5614 cujusque
1083 5543 1383 5615 Jupiteris,
1446 5542 1863 5615 inveneritque
1901 5545 2214 5615 trecentos,

570 5631 718 5684 quos
751 5612 826 5670 ab
856 5612 953 5670 illo
983 5612 1219 5670 nomine
1252 5613 1580 5678 excluserit,
1616 5615 1767 5686 quod
1819 5612 1866 5669 si
1925 5612 2109 5685 placet
2166 5618 2222 5668 et

569 5685 664 5740 hic
696 5687 871 5741 scribi
895 5687 1175 5742 debuerat
1202 5689 1429 5742 inducit.
1465 5684 1647 5742 Favit'
1669 5684 1804 5740 huic
1853 5684 2217 5755 conjectum,

570 5759 727 5830 quod
762 5757 820 5813 in
853 5761 1056 5814 eodem
1087 5758 1236 5814 libro
1268 5757 1502 5830 legitur,
1535 5774 1660 5830 cap.
1696 5758 1783 5830 12,
1826 5757 1896 5812 de
1950 5756 2216 5830 multitu-

569 5829 702 5887 dine
760 5831 1022 5887 deorum.
1081 5852 1109 5882 «
1171 5830 1281 5886 Tot
1329 5827 1495 5886 enim
1551 5827 1810 5902 lamnie,
1839 5833 1924 5886 tot
1953 5827 2220 5887 nationes

1051 3159 1165 3256 ἐπ’ἆό
1197 3159 1373 3239 ὶῖἰᾶἐῖί
1409 3159 1599 3255 ιῖἇῐεὲἷ
1628 3159 2197 3240 deflagrasset;
2227 3159 2270 3226 C

2308 1483 2521 1522 census
2577 1465 2731 1521 bona
2787 1465 2901 1521 ﬁde
2931 1469 3220 1536 quarunt,
3253 1468 3319 1519 ut
3347 1464 3557 1536 dispici
3589 1469 3646 1520 et
3672 1465 3959 1536 distingul

2309 1538 2680 1608 describique
2707 1555 2820 1593 non
2855 1535 3099 1609 possint.
3136 1537 3318 1609 ntimo
3349 1536 3429 1609 ita
3447 1535 3618 1609 clare
3671 1535 3779 1592 hoc
3831 1535 3957 1609 loco

2309 1611 2484 1664 etiam
2544 1607 2656 1664 ms.
2714 1607 2904 1679 Fuldl,
2938 1615 3003 1663 ut
3031 1610 3123 1663 vix
3153 1608 3501 1664 dubitationi
3536 1609 3701 1663 locus
3732 1609 3828 1663 sit.
3854 1607 3957 1661 Al-

2309 1682 2484 1736 dinus
2507 1681 3080 1752 praefertlcapidibus.
3135 1687 3208 1734 At
3261 1696 3394 1735 vero
3450 1682 3613 1750 Capis
3671 1685 3737 1734 ut
3793 1683 3960 1735 notat

2311 1758 2513 1807 Festus
2573 1754 2904 1822 Pompeius,
2961 1756 3086 1807 erat
3136 1753 3317 1822 poculi
3365 1767 3534 1820 genus
3557 1752 3824 1806 dictuma
3854 1766 3954 1806 ca—

2227 1795 2273 1860 B
2301 1825 2518 1897 piendo.
2549 1795 2774 1897 Noniiis
2802 1795 3513 1897 Maiesllusfjungitvcum
3545 1823 3952 1897 armillo,apud

2313 1893 2486 1967 quem
2547 1895 2749 1962 Varro,
2809 1895 2873 1950 de
2932 1897 3055 1951 Vita
3083 1893 3403 1967 P_.’R.,Vlib.
3437 1911 3475 1949 ι.
3515 1917 3540 1943 ‹‹
3572 1893 3761 1950 Etiam
3797 1911 3953 1949 nunc

2310 1965 2540 2048 copula,
2575 1984 2700 2038 qua
2731 1971 2941 2048 vocant
2971 1965 3231 2048 capulas,
3264 1983 3330 2022 ac
3355 1967 3610 2048 capides,
3662 1967 3812 2048 quod
3863 1970 3954 2021 est

2309 2037 2503 2110 copuli
2531 2037 2884 2110 genus,item
2916 2037 3391 2108 armillum,quod
3415 2037 3504 2093 est
3533 2037 3747 2093 urceoli
3769 2053 3953 2110 genus

2306 2109 2535 2166 vinarii.
2573 2132 2600 2159 »
2633 2109 2705 2166 Ut
2736 2126 2870 2166 vero
2902 2111 3186 2164 armillum
3221 2111 3355 2165 inde
3379 2111 3624 2176 dictum,
3673 2109 3813 2180 quod
3860 2125 3955 2162 ar-

2307 2198 2414 2250 mo,
2470 2182 2526 2236 id
2581 2191 2678 2250 est,
2730 2182 2958 2236 humero
3011 2186 3290 2252 portetur,
3327 2187 3390 2236 ut
3422 2181 3648 2244 Festus,
3686 2181 3952 2252 itacapis

2308 2253 2610 2324 vasculum
2640 2253 2885 2308 minoris
2919 2251 3299 2324 formaquod
3329 2269 3546 2309 munus
3571 2251 3956 2323 capitollique

2311 2331 2524 2396 posset,
2558 2323 2737 2379 Varro
2767 2325 2832 2380 de
2863 2327 2919 2380 L.
2947 2325 3032 2389 L.,
3067 2323 3177 2380 lib.’
3201 2341 3255 2378 ιν
3287 2340 3299 2377 :
3337 2347 3364 2374 «
3400 2329 3466 2379 Et
3518 2324 3796 2393 minores,
3855 2340 3956 2379 oa-

2307 2397 2494 2468 pides,
2551 2412 2583 2450 a
2613 2396 2930 2468 capiendo;
2965 2397 3115 2468 quod
3151 2401 3388 2468 ansataa,
3423 2401 3486 2451 ut
3511 2396 3790 2468 prehendi
3821 2411 3954 2468 pos-

2308 2467 2447 2536 aint,
2479 2467 2537 2522 id
2570 2473 2658 2522 est
2689 2467 2836 2540 Capi.
2874 2467 3089 2522 Harum
3125 2467 3341 2540 ﬁguras
3372 2467 3431 2522 in
3482 2467 3691 2540 vaseis
3735 2467 3952 2522 sacreis

2307 2540 2532 2611 ligneas
2580 2545 2636 2594 et
2671 2539 2878 2594 ﬁctiles
2911 2539 3185 2609 antiquas
3213 2541 3389 2594 etiam
3418 2555 3572 2611 nunc
3601 2539 3951 2611 videmus._»

2307 2609 2448 2666 cum
2481 2612 2640 2665 lituis
2669 2612 2972 2682 conjungit
3002 2613 3179 2665 etiam
3218 2611 3434 2678 Livius,
3467 2610 3568 2665 lib.
3599 2629 3657 2676 x,
3689 2626 3738 2664 ο.
3765 2611 3820 2676 7,
3885 2609 3956 2662 de

2297 2682 2509 2737 habitu
2565 2683 2863 2738 Pontiﬁcio
2919 2686 3164 2752 loquens
3197 2698 3260 2735 ;‹‹
3295 2683 3352 2737 Si
3387 2682 3784 2753 conspiciatur
3814 2696 3948 2735 cum

2307 2755 2512 2826 capide
2543 2771 2607 2808 ac
2635 2755 2796 2819 lituo,
2833 2755 3022 2825 capite
3046 2753 3237 2826 velato
3269 2753 3565 2826 victimam
3595 2753 3795 2826 caedat,
3840 2768 3953 2826 au-

2307 2824 2612 2909 guriumve
2645 2842 2725 2909 ‘ex
2773 2824 3165 2909 arce’capitat.
3201 2846 3237 2909 τι
3259 2827 3513 2897 Apparet
3542 2824 3740 2909 itaque
3774 2824 3954 2909 fuisse

2306 2895 2762 2952 instrumentum
2795 2898 2865 2952 ad
2901 2895 3063 2951 sacra
3095 2895 3414 2967 pertinens,
3448 2913 3581 2951 nam
3639 2895 3697 2951 et
3751 2895 3952 2967 armil-

2306 2969 2442 3034 lum,
2500 2973 2646 3023 teste
2676 2973 2858 3032 Festo,
2893 2984 2988 3023 vas
3017 2966 3304 3023 vinarium
3331 2970 3395 3023 in
3422 2972 3614 3023 sacris.
3643 2966 3814 3032 Quasi
3844 2966 3948 3020 ali-

2307 3041 2438 3122 cubi
2470 3039 2528 3094 in
2563 3041 2784 3122 Satyris
2808 3041 3104 3122 Menippea
3128 3041 3420 3122 ingentem
3448 3039 3598 3122 hanc
3618 3038 3946 3122 .lupiterum

2307 3112 2656 3184 phalangem
2673 3110 3111 3184 introduxisset
3135 3110 3368 3184 irrisam
3388 3110 3501 3184 iqui
3545 3110 3742 3184 nullus
3790 3124 3954 3184 sacer

2309 3181 2552 3238 ornatus
2583 3183 2737 3238 circa
2768 3181 2898 3238 illos
2929 3183 3265 3254 apparebat.
3296 3181 3541 3254 Sedfego
3573 3181 3802 3237 lectioni
3839 3196 3952 3254 ms,

2317 3255 2478 3310 Fuld.
2512 3259 2567 3309 et
2599 3254 2729 3308 libri
2759 3255 2828 3308 ad
2859 3252 2982 3309 Nat:
3010 3252 3206 3324 potius
3243 3252 3572 3325 acquiesco.
3608 3254 3769 3308 Adde
3800 3252 3951 3325 quod

2311 3327 2407 3408 hic
2437 3328 2508 3381 de
2537 3326 2849 3408 abolitione
2881 3323 3203 3408 divinitatis
3235 3323 3443 3398 agatur
3464 3343 3589 3408 quas
3623 3341 3737 3380 non
3755 3323 3958 3408 .m'agis

2311 3403 2443 3524 Epte
2495 3404 2681 3469 potest
2739 3398 3008 3469 exprimi,
3057 3413 3234 3469 quam
3277 3395 3394 3470 'per
3449 3395 3687 3454 verbum
3743 3395 3959 3450 induci.

2361 3486 2454 3524 xv.

2361 3486 2454 3524 Αν.

2381 3540 2492 3612 (32)
2525 3538 2905 3612 Lentulorum,
2940 3539 3011 3594 De
3044 3539 3242 3608 Pallio,
3272 3555 3324 3612 7c.
3388 3539 3419 3592 4
3442 3555 3491 3612 Δγε
3548 3557 3575 3590 ι
3635 3537 3955 3608 Meritoque

2313 3609 2715 3682 Mimbgrapho
2770 3611 3013 3666 Lentulo
3073 3611 3130 3665 in
3162 3609 3574 3666 Catinensibus
3605 3624 3956 3682 commemo-

2315 3689 2564 3755 ratus.»
2619 3683 2798 3752 Hujus
2847 3683 3024 3738 etiam
3085 3683 3474 3755 Hieronymus
3521 3681 3790 3737 meminit
3847 3695 3962 3736 non

2315 3753 2516 3810 semel.
2552 3757 2692 3808 ΗΑν.

2387 3825 2496 3897 (33)
2556 3824 2922 3880 Hostiliorum
2947 3863 2961 3877 .
3021 3823 3404 3897 Nobilissima
3436 3823 3631 3897 inter
3665 3823 3962 3897 Romanos

2314 3894 2555 3961 familia,
2587 3901 2644 3968 et
2675 3895 3710 3968 quorum‘nominainonnullainobis
3734 3894 3960 3968 reliqua

2315 3969 2450 4024 fecit
2479 3963 2820 4038 antiquitas.
2859 3965 3088 4022 Primus
3117 3985 3178 4023 es
3209 3967 3448 4022 Hostius
3500 3965 3808 4035 Hostilius,
3859 3963 3961 4036 qui

2313 4057 2446 4095 cum
2480 4039 2723 4095 Romulo
2755 4043 2956 4093 contra
2985 4039 3226 4094 Sabines
3252 4039 3555 4110 pugnavit,
3601 4041 3963 4093 memoratus

2315 4057 2446 4095 cum
2480 4054 2723 4095 uomulo
2755 4054 2956 4093 contra
2985 4054 3226 4094 sabinas
3252 4054 3555 4164 pupnavn,
3601 4054 3959 4093 memoratus

2315 4111 2492 4190 I_.ivio,
2716 4111 2756 4166 Ι.
2793 4110 3064 4190 Meminit
3094 4115 3150 4166 et
3174 4110 3645 4190 Hostﬂijanarumh
3662 4109 3959 4190 actionum

2313 4180 2835 4265 gicerohlibatndo
2885 4181 3137 4265 Oratore,
3170 4199 3245 4265 Ae.
3304 4183 3458 4265 ‘24“5,.
3494 4181 3666 4262 et.C.
3728 4178 3964 4236 Hostilii

2312 4254 2586 4323 Mancini,
2647 4252 2816 4315 ibid.,
2873 4269 2919 4306 c.
2977 4255 3102 4307 238.
3153 4253 3324 4325 Apud
3361 4252 3698 4308 Reinesium
3733 4266 3968 4322 quoque

2316 4325 2632 4393 occurruit,
2663 4325 2725 4380 C.
2759 4323 3061 4388 Hostilius,
3095 4325 3190 4394 qui
3226 4340 3358 4379 cum
3393 4324 3452 4379 C.
3488 4323 3706 4395 Populo
3756 4327 3968 4395 Lenate

2315 4397 2544 4468 legatus
2604 4395 2664 4468 in
2720 4395 2947 4468 Syriam
2980 4401 3070 4451 est
3093 4393 3314 4451 missus
3346 4398 3415 4452 ad
3440 4393 3617 4468 Syriis
3651 4401 3707 4449 et
3728 4393 3970 4468 _1_Egypti

2314 4466 2623 4540 regnorum
2654 4467 2871 4522 bellum
2905 4466 3691 4540 componendum.r_lnscript,
3721 4466 3819 4540 ly,
3851 4469 3973 4532 8,et

2314 4537 2704 4595 LfHostilius
2764 4537 3134 4606 Fortunatus,
3196 4555 3329 4594 cum
3393 4538 3512 4593 ﬁlia
3571 4537 3820 4594 Hostilia
3877 4541 3971 4593 Ja-

2315 4613 2544 4680 nuaria,
2574 4627 2677 4680 xu,
2711 4610 2798 4665 45.
2831 4611 2997 4682 Apud
3030 4611 3326 4680 eumdem,
3357 4620 3475 4679 xvi,
3498 4610 3591 4664 24.

2713 4733 2767 4770 C.
2799 4733 3072 4772 HOSTILIO.
3101 4733 3150 4771 C.
3186 4734 3237 4773 F.
3269 4732 3566 4772 FRUGIONI.

2739 4805 2790 4843 C.
2825 4805 3104 4845 HOSTILIO.
3137 4805 3190 4844 C.
3223 4805 3275 4843 F.
3311 4804 3534 4843 NEPOTI.

2321 4893 2388 4951 Et
2419 4909 2642 4962 rursus,
2675 4909 2811 4960 xvn,
2864 4895 2965 4948 154
2998 4911 3010 4949 :
3041 4894 3286 4950 Hostiliae
3341 4892 3574 4948 Atthidi.
3634 4892 3774 4956 Quis
3831 4907 3965 4946 vero

2320 4967 2414 5020 hic
2472 4964 2753 5020 Hostilius
2813 4965 2958 5020 mibi
3015 4982 3131 5020 non
3190 4965 3376 5036 liquet
3403 4970 3461 5020 et
3490 4965 3646 5018 Mimi
3681 4980 3799 5019 una
3831 4980 3966 5019 cum

2319 5037 2463 5110 ipsis
2491 5036 2979 5110 inscriptionibus
3011 5037 3233 5092 dudum
3265 5036 3591 5110 perierunt,
3616 5037 3970 5110 Hostius_vo-

2322 5107 2488 5180 catur
2529 5109 2589 5163 in
2648 5107 2750 5163 lib.
2809 5107 2879 5164 ad
2935 5111 3214 5164 Nationes.
3273 5107 3351 5164 De
3411 5107 3596 5164 Hostii
3657 5107 3970 5180 cujusdam

2323 5179 2569 5236 libidine
2598 5184 2836 5245 Seneca,
2870 5196 2933 5244 ιι,
2969 5181 3020 5246 1,
3056 5182 3140 5235 16.
3175 5180 3316 5235 ΗΑν.

2395 5253 2766 5334 (34)..Ψ1ίζγξοδ
2825 5252 3087 5334 an_Deo_s
3141 5255 3363 5334 vestros.
3426 5251 3711 5333 Lactant,
3746 5246 3871 5331 _lib.
3917 5263 3970 5314 ν,

2325 5322 2449 5394 cap.
2483 5322 2572 5378 2i.
2602 5345 2630 5375 »
2664 5327 2815 5377 Num
2848 5323 3017 5392 pejus
3047 5327 3068 5378 Ρ
3098 5338 3215 5393 qua
3242 5322 3418 5377 iidem
3474 5322 3609 5392 ipsi.
3661 5322 3784 5392 qui,
3840 5336 3973 5374 cum

2325 5396 2464 5450 deos
2521 5411 2584 5449 se
2633 5394 2820 5449 colere
2851 5395 3070 5460 dicant,
3096 5399 3290 5449 tamen
3319 5409 3418 5449 eos
3445 5391 3675 5464 publice
3701 5392 3973 5464 turpiter-

2326 5483 2440 5537 que
2469 5465 2737 5521 derident
2771 5481 2784 5518 :
2819 5466 2889 5520 de
2921 5465 3137 5536 quibus
3185 5467 3359 5521 etiam
3420 5461 3524 5536 per
3549 5465 3796 5537 _mimos
3856 5461 3971 5533 agi,

2328 5534 2461 5594 cum
2494 5539 2615 5592 risu
2641 5541 2701 5591 et
2729 5534 3026 5608 voluptate
3055 5537 3359 5609 patiuntur
3379 5541 3401 5592 ἲ
3421 5534 3624 5608 qualis
3672 5534 3790 5609 haec
3840 5550 3973 5588 ren-

2328 5610 2552 5682 gio,aut
2582 5611 2803 5682 quanta
2833 5605 3111 5682 majestas
3144 5610 3405 5682 putanda
3433 5605 3675 5682 estquae
3696 5605 3974 5682 adoretur

2328 5676 2387 5736 in
2419 5676 2678 5751 templis,
2727 5676 2997 5736 illuditur
3050 5681 3111 5738 in
3144 5676 3438 5738 'theatris.
3505 5699 3528 5731 α
3563 5676 3854 5751 ξΤβνὶιιῌη
3905 5677 3972 5732 de

2327 5749 2594 5883 fpectacﬁ,
2653 5767 2780 5824 cap.
2836 5753 2906 5807 27
2966 5768 2981 5808 :
3030 5774 3054 5806 α
3089 5752 3212 5810 Illic
3235 5768 3444 5809 nomen
3475 5750 3575 5807 Dei
3603 5749 3976 5823 blasphema-

2356 5839 2446 5883 ιιι.
2478 5843 2506 5879 ι
2587 5839 2680 5880 AV.

2356 5839 2446 5883 ur.
2478 5843 2506 5879 ι
2538 5839 2680 5883 “AV.
