4366 6352
559 374 679 432 415

1082 372 1610 434 TERTULLIANI
1656 368 1978 432 OPERUM
2032 367 2230 428 PARS
2275 368 2321 427 ῐ.
2356 399 2433 409 —
2471 365 2742 427 SERIES
2787 367 2832 441 Ι,
2883 366 3447 428 APOLOGETICA.

3852 368 3971 426 416

560 504 744 560 vobis.
774 505 843 559 Et
893 503 1198 561 sustinetis
1257 503 1417 559 Jovis
1465 503 1648 575 elogia
1701 501 1812 574 (46)
1874 499 2119 568 cantari,
2153 502 2209 554 et
2239 499 2288 566 Α
2319 496 2648 569 ligiosiores
2698 497 2840 553 estis
2891 497 2948 552 in
3010 512 3206 568 cavea,
3256 497 3356 552 ubi
3402 513 3579 570 super
3621 496 3972 570 sanguinem

560 593 874 662 Junonem,
937 594 1235 659 Venerem,
1298 592 1452 648 360
1511 591 1828 646 Minervam
1887 607 1920 642 a
1979 593 2206 659 pastore

553 681 828 752 judicari.
861 681 1030 748 Quid,
1064 682 1213 753 quod
1267 681 1456 750 imago
1505 680 1594 735 dei
1647 680 1818 735 vestri
1868 675 2210 751 ignominio-

560 784 693 824 sum
746 775 918 840 caput
950 770 1063 839 (47)
1094 774 1150 824 et
1199 770 1490 824 famosum
1543 769 1762 824 vestit?
1793 767 1944 839 quod
1995 781 2207 836 corpus

558 856 861 928 impurum
894 863 951 911 et
982 859 1052 912 ad
1085 857 1255 912 istam
1278 863 1461 912 artem
1486 856 1914 911 effeminatione
1948 856 2056 925 (48)
2082 870 2206 923 pro-

561 945 802 999 ductum
851 945 1168 1000 Minervam
1219 945 1476 1015 aliquam
1507 944 1593 999 vel
1649 945 1950 1000 Uerculem
2005 959 2210 1012 repraa-

557 1032 800 1088 sentat?
835 1036 1037 1088 Nonne
1069 1033 1320 1088 violatur
1350 1034 1627 1102 majestas
1657 1037 1714 1088 et
1745 1031 2022 1087 divinitas
2053 1031 2200 1085 861

556 1124 978 1193 constupratur
1033 1120 1450 1193 plaudentibus
1506 1121 1669 1177 vobis
1698 1119 1858 1192 (49)?
1909 1119 2086 1174 Plane
2119 1133 2206 1173 re-

2318 585 2665 652 humanum,
2701 603 2877 657 super
2909 586 3356 657 inquinamenta
3391 603 3693 658 poenarum
3728 585 3969 658 proinde

2319 674 2533 729 saltant
2581 674 2662 730 dii
2711 677 2908 745 vestri,
2951 682 3296 748 argumenta
3345 680 3403 731 et
3451 675 3726 731 historias
3779 674 3969 731 noxiis

2317 763 2739 832 ministrantes,
2775 765 2886 819 nisi
2921 765 3074 836 quod
3107 769 3161 820 et
3192 765 3350 836 ipsos
3382 765 3520 819 deos
3551 769 3772 819 vestros
3817 780 3968 835 stupe

2318 851 2470 906 noxii
2501 852 2755 907 induunt
2784 853 2942 924 (50)?
2975 853 3238 908 Vidimus
3287 853 3605 925 aliquando
3645 855 3962 907 castratum

2314 943 2486 1012 Atyn,
2520 940 2687 996 illum
2721 942 2874 997 862
2905 941 3080 996 deum
3108 957 3176 996 ex
3205 942 3552 997 Pessinunte
3580 942 3695 1012 (51)
3723 959 3736 1006 ;
3770 945 3827 996 et
3865 941 3966 1014 qui

2315 1029 2479 1084 vivus
2511 1031 2754 1085 ardebat
2803 1030 3104 1086 Herculem
3137 1031 3252 1100 (52)
3295 1031 3588 1086 induerat.
3622 1029 3880 1086 Risimus
3911 1034 3968 1086 et

2319 1117 2476 1173 inter
2508 1117 2764 1175 ludicras
2796 1118 3256 1175 meridianorum
3279 1118 3656 1174 crudelitates
3677 1118 3788 1190 (53)
3818 1121 3963 1174 Mer-

1993 1244 2512 1306 Commentarius.

557 1356 690 1406 ante
739 1351 940 1408 oculos
972 1353 1207 1425 ponitur
1235 1352 1293 1407 in
1343 1368 1576 1424 gemma
1615 1352 2038 1425 pulcherrima,
2073 1368 2200 1422 qure

558 1425 815 1507 notanda
847 1424 1002 1507 venit
1045 1426 1254 1507 habitu
1280 1424 1659 1507 Endymionis
1708 1424 2007 1507 pastorali,
2028 1431 2198 1506 temo

560 1500 715 1549 Dact.
745 1497 900 1551 Gorl.
938 1497 1023 1561 11,
1059 1497 1180 1551 498.
1215 1495 1504 1550 Describit
1551 1513 1684 1550 vero
1712 1495 1774 1550 in
1826 1496 2040 1566 insigni
2088 1495 2198 1549 im-

557 1571 789 1631 postore
819 1568 1140 1622 Alexandro
1174 1568 1468 1622 Lucianus
1499 1570 1556 1622 in
1609 1569 2066 1622 Pseudomante:
2102 1566 2199 1618 Καὶ

555 1637 583 1689 ὁ
618 1635 712 1706 μὶν
766 1635 1038 1691 καθεύδων
1100 1635 1260 1706 δῆθεν
1319 1647 1464 1705 ect.,
1499 1640 1535 1694 i.
1569 1655 1618 1692 e.
1660 1660 1680 1685 ι
1715 1640 1857 1694 Cum
1917 1639 2009 1693 hic
2065 1639 2198 1692 dor-

558 1709 742 1764 iniens
790 1711 1012 1766 scilicet
1043 1711 1099 1764 in
1153 1711 1341 1766 medio
1384 1711 1604 1779 jaceret
1639 1725 1650 1763 :
1685 1711 2062 1766 descenderet
2093 1727 2198 1764 au-

552 1784 667 1854 tem
699 1780 758 1836 in
790 1797 924 1837 eum
956 1783 1148 1854 etecti
1183 1783 1438 1854 fastigio,
1471 1791 1752 1852 tanquam
1784 1799 1812 1836 e
1845 1783 2198 1847 cmlo,Luna

556 1851 739 1924 vicem
765 1869 964 1922 agens,
999 1853 1215 1908 Rutilia
1245 1851 1510 1924 quaedam
1560 1851 1991 1908 formosissima
2029 1855 2198 1922 cujus

549 1922 685 1977 dam
718 1940 748 1978 e
796 1925 1067 1980 Cassareae
1114 1922 1324 1979 domus
1376 1926 1631 1995 priefecti
1710 1941 1872 1988 uxor,
1925 1941 2051 1995 quae
2103 1926 2192 1978 ni-

2308 1353 2426 1405 tem
2475 1349 2734 1422 aliosque
2784 1351 3296 1422 repraesentabant,
3333 1353 3396 1406 ut
3424 1346 3607 1405 videri
3664 1354 3856 1422 potest
3897 1350 3956 1408 in

2307 1437 2557 1508 gemmis
2608 1439 2762 1493 Gorl.
2797 1443 2838 1493 t.
2875 1439 2944 1504 ll,
3001 1456 3058 1493 n.
3090 1440 3216 1503 205,
3248 1440 3373 1507 311,
3405 1439 3530 1508 509,
3583 1439 3710 1504 539,
3763 1439 3865 1494 sed
3897 1444 3959 1494 et

2308 1509 2565 1590 ipsorum
2594 1511 2842 1591 deorum
2895 1512 3091 1566 facies.
3127 1512 3212 1564 lta
3243 1510 3404 1565 larva
3435 1511 3632 1592 Panos
3667 1512 3955 1592 spectabi-

2309 1581 2381 1635 lis
2411 1587 2500 1635 est
2530 1581 2767 1637 ibidem.
2801 1599 2858 1636 n.
2889 1583 3015 1636 506.
3049 1582 3132 1636 Ad
3166 1584 3320 1636 hunc
3353 1583 3528 1636 ritum
3561 1587 3734 1636 etiam
3768 1599 3952 1637 resni-

2309 1600 2381 1635 us
2411 1600 2500 1635 est
2530 1600 2767 1647 minem,
2801 1600 2858 1636 n.
2889 1600 3015 1636 ouo.
3049 1600 3132 1636 an
3166 1600 3320 1636 nunc
3353 1600 3528 1636 ritum
3561 1600 3734 1636 etiam
3768 1600 3950 1652 respi-

2308 1652 2385 1706 cit
2417 1654 2697 1723 eloquens
2730 1653 2826 1708 ille
2858 1653 3170 1723 Gregorius
3206 1652 3791 1720 Nazianzenus,0ral.
3824 1654 3950 1709 adv.

2306 1723 2562 1795 Mulieres
2591 1742 2610 1779 :
2644 1725 2738 1779 ubi
2766 1726 2931 1779 docet
2955 1723 3260 1795 indignum
3292 1741 3419 1780 esse
3453 1725 3712 1780 honestis
3744 1725 3949 1779 mulie-

2307 1794 2471 1868 ribus
2505 1797 2633 1868 fuco
2665 1795 2868 1850 faciem
2902 1794 3144 1867 tingere.
3174 1798 3612 1866 lgnominiosum
3642 1796 3780 1868 legit
3810 1797 3944 1853 Cod.

2306 1866 2596 1937 Agobard.
2629 1873 2684 1922 et
2711 1885 2813 1938 pro
2843 1866 3012 1938 quia,
3029 1869 3226 1938 ipsum.
3263 1868 3403 1922 ΗΑν.

2379 1938 2491 2007 (48)
2523 1937 3147 2010 Αιοιεαηίεπεγηίηαιίοηε
3187 1939 3346 2010 prod.
3397 1939 3619 1994 Pariter
3665 1937 3946 2010 Hierony-

554 1996 778 2081 mirum.
803 2003 867 2051 ut
895 1998 1128 2081 amabat
1157 1991 1667 2081 Aleuandrumﬂita'
1701 1991 1959 2081 vicissim
1991 1997 2062 2052 ab
2094 1995 2183 2078 ille

2305 1991 2435 2063 mus
2465 1991 2916 2075 abnegatam;
2937 1991 3077 2065 iam:
3102 1991 3156 2079 *I',
3187 1991 3343 2081 spis:
3367 1991 3417 2063 8‘
3435 1991 3519 2081 {1g
3541 1991 3608 2064 in
3640 1991 3942 2064 messui-

552 2067 877 2122 amabatur.
911 2071 989 2123 Ac
1019 2068 1128 2122 sub
1159 2068 1345 2123 oculis
1375 2068 1756 2139 perditissimi
1807 2067 1964 2123 illius
1996 2068 2190 2123 mariti

552 2139 679 2191 tum
729 2139 1064 2212 complexus
1115 2141 1456 2211 agebantur,
1490 2145 1615 2194 tum
1665 2140 1882 2212 oscula,
1917 2140 2091 2212 idque
2129 2139 2189 2194 in

593 2211 876 2280 ropatulo.
934 2211 1094 2274 Quod
1157 2212 1266 2266 nisi
1324 2212 1655 2282 complures
1703 2211 1951 2267 fuissent
2002 2211 2186 2280 taedai,

571 2282 742 2353 'orsan
796 2282 1064 2338 nonnihil
1112 2289 1168 2337 et
1214 2299 1438 2349 eorum,
1473 2299 1599 2353 quas
1653 2283 1772 2336 fieri
1806 2282 1998 2339 solent
2037 2283 2190 2337 infra

546 2351 766 2421 sinum,
802 2359 1093 2425 patratum
1128 2355 1400 2409 luisset.»
1435 2351 1519 2410 Ita
1543 2371 1674 2408 vero
1705 2355 1924 2409 dictum
1957 2359 2046 2409 est
2079 2354 2188 2409 hoc

543 2433 817 2493 pastorem
871 2428 1138 2494 suspirat,
1198 2427 1253 2480 id
1312 2430 1403 2481 est
1459 2427 1769 2492 desiderat,
1831 2433 1895 2481 ut
1949 2428 2189 2495 suspirat

541 2510 780 2620 agitarem
815 2497 874 2551 in
920 2497 1086 2569 Diris,
1119 2514 1247 2568 quae
1277 2497 1505 2552 Valerio
1536 2497 1735 2553 Catoni
1785 2499 2183 2568 assignantur,

545 2581 560 2619 ι
608 2583 625 2619 ι
660 2583 672 2620 :

545 2581 625 2620 lDl
660 2583 672 2622 Ζ

671 2654 887 2720 invideo
917 2657 1070 2705 vobis
1100 2656 1234 2720 agri,
1264 2657 1601 2720 formosaque
1629 2661 1778 2720 prata
1810 2671 1823 2706 :

668 2718 776 2782 [ioc
807 2718 1038 2768 formosa
1067 2718 1252 2781 magis,
1287 2733 1405 2768 mea
1434 2718 1576 2782 quad
1607 2718 1838 2769 formosa
1868 2720 2045 2782 puella

663 2779 752 2828 Est
781 2781 946 2830 vobis.
977 2779 1416 2830 Tacite‘vestrum
1450 2779 1683 2844 suspirat
1715 2779 1986 2843 amorem;

539 2879 604 2929 ut
638 2881 803 2951 recte
853 2877 929 2951 ibi
976 2877 1302 2951 observavit
1352 2878 1835 2951 Lindenbrogius,
1864 2879 1979 2936 nisi
2027 2880 2182 2951 quod

539 2947 741 3003 malim
774 2964 842 3004 ex
872 2950 1114 3006 Manutii
1146 2950 1418 3018 editione,

910 3047 1088 3097 Tacite
1119 3053 1169 3097 et
1200 3053 1432 3097 vestrum
1464 3049 1694 3111 suspirat
1723 3063 1982 3099 amorem.

535 3143 728 3217 Longe
759 3161 889 3200 vero
921 3145 1076 3200 aliud
1110 3145 1346 3214 Lucani,
1377 3163 1453 3216 γι,
1485 3146 1610 3201 370.

779 3253 884 3301 Nec
914 3256 1102 3301 tenues
1133 3257 1322 3302 ventos
1345 3254 1578 3316 suspirat
1608 3255 1870 3304 Anauros.
1937 3255 2066 3305 Hsv.

2300 2081 2409 2134 bus
2453 2081 2646 2136 scenis
2679 2083 2832 2138 idem
2866 2082 3074 2136 histrio
3121 2079 3275 2137 nunc
3305 2079 3608 2137 Herculem
3663 2082 3941 2136 robustus

2297 2153 2732 2222 ostendit,nunc
2757 2153 2950 2208 mollis
2972 2153 3030 2206 in
3058 2153 3330 2209 Venerem
3368 2153 3674 2222 frangitur.
3697 2174 3725 2202 ››
3757 2156 3940 2219 Quem

2296 2223 2501 2296 locum,
2539 2230 2706 2296 utget
2755 2224 2900 2280 alios
2947 2225 3238 2296 Cypriani,
3272 2223 3937 2296 LactantiiLAugustini

2296 2295 2532 2349 adducit
2581 2293 3047 2350 Elinenhorstius
3076 2298 3147 2351 ad
3198 2297 3341 2351 illud
3394 2293 3630 2350 Arnohii
3677 2293 3780 2350 lib.
3807 2311 3935 2350 vu:

2295 2389 2322 2414 «
2359 2367 2420 2420 In
2458 2367 2736 2422 femineas
2784 2367 3183 2422 mollitudines
3214 2371 3559 2423 enervantes
3608 2382 3669 2421 se
3697 2366 3873 2422 viros.
3909 2387 3937 2415 »

2294 2438 2434 2491 Coll.
2469 2439 2620 2493 Mod.
2677 2454 2859 2494 arcem
2905 2439 3143 2510 vitiose.
3181 2439 3481 2510 Scriptura
3528 2438 3585 2493 in
3618 2438 3734 2493 MS.
3782 2438 3842 2510 L.
3877 2438 3939 2492 Β.

2294 2509 2709 2580 compendiosa
2735 2510 3040 2566 videbatur
3069 2509 3211 2566 velle
3239 2509 3512 2565 scenicam
3567 2513 3768 2580 artem.
3801 2509 3940 2563 Hav.

2366 2581 2477 2652 (49)
2508 2581 2902 2636 Plaudentibus
2949 2581 3116 2637 vobis.
3169 2583 3254 2638 Ita
3301 2581 3484 2637 edidit
3534 2580 3660 2652 Rig.
3707 2596 3775 2635 ex
3828 2597 3940 2635 ms.

2293 2651 2457 2725 Euld.
2490 2653 2572 2707 ita
2597 2658 2651 2708 et
2683 2653 2821 2708 Cod.
2875 2654 3164 2725 Agobard.
3222 2655 3408 2708 Antea
3455 2652 3760 2725 legebatur
3809 2652 3938 2706 lau-

2291 2722 2545 2796 dantibus
2601 2725 2765 2796 uobis.
2829 2721 3114 2796 Exprimit
3170 2725 3278 2779 hoc
3336 2724 3416 2779 ita
3470 2721 3686 2796 Arnob.
3741 2721 3778 2777 l.
3829 2739 3931 2796 1V7:

2292 2793 2510 2868 Sedent
2535 2800 2592 2849 et
2620 2794 2676 2850 in
2712 2793 3062 2868 spectaculis
3081 2796 3330 2868 publicis
3349 2795 3942 2868 sacerdotumomnia

2291 2865 2868 2939 magistratuum—que
2916 2865 3179 2939 collegia,
3234 2867 3561 2939 Pontiﬁces
3595 2865 3844 2939 Maximi
3883 2870 3940 2921 et

2291 2936 2527 2993 Mairimi
2551 2936 2820 2994 curiones
2845 2954 2857 2994 :
2885 2936 3092 2996 sedent
3115 2937 3566 3003 Quindecimviri
3604 2936 3872 3004 laureati,
3911 2960 3930 2986 ιι

2288 3014 2345 3064 et
2374 3016 2882 3082 quaelsequuntur.
2915 3011 3234 3083 Cyprianus
3280 3012 3454 3083 etiam
3487 3027 3500 3064 :
3541 3030 3564 3061 α
3601 3011 3782 3083 Homo
3817 3009 3930 3063 fra-

2288 3086 2417 3136 ctus
2464 3080 2741 3138 omnibus
2791 3080 3094 3147 membris.
3143 3088 3200 3139 et
3247 3084 3333 3138 vir
3383 3080 3534 3136 ultra
3577 3080 3929 3136 muliebrem

2288 3152 2594 3209 mollitiem
2645 3153 2994 3219 dissolutus,
3025 3154 3119 3210 cui
3163 3170 3257 3210 ars
3309 3152 3386 3208 sit
3430 3153 3605 3208 verba
3654 3152 3930 3208 manibus

2285 3225 2574 3298 expedire,
2609 3231 2667 3280 et
2699 3230 2934 3298 propter
2961 3242 3143 3281 unum
3167 3225 3361 3298 nescio
3386 3241 3584 3295 quem,
3609 3240 3712 3280 nec
3739 3223 3930 3298 virum

2289 3312 2394 3351 nec
2426 3295 2723 3365 feminam,
2769 3295 3164 3353 commovetur
3211 3296 3413 3352 civitas
3445 3300 3586 3362 tota,
3631 3304 3696 3351 ut
3743 3295 3933 3352 desal-

605 3349 1278 3441 (116)199931993'9-“011?
1309 3367 1426 3441 39;
1470 3367 1837 3441 guigagme
1887 3353 2172 3441 egpljcata
2209 3355 2251 3422 α
2292 3349 3807 3441 setamensesatis.{arma“sane;ius;

533 3421 986 3492 estsArnobius
1037 3422 1162 3476 loco
1210 3422 1423 3492 saepius
1469 3421 1779 3478 memorato
1813 3441 1826 3479 :
1861 3447 1889 3473 ‹‹
1923 3421 2069 3490 Quin
2123 3441 2180 3492 et

535 3490 634 3566 ille
662 3491 721 3544 in
770 3493 981 3566 fabulis
1030 3490 1324 3566 maximus
1376 3494 1500 3563 ipse
1544 3499 1998 3566 regnatorrpoli,
2050 3490 2177 3564 sine

536 3561 656 3615 ulla
679 3565 941 3636 numinis
965 3561 1413 3636 majestatisque‘
1430 3565 1758 3632 formidine,
1775 3561 2176 3636 adulterorum

539 3648 708 3703 agere
737 3633 1133 3690 introducitur
1166 3633 1396 3706 partes;
1429 3641 1600 3705 atque
1631 3643 1695 3691 ut
1727 3637 1922 3694 fallere
1955 3658 1967 3696 :
2004 3633 2180 3705 casti:

532 3710 712 3759 tatem
746 3707 1070 3762 alienarum
1105 3707 1288 3777 possit
1319 3707 1572 3763 familias
1623 3714 1899 3779 matrum,
1935 3729 2035 3770 ora
2065 3720 2175 3776 im-

535 3783 766 3832 mutare
811 3780 1071 3851 pellacia,
1105 3785 1163 3833 et
1191 3779 1248 3832 in
1282 3782 1504 3848 species
1551 3781 1864 3851 conjuguin
1897 3788 2177 3848 subditivi

535 3797 766 3832 munare
811 3797 1071 3850 pellacia,
1105 3797 1163 3833 et
1191 3797 1248 3832 in
1282 3797 1504 3848 speOIes
1551 3797 1656 3835 con
1691 3797 1864 3851 ugum
1897 3797 2176 3848 subditivi

533 3851 794 3926 corporis
823 3849 1196 3926 simulatione
1227 3852 1554 3926 succedere.
1587 3871 1615 3926 )3
1644 3797 1806 3926 Jovis
1833 3855 2022 3926 itaque
2055 3866 2176 3920 elo-

532 3920 630 4001 gia
658 3925 797 3975 sunt
831 3923 887 3976 hi
933 3921 1085 3976 tituli
1122 3938 1134 4001 ς
1167 3921 1400 4001 Jupiter
1445 3921 1806 4001 Amphitryo,
1840 3920 2052 3989 aurum
2085 3935 2175 3991 vel

531 3991 1003 4077 imb-er.aureu.s,
1039 3991 1351 4076 pulmo‘vel
1399 3991 1992 4077 cygnusataurustet
2045 4023 2174 4077 quin

531 4067 672 4118 sunt
701 4062 897 4140 plures
930 4062 1279 4140 furtivorum
1312 4062 1577 4140 amorum
1608 4062 2014 4140 ejusspeCies.
2050 4062 2172 4134 limo

527 4139 789 4208 recenset
815 4136 1002 4208 elogia
1023 4138 1141 4192 haec
1166 4137 1454 4190 Arnobius
1479 4136 1818 4204 iterum,libI
1845 4158 1919 4196 vn
1957 4160 1970 4200 :
2005 4170 2032 4196 ‹‹
2067 4149 2173 4206 Ρο-

538 4205 622 4259 nit
652 4207 880 4292 animos
909 4205 1232 4292 Jupitertsi
1267 4208 1608 4292 Amphitryo
1637 4210 1815 4292 fuerit
1845 4223 2013 4292 aclus
2041 4205 2172 4292 prb-

536 4278 961 4362 nuntiatusque
987 4278 1317 4362 ‘Plautinus
1343 4279 1362 4332 ?
1393 4283 1505 4362 Aut
1527 4278 1584 4362 tsi
1635 4280 1883 4362 Europa,
1912 4288 1960 4341 si
1998 4278 2170 4362 Leda,

533 4347 900 4420 Ganymedes
924 4352 1096 4405 fuerit
1117 4352 1491 4417 saltatus,aut
1525 4356 1732 4418 Danae,
1761 4347 1983 4414 motum
2017 4347 2173 4419 οοηίζ

531 4427 730 4494 pescet
773 4423 1037 4478 irarum?
1068 4445 1096 4472 »
1130 4423 1412 4493 Quodque
1445 4423 1964 4494 adisuspirantem
2019 4437 2172 4490 Attin

530 4492 798 4578 Cybeiem
829 4494 1296 4578 attinetuinbidem
1321 4492 1491 4578 sitia
1517 4492 1931 4578 Tranquillior,
1957 4502 2172 4578 lenior,

531 4569 719 4619 mater
760 4583 975 4650 magna
1019 4566 1289 4650 efficitur,
1322 4565 1372 4650 is
1406 4565 1599 4650 Atyflis
1634 4565 1998 4650 conspexerit
2029 4565 2175 4650 pris:

531 4587 719 4619 muter
762 4587 975 4637 magna
1019 4587 1289 4632 CI'ICIEUI‘,
1324 4587 1372 4618 IS
1406 4587 1599 4635 μιιγαιε
1634 4587 1772 4623 0008
1818 4587 1863 4626 8}

530 4651 658 4690 cam
692 4637 947 4692 refricari
981 4638 1052 4691 ab
1085 4635 1467 4692 histrionibus
1501 4636 1754 4694 fabulam
1776 4587 1812 4695 ξ
1836 4665 1863 4690 ››

603 4707 715 4776 (47)
744 4709 940 4786 Imago
962 4709 1252 4786 dei__vestri
1301 4708 1886 4786 ignmniiziosissimum
1914 4727 2088 4786 caput
2117 4725 2168 4777 et
2202 4721 2247 4786 D

528 4775 804 4864 famosum
834 4775 1008 4862 nestit.
1047 4782 1169 4834 Haec
1200 4775 1392 4864 verba,
1427 4784 1609 4864 totum
1645 4782 1949 4846 histrionis
1975 4775 2171 4864 caput,

527 4848 716 4924 ipsius
749 4850 847 4924 Dei
881 4869 1052 4924 quem
1083 4852 1557 4924 repraesentabat,
1593 4870 1841 4924 persona
1884 4848 2168 4918 convesti:

529 4925 672 5002 tum.
692 4921 872 4978 fuisse
902 4921 1274 4994 'signitic’ant,
1309 4923 1463 5047 quod
1511 4921 1877 4993 apertissime
1916 4934 2172 4990 declarat

531 4990 749 5047 Gabius
801 4998 1017 5047 Bassus
1047 4995 1197 5047 anud
1245 4997 1322 5047 Ge
1349 4995 1517 5047 lium.
1553 5012 1679 5047 can.
1711 4999 1766 5047 7.
1802 4999 1900 5047 lih-
1933 5021 1969 5047 v
2023 5006 2166 5047 Nam

531 4990 772 5067 Gabius‘
801 4990 1017 5067 Bassus
1047 4995 1197 5066 apud
1245 4990 1518 5067 Gellium,
1549 4990 1679 5067 cap.
1711 4999 1766 5062 7,
1801 4999 1900 5057 lib.
1933 5021 1989 5059 v.
2023 5006 2169 5060 Nam

526 5069 724 5138 caput,
755 5063 969 5138 inquit,
1002 5072 1057 5121 et
1086 5063 1151 5122 os
1199 5063 1641 5138 cooperimento
1665 5085 1921 5138 personis
1953 5080 2168 5132 tectum

529 5136 809 5220 undique,
834 5136 1339 5220 .unaquetantum
1373 5138 1528 5220 vocis
1559 5136 1890 5220 emittenda:
1919 5147 2012 5202 via
2041 5166 2170 5220 per-

524 5207 768 5291 vium,et
798 5207 1068 5291 videmus
1091 5210 1436 5291 in_antiqui3
1471 5210 1844 5291 .Coniicorum
1881 5207 2169 5291 exempla-

529 5279 1006 5361 ribuspersonas
1058 5284 1114 5361 i_n
1148 5279 1572 5361 hanchon‘ininp.
1598 5283 1845 5361 formam
1885 5279 2167 5361 depiclas.

527 5349 801 5432 Boethius
826 5353 924 5432 lib:
959 5353 1261 5432 de_duabus
1293 5353 1496 5432 Christi
1525 5353 1648 5432 Nat.
1685 5357 1782 5410 ubi
1812 5359 1893 5432 de
1911 5349 2168 5432 personas

524 5425 827 5499 vocabulo.
888 5426 1047 5499 Quod
1109 5425 1155 5481 si
1224 5429 1470 5499 acuatur
1543 5425 2019 5499 antepenultima,
2079 5434 2168 5490 in-

527 5495 679 5560 nuit,
734 5497 1103 5568 apertissime
1131 5514 1164 5551 a
1211 5513 1352 5552 sono
1391 5497 1565 5568 dicta
1608 5495 1915 5558 videbitur.
1953 5495 2170 5561 Idcirco

526 5571 731 5643 autem
755 5567 788 5622 a
816 5585 981 5635 sono,
1000 5567 1139 5640 quia
1168 5567 1681 5643 cpncavitateAipsa
1714 5573 1902 5643 maior
1932 5593 2170 5634 necesse

530 5641 617 5692 est
648 5637 909 5694 volvatur
956 5637 1157 5696 sonus.
1193 5641 1319 5697 Ric.
1352 5670 1421 5681 -—
1469 5662 1496 5687 ‹‹
1533 5637 2169 5709 ῐξζῐιοιιιίηἱόεἱεδὶιῐιιιω

527 5719 724 5794 caput,
756 5717 811 5766 et
842 5715 1131 5794 famosum
1157 5713 1346 5794 vestit.
1373 5733 1401 5762 »
1438 5712 1695 5794 Respicit
1725 5719 2018 5776 scenicum
2064 5739 2170 5794 ap-

525 5785 797 5866 paratum
843 5789 904 5866 et
936 5784 1478 5866 'imprimis‘larvas
1508 5784 1724 5866 quibus
1774 5795 1948 5862 caput
1972 5784 2168 5866 _suu'm

523 5854 863 5912 inserebant
891 5854 1350 5914 histrionemllla
1377 5854 1536 5913 enim
1565 5871 1681 5916 non
1702 5854 1934 5924 tantum
1965 5864 2170 5923 Socra-

2361 3441 2472 3509 (50)
2506 3441 2670 3494 Nomii
2720 3437 2980 3496 induuntf
3009 3440 3148 3496 Vult
3195 3441 3386 3496 dicere
3440 3439 3642 3494 noxios
3688 3437 3819 3493 illos
3867 3454 3935 3494 ex

2291 3525 2450 3566 more
2499 3515 2892 3566 Romanorum
2926 3530 3039 3568 non
3091 3517 3319 3568 tantum
3355 3527 3634 3582 personas
3689 3510 3936 3566 deorum

2289 3583 2602 3648 sustinere,
2637 3583 2747 3654 sed
2788 3600 2940 3654 sepe
3000 3583 3174 3639 etiam
3226 3582 3284 3637 in
3316 3599 3562 3654 pcenam
3621 3582 3693 3637 ad
3740 3582 3936 3654 vivum

2289 3658 2704 3726 repraesentare
2737 3653 2790 3726 id
2818 3653 2971 3726 quod
2999 3657 3070 3711 de
3092 3655 3205 3710 diis
3229 3653 3359 3726 istis
3382 3654 3642 3726 fingitur,
3671 3653 3939 3726 castrari,

2289 3725 2572 3851 geruburi.
2598 3724 3044 3868 Huéisl‘ucitillud
3071 3724 3355 3782 Martialis
3380 3724 3574 3797 [quem
3597 3725 3727 3781 vide
3759 3725 3865 3780 lib.
3897 3741 3939 3794 ι,

2333 3839 2346 3861 ,
2437 3816 2449 3864 ;
2482 3815 2560 3867 ιι,
2592 3815 2648 3864 x,
2758 3840 2768 3851 .

2333 3839 2346 3861 ,
2377 3799 2449 3864 7;
2482 3815 2560 3867 ιι,
2592 3815 2648 3864 x,
2679 3799 2768 3852 25.

2410 3904 2526 3952 Non
2557 3902 2692 3951 falsa
2723 3903 2962 3965 pendens
2992 3903 3046 3951 in
3077 3916 3232 3952 cruce
3263 3901 3572 3952 Laureolus.

2282 4007 2574 4063 Ausonius
2604 4008 2780 4064 etiam
2813 4008 3024 4066 alludit
3054 4008 3193 4065 illuc
3222 4009 3392 4080 epist.
3426 4025 3600 4064 xxxiii
3633 4024 3648 4065 :

2468 4114 2713 4176 Decepta;
2744 4115 2870 4164 felix
2903 4129 3057 4165 casus
3087 4129 3144 4164 se
3175 4115 3392 4164 miscuit
3424 4116 3541 4164 arti.

2532 4177 2728 4241 Histrio
2765 4179 2979 4241 saltavit
3007 4179 3099 4241 qui
3130 4179 3390 4240 Capauaaa
3422 4179 3546 4236 ruit,

2466 4237 2612 4287 Idem
2644 4240 2734 4302 qui
2767 4240 2969 4288 Nioben
3001 4237 3221 4290 saltavit
3241 4255 3452 4300 saxeus,
3484 4243 3543 4289 ut
3570 4243 3682 4289 tum

2532 4302 2806 4352 Spectator
2833 4317 3017 4352 veram
3048 4302 3335 4352 crediderit
3361 4303 3586 4352 Nioben.

2466 4361 2524 4411 In
2560 4361 2763 4414 Canace
2795 4365 2942 4413 visus
2970 4365 3140 4414 multo
3170 4365 3371 4414 felicior
3402 4366 3516 4414 ipsa
3547 4380 3559 4414 :

2528 4425 2679 4484 Quod
2710 4439 2818 4476 non
2851 4428 2936 4476 hic
2965 4428 3141 4491 gladio
3172 4427 3376 4477 viscera
3404 4425 3673 4476 dissecuit.

2355 4523 2466 4593 (51)
2500 4523 2668 4579 Illum
2701 4529 2875 4580 Deum
2923 4542 2995 4580 ex
3025 4527 3368 4581 Pessinunte.
3403 4524 3510 4580 Ubi
3561 4522 3750 4595 primo
3781 4523 3934 4579 divi-

2283 4593 2527 4668 nitatem
2581 4596 2828 4667 adeptus
2861 4602 2968 4661 est,
3001 4601 3058 4652 et
3086 4613 3301 4668 corpus
3354 4598 3482 4668 ejus
3513 4593 3602 4652 est
3633 4612 3936 4668 consecra-

2283 4671 2432 4740 tum.
2462 4665 2776 4740 Historiam
2809 4667 2896 4740 vel
2929 4665 3348 4724 fabulam—vide
3383 4665 3548 4740 apud
3581 4667 3797 4722 Arnob.
3827 4667 3928 4726 lib.

2279 4754 2333 4801 ν,
2378 4738 2516 4792 Cod.
2573 4738 2736 4794 Fuld.
2778 4762 2805 4788 ‹‹
2857 4739 3040 4797 Deum
3089 4745 3348 4796 vestrum
3399 4738 3447 4796 e‘
3481 4741 3847 4796 Pessinunte.
3901 4762 3928 4790 η

2283 4808 2468 4864 Rhen.
2501 4807 2680 4865 Atten.
2714 4809 2856 4866 Hav.

2349 4881 2460 4951 (52)
2509 4883 2823 4951 Herculem.
2876 4883 3091 4938 Arnob.
3145 4881 3246 4938 lib.
3303 4897 3406 4937 iv:
3462 4904 3482 4929 ι
3534 4881 3650 4937 Nec
3706 4898 3821 4937 non
3872 4886 3930 4937 et

2277 4949 2602 5032 illa‘p'roles
2631 4953 2854 5032 Jovis_a
2881 4953 3161 5032 Sophocle
3190 4955 3251 5032 in
3283 4952 3607 5032 Trachiniis
3652 4952 3928 5032 Hercules

2277 5022 2535 5149 pestileri
2568 5024 2849 5096 tegminis
2897 5022 3333 5081 circumretitus
3374 5024 3652 5095 indagine
3685 5025 3927 5080 misera-

2321 5094 2475 5149 iliter
2522 5095 2693 5149 edere
2743 5096 3038 5149 inducitur
3068 5096 3345 5149 eiulatus.
3378 5096 3659 5149 violentia
3708 5097 3927 5149 doloris

2321 5094 2475 5168 iliter
2522 5094 2693 5152 edere
2743 5096 3038 5154 inducitur
3068 5096 3345 5168 ejulatus,
3378 5094 3663 5168 violentia
3708 5097 3929 5154 doloris

2278 5166 2490 5237 frangi,
2525 5173 2695 5238 atque
2726 5169 2784 5222 in
2835 5166 3113 5224 ultimam
3136 5169 3329 5224 tabem
3381 5167 3777 5224 difﬂuentium
3820 5170 3929 5226 vis-

2280 5253 2474 5292 cerum
2532 5239 2922 5296 maceratione
2977 5241 3266 5296 consumi.
3315 5259 3339 5291 ι
3393 5240 3553 5294 Idem
3613 5239 3714 5294 lib.
3776 5257 3854 5296 vn
3912 5259 3925 5298 :

2282 5330 2306 5359 (ι
2343 5310 2667 5383 Indignatio
2718 5311 3118 5383 relanguescet
3165 5310 3398 5372 Alcide.
3432 5312 3477 5366 si
3513 5313 3796 5382 tragoedia
3827 5318 3926 5366 So-

2279 5381 2528 5506 plnoclis,
2561 5384 2651 5437 cui
2695 5381 3016 5440 Trachinia;
3057 5399 3268 5439 nomen
3316 5387 3426 5436 est.
3469 5381 3777 5465 Euripides
3829 5389 3930 5440 aut

2332 5469 2558 5506 eromes
2607 5455 2925 5506 actitetur?
2956 5479 2983 5506 «
3017 5455 3224 5506 Merito
3271 5453 3472 5506 itaque
3527 5455 3736 5506 irrisus
3767 5473 3800 5506 a
3833 5461 3930 5506 La-

2332 5469 2560 5525 eromes
2607 5455 2925 5510 actitetur?
2956 5479 2983 5506 «
3017 5455 3224 5510 Merito
3271 5453 3472 5525 itaque
3527 5453 3736 5510 irrisus
3767 5473 3800 5510 a
3833 5461 3930 5510 La-

2279 5524 2652 5608 ctanti‘ohlib.
2680 5543 2728 5608 ι,
2760 5543 2810 5580 c.
2832 5528 2875 5608 _9
2907 5544 2920 5582 :
2947 5528 3119 5608 _Hunc
3173 5524 3438 5608 homines
3472 5529 3925 5608 Deum.putant.

2276 5597 2385 5652 Sed
2418 5594 2764 5653 Philocteles
2794 5599 2922 5670 ejus
2947 5598 3133 5656 haeres
3161 5615 3275 5655 non
3309 5596 3550 5670 putavit,
3584 5594 3713 5669 qui'
3740 5599 3923 5727 rupem

3504 5685 3789 5727 sunnosm

3504 5686 3572 5726 su
3580 5685 3789 5742 pposm

2349 5792 2463 5865 (53)
2493 5791 2922 5851 Mcridianorum
2950 5795 3300 5853 crudelitates
3335 5797 3470 5868 Non
3494 5797 3656 5868 erant
3689 5793 3748 5848 hi
3780 5792 3923 5868 legi-

3303 5865 3434 5924 timi
3465 5865 3818 5940 gladiatores
