4366 6362
484 425 606 484 419

1009 417 1534 481 TERTULLIANI
1579 414 1906 478 OPERUM
1947 415 2149 474 PARS
2194 415 2242 474 l.
2273 445 2355 459 —
2383 413 2661 475 SERIES
2705 415 2755 488 I,
2796 414 3368 475 APOLOGETICA.

3774 413 3897 472 420
3912 439 3915 441 ·

484 558 736 625 tractari,
763 557 820 611 in
852 555 997 627 ipsis
1032 553 1379 625 plerumque
1408 551 1754 606 aedituorum
1778 554 1834 605 et
1857 550 2128 605 sacerdo-
2161 559 2214 621 Α
2315 547 2570 627 ostendit.
2604 548 2716 616 Quo
2744 551 2900 619 pacto
2941 548 3047 603 sibi
3067 549 3225 627 piam
3262 547 3333 603 ad
3373 548 3901 604 demonstrationem

478 651 606 702 tum
639 642 1051 709 tabernaculis,
1087 643 1194 696 sub
1248 641 1457 695 iisdem
1491 639 1655 694 vittis
1685 643 1742 692 et
1785 638 2051 709 apicibus
2083 645 2140 694 et

477 736 780 808 purpuris,
815 733 984 787 thure
1018 732 1297 802 ﬂagrante
1347 728 1650 783 libidinem
1683 726 1938 799 expungi
1972 727 2085 797 (56)
2120 733 2132 770 ε

480 824 698 891 nescio,
728 821 933 894 plusne
988 819 1057 872 de
1089 818 1252 872 vobis
1301 817 1380 872 dii
1414 814 1612 882 vestri,
1646 831 1822 886 quam
1872 815 1942 868 de
1973 812 2136 868 Chri-

478 910 688 967 stianis
735 915 1090 981 quaerantur.
1146 907 1308 961 Certe
1340 903 1604 974 sacrilegi
1635 904 1706 959 de
1751 902 1958 958 vestris
1989 919 2137 957 sem-

478 1016 581 1070 per
610 997 1152 1070 apprehenduntur.
1205 993 1524 1049 Christiani
1577 992 1728 1047 enim
1778 990 2000 1062 templa
2033 1005 2138 1046 nec

478 1087 734 1142 interdiu
778 1090 1031 1150 norunt;
1084 1082 1404 1154 spoliarent
1435 1081 1679 1137 forsitan
1714 1097 1782 1134 ea
1829 1085 1884 1134 et
1915 1079 2050 1150 ipsi,
2083 1071 2133 1133 si

479 1179 535 1229 et
570 1175 677 1246 ipsi
721 1190 788 1229 ea
837 1173 1167 1228 adorarent.
1222 1172 1369 1237 Quid
1421 1186 1557 1241 ergo
1590 1169 1809 1239 colunt,
1846 1167 1946 1238 qui
1995 1166 2136 1222 talia

478 1280 591 1318 non
614 1262 857 1318 colunt?
885 1261 1016 1315 Jam
1038 1259 1271 1332 quidem
1296 1257 1540 1329 intelligi
1575 1258 1842 1327 subiacet
1869 1255 2133 1310 veritatis

476 1368 605 1407 esse
636 1351 912 1420 cultores,
945 1349 1044 1420 qui
1099 1348 1385 1403 mendacu
1436 1364 1551 1401 non
1602 1346 1720 1401 sint
1755 1363 1768 1402 :
1802 1362 1907 1400 nec
1937 1360 2131 1400 errare

477 1439 736 1512 amplius
777 1438 834 1493 in
887 1454 978 1503 eo,
1009 1437 1069 1491 in
1117 1454 1234 1509 quo
1285 1453 1510 1492 errasse
1558 1451 1619 1490 se
1668 1434 2131 1506 recognoscendo

479 1527 857 1584 cessaverint.
895 1527 1008 1580 lloc
1058 1526 1221 1596 prius
1253 1525 1462 1595 capite,
1494 1529 1552 1578 et
1598 1540 1832 1577 omnem
1866 1522 1999 1576 hinc
2032 1537 2130 1576 sa-

480 1617 765 1673 cramenti
795 1614 978 1670 nostri
1011 1614 1275 1669 ordinem
1324 1613 1572 1682 haurite,
1603 1611 1965 1684 repercussis
1997 1614 2129 1666 ante

479 1711 674 1762 tamen
708 1704 1088 1776 opinionibus
1121 1703 1303 1758 falsis.

1089 1862 1324 1918 CAPUT
1365 1862 1506 1918 XVI.

477 1991 915 2044 ARGUMENTUM.
949 2017 1016 2028 —
1067 1984 1396 2040 Ostensurus
1445 1985 1578 2052 iam,
1632 1999 1793 2056 quem
1841 1985 2030 2050 Deum,
2079 1992 2132 2039 et

545 2060 807 2131 quomodo
863 2058 1260 2131 z’llumgcolant
1302 2056 1625 2131 Christiani,
1687 2060 1850 2131 antea
1896 2057 2134 2131 accingit

542 2127 600 2185 ,ξε
630 2132 708 2185 ad
735 2129 1120 2185 convellendas
1171 2130 1454 2198 Opiniones
1483 2129 1548 2183 de
1578 2129 1678 2182 isto
1729 2127 1882 2181 cultu
1909 2127 2083 2198 falsas
2110 2144 2128 2180 :

541 2202 608 2256 de
637 2204 814 2271 capite
861 2202 1017 2254 364
1067 2201 1277 2254 scilicet
1323 2201 1524 2265 (minio,
1575 2199 1866 2271 degcruce,
1900 2197 2127 2271 desole,

544 2274 610 2327 de
651 2269 773 2341 ﬁcto
824 2274 924 2326 isto
973 2272 1208 2325 Numine
1259 2271 1488 2340 biforni,
1538 2269 1676 2342 quod
1727 2270 2131 2324 inscribebatur

544 2360 865 2398 onoaoms.
900 2345 1018 2397 Haec
1050 2345 1237 2397 omnia
1267 2359 1375 2396 non
1419 2345 1538 2395 sine
1561 2344 1682 2396 risu
1711 2357 2005 2411 morsuque
2035 2343 2127 2395 di-

543 2417 672 2482 luit,
703 2416 868 2485 inque
899 2415 1019 2470 illos
1063 2415 1206 2485 ipsos
1254 2419 1597 2468 accusatores
1647 2415 1822 2482 magis
1852 2414 2129 2482 quadrare

2316 620 2604 690 religionis
2633 629 2838 676 nostra
2865 623 3098 692 purgat.

2316 725 2485 792 Nam,
2512 730 2573 780 ut
2608 727 2869 797 quidam,
2889 725 3230 781 somniastis
3263 729 3440 797 caput
3466 724 3760 780 asininum
3787 725 3895 795 (57)

2244 830 2372 869 esse
2404 815 2575 870 deum
2611 819 2898 870 nostrum.
2923 815 3083 870 Hanc
3112 814 3414 869 Cornelius
3444 814 3680 868 Tacitus
3707 815 3898 884 suspi-

2245 902 2471 958 cionem
2519 903 2810 974 ejusmodi
2860 903 3109 958 inseruit
3137 903 3202 956 ³8.
3257 903 3310 957 Is
3360 901 3516 956 enim
3579 903 3637 956 in
3689 902 3894 972 quinta

2244 990 2628 1047 Historiarum
2677 1008 2918 1047 suarum
2949 990 3168 1046 bellum
3200 989 3510 1046 Judaicum
3543 1007 3787 1046 exorsus
3820 992 3892 1046 ab

2245 1077 2466 1148 origine
2495 1080 2708 1151 gentis,
2732 1081 2908 1135 etiam
2939 1081 3009 1135 de
3040 1080 3172 1152 ipsa
3200 1084 3319 1134 tam
3341 1080 3590 1151 origine,
3621 1097 3798 1151 quam
3823 1080 3894 1134 de

2245 1171 2481 1225 nomine
2512 1176 2568 1225 et
2612 1169 2889 1242 religione
2935 1170 3122 1240 gentis
3155 1187 3280 1242 quae
3313 1170 3492 1225 voluit
3520 1177 3896 1240 argumenta-

2243 1263 2339 1313 tus
2362 1259 2425 1329 ³9,
2456 1259 2684 1314 Iudaeos
2716 1260 2890 1314 refert
2912 1260 2956 1292 ‘0
2985 1259 3226 1330 [Egypto
3257 1259 3558 1330 expeditos
3583 1260 3719 1330 (58),
3753 1259 3895 1327 sive,

2244 1351 2307 1402 ut
2340 1349 2592 1418 putauit,
2609 1351 2867 1403 extorres
2889 1349 2958 1412 Η,
2991 1346 3049 1401 in
3083 1346 3263 1402 vastis
3286 1346 3508 1401 Arabia;
3533 1346 3675 1402 locis
3704 1363 3894 1418 aqua~

2243 1454 2373 1492 rum
2407 1437 2824 1510 egentissimis,
2851 1454 2984 1492 cum
3017 1437 3113 1492 siti
3140 1442 3597 1505 macerarentur,
3633 1437 3892 1509 onagris,

2239 1525 2337 1597 qui
2369 1527 2513 1581 forte
2562 1527 2630 1581 de
2681 1532 2846 1598 pastu
2880 1531 3082 1598 potum
3135 1526 3370 1597 petituri
3423 1526 3892 1594 aestimabantur,

2240 1614 2534 1670 indicibus
2582 1615 2739 1670 fonte
2788 1631 2926 1670 usos
2975 1615 3048 1669 ob
3085 1631 3215 1670 eam
3273 1614 3522 1687 gratiam
3569 1614 3895 1670 consimilis

2239 1705 2439 1760 bestiae
2494 1705 2866 1776 superficiem
2919 1721 3314 1762 consecrasse.
3367 1708 3554 1777 Atque
3604 1707 3687 1760 ita
3734 1705 3894 1776 inde,

2240 1794 2464 1863 Opinor,
2497 1803 2946 1865 praesumptum,
2982 1811 3087 1849 nos
3119 1810 3350 1865 quoque
3383 1795 3722 1865 utjudaicas
3755 1795 3893 1850 reli-

2238 1881 2429 1953 gionis
2450 1882 2494 1916 ⁴²
2533 1883 2916 1953 propinquos,
2971 1882 3161 1937 eidem
3196 1883 3512 1938 simulacro
3545 1882 3785 1940 initiari.
3822 1889 3893 1938 At

2239 1970 2390 2026 enim
2435 1971 2589 2025 idem
2621 1970 2921 2026 Cornelius
2960 1971 3220 2041 Tacitus,
3253 1988 3393 2026 sane
3425 1971 3521 2026 ille
3554 1973 3892 2027 mendacio-

2241 2075 2372 2114 rum
2406 2058 2862 2130 loquacissimus
2911 2060 3046 2130 (59),
3096 2060 3153 2114 in
3187 2060 3387 2115 eadem
3440 2059 3687 2115 historia
3720 2061 3898 2116 refert

2239 2147 2478 2202 Cneium
2529 2147 2894 2219 Pompeium,
2927 2164 3060 2202 cum
3110 2147 3436 2202 Jerusalem
3487 2148 3759 2220 cepisset,
3793 2165 3896 2220 pro

2239 2244 2550 2308 ptereaque
2584 2237 2866 2306 templum
2917 2235 3158 2290 adiisset
3210 2237 3585 2307 speculandis
3633 2237 3900 2294 Judaicau

2239 2323 2537 2394 religionis
2579 2323 2831 2392 arcanis,
2865 2325 3014 2380 365
3051 2323 3278 2378 nullum
3332 2324 3454 2380 illic
3500 2326 3787 2396 reperisse
3819 2327 3898 2380 si-

2239 2412 2568 2467 mulacrum
2600 2413 2734 2484 (60).
2786 2413 2854 2466 Et
2901 2413 3104 2484 utique
3153 2411 3203 2468 si
3251 2413 3308 2467 id
3363 2411 3681 2482 colebatur,
3735 2416 3890 2485 quod

1885 2539 2087 2598 Varias
2131 2538 2446 2600 lectiones.

541 2648 587 2688 ³⁸
618 2645 826 2712 ΠΙιθη.,
852 2644 998 2710 Ald.,
1032 2645 1313 2710 Barraeus,
1347 2642 1698 2717 Gangnaeus:
1731 2643 1877 2717 Nam
1912 2643 2176 2717 quidam,
2207 2647 2312 2698 etc.
2355 2661 2367 2700 :
2396 2643 2606 2717 Geten”
2637 2645 2725 2698 Fr.
2757 2644 2976 2717 Junius,
3006 2645 3060 2698 la
3091 2644 3268 2700 Cerdo
3301 2645 3466 2717 :jam
3501 2649 3565 2700 ut
3593 2644 3833 2717 quidam
3859 2661 3873 2712 ;

472 2717 703 2772 Haverc.
737 2720 789 2770 et
821 2718 937 2783 Rtg.
973 2733 991 2770 :
1021 2717 1164 2770 Nam
1199 2721 1255 2769 et
1283 2716 1522 2785 quidam
1573 2716 1686 2787 (ed.
1739 2732 1788 2768 a.
1826 2716 1981 2787 1754.
2032 2714 2177 2768 Nam
2223 2721 2280 2769 et
2308 2716 2589 2785 quidem).
2640 2717 2870 2770 Haverc.
2903 2716 3076 2787 Nam,
3125 2722 3188 2770 ut
3217 2714 3456 2787 quidam
3505 2714 3868 2784 somniastis,
3898 2715 3902 2720 ’

471 2794 646 2858 caput
674 2818 744 2827 -—
773 2794 1066 2854 nostrum,
1100 2787 1248 2840 hanc
1279 2817 1341 2826 —-
1375 2785 1665 2856 ejusmodi
1695 2786 1988 2859 inseruit,
2012 2787 2100 2859 Fr.
2131 2787 2328 2842 Junius
2355 2807 2377 2843 :
2407 2787 2714 2859 Judaismo
2762 2789 3020 2842 inseruit.
3052 2786 3157 2859 Sed
3183 2785 3551 2859 antiquiorem
3580 2788 3866 2844 verborum

470 2857 889 2929 distinctionem
915 2860 1273 2928 rolinuimus,
1321 2875 1425 2929 quo
1455 2860 1597 2928 facto
1628 2874 1677 2911 υ.
1712 2857 1852 2911 hanc
1897 2857 2195 2911 delendum
2240 2863 2340 2925 est,
2361 2869 2434 2929 ut
2462 2858 2760 2914 voluerunt
2811 2857 3182 2925 Ileinrichius,
3213 2866 3263 2915 et
3298 2857 3488 2929 Ritter,
3531 2860 3623 2914 sed
3651 2859 3864 2915 insevit

467 2947 570 3001 pro
602 2928 852 3003 inseruit
880 2931 1258 2986 scribendum.
1331 2928 1379 2964 ’39
1407 2931 1726 3000 Argutatus
1755 2931 1883 2984 Jun.
1961 2929 2004 2962 ⁴⁰
2035 2929 2215 2984 Infert
2245 2928 2425 2986 Paris.
2501 2931 2541 2965 “
2579 2929 3000 2986 Exterminatos
3043 2931 3401 3003 Havercamp.
3475 2931 3520 2965 ⁴²
3550 2930 3866 3003 Religionis

468 3003 620 3057 abest
648 3002 898 3056 Parisin.

1901 3097 2418 3160 Commentarius.

538 3205 648 3277 (56)
681 3205 1000 3260 Libidinem
1022 3205 1284 3277 expungi,
1310 3203 1350 3258 i.
1377 3219 1425 3258 e.
1453 3203 1672 3275 perlici,
1691 3203 2110 3260 consummari.

461 3260 552 3331 De‘
568 3260 794 3331 Tiberio
823 3260 1153 3338 Suetonius.
1189 3260 1246 3330 iii
1277 3260 1423 3330 'Vita
1453 3260 1581 3345 ejus
1614 3260 1669 3331 cf
1695 3277 1763 3329 44
1796 3291 1808 3328 :
1850 3297 1876 3327 α
1908 3277 2113 3330 Fertur
2142 3260 2184 3326 C

466 3348 640 3402 etiam
675 3348 731 3402 in
765 3349 1144 3402 sacrificando
1196 3349 1490 3418 quondam
1525 3352 1730 3418 captus
1762 3349 1904 3402 facie
1936 3347 2109 3402 mini-

465 3419 592 3484 stri,
628 3435 884 3473 acerram
921 3421 1300 3489 praeferentis,
1334 3419 1600 3487 nequisse
1630 3420 1942 3483 abstinere,
1967 3421 2108 3489 quin

469 3505 634 3560 paene
665 3491 754 3543 vix
781 3491 921 3544 dum
955 3507 1014 3544 re
1045 3491 1243 3544 divina
1277 3498 1525 3560 peracta,
1550 3490 1763 3545 ibidem
1798 3491 1996 3545 statim
2025 3507 2110 3545 se-

467 3562 709 3615 ductum
742 3568 1172 3632 constupraret,
1205 3561 1498 3632 simulque
1544 3561 1781 3616 fratrem
1815 3564 1940 3631 ejus
1972 3561 2108 3616 tibi-

463 3633 671 3686 ciuem.
707 3653 733 3681 »
767 3632 904 3687 HAV.

518 3703 644 3827 (357)
677 3705 849 3773 Caput
891 3703 1156 3756 asinium.
1210 3703 1490 3784 P'rteclara
1529 3708 1585 3756 et
1637 3705 1810 3784 docte.
1835 3708 2112 3775 congesta

559 3791 638 3827 eri
698 3774 806 3827 hoc
856 3773 980 3827 loco
1032 3775 1182 3827 anud
1235 3780 1584 3827 interpretes
1629 3775 1810 3827 Taciti
1864 3780 2112 3827 nossunt

455 3773 638 3827 videri
698 3774 806 3829 hoc
856 3773 980 3828 loco
1032 3775 1182 3844 apud
1235 3773 1584 3842 interpretes
1629 3775 1810 3829 Taciti
1864 3773 2113 3845 possunt

458 3846 671 3916 quibus
703 3846 1011 3900 addendus
1037 3846 1271 3917 Lydius,
1295 3846 1358 3899 de
1391 3847 1465 3899 Re
1499 3849 1662 3901 Militi.
1700 3847 1798 3900 lib.
1835 3864 1873 3900 ιι
1906 3849 1960 3900 in
1996 3848 2109 3901 ﬁne

457 3917 987 4042 caplitisusecundi.
1043 3918 1146 3972 Pro
1204 3917 1470 3988 ejusmodi
1513 3918 1648 3973 Cod.
1701 3918 1867 3973 Fuld.
1922 3920 2108 3986 huius-

457 4006 625 4042 mou.
713 4006 801 4042 AV.

456 4006 625 4042 ηιοιιι.
664 4006 801 4043 “AV.

528 4061 638 4129 (58)
670 4062 897 4128 Aigyplo
927 4057 1223 4126 expeditos.
1275 4059 1333 4112 ln
1370 4057 1516 4112 libro
1571 4059 1641 4112 ad
1687 4061 1944 4114 Nationes
1976 4060 2114 4114 scri-

457 4136 672 4200 pserat,
727 4133 937 4186 Judwos
986 4133 1156 4196 refert
1208 4131 1266 4183 in
1315 4130 1680 4200 expeditione,
1737 4137 1887 4196 etc.;
1937 4137 1992 4185 et
2051 4133 2107 4184 in

455 4197 728 4272 Glossjs,_
761 4201 1061 4272 Exrpeditio
1116 4200 1330 4254 dicitur
1375 4197 1559 4268 ἔξοδος
1609 4201 1682 4259 εἷς
1731 4200 1998 4272 πόλεμον.
2047 4205 2108 4256 ln

457 4272 590 4328 aliis
620 4268 799 4340 ἔξοδος
834 4268 1177 4342 ἔκδημητική
1232 4275 1596 4342 στρατιωτῶν.
1649 4271 1753 4329 Hic
1786 4268 1977 4328 tamen
2012 4290 2109 4328 ex-

451 4344 680 4415 peditos
711 4346 953 4416 [Egypto
982 4344 1219 4398 Judaaos
1251 4343 1412 4413 dicit,
1448 4344 1612 4414 quasi
1649 4347 1718 4398 de
1751 4345 1903 4399 tristi
1937 4346 2107 4416 Egy-

452 4418 707 4488 ptiorum
735 4415 878 4484 jugo
913 4415 1189 4488 liberatos
1224 4430 1235 4468 :
1274 4432 1385 4470 non
1441 4425 1696 4471 extorres
1729 4423 1824 4471 aut
1857 4415 2106 4482 exsules,

451 4487 518 4542 ut
548 4489 773 4556 putavit
803 4488 1059 4541 Tacitus.
1095 4487 1222 4540 Rie.

523 4560 635 4628 (59)
680 4559 1083 4613 Mendaciorum
1131 4559 1572 4628 loquacissimus.
1623 4559 1782 4622 Quod
1835 4576 1947 4613 non
1996 4559 2103 4613 mi-

2221 3203 2308 3277 vel
2337 3221 2480 3260 casco
2513 3209 2786 3277 appareat
2829 3204 3033 3260 laudes
3063 3206 3191 3275 ejus
3243 3205 3550 3276 contineri,
3582 3209 3641 3260 et
3668 3203 3864 3277 legen-

2222 3276 2359 3330 dum
2416 3292 2429 3331 :
2487 3299 2514 3326 ‹‹
2555 3278 2690 3331 Sine
2739 3275 2908 3331 laude
2957 3277 3301 3347 loquendus.
3337 3299 3364 3326 »
3419 3275 3762 3343 Quanquam
3795 3277 3865 3330 de

2220 3347 2492 3420 omnibus
2541 3349 2926 3418 scriptoribus
2973 3348 3056 3403 ita
3095 3348 3435 3419 pronuntiat
3480 3348 3767 3420 Vopiscus
3807 3348 3862 3401 in

2217 3419 2577 3491 Aureliano:
2612 3442 2638 3469 «
2674 3421 2852 3474 Nemo
2881 3421 3258 3491 scriptorum,
3279 3419 3585 3490 quantum,
3600 3423 3671 3475 ad
3694 3421 3870 3491 histo-

2220 3492 2366 3544 riam
2402 3490 2670 3561 pertinet,
2702 3508 2814 3545 non
2848 3497 2937 3546 est
2966 3490 3187 3562 aliquid
3223 3492 3524 3548 mentitus.
3553 3494 3609 3546 in
3633 3508 3747 3560 quo
3782 3490 3864 3545 Li-

2221 3563 2367 3628 vius,
2392 3564 2448 3616 in
2484 3579 2598 3632 quo
2627 3562 2958 3628 Sallustius,
2985 3564 3041 3617 in
3067 3561 3186 3633 quo
3207 3564 3504 3618 Cornelius
3525 3561 3780 3629 Tacitus,
3806 3563 3864 3616 in

2219 3650 2333 3703 quo
2356 3634 2608 3704 denique
2625 3635 2870 3705 Trogus,
2893 3634 3222 3690 mani‘estis
3237 3635 3532 3690 erroribus
3558 3635 3865 3690 convince—

2219 3713 2439 3778 rentur.
2475 3728 2501 3753 ››
2536 3707 2690 3759 lnter
2714 3722 2860 3778 quos
2892 3707 3152 3778 Tacitum
3183 3707 3418 3778 quidem
3454 3708 3525 3778 ab
3559 3709 3864 3776 utriusque

2217 3776 2451 3847 V0pisci
2485 3786 2537 3830 et
2566 3777 2904 3831 Tertulliani
2928 3776 3223 3832 calumnia
3246 3779 3475 3844 acriter,
3503 3777 3682 3848 large,
3713 3784 3771 3832 et.
3795 3794 3864 3830 ex

2219 3850 2479 3918 professo
2511 3849 2769 3903 defendit
2805 3848 3326 3919 eloquentissimus
3359 3850 3642 3920 Muretus,
3693 3849 3862 3920 Oper.

2220 3893 2360 3974 lom.
2398 3921 2439 3988 ι,
2483 3927 2628 3974 orat.
2664 3921 2749 3975 14.
2796 3893 2970 3976 Recle
3009 3937 3138 3976 vero
3180 3922 3332 3976 idem
3365 3921 3547 3975 Cerda
3595 3893 3865 3975 classis/at

2219 3991 2508 4061 argutiam
2563 3992 2743 4046 nostri
2776 4009 2906 4046 cum
2958 3993 3225 4048 Tacitum
3258 3992 3424 4047 illum
3475 3997 3537 4047 ut
3565 3991 3860 4062 loquacis-

2219 4063 2433 4116 simum
2468 4067 2525 4117 et
2555 4062 2765 4133 linguae
2811 4064 3066 4118 minimas
3097 4064 3452 4118 continentis
3483 4065 3738 4132 denotat,
3771 4079 3860 4119 se-

2219 4151 2318 4188 cus
2351 4149 2416 4187 ac
2449 4134 2640 4204 ipsum
2677 4152 2884 4190 nomen
2920 4153 3033 4206 prae
3065 4152 3126 4190 se
3158 4137 3286 4190 fert.
3321 4136 3462 4190 Hav.

2291 4207 2404 4276 (60)
2468 4203 2709 4288 Nullum.
2753 4208 2873 4260 illic
2922 4203 3195 4288 reperisse
3250 4207 3642 4288 simulacrum.
3697 4203 3858 4284 Quod

2218 4293 2422 4348 verum
2454 4283 2541 4331 est
2571 4277 2656 4331 vel
2698 4278 2827 4348 ipsa
2869 4276 3123 4333 caecitate
3154 4284 3320 4334 teste.
3354 4277 3700 4348 Unquamne
3730 4276 3864 4346 quis

2219 4347 2526 4418 gentilium
2590 4347 2782 4419 majus
2830 4348 2900 4402 de
2957 4352 3107 4405 Mose
3165 4356 3222 4405 et
3268 4347 3514 4405 Juduic’a
3561 4348 3860 4419 religione.

2221 4419 2540 4489 primisque
2573 4419 2803 4474 illorum
2837 4419 3271 4478 institutoribus
3292 4438 3471 4476 ausus
3500 4424 3590 4475 est
3610 4420 3863 4490 proferre

2218 4492 2617 4564 testimonium
2667 4508 2844 4564 quam
2897 4494 3004 4564 hoc
3034 4495 3168 4548 est?
3219 4489 3731 4564 Santonpayouvzsq
3770 4489 3857 4564 mi

2218 4556 2484 4622 θεοσεϐείς
2537 4562 2610 4622 ὡς
2661 4556 2881 4631 άληθῶς
2929 4559 3100 4629 ὄντες,
3137 4567 3278 4635 justi
3321 4569 3376 4619 et
3421 4556 3545 4619 vere
3594 4563 3858 4632 religiosi.

451 4619 580 4708 τυσξ
620 4619 742 4708 Ῥδί,
787 4629 1123 4708 “gladi?”
1172 4619 1312 4698 είὲίῖν
1359 4647 1494 4708 FUIT}
1548 4619 1771 4708 omnes,
1796 4636 2106 4708 _quotquot
2136 4619 2181 4684 Ι)
2215 4619 2403 4708 verba
2435 4619 2572 4708 sunt
2599 4619 2922 4708 Strabonis,
2963 4654 3029 4692 ex
3060 4619 3215 4692 libro
3241 4639 3368 4708 ejus
3393 4619 3741 4708 ixanujuvs
3769 4639 3859 4687 te-

450 4705 607 4760 sunt,
641 4699 698 4753 in
729 4700 841 4756 ista
877 4701 1117 4755 historia
1169 4699 1585 4765 cmcutiverint,
1620 4707 1677 4756 et
1707 4699 1906 4756 eadem
1943 4699 2098 4756 erro-

449 4772 530 4826 ris
561 4771 777 4825 chorda
810 4772 1225 4830 oberraverint,
1248 4772 1369 4842 lege
1400 4773 1664 4827 Tacitum
1691 4779 1746 4826 et
1775 4773 2099 4839 Justinum,

451 4848 509 4916 et
540 4843 891 4916 ridebisjni
929 4859 1106 4916 causa
1137 4849 1260 4897 erat
1316 4860 1439 4899 mos
1465 4845 1818 4910 Judasorum,
1870 4847 1940 4900 de
1972 4848 2101 4916 qui-

451 4915 563 4968 bus
594 4913 718 4984 ipse
765 4914 997 4969 Tacitus
1050 4915 1108 4968 V.
1166 4916 1369 4969 Hister.
1419 4931 1466 4968 c.
1501 4916 1535 4967 5
1569 4931 1582 4969 :
1618 4937 1642 4967 ι
1684 4917 1789 4970 Sed
1824 4913 2100 4973 adversus

453 5002 660 5058 omnes
693 4985 842 5041 alios
874 4985 1082 5040 hostile
1113 4987 1335 5058 odium.
1359 4987 1611 5058 separati
1637 4987 2097 5058 epulis,discreti

454 5057 771 5113 cubilibus.
809 5079 838 5108 ››
873 5058 1137 5113 Liberius
1166 5057 1463 5112 Juvenalis
1493 5061 1608 5113 Sat.
1635 5057 1745 5124 xiv,
1780 5075 1948 5115 versu
1975 5062 2097 5117 tOl.

542 5174 810 5237 Romanas
841 5177 1016 5237 autem
1055 5173 1190 5221 soliti
1220 5177 1564 5221 contemnere
1595 5174 1754 5237 leges,

541 5236 822 5301 ,[udaicum
854 5236 1119 5295 ediscunt,
1151 5240 1202 5284 et
1241 5240 1473 5291 servant,
1494 5251 1566 5301 ac
1599 5236 1842 5286 metuunt
1865 5239 1972 5301 jus,

541 5299 778 5346 Tradidit
809 5312 1001 5346 arcano
1033 5302 1389 5362 quodcunque
1421 5299 1667 5362 volumne
1703 5299 1889 5362 Moses,

543 5362 656 5409 Non
689 5364 988 5410 monstrare
1022 5362 1146 5418 vias,
1189 5360 1370 5408 eadem
1402 5361 1501 5408 nisi
1533 5376 1684 5411 sacra
1714 5360 1927 5412 codeuti
1959 5378 1971 5412 :

544 5425 832 5483 Quaesitum
870 5423 934 5471 ad
966 5422 1164 5472 fontem
1197 5421 1336 5472 solos
1366 5422 1629 5474 deducere
1671 5439 1876 5489 verpos.

447 5557 637 5618 Quare
668 5555 980 5610 ridiculum
1015 5560 1071 5610 et
1099 5552 1462 5610 intolerabile
1485 5556 1624 5611 illud
1659 5557 1811 5625 quod
1845 5557 1900 5612 la
1917 5559 2096 5614 Cerda

450 5628 651 5701 Tacito
682 5628 929 5695 afﬁnxit,
964 5629 1127 5699 quasi
1164 5629 1222 5681 in
1255 5628 1696 5701 multiloquium
1728 5630 1854 5698 ejus
1886 5629 2095 5686 dixerit

447 5699 720 5754 Sidonius
749 5716 762 5753 :

539 5806 652 5864 Qua
682 5819 878 5867 pompa
915 5805 1144 5863 Tacitus,
1178 5818 1456 5867 nunquam
1496 5805 1610 5853 sine
1657 5803 1761 5855 flne
1792 5805 2093 5868 loquendus

444 5911 543 5967 ubi
578 5927 712 5968 cum
758 5909 1026 5980 Varroni,
1067 5909 1366 5978 Sallustio,
1423 5911 1627 5968 Plauto
1681 5913 2089 5991 conjungatur,

2212 4707 2556 4760 stimonium
2592 4706 2662 4761 de
2697 4708 2850 4761 Mose
2880 4712 2936 4761 ct
2978 4707 3134 4763 cultu
3166 4706 3439 4763 Numinis
3471 4706 3686 4763 ibidem
3721 4722 3857 4776 prte-

2212 4777 2386 4852 ce_d_it,
2435 4778 2505 4852 in
2546 4778 2704 4832 hunc
2757 4779 2990 4833 modum
3041 4797 3054 4834 :
3103 4781 3310 4847 Μωσῆς
3356 4779 3478 4852 γὰρ,
3530 4785 3662 4852 etc.,
3715 4777 3751 4830 i.
3805 4793 3853 4830 e.

2211 4870 2237 4896 (ι
2274 4848 2417 4902 Nam
2455 4849 2644 4904 Moses
2673 4867 2828 4904 unus
2861 4867 2929 4904 ex
2958 4852 3241 4923 Egyptiis
3274 4848 3696 4914 sacerdotibus,
3722 4865 3855 4902 cum

2212 4926 2432 4990 partem
2492 4923 2807 4990 quamdam
2870 4923 3122 4990 regionis
3181 4925 3439 4990 haberet,
3491 4938 3556 4976 ac
3615 4925 3858 4975 moleste

2211 4991 2383 5064 ferret
2430 5000 2773 5062 praesentem
2823 4999 3064 5062 statum,
3098 4994 3232 5050 inde
3280 4994 3396 5048 huc
3427 4991 3855 5064 commigravit,

2211 5063 2414 5117 multis
2473 5081 2603 5137 eum
2662 5066 3104 5131 comitantibus,
3164 5067 3379 5137 quibus
3438 5063 3856 5118 divina’cordi

2208 5140 2392 5188 erant.
2431 5135 2773 5192 Affirmabat
2803 5138 2956 5192 enim
2991 5135 3371 5208 docebatque,
3408 5137 3703 5208 Egyptios
3739 5153 3856 5189 non

2211 5211 2362 5281 recte
2394 5207 2630 5281 sentire,
2664 5210 2772 5281 qui
2794 5210 3115 5265 bestiarum
3163 5227 3228 5265 ac
3258 5207 3533 5281 pecorum
3567 5207 3856 5281 imagines

2208 5278 2314 5351 deo
2356 5278 2710 5351 tribuerent,
2762 5280 3018 5351 itemque
3076 5278 3276 5345 Afros;
3310 5298 3413 5338 nec
3463 5279 3711 5341 Graecos,
3739 5278 3856 5351 qui

2207 5348 2322 5403 diis
2355 5349 2657 5422 hominum
2694 5348 2962 5406 naturam
3016 5354 3378 5422 attingerent.
3414 5352 3471 5406 ld
3505 5368 3635 5404 vexo
3669 5348 3857 5404 solum

2206 5421 2572 5493 esseDcum,
2605 5424 2758 5493 quod
2794 5441 2899 5478 nos
2949 5428 3005 5480 et
3036 5421 3247 5479 terram
3281 5431 3336 5479 ct
3386 5439 3544 5478 mare
3575 5423 3854 5487 continet,

2205 5492 2358 5562 quod
2392 5493 2602 5547 cmlum
2625 5492 2692 5549 et
2724 5495 3009 5550 mundum
3055 5501 3110 5550 et
3157 5512 3349 5552 rerum
3384 5495 3649 5549 omnium
3683 5500 3852 5547 natu-

2205 5580 2328 5618 ram
2381 5563 2770 5637 appellamus,
2802 5569 2972 5637 cujus
3027 5568 3278 5636 profecto
3309 5567 3627 5637 imaginem
3679 5581 3851 5619 nemo

2203 5653 2358 5691 sana:
2393 5636 2605 5709 mentis
2637 5636 2886 5708 alicujus
2918 5657 3119 5694 earum
3151 5656 3346 5697 rerum
3379 5636 3504 5708 qua:
3533 5653 3716 5709 penes
3743 5653 3850 5691 nos

2203 5711 2337 5783 sunt
2372 5707 2624 5783 similem
2652 5707 2864 5783 audeat
2893 5711 3189 5783 effingere.
3209 5707 3459 5767 Proinde
3480 5707 3640 5783 omni
3673 5708 3852 5783 simu-

2200 5779 2491 5854 lacrorum
2523 5780 2810 5836 efﬁctione
2840 5779 3164 5854 repudieta,
3208 5784 3452 5854 dignum
3485 5782 3533 5837 ei
3568 5781 3848 5853 templum

2199 5869 2268 5978 {ac
2300 5850 2608 5982 gelubrug
2641 5850 3039 5924 statuendum,
3064 5873 3130 5911 ac
3153 5850 3300 5912 sine
3316 5854 3517 5926 aliqua
3549 5850 3737 5927 figura
3757 5869 3850 5910 co-

2223 5939 2293 5979 en
2343 5939 2462 5979 um.
2494 5945 2523 5977 »
2604 5943 2692 5982 AV.

2223 5939 2331 5979 6110
2343 5939 2462 5979 um.
2494 5945 2523 5977 ))
2554 5939 2692 5982 υΑν.
