4366 6348
260 402 375 461 421

1366 403 1957 464 APOLUGE’I‘ICUS
1999 403 2181 466 ADV.
2227 407 2563 468 GENTES.

3557 410 3677 468 422

256 531 458 605 aliqua
503 532 698 604 effigie
744 535 1292 605 repraesentabatur,
1359 551 1653 606 nusquam
1723 534 1913 606 magis
1943 543 1996 605 Α
2027 535 2287 607 pitiatur,
2336 538 2546 593 viderit
2596 537 2857 604 habitus,
2917 539 3058 593 dum
3107 541 3359 594 materias
3426 538 3682 611 qualitas

256 638 434 693 quam
473 622 530 676 in
566 622 821 678 sacrario
871 640 977 678 suo
1009 623 1399 691 exhiberetur,
1433 640 1498 678 eo
1532 623 1740 694 magis,
1774 623 1912 694 quia

254 727 363 767 nec
392 712 702 767 verebatur
747 713 792 746 ⁴³
825 717 1130 768 extraneos
1185 713 1438 768 arbitros
1483 713 1528 746 “
1573 728 1910 784 quanquam

255 816 406 855 vana
435 799 686 854 cultura.
720 799 872 855 Solis
920 801 1076 856 enim
1129 801 1532 856 sacerdotibus
1582 801 1695 871 (61)
1752 801 1912 855 adire

255 888 507 954 licitum,
569 891 626 942 et
680 895 1030 960 conspectus
1078 894 1416 945 caztsrorum
1468 888 1591 944 velo
1649 905 1910 961 oppanso

256 976 720 1032 interdicebatur
778 978 843 1029 ⁸⁸.
905 977 1020 1033 Vos
1081 983 1279 1033 tamen
1333 995 1445 1033 non
1506 977 1813 1050 negabitis,
1856 981 1912 1034 et

248 1067 518 1137 jumenta
575 1067 774 1121 omnia
841 1071 897 1122 et
971 1071 1123 1122 totos
1199 1066 1531 1122 cantherios
1609 1083 1740 1122 cum
1802 1084 1910 1122 sua

257 1153 455 1224 Epona
483 1153 526 1187 ⁸⁸
559 1153 670 1224 (62)
706 1154 817 1210 coli
864 1171 898 1210 a
944 1155 1128 1211 vobis.
1188 1155 1304 1211 Hoc
1337 1157 1583 1211 forsitan
1615 1155 1907 1228 improba-

257 1258 392 1296 mur
454 1243 517 1308 ‘7,
579 1244 732 1314 quod
783 1244 936 1298 inter
984 1244 1236 1300 cultores
1291 1245 1556 1300 omnium
1619 1245 1904 1316 pecudum

256 1331 716 1402 bestiarumque,
747 1332 990 1388 asinarii
1034 1339 1260 1388 tantum
1296 1351 1520 1389 sumus.
1582 1335 1689 1388 Sed
1724 1338 1781 1388 et
1808 1333 1906 1404 qui

254 1420 443 1476 crucis
518 1437 625 1475 nos
697 1421 851 1476 366
932 1421 1236 1494 religiosos
1333 1426 1524 1494 putat,
1602 1438 1903 1478 consecra-

258 1524 400 1564 neus
427 1509 469 1543 ⁸⁸
501 1508 615 1579 (63)
665 1517 864 1566 noster
891 1511 1020 1565 erit.
1063 1511 1207 1566 Cum
1239 1510 1466 1583 lignum
1500 1510 1735 1583 aliquod
1770 1528 1899 1582 pro-

2021 625 2222 680 eadem
2258 627 2372 694 sit;
2405 627 2611 682 viderit
2659 628 2868 698 forma,
2899 627 3040 682 dum
3090 628 3146 681 id
3199 628 3394 699 ipsum
3428 629 3519 683 dei
3555 645 3680 684 cor-

2023 729 2134 784 pus
2187 716 2280 769 sit.
2337 717 2403 770 Et
2453 721 2648 771 tamen
2701 723 2919 785 quanto
2980 717 3371 787 distinguitur
3417 735 3449 771 a
3492 719 3684 773 crucis

2021 803 2220 874 stipite
2251 803 2442 859 Pallas
2473 805 2661 858 Attica
2692 806 2825 876 (64),
2858 810 2914 860 et
2956 806 3123 860 Ceres
3173 806 3382 860 Pharia
3437 807 3482 841 ‘9
3543 807 3680 878 (65),

2021 907 2147 962 quae
2181 893 2307 946 sine
2357 893 2550 964 effigie
2583 893 2711 946 rudi
2758 893 2891 964 palo
2938 898 2994 948 et
3043 894 3282 948 informi
3335 894 3493 966 ligno
3545 913 3682 966 pro-

2019 986 2135 1034 stat
2162 981 2414 1037 l“’?Pars
2463 982 2652 1037 crucis
2683 987 2773 1036 est
2818 998 2990 1037 omne
3042 985 3241 1051 robur,
3278 984 3433 1054 quod
3488 989 3681 1039 erecta

2020 1070 2266 1124 statione
2317 1071 2591 1142 deﬁgitur
2632 1072 2782 1141 (66);
2817 1087 2944 1138 nos,
2979 1071 3027 1125 si
3067 1071 3234 1136 forte,
3281 1073 3572 1143 integrum
3625 1077 3682 1126 et

2019 1162 2208 1212 totum
2249 1162 2421 1214 deum
2481 1159 2747 1214 colimus.
2800 1159 3064 1215 Diximus
3120 1160 3403 1232 originem
3437 1161 3679 1215 deorum

2017 1253 2346 1302 vestrorum
2396 1266 2426 1302 a
2479 1247 2684 1318 plastis
2735 1250 2804 1302 de
2855 1264 3025 1304 cruce
3077 1249 3282 1304 induci
3324 1250 3456 1319 (67).
3489 1250 3594 1303 Sed
3628 1255 3686 1305 et

2015 1334 2299 1390 Victorias
2331 1337 2475 1391 367
2515 1337 2773 1393 adoratis
2816 1338 2950 1409 (68),
2986 1352 3120 1391 cum
3169 1337 3229 1391 in
3283 1338 3512 1408 tropaeis
3542 1354 3678 1392 cru-

2018 1439 2113 1479 ces
2143 1423 2422 1480 intestina
2456 1425 2576 1481 sint
2605 1430 2956 1497 tropaaorum
3015 1425 3081 1480 δι.
3135 1424 3357 1497 Religio
3387 1427 3675 1481 Romano-

1685 1611 1887 1672 Variae
1917 1611 2240 1674 lectiones.

327 1704 371 1783 ff
399 1703 646 1783 Veretur
683 1705 812 1760 Jun.
889 1705 939 1783 ‘f
985 1706 1247 1783 Arbitros
1275 1707 1450 1783 abest.
1497 1708 1632 1783 Par.
1709 1707 1753 1741 ⁸³
1795 1713 2074 1783 AOppanso
2123 1711 2328 1779 Paris,-
2369 1713 2492 1782 alii,
2549 1729 2810 1783 oppanso
2878 1711 3355 1768 intercidebatur.
3434 1714 3477 1748 ⁴⁶
3509 1713 3675 1769 Ilhen.

253 1777 468 1847 aliique
497 1795 516 1831 :
549 1776 815 1848 Hippona
839 1822 854 1845 ,
882 1779 951 1847 cf.
985 1777 1070 1832 ad.
1107 1782 1235 1834 Nat.
1272 1781 1315 1844 l,
1351 1779 1440 1834 11.

1520 1781 1562 1814 ⁴⁷
1597 1781 2054 1850 lmprobandum
2089 1799 2151 1836 se
2183 1783 2406 1838 Semler.
2480 1781 2528 1820 "3
2561 1781 2994 1840 consectaneus
3025 1786 3215 1840 Paris.
3248 1789 3678 1840 Consacramus

257 1851 514 1928 {AI/omne.
537 1850 675 1928 Jun.
706 1920 716 1928 _
752 1850 796 1884 ‘9
826 1849 994 1928 liberi.
1029 1855 1162 1905 Her.
1196 1855 1247 1905 ct
1277 1850 1488 1928 Sernler
1515 1870 1532 1904 :
1567 1849 1776 1928 farrea,
1825 1854 1928 1928 Κίρ
1956 1862 2009 1928 et
2066 1854 2199 1908 Hau.
2235 1855 2464 1921 Pharia,
2514 1873 2624 1911 non
2659 1860 2715 1910 in
2747 1856 2904 1911 codd.
2944 1856 3129 1921 Faria,
3164 1861 3413 1928 Feriam,
3444 1858 3671 1911 Farina.

253 1920 297 1954 ⁸ο
326 1920 555 1999 Prostat
580 1920 762 1999 Ifarie.
839 1921 1371 1999 “flavercremeiid
1402 1940 1536 1999 cum
1570 1922 1624 1976 in
1660 1924 1744 1999 eis
1775 1924 1962 1978 crucis
1993 1926 2096 1991 int,
2131 1928 2232 1981 sed
2269 1933 2337 1981 tr.
2370 1920 2474 1982 Sed
2505 1930 2810 1984 maluerim
2837 1929 3058 1999 singula
3088 1920 3248 1984 vecab
3263 1920 3359 1983 illa
3389 1920 3467 1984 ita
3499 1938 3675 1983 trans-

251 2007 474 2061 ponere,
502 1995 553 2046 et
585 1993 809 2062 legatur
836 2010 854 2046 :
887 1993 995 2047 Sed
1029 1999 1085 2048 et
1118 1994 1231 2048 vict
1262 1995 1426 2050 ador.
1455 1995 1515 2049 in
1551 1995 1801 2066 tropaeis,
1837 2012 1969 2050 cum
2002 2013 2203 2053 cruces
2237 1999 2340 2054 int.
2376 2000 2494 2054 sint
2525 2006 2676 2072 trop.

1697 2096 1845 2153 Com
1859 2095 2221 2156 mentarius.

325 2184 437 2267 (61)
467 2185 607 2267 Solis
635 2187 1223 2267 enim_._sacerdotibus.
1277 2187 1542 2243 Notanda
1591 2195 1732 2267 sunt
1781 2207 1905 2267 quis

2020 2211 2214 2267 ywvov-
2247 2193 2504 2267 'Epvaimi
2567 2191 2624 2247 δὶ
2679 2188 2820 2267 ’s'ojtw
2881 2193 3068 2257 αὐτοῖς
3099 2192 3431 2267 Δἐπίκλησις,
3484 2198 3683 2262 Ἀθηνᾶ

255 2257 326 2312 de
359 2257 534 2312 simili
567 2257 844 2313 Orientali
876 2259 1094 2330 templo
1122 2266 1179 2315 et
1211 2277 1514 2316 sacrorum
1559 2263 1671 2315 ritu
1707 2257 1912 2316 scribit

263 2330 553 2384 Lucianus
585 2329 644 2404 in
691 2331 927 2399 Diutogo
966 2329 1031 2386 de
1076 2333 1248 2402 Syria
1284 2338 1418 2398 Dea,
1455 2350 1513 2404 p.
1545 2333 1669 2398 901,
1705 2335 1762 2386 in
1795 2351 1910 2404 quo

257 2418 392 2455 cum
424 2401 686 2456 sanctius
712 2405 981 2458 conclave
1012 2401 1185 2474 atque
1217 2401 1548 2474 inferiorem
1583 2401 1906 2459 thalamum

256 2489 386 2546 6836
443 2475 720 2546 narravit,
770 2474 929 2546 addit
967 2472 1134 2546 hinc}
1184 2475 1276 2546 El:
1333 2474 1425 2545 μὲν
1475 2472 1564 2546 οὖν
1608 2476 1698 2528 τὸν
1745 2475 1907 2546 μέγαν

255 2544 386 2618 νηὸν
438 2543 631 2603 πάντες
680 2543 1040 2618 ιίᾳέρχᾳνται,
1095 2545 1191 2618 εἰςΔ
1220 2543 1277 2599 δὲ
1325 2542 1414 2618 ’ἐὸν
1466 2542 1714 2618 θάλαμργ
1747 2542 1798 2598 ὀὶ
1831 2547 1908 2602 leo

261 2615 381 2691 péss
431 2618 647 2691 μοῦνρν.
682 2614 930 2691 ,Οὐξρὲγ
990 2637 1075 2691 ηςοι
1125 2615 1312 2678 πάντες
1369 2617 1559 2691 ἱερέες,
1613 2614 1766 2691 ⁷(Ξιλλᾷι
1819 2639 1910 2674 το-

264 2682 518 2759 "palma
561 2684 807 2759 ἀγχίθεοί
839 2682 922 2759 ’.τὲ
979 2688 1080 2740 εἰσι
1117 2730 1130 2755 ,
1171 2694 1262 2743 καὶ
1315 2682 1458 2742 τοῖἁι
1513 2682 1656 2743 τέᾶσα
1715 2689 1788 2750 εἷς
1859 2711 1911 2743 τι

252 2753 396 2832 ἳερὸν
435 2753 942 2832 μᾷλετὰίἶθεραείπη
973 2778 985 2825 ;
1022 2761 1058 2813 i.
1114 2753 1163 2816 ὸ.
1215 2784 1243 2811 ‹‹
1307 2762 1506 2832 Itaque
1542 2763 1600 2816 in
1635 2778 1909 2832 magnam

253 2831 440 2884 aedem
475 2830 886 2901 ingrediuntur
916 2848 1121 2886 omnes
1157 2849 1168 2887 :
1214 2832 1272 2886 in
1319 2830 1645 2888 thalamum
1680 2830 1783 2888 soli
1816 2852 1908 2888 sa-

255 2902 539 2974 cerdotes,
569 2918 672 2956 nec
701 2907 893 2956 tamen
918 2919 1143 2970 omnes,
1170 2905 1269 2959 sed
1303 2906 1401 2974 qui
1436 2906 1507 2960 ad
1544 2906 1744 2970 Deum,
1779 2922 1910 2974 pro-

256 2973 412 3049 ;ime
441 2974 834 3049 a_c_cedunt,__et
864 2976 1081 3045 quibus
1129 2973 1410 3031 omnis’in
1455 2977 1738 3049 templum
1772 2973 1912 3031 cura

255 3044 640 3114 impenditur.
675 3066 702 3093 »
738 3043 874 3100 HAV.

332 3117 444 3185 (62)
487 3116 622 3171 Cum
674 3131 778 3170 sua
821 3117 1026 3188 Epona.
1079 3116 1173 3171 Sic
1221 3117 1436 3172 habent
1475 3123 1696 3173 veteres
1728 3134 1910 3172 mem-

260 3186 477 3254 branae,
523 3204 638 3243 non
688 3186 878 3242 solum
930 3188 1295 3254 Tertulliani,
1330 3191 1428 3244 sed
1462 3191 1637 3244 etiam
1671 3189 1910 3243 Minucii

265 3257 490 3327 Felicis,
530 3259 884 3332 etiApuleii;
935 3261 1018 3332 sic
1058 3267 1124 3332 et
1167 3259 1388 3332 lapides
1434 3261 1682 3332 antiqui.
1735 3263 1908 3316 Deni-

255 3345 372 3400 que
403 3331 554 3404 apud
587 3330 926 3404 iuvenalem
961 3330 1244 3403 legimusf
1279 3358 1304 3382 ‹‹
1338 3335 1507 3388 Jurat
1530 3330 1725 3388 sciam
1758 3335 1909 3404 Epo-

257 3418 397 3476 nam
425 3408 482 3457 et
510 3402 690 3476 facies
717 3402 875 3476 olida
919 3404 990 3457 ad
1027 3402 1325 3476 praesepia
1375 3406 1574 3476 pictas.
1628 3405 1756 3460 Haec
1788 3402 1907 3460 tam

251 3473 928 3548 latnavulgusinduxit,
952 3473 1129 3548 simul
1160 3482 1216 3531 et
1235 3473 1526 3532 vocabula
1556 3495 1726 3548 prave
1756 3477 1907 3531 indi-

2020 2263 2078 2340 ςὲε
2119 2263 2374 2338 Ἐργάνὴμ
2423 2265 2511 2318 καὶ
2562 2263 2854 2340 Ἀπόλλων
2897 2264 3164 2340 Ἀγυιεύς,
3199 2273 3241 2320 t.
3293 2285 3345 2321 e.
3384 2289 3412 2316 ‹‹
3446 2268 3675 2340 Pauxil-

2022 2335 2144 2390 lum
2182 2335 2686 2393 descendentibus
2735 2341 2814 2393 dii
2868 2355 2930 2393 se
2959 2335 3281 2393 ostendunt
3309 2355 3340 2393 θ
3371 2339 3676 2408 quadratis

2020 2409 2336 2477 lapidibus,
2388 2412 2880 2481 cognominantur
2911 2427 3040 2465 vero
3083 2411 3327 2480 Ergata,
3377 2427 3478 2464 seu
3529 2411 3674 2481 Ope-

2022 2480 2159 2554 rarii
2202 2480 2482 2535 Minerva’
2509 2482 2781 2554 Erganet
2804 2487 2860 2536 et
2920 2489 3150 2553 Agyeus
3203 2483 3424 2554 Apollo.
3487 2503 3515 2530 »
3578 2480 3678 2536 illa

2021 2551 2177 2627 ipsa,
2230 2555 2401 2622 cujus
2439 2551 2707 2627 meminit
2757 2551 3106 2608 Plutarchus
3153 2552 3276 2627 περὶ
3329 2551 3516 2625 Τύχης
3575 2553 3676 2607 ubi

2021 2623 2218 2678 nescio
2251 2627 2423 2694 cujus
2452 2624 2632 2678 iambi
2663 2641 2675 2678 :

2199 2728 2435 2820 Bézt’ﬂ‘
2467 2725 2589 2782 ὁδὸν
2626 2725 2715 2799 δὴ,
2750 2732 2854 2792 πᾶς
2883 2727 3206 2820 ῥῄχειρώναξ
3239 2726 3401 2799 λεὼν,

2201 2801 2267 2888 υ)
2297 2801 2396 2868 τήν
2432 2803 2555 2864 Διὸς
2583 2805 2851 2892 γοργῶνιχ
2883 2801 3148 2876 Ἐῥγάνην
3183 2806 3398 2862 στατοῖς

2201 2880 2236 2924 Δ
2250 2870 2440 2925 ίκνοισι
2473 2870 2876 2948 προὰτρἐπεσθε
2902 2892 2914 2941 ;

2020 2977 2058 3031 i.
2094 2993 2143 3032 e.
2183 3001 2202 3026 ιι
2248 2979 2542 3035 Procedite
2572 2997 2674 3034 vos
2709 2981 2878 3034 turba
2932 2980 3197 3051 Operaria
3245 2979 3344 3051 qui
3395 2978 3674 3034 manibus

2019 3051 2238 3122 victum
2273 3052 2534 3120 quaeritis
2566 3052 2665 3122 qui
2691 3056 2857 3106 Deam
2881 3051 3231 3122 Gorganiam
3269 3051 3550 3122 Erganem
3583 3067 3675 3104 ca-

2021 3069 2238 3102 thum
2273 3069 2534 3120 quaeritis
2611 3069 2665 3105 ιιι
2691 3069 2857 3106 ueam
2881 3069 3231 3122 uorgamam
3270 3069 3550 3121 mganem
3583 3069 3670 3104 ca-

2021 3121 2226 3194 nistris
2257 3123 2490 3194 collitis.
2527 3069 3040 3194 antsuhjungit}
3075 3123 3207 3194 Τήνη
3239 3121 3342 3194 γὰρ
3403 3122 3670 3194 Ἐργάνην

2020 3189 2106 3244 καί
2138 3193 2236 3260 τήν
2268 3193 2498 3261 Ἀθηνᾶν
2534 3194 2588 3246 αἱ
2628 3189 2816 3267 τὲχναὶ
2867 3189 3132 3265 πάρεδρον
3183 3189 3423 3265 ἔχω’σιν.
3467 3189 3521 3241 ἠ’
3567 3194 3675 3247 Er-

2021 3280 2205 3335 ganen
2240 3264 2418 3335 enim,
2453 3283 2580 3336 quae
2628 3264 2990 3321 et'Minerva
3039 3264 3147 3335 est,
3182 3264 3334 3320 artes
3367 3271 3670 3335 patronam

2021 3337 2238 3390 sortitae
2270 3344 2423 3391 sunt.
2455 3361 2480 3386 ››

2093 3409 2201 3474 (65)
2238 3412 2401 3463 Ceres
2435 3409 2660 3463 Pharia.
2707 3408 2983 3473 Quamvis
3033 3409 3464 3462 contemnenda
3511 3411 3669 3474 sunt,

2021 3495 2150 3550 quae
2184 3480 2410 3535 nonulli
2462 3482 2714 3534 atl'erunt
2761 3497 2828 3534 ex
2883 3480 3106 3535 fEliano
3162 3483 3221 3533 et
3275 3480 3538 3534 nummis
3571 3496 3670 3550 pro

251 3543 762 3632 dit.!lllud;obiter
790 3547 1058 3632 dixerim,
1090 3543 1782 3632 in.Minuc_io‘leg-endum
1817 3549 1904 3632 vi-
1937 3564 1980 3632 ο
2019 3543 2471 3632 CerereFarrea,
2523 3554 2877 3632 quibpscum
2929 3553 3065 3632 facit
3094 3551 3426 3632 .Meursius,
3474 3543 3670 3632 than-ian

249 3614 378 3670 deri
412 3633 424 3671 :
460 3639 486 3666 «ι
518 3616 633 3673 Vos
664 3623 720 3672 et
750 3623 902 3672 totos
933 3614 1128 3674 asinos
1162 3621 1219 3674 in
1271 3614 1683 3676 stabulisvcum
1714 3625 1907 3675 vestra

247 3686 407 3763 bella
437 3688 636 3763 Epona
665 3689 1040 3745 consecratis.
1090 3711 1110 3740 ι
1147 3690 1207 3745 In
1243 3693 1369 3747 cod.
1413 3692 1551 3763 Reg.
1585 3693 1709 3747 Bib.
1739 3698 1902 3747 vetu-

245 3759 413 3813 stiss.
448 3758 684 3830 legitur.
716 3765 859 3815 Cum
909 3766 1100 3816 vestra
1148 3763 1236 3817 vel
1269 3758 1642 3830 Eponafl’uc.
1686 3793 1752 3805 --
1798 3769 1902 3819 Le-

243 3835 397 3900 gunt
428 3829 692 3885 nonnulli
724 3832 1011 3903 Hippona,
1055 3833 1136 3886 sic
1175 3829 1329 3902 apud
1380 3835 1689 3890 Minutium
1719 3853 1732 3903 ;
1765 3851 1902 3890 cen-

249 3916 445 3956 serem
480 3907 676 3975 tamen
709 3918 840 3955 cum
878 3901 1126 3975 Rigaltio
1158 3901 1468 3973 legendum
1501 3901 1784 3975 Eponam,
1816 3911 1904 3962 est

239 3971 698 4042 autem,inquit
753 3971 1051 4027 Juvenalis
1100 3971 1478 4042 Scholiastes,
1530 3971 1639 4031 dea
1692 3977 1902 4033 mulio-

243 4055 416 4115 num.
453 4041 512 4093 Id
546 4057 717 4115 orline
748 4059 816 4096 ex
848 4042 1160 4115 Plutarcho
1195 4054 1347 4115 patet
1377 4048 1434 4101 in
1471 4049 1791 4115 Parallelis,
1815 4047 1903 4101 καὶ

247 4108 536 4189 ὡνόμσεισεν
590 4110 845 4189 Ἐτξοναν·
898 4110 1008 4166 ἐστι
1058 4110 1115 4166 δὲ
1243 4115 1370 4176 Θεὸς
1419 4135 1676 4189 προνοιαν
1718 4108 1906 4172 Troicu-

246 4176 404 4256 pavr-,7
421 4176 609 4256 Δἵππων
621 4224 632 4235 .
670 4184 744 4239 LE
776 4202 868 4239 PR.

321 4253 435 4324 (63)
478 4254 902 4311 Consecraneus.
966 4259 1088 4310 Non
1141 4255 1292 4311 male
1344 4260 1615 4315 emendat
1670 4259 1904 4326 Junius,

242 4340 673 4402 causacraneus.
726 4326 1226 4402 Ita_7enim_clare
1277 4331 1556 4402 scriptum
1610 4330 1678 4385 ﬁt
1720 4332 1903 4386 inlib.

241 4397 340 4450 ad.
371 4397 496 4474 Nat.
537 4415 608 4474 ii
636 4397 717 4474 ita
757 4399 994 4474 aliquot
1042 4397 1452 4474 inscriptiones
1507 4404 1659 4474 apud
1701 4405 1904 4459 Grute-

243 4484 406 4534 rum,
437 4473 502 4524 ut
551 4469 636 4524 18.
665 4471 719 4533 6,
750 4469 879 4537 867,
913 4473 948 4526 5
991 4487 1003 4526 :
1048 4469 1339 4528 SACRAl‘lEA
1383 4491 1504 4528 om
1534 4469 1784 4531 caussis.
1823 4478 1905 4530 lta

245 4556 486 4612 quoque
515 4541 826 4612 Capitolini
862 4543 1023 4598 locus
1065 4549 1153 4598 est
1195 4544 1476 4615 legendus
1527 4550 1904 4614 consacranei,

244 4627 363 4665 non
396 4617 768 4680 consecranei,
819 4615 917 4668 ubi
970 4615 1287 4670 Maximum
1334 4619 1508 4672 verba
1559 4619 1628 4672 ad
1689 4620 1906 4674 milites

243 4681 446 4757 refert.
484 4684 744 4757 Denique
777 4691 840 4739 ut
889 4692 1041 4741 recte
1074 4688 1348 4742 emendat
1376 4690 1465 4743 vir
1496 4689 1744 4744 illusiris
1775 4692 1902 4747 Car.

245 4755 1012 4827 du__Fresne,_Anonymus
1064 4759 1330 4814 barensis
1381 4761 1437 4814 in
1521 4763 1731 4816 Chron.
1808 4780 1904 4818 (:11.

247 4824 390 4900 1018
423 4841 435 4880 :
469 4849 497 4900 κε
547 4824 868 4883 Rebellavit
919 4830 1190 4884 Tornikei
1234 4848 1369 4885 cum
1422 4833 1787 4900 Makadonis,
1850 4842 1909 4890 et

246 4897 480 4973 Borazzi
549 4915 936 4973 consecraneo
999 4919 1104 4956 suo
1174 4905 1424 4973 perrexit
1495 4897 1906 4962 Constant—inm

245 4966 452 5040 polim,
517 4969 849 5044 ut_laceret
908 4987 968 5028 se
1026 4966 1460 5044 imperatorem,
1525 5001 1543 5023 η
1613 4982 1714 5032 Pro
1774 4995 1907 5033 con-

244 5055 536 5095 sacraneo.
589 5042 693 5096 Ed.
750 5044 882 5098 Ald.
950 5042 1139 5100 noster
1205 5049 1327 5102 erit.
1393 5047 1555 5101 Rhen
1636 5066 1913 5105 consecra-

243 5127 398 5166 neus.
435 5116 574 5166 HAV.

316 5181 672 5260 (64)_Pallas
727 5185 925 5240 Attica.
985 5186 1121 5260 Quis
1171 5188 1384 5243 Graecis
1442 5187 1730 5260 Ἀθηναίη.
1789 5194 1894 5248 Sed

244 5269 424 5327 quam
458 5253 566 5309 hac
601 5257 784 5311 forma
817 5259 1143 5327 prostitisse
1174 5277 1344 5314 nemo
1385 5253 1665 5319 hactenus
1696 5253 1900 5320 docere

242 5326 640 5406 potuitucerte
697 5326 1041 5406 interpretes
1101 5332 1571 5406 Septiminostri
1634 5338 1900 5406 ignorare

243 5413 306 5478 se
357 5399 722 5478 profitentur.
779 5401 917 5478 Puto
969 5399 1375 5478 autemlinnui
1429 5405 1613 5478 illam,
1656 5399 1809 5478 "qua
1867 5426 1902 5463 a

242 5468 461 5542 Graecis
513 5470 740 5542 Ἐργανη
792 5472 949 5526 dicta
996 5478 1106 5540 est,
1167 5476 1335 5542 cujus
1394 5468 1776 5534 simulacrum
1833 5497 1902 5535 ex

241 5539 435 5609 lapide
493 5539 776 5611 quadrato
797 5543 1035 5625 .(quales
1086 5539 1486 5625 fereplapides,
1543 5551 1898 5625 utinAAtne-

244 5626 516 5693 mensum
561 5615 874 5693 mercuriis
909 5616 1101 5693 videre
1145 5622 1256 5693 est,
1289 5615 1554 5676 rudiores
1597 5622 1656 5677 in
1710 5622 1898 5693 longi-

246 5683 511 5758 tudinem
544 5685 803 5758 aliquam
845 5687 1210 5758 desinebant)
1242 5683 1529 5747 memorat
1559 5694 1718 5748 solus
1750 5683 1898 5749 Pau-

247 5755 722 5832 sanias,insignis
747 5755 1207 5832 Grecanicarum
1234 5762 1650 5832 antiquitatum
1689 5767 1902 5822 vindex

246 5824 309 5880 in
349 5824 651 5894 Arcadicis,
702 5829 860 5886 hisce
911 5833 1100 5887 verbis
1154 5851 1166 5888 :
1222 5832 1338 5888 Ei’ci
1379 5824 1450 5888 ’δὲ
1505 5833 1901 5893 ὑποκαναϐαντι

248 5914 430 5972 οκιγον
471 5909 600 5962 θεσι·
653 5919 984 5975 παρεχονται
1027 5899 1085 5957 δὲ
1133 5904 1221 5957 καὶ
1273 5905 1421 5959 οὗτοι
1475 5927 1692 5984 σχημα-
1713 5930 1900 5984 τετρα-

1937 4929 1986 4993 D
2020 4931 2045 4957 ‹‹
2111 4911 2271 4993 Quod
2323 4911 2706 4993 simulacrum
2749 4927 2878 4993 _non

2016 3622 2198 3678 altera
2232 3625 2398 3679 lectio
2438 3621 2644 3678 melior
2671 3621 2862 3695 longe,
2896 3623 2981 3679 vel
3012 3623 3149 3677 inde
3179 3623 3333 3695 quod
3365 3623 3676 3678 confirme-

2017 3700 2111 3748 tur
2141 3695 2212 3748 ab
2247 3698 2467 3767 Optimo
2499 3713 2609 3750 ms.
2635 3694 2798 3750 Fuld.
2826 3711 2930 3749 nec
2965 3696 3251 3749 Minucius
3283 3694 3454 3767 aliam
3492 3711 3670 3767 agno:

2015 3771 2159 3830 scat,
2203 3765 2306 3822 nec
2351 3768 2475 3837 ipse
2532 3768 2786 3837 denique
2834 3767 3253 3831 'l‘ertullianus,
3314 3768 3368 3820 in
3412 3765 3558 3820 libro
3605 3765 3676 3820 ad

2013 3839 2317 3893 Nationes:
2354 3863 2373 3886 ι
2411 3840 2571 3903 Quod
2605 3839 2653 3892 si
2697 3841 2768 3892 de
2819 3837 2929 3892 hoc
2960 3839 3289 3892 differentia
3337 3839 3664 3907 intersedit,

2016 3914 2234 3980 quanto
2266 3910 2649 3980 distinguitur
2691 3927 2722 3965 a
2752 3911 2940 3964 crucis
2988 3911 3190 3980 stipite
3231 3908 3419 3963 Pallas
3455 3911 3664 3980 Attica,

2014 3979 2073 4034 et
2101 3983 2267 4036 Ceres
2299 3979 2524 4045 Pharia,
2557 3998 2672 4050 qua
2704 3981 2830 4035 sine
2860 3979 3229 4045 forma,lrudi
3266 3980 3414 4049 palo,
3448 3985 3507 4033 et
3539 3979 3666 4034 solo

2015 4051 2284 4107 staticulo
2318 4053 2453 4122 ligni
2489 4054 2758 4107 informis
2788 4053 3108 4119 dedicatur,
3146 4074 3173 4100 ››
3206 4068 3330 4119 quis
3363 4057 3616 4120 postrem
3643 4073 3671 4100 η

2015 4123 2250 4196 italege
2281 4140 2412 4178 cum
2448 4141 2661 4196 magno
2692 4123 2976 4179 Salmasio
3009 4127 3079 4178 ad
3111 4123 3312 4196 Solim.
3347 4139 3401 4196 p.
3433 4123 3523 4176 94.
3557 4139 3670 4178 ms.

2021 4199 2075 4248 L.
2110 4194 2448 4260 B.’Farina,
2499 4194 2574 4250 ut'
2613 4197 2859 4249 dubium
2911 4198 2989 4250 sit
3035 4213 3107 4250 an
3158 4194 3404 4249 voluerit
3449 4196 3672 4249 Furiam

2018 4265 2206 4320 dicere
2233 4284 2304 4320 an
2337 4269 2728 4321 Farinaceam.
2762 4271 2901 4320 HAV.

2089 4337 2200 4406 (66)
2260 4343 2448 4394 Erecta
2503 4341 2737 4393 statione
2784 4337 3063 4408 deﬁgitur.
3124 4369 3192 4375 —
3249 4336 3379 4390 Adv.
3435 4335 3673 4408 Iudaeos,

2018 4424 2142 4476 cap.
2182 4409 2267 4472 10,
2301 4409 2382 4461 vel
2425 4410 2479 4462 11
2531 4426 2544 4463 :
2582 4413 2785 4462 «Nam
2820 4407 2877 4462 et
2903 4411 2960 4462 in
3005 4414 3286 4462 antemna
3317 4407 3502 4472 navis,
3545 4424 3672 4475 quas

2015 4480 2208 4532 crucis
2243 4497 2376 4550 pars
2411 4486 2518 4542 est,
2544 4479 2940 4534 extremitates
2972 4496 3170 4533 corum
3205 4486 3505 4533 vocantur.
3541 4477 3677 4533 Uni-

2017 4551 2210 4605 cornis
2242 4558 2434 4606 autem
2471 4552 2654 4605 medis
2686 4553 2899 4621 stipata
2934 4551 3120 4620 palus.
3153 4573 3180 4600 ››
3216 4551 3354 4605 ΗΑν.

2088 4624 2195 4688 (67)
2229 4625 2265 4677 Α
2294 4623 2490 4692 plastis
2519 4623 2583 4678 de
2610 4639 2784 4676 cruce.
2826 4622 3012 4677 Lectio
3044 4622 3197 4676 Mod.
3232 4622 3372 4676 Coll.
3408 4623 3464 4675 in
3496 4637 3672 4687 cruce,

2019 4699 2208 4764 potest
2239 4696 2408 4750 etiam
2442 4709 2674 4748 comma
2707 4693 2840 4764 poni
2875 4699 3006 4766 post
3046 4699 3361 4750 vestrorum.
3400 4693 3671 4747 Diximus

2017 4766 2258 4820 deorum
2294 4771 2616 4821 vestrorum
2652 4767 2872 4825 origine
2903 4784 3100 4835 supra,
3136 4766 3365 4833 inquit;
3397 4771 3454 4819 et
3484 4783 3664 4835 quam

2019 4837 2233 4891 habent
2263 4840 2546 4909 originem
2569 4838 2597 4891 ?
2628 4854 2660 4891 a
2692 4837 2898 4909 plastis
2948 4839 3016 4892 de
3064 4854 3234 4892 cruce
3277 4838 3500 4903 induci,
3533 4837 3616 4892 ibi
3651 4855 3663 4891 :

2937 4911 3100 4981 prius
3152 4910 3337 4981 argila
3383 4912 3673 4964 deformat

2025 4981 2182 5035 cruci
2225 4987 2279 5036 et.
2316 4982 2498 5053 stipiti
2532 4980 2982 5052 superstructa?
3029 4983 3086 5035 In
3120 4980 3382 5052 patibulo
3412 4981 3668 5051 primum

2026 5069 2236 5118 corpus
2273 5054 2364 5108 Dei
2398 5052 2569 5108 vestri
2616 5053 2935 5107 dedicatur.
2990 5053 3066 5122 (Ο.
3107 5052 3212 5123 12),
3260 5053 3357 5106 ubi
3393 5053 3520 5106 vide
3549 5069 3673 5118 quae

2010 5126 2365 5179 notavimus.
2418 5125 2522 5178 Sed
2570 5125 2805 5195 vulgata
2853 5125 2902 5180 is
2956 5126 3105 5178 bona
3155 5141 3280 5194 quae
3335 5125 3497 5193 dicit,
3531 5125 3670 5178 deos

2008 5203 2232 5251 vestros
2265 5197 2695 5257 diximus,cum
2733 5198 3058 5251 formantur
3088 5213 3120 5249 a
3151 5195 3378 5266 plastis,
3404 5196 3473 5250 de
3496 5212 3668 5249 cruce

2010 5269 2286 5336 incipere.
2342 5269 2419 5323 Ad
2464 5270 2586 5323 Nat.
2630 5285 2668 5334 ι,
2724 5269 2790 5322 12
2840 5284 2852 5320 :
2905 5291 2932 5317 κ
2989 5267 3175 5322 Plasta
3215 5271 3406 5322 autem
3445 5267 3668 5336 lignum

2011 5342 2201 5394 crucis
2243 5341 2295 5392 in
2353 5340 2541 5410 primo
2574 5341 2799 5405 statuit,
2833 5340 3108 5410 quoniam
3144 5339 3252 5404 ipsi
3283 5354 3514 5409 quoque
3545 5355 3672 5392 cor-

2052 5412 2137 5466 ori
2167 5419 2368 5467 nostro
2399 5412 2579 5466 tacita
2604 5418 2665 5466 et
2695 5418 2917 5467 secreta
2949 5412 3097 5464 linea
3131 5413 3321 5465 crucis
3355 5412 3504 5464 situs
3527 5415 3666 5464 est.»

2037 5483 2230 5537 bidem
2267 5501 2279 5538 :
2310 5505 2346 5556 ia
2375 5484 2428 5537 Si
2463 5483 2729 5556 igiturin
2766 5500 2974 5554 genere
3005 5484 3247 5537 deorum
3272 5482 3668 5556 crucem_ori-

2010 5555 2204 5625 ginem
2239 5555 2449 5610 colitis.
2484 5553 2511 5604 ἦ
2564 5554 2703 5627 Ald:
2728 5553 3077 5625 aﬂplaustris,
3127 5554 3383 5625 pessime
3413 5553 3671 5627 Scaliger

2010 5627 2284 5680 emendat
2312 5627 2626 5681 didicimus.
2662 5625 2800 5682 HAV.

2081 5699 2193 5822 (68)
2235 5699 2346 5752 Sed
2385 5703 2435 5753 et
2481 5700 2738 5752 victorias
2785 5698 3046 5752 adoratis.
3102 5697 3266 5763 Quod
3321 5700 3475 5751 certe
3525 5697 3671 5752 ridi-

2114 5787 2234 5822 um.
2269 5787 2401 5822 cum
2436 5772 2517 5822 ita
2572 5775 2990 5822 venerarentur
3037 5786 3202 5822 arma
3243 5769 3530 5822 victorum
3569 5769 3671 5822 bo-

2010 5769 2234 5835 culum,
2269 5787 2401 5825 cum
2436 5772 2517 5825 ita
2572 5775 2990 5825 venerarentur
3037 5786 3202 5824 arma
3243 5769 3530 5824 victorum
3569 5769 3674 5825 bo-

2011 5841 2210 5896 stium.
2246 5843 2315 5896 Et
2345 5851 2495 5896 tame
2543 5846 2606 5895 ut
2649 5858 2770 5896 rem
2815 5842 3116 5897 indubiam
3171 5842 3332 5912 ponit
3377 5840 3434 5895 in
3470 5841 3567 5896 lib.
3603 5843 3674 5897 ad

2010 5914 2136 5970 Nat.
2167 5931 2205 5983 ι,
2239 5915 2306 5968 12
2339 5931 2351 5969 :
2382 5935 2410 5965 ‹‹
2441 5914 2525 5969 Ad
2561 5913 2875 5970 manifesta
2916 5915 3042 5986 jam
3088 5915 3190 5985 (ita
3235 5912 3383 5986 lege,
3420 5929 3536 5970 non
3568 5913 3670 5985 αἱ).
