4366 6344
328 347 445 405 433

1448 349 1489 405 Α
1505 343 2038 407 POLOGETICUS
2088 342 2246 400 ADV
2263 384 2275 397 .
2323 340 2651 400 GENTES.

3636 351 3754 409 434

332 490 506 549 quem
542 476 811 547 ignorare
840 448 953 531 non
1002 478 1272 548 possunt.
1334 476 1525 532 Vultis
1583 494 1651 533 ex
1710 474 1985 548 cperibus
2016 478 2069 545 Α
2173 478 2303 549 tura
2346 471 2541 549 docere
2584 473 2824 549 uoluisse
2883 474 3131 549 ostendit
3164 490 3182 527 .·
3224 477 3405 548 itaque
3461 478 3760 549 prophetas

331 566 519 638 ipsius
569 569 653 620 tot
705 581 770 621 ac
825 562 1063 632 talibus,
1127 565 1344 637 quibus
1401 566 1789 635 continemur,
1851 564 1985 635 qui-

330 655 441 711 bus
514 654 881 710 sustinemur
954 655 1018 722 ⁷ο,
1089 654 1304 725 quibus
1362 655 1745 724 oblectamur,
1808 655 1983 710 etiam

332 744 544 814 quibus
576 747 963 809 exterremur,
992 743 1169 799 vultis
1203 759 1270 799 ex
1310 744 1517 800 animas
1574 745 1763 817 ipsius
1825 744 1985 799 testi-

329 831 526 888 monio
560 834 1014 904 comprobemus
1039 832 1068 886 ?
1100 834 1234 898 Quae
1284 832 1420 889 licet
1467 850 1697 889 carcere
1728 832 1987 904 corporis

330 937 552 992 pressa,
588 920 724 976 licet
784 920 1261 977 institutionibus
1315 922 1505 993 pravis
1565 923 1676 994 (97)
1738 922 1987 977 circum-

328 1010 576 1083 scripta,
609 1010 744 1066 licet
776 1010 1125 1066 libidinibus
1156 1027 1222 1066 ac
1253 1012 1743 1084 concupiscentiis
1792 1011 1989 1080 evigo-

328 1104 476 1166 rata,
524 1099 656 1155 licet
708 1099 873 1155 falsis
920 1100 1034 1156 diis
1082 1100 1429 1156 exancillata
1484 1102 1551 1170 τί,
1603 1118 1735 1157 cum
1789 1105 1984 1156 tamen

329 1188 648 1261 resipiscit,
683 1192 744 1245 ut
778 1205 847 1243 ex
879 1189 1140 1261 crapula,
1188 1194 1251 1244 ut
1281 1205 1349 1245 ex
1378 1206 1582 1245 somno
1623 1191 1757 1261 (98),
1808 1194 1874 1245 ut
1918 1206 1987 1244 ex

331 1277 529 1349 aliqua
558 1276 977 1348 valetudine,et
1009 1278 1324 1333 sanitatem
1347 1295 1517 1334 suam
1538 1280 1582 1313 7‘3
1607 1280 1826 1351 patitur
1847 1279 1984 1350 (99),

333 1368 533 1423 decem
586 1368 872 1431 nominat,
904 1368 1031 1436 (hoc
1082 1367 1206 1422 solo
1259 1369 1522 1434 nomina,
1569 1368 1707 1440 quia
1750 1368 1985 1441 prOprio

332 1457 479 1511 377
520 1456 618 1511 Dei
652 1456 771 1511 veri
810 1473 821 1511 :
861 1461 1016 1511 Dsus
1057 1473 1306 1525 MAGNUS,
1349 1474 1484 1512 usus
1515 1474 1724 1526 nonus,
1757 1462 1812 1513 et
1834 1474 1983 1520 QUOD

330 1562 468 1601 usus
501 1562 772 1612 causam,
811 1545 1078 1601 omnium
1117 1563 1224 1600 vox
1255 1551 1363 1601 est.
1423 1548 1691 1602 Judicem
1751 1563 1984 1618 quoque

333 1639 695 1691 contestatur
724 1634 915 1703 illum,
951 1650 1095 1690 usus
1115 1652 1301 1701 vros'r,
1335 1640 1390 1690 et
1420 1652 1524 1690 uno
1569 1652 1894 1701 comunsoo,
1926 1640 1985 1690 et

333 1740 481 1779 usus
514 1740 636 1779 MIHI
660 1723 948 1779 schoeno
979 1723 1384 1779 testimonium
1408 1726 1614 1779 animae
1638 1723 1985 1780 naturaliter

334 1812 674 1868 Christianae
704 1813 780 1885 (1)
813 1810 825 1866 l
868 1814 1125 1883 Denique
1166 1813 1554 1883 pronuntians
1590 1814 1704 1868 haec
1739 1830 1855 1868 non
1907 1813 1977 1867 ad

335 1901 709 1974 Capitolium,
756 1901 858 1957 sed
909 1902 981 1956 ad
1029 1900 1241 1956 coelum
1291 1902 1549 1973 respicit.
1602 1902 1765 1959 Novit
1821 1901 1977 1958 enim

336 1994 533 2048 sedem
572 1989 665 2046 Dei
696 1990 807 2045 vivi
834 2007 847 2058 ;
880 1991 952 2046 ab
984 1988 1105 2057 illo,
1139 1995 1196 2045 et
1225 1990 1360 2046 inde
1390 1992 1711 2046 descendit.

930 2135 1158 2191 CAPUT
1189 2134 1387 2190 XVIII.

336 2229 768 2282 Ancumnuwu.
806 2227 978 2281 Istum
1034 2227 1221 2296 Deum,
1281 2242 1395 2281 non
1448 2229 1761 2281 contentum
1817 2226 1985 2280 insita

407 2300 497 2354 sui
524 2298 843 2354 hominibus
870 2299 1095 2369 notitia,
1137 2300 1469 2354 aberrantes
1519 2299 1677 2355 verbo
1726 2300 1775 2355 et
1803 2298 1985 2369 scrip-

2172 544 2385 598 misisse
2408 616 2417 621 Δ
2443 544 2649 615 Spiritu
2708 544 2911 621 divino
2928 620 2931 621 ν
2948 548 3252 603 mandatos
3272 589 3284 613 ,
3311 544 3325 548 “
3345 544 3472 619 (μα’
3495 544 3762 621 populum

2169 632 2331 670 suum
2380 616 2447 670 de
2498 632 2554 690 se
2592 632 2793 687 suoque
2824 618 2976 672 cultu
3034 624 3087 675 et
3139 616 3386 690 potentia
3442 616 3756 679 edoéerent.

2170 692 2325 763 Haec,
2375 688 2636 763 quoniam
2682 692 3063 763 praerogativa
3107 688 3227 746 erat
3274 693 3610 763 Judacorum,
3649 697 3753 751 He-

2171 759 2417 839 llraicam
2444 760 2803 839 requirebant
2837 762 3087 839 linguam
3103 779 3124 823 ,'
3153 763 3245 818 sed
3283 766 3545 835 quoniam
3595 759 3757 839 jussu

2167 832 2452 887 Ptolemaei
2505 849 2563 886 in
2622 832 2861 887 Graecam
2920 835 3173 905 linguam
3231 832 3611 893 monumenta'
3650 841 3757 894 ista

2170 920 2328 979 versa
2356 908 2541 979 erant,
2573 905 2745 979 facile
2770 906 2923 959 adiri
2957 923 3135 979 posse,
3172 912 3323 963 tanta
3354 908 3576 979 quidem
3605 913 3754 965 veri-

2170 978 2300 1053 tatis
2348 978 2401 1031 vi
2437 978 2803 1053 coruscantia,
2840 980 2899 1032 ut
2944 980 3041 1050 qui
3095 978 3290 1049 legerit
3333 978 3425 1036 vet
3472 981 3749 1053 audierit,

2167 1050 2340 1104 etiam
2368 1049 2592 1103 credere
2624 1052 2876 1121 cogatur.

2166 1138 2275 1192 Sed
2309 1153 2423 1208 quo
2456 1136 2686 1209 plenius
2719 1141 2774 1191 et
2806 1137 3157 1210 impressius
3188 1144 3307 1195 tam
3349 1141 3544 1213 ipsum
3577 1158 3754 1214 quam

2096 1225 2509 1297 dispositiones
2526 1227 2573 1297 ej
2586 1243 2651 1282 us
2665 1226 3061 1283 etvoluntates
3076 1229 3753 1297 adiremus,instrumen-

2096 1319 2221 1371 tum
2254 1315 2468 1386 adjecit
2500 1316 2860 1387 litteratura),
2894 1318 2943 1372 si
2977 1318 3074 1388 qui
3106 1318 3243 1373 velit
3275 1320 3345 1374 de
3398 1325 3507 1375 Deo
3557 1322 3753 1393 inqui-

2096 1421 2241 1472 rere,
2276 1409 2332 1459 et
2364 1404 2644 1475 inquisito
2672 1404 2956 1471 invenire,
3006 1410 3063 1461 et
3106 1407 3339 1463 invento
3389 1410 3643 1481 credere,
3694 1415 3753 1468 et

2095 1495 2312 1550 credito
2346 1493 2498 1548 378
2532 1492 2844 1549 deservire.
2890 1493 3060 1551 Viros
3102 1497 3257 1551 enim
3296 1497 3533 1566 justitia
3576 1503 3633 1554 et
3660 1499 3752 1555 in-

2095 1583 2363 1638 nocentia
2385 1584 2593 1655 dignos
2624 1588 2801 1637 Deum
2828 1600 2999 1639 nosse
3021 1589 3077 1639 et
3101 1588 3409 1642 ostendere
3442 1605 3474 1642 a
3505 1588 3751 1659 primor-

2093 1673 2188 1727 dio
2221 1673 2278 1727 in
2312 1672 2588 1727 saeculum
2634 1671 2831 1727 emisit
2875 1673 3093 1744 Spiritu
3149 1674 3346 1731 divino
3407 1675 3748 1746 inundatos,

2092 1778 2209 1832 quo
2241 1762 2623 1832 praedicarent
2654 1761 2839 1816 Deum
2872 1762 3111 1817 unicum
3144 1779 3294 1829 esse,
3345 1765 3445 1835 qui
3481 1765 3752 1821 universa

2012 1856 2055 1920 Β
2084 1850 2429 1916 condiderit,
2464 1850 2564 1921 qui
2599 1849 2895 1906 hominem
2945 1852 3015 1906 de
3055 1851 3237 1908 humo
3286 1854 3567 1910 struxerit
3598 1872 3611 1923 ;
3655 1854 3751 1911 hic

2090 1941 2244 1996 enim
2279 1948 2365 1995 est
2393 1939 2437 1974 ⁷³
2468 1954 2637 1994 verus
2680 1939 3101 2008 Prometheus;
3138 1941 3238 2012 qui
3295 1942 3576 1998 saeculum
3630 1959 3751 1999 cer-

2089 2030 2165 2086 tis
2197 2033 2529 2100 temporum
2562 2028 3051 2098 dispositionibus
3083 2034 3139 2084 et
3173 2030 3428 2087 exitibus
3451 2033 3742 2089 ordinave-

2093 2120 2170 2175 rit
2197 2137 2210 2186 ;
2244 2118 2449 2174 exinde
2482 2118 2581 2189 qui
2613 2118 2781 2189 signa
2805 2120 2885 2189 (2)
2921 2119 3247 2189 majestatis
3279 2137 3398 2175 suae
3422 2121 3747 2191 judicantis

2093 2206 2339 2263 ediderit
2370 2221 2471 2278 per
2501 2206 2717 2261 imbres
2750 2206 2847 2277 (3),
2883 2223 2984 2278 per
3016 2207 3179 2280 ignes
3209 2226 3221 2277 ;
3259 2209 3360 2281 qui
3392 2210 3743 2266 demerendo

2096 2296 2208 2353 sibi
2235 2294 2575 2367 disciplinas
2590 2295 3247 2369 determinaverit,quas
3269 2298 3553 2372 ignoratis
3566 2300 3749 2372 autut)

1758 2406 1961 2467 Varias
2003 2403 2320 2467 lectiones.

405 2503 453 2537 7°
478 2501 701 2570 Quibus
730 2501 1097 2558 sustinemur
1124 2503 1273 2559 abest
1302 2504 1491 2560 Paris.
1568 2504 1610 2538 τί
1640 2502 2000 2559 Exanculata
2025 2502 2156 2558 Jun.
2234 2500 2278 2535 ⁷³
2305 2500 2375 2557 Et
2404 2498 2530 2554 add.
2563 2500 2746 2556 Paris.
2823 2499 2867 2535 ’¹³
2898 2500 3021 2556 Non
3053 2504 3142 2558 est
3174 2503 3407 2575 Franeq.

1775 2611 2298 2674 Commentarius.

413 2707 526 2777 (97)
558 2707 999 2763 Institutionibus
1026 2710 1232 2777 pravis.
1268 2707 1452 2765 Multa
1500 2709 1652 2764 bona
1702 2709 1867 2765 docte
1904 2708 1993 2763 in-

344 2784 639 2853 terpretes
669 2784 1090 2851 congesserunt
1127 2782 1197 2835 ad
1248 2780 1410 2853 hanc
1463 2781 1695 2853 capitis
1728 2785 1996 2853 partem;

348 2853 448 2906 sed
489 2852 726 2907 omnino
781 2852 1368 2908 animadvertendum
1420 2851 1702 2908 estnihil
1733 2851 1871 2907 tam
1923 2852 1995 2907 ab

343 2923 551 2977 Nostro
583 2924 855 2995 spectari,
891 2940 1067 2995 quam
1096 2923 1553 2995 pulcherrimam
1580 2924 1739 2978 illam
1771 2924 1994 2978 Cebetis

345 2994 764 3077 tabellam,u‘bi-
781 2994 866 3049 has
901 2994 1801 3077 pravasinstitutionesaquibus
1823 2996 1994 3077 homo

346 3067 865 3137 circumscribitur,
899 3063 937 3121 i.
975 3084 1024 3123 e.
1062 3067 1305 3133 fallitur,
1338 3073 1477 3121 sunt
1507 3063 1675 3136 δόξὰι,
1709 3069 1996 3137 opiniones

345 3142 397 3196 et
424 3134 772 3211 ψευδοπαιδεί
803 3138 943 3208 falsi
994 3139 1237 3195 nominis
1287 3140 1543 3205 eruditio,
1584 3134 1803 3211 poeta),
1866 3155 1994 3194 ora-

347 3214 525 3295 tores,
556 3212 867 3295 dialectici,
916 3212 1215 3295 musiciet
1267 3212 1619 3295 quicumque
1662 3211 1747 3295 ibi
1797 3226 1995 3295 recen-

346 3284 923 3356 sentursLibidines
981 3288 1038 3339 et
1105 3280 1591 3356 concupiscentia
1660 3283 1737 3338 ibi
1807 3280 1994 3356 ἐπιθυ-

353 3353 491 3426 plac,
524 3353 610 3408 καὶ
641 3351 857 3423 ἡδοναὶ,
886 3356 1216 3427 cupiditates
1244 3351 1312 3411 et‘
1339 3358 1642 3426 voluptates
1694 3354 1992 3427 appellan-

346 3431 460 3500 tur.
495 3428 753 3483 Tandem
787 3444 854 3483 ex
896 3428 1134 3500 crapula
1192 3428 1484 3499 resipiunt
1540 3428 1603 3493 ii,
1665 3427 1881 3497 quibus
1932 3427 1993 3481 in

346 3499 580 3555 afﬂictis
612 3501 787 3555 rebus
820 3500 963 3555 forte
996 3498 1611 3571 perditampanitentia
1645 3500 1709 3554 lit
1738 3500 1992 3569 obviam,

346 3587 473 3642 quae
503 3570 625 3629 illis
657 3571 900 3628 comites
917 3572 1064 3627 dans
1080 3573 1227 3628 alias
1249 3570 1555 3644 opiniones
1572 3577 1629 3629 et
1646 3572 1995 3643 cupiditates

356 3639 433 3703 sic
480 3642 577 3711 τὴν
628 3640 897 3713 ἀληθινὴν
945 3641 1212 3711 παιδείαν,
1274 3646 1343 3700 ad
1395 3662 1582 3700 veram
1631 3644 1997 3699 eruditionem

1113 3687 1212 3711 ...,,

347 3716 825 3788 perducit.Quem
849 3715 1113 3772 libellum
1147 3732 1279 3771 cum
1314 3717 1474 3771 hisce
1505 3715 1844 3788 conferre,si
1868 3714 1997 3786 quis

352 3787 644 3859 dignetur,
700 3804 887 3859 opera:
937 3804 1052 3843 non
1103 3788 1428 3858 pcenitebit.
1475 3788 1682 3842 statim
1732 3787 1916 3843 Aldus
1945 3790 1998 3841 et

348 3858 575 3930 concup.
609 3858 889 3914 non’vero
905 3874 970 3911 ac
988 3875 1009 3919 ;
1041 3859 1140 3912 sed
1174 3875 1288 3913 non
1320 3863 1410 3913 est
1439 3859 1607 3930 tanti.
1643 3858 1781 3912 Hav.

425 3928 539 3998 (98)
571 3932 653 3983 Ea:
681 3945 896 3984 somno.
930 3932 1197 3999 Prosper,
1232 3930 1472 3983 Sentent.
1520 3928 1621 3984 lib.
1675 3945 1744 3984 ex
1796 3930 1998 3999 Augu-

354 4001 509 4055 stino
540 4018 590 4055 c.
623 4000 729 4054 215
761 4016 774 4054 :
811 4020 839 4049 ‹‹
880 3998 969 4052 Sic
1018 3998 1180 4065 sunt,
1231 4000 1331 4069 qui
1381 4000 1579 4054 colunt
1625 3999 1800 4067 idola,
1854 3998 1998 4069 quo-

354 4072 526 4126 modo
557 4071 655 4142 qui
686 4070 745 4125 in
780 4070 1002 4125 somnis
1031 4070 1230 4142 vident
1258 4087 1425 4125 vana.
1455 4071 1511 4123 Si
1543 4076 1739 4126 autem
1767 4069 2001 4141 evigilet

355 4141 868 4213 animaipsorum.
903 4141 1177 4213 intelligit
1222 4158 1255 4196 a
1284 4158 1398 4212 quo
1444 4141 1597 4197 facta
1648 4142 1744 4203 sit,
1798 4146 1999 4196 etnon

353 4216 492 4272 colit
521 4216 673 4285 quod
708 4214 835 4285 ipsa
865 4213 1017 4285 fecit.
1040 4214 1251 4285 eidem
1284 4213 1594 4285 Lucianus,
1625 4214 1683 4285 in
1718 4214 1810 4267 Bis
1834 4213 1999 4285 Aecu-

353 4305 411 4359 p.
466 4280 576 4341 323
630 4302 661 4359 :A
694 4280 797 4341 Καὶ
847 4283 1130 4359 ὥσπερ-ἐξ
1199 4280 1368 4359 ὕπνος)
1425 4280 1613 4358 βαθὲός
1660 4283 2000 4359 ἀνεγειρόμε-

351 4356 464 4421 seq,
502 4362 613 4414 etc.
649 4357 688 4412 i.
722 4375 771 4414 e.
807 4379 836 4407 «
867 4361 949 4413 Ac
980 4356 1137 4429 velut
1166 4373 1196 4412 e
1228 4356 1517 4429 profundo
1549 4356 1772 4414 somno
1798 4356 2002 4428 exper-

357 4436 717 4491 rectus.cum
748 4445 811 4484 se
842 4428 1170 4501 aspiciebat
1195 4428 1308 4500 quo
1339 4435 1506 4501 pacto
1548 4434 1704 4486 esset
1733 4429 2000 4501 affectus,

358 4508 483 4559 tum
516 4503 693 4558 vitam
727 4505 1049 4567 anteactam
1095 4500 1431 4569 damnabat,
1468 4506 1524 4558 et
1578 4502 1757 4557 rubor
1787 4500 1883 4556 ille
1934 4516 2004 4555 ex

352 4574 701 4631 temulentis
732 4580 968 4629 coortus
998 4574 1432 4642 deﬂorescebat,
1468 4573 2001 4645 evanescebatque:

355 4648 480 4718 ipse
509 4650 703 4702 autem
738 4662 852 4718 prie
883 4646 1109 4717 pudore
1153 4662 1354 4702 eorum
1408 4663 1538 4719 quae
1587 4648 1821 4717 fecerat,
1871 4661 2003 4701 eru-

357 4720 648 4775 bescebat.
684 4740 712 4767 »
746 4722 886 4773 Hav.

2105 2704 2324 2763 scholis
2357 2704 2624 2774 formata,
2656 2704 3029 2763 bibliothecis
3061 2707 3394 2773 exercitata,
3439 2708 3756 2764 academiiS

2103 2784 2160 2835 et
2191 2778 2512 2850 porticibus
2543 2778 2753 2833 Atticis
2785 2783 3011 2848 partam
3044 2780 3395 2850 sapientiam
3428 2784 3644 2836 ructas.
3679 2783 3760 2836 ΤΘ

2105 2850 2436 2922 simplicem
2470 2855 2524 2906 et
2556 2850 2761 2922 rudem
2800 2855 2875 2922 iet
2935 2851 3285 2921 impolitam,
3346 2857 3403 2907 et
3456 2853 3755 2908 idioticum

2105 2921 2415 2994 compello,
2450 2921 2685 2992 qualem
2719 2921 2956 2992 habent,
2990 2923 3089 2994 qui
3124 2928 3179 2979 te
3228 2922 3418 2980 solum
3452 2924 3690 2980 habent.
3726 2946 3754 2973 ››

2105 3000 2216 3050 etc.

2175 3066 2251 3135 (2)
2287 3064 2496 3119 Exinde
2525 3064 2619 3134 qui
2665 3065 2846 3129 signa.
2902 3063 3080 3119 Locus
3132 3065 3289 3120 varie
3340 3082 3373 3118 a
3421 3066 3607 3120 doctis
3664 3066 3755 3120 in-

2102 3137 2460 3207 terpretibus
2490 3136 2864 3203 sollicitatus,
2890 3142 3061 3205 prout
3110 3140 3262 3206 apud
3317 3136 3749 3206 Wouwerium,

2105 3214 2178 3263 La
2222 3207 2489 3277 Cerdam,
2535 3207 2798 3277 aliosque
2844 3207 3039 3262 videre
3106 3213 3215 3263 est.
3284 3208 3597 3279 Pamelius,
3632 3209 3746 3265 MS.

2106 3281 2296 3351 Lugd.
2339 3283 2463 3333 Bat.
2497 3279 2671 3352 Agob.
2720 3278 2949 3352 Herald.
3000 3283 3057 3334 et
3106 3280 3359 3351 denique
3405 3278 3748 3352 Rhenanus,

2104 3374 2132 3403 ‹‹
2168 3352 2386 3406 Exinde
2418 3368 2544 3423 qua:
2575 3351 2742 3421 signa
2769 3351 3095 3419 majestatis
3125 3368 3243 3406 sum
3274 3352 3606 3421 iudicandis
3630 3354 3753 3408 edi-

2106 3425 2256 3479 derit
2282 3440 2337 3494 p.
2371 3424 2435 3488 i.,
2471 3444 2497 3496 η
2529 3427 2691 3496 θὶοης
2724 3423 3017 3496 quomodo
3049 3423 3225 3496 etiam
3262 3425 3410 3496 Ald,
3446 3426 3557 3479 nisi
3592 3426 3748 3496 quod

2104 3496 2155 3551 is
2188 3493 2367 3567 habet
2395 3495 2721 3567 indicantis.
2746 3493 2965 3567 Rigalt:
2994 3495 3225 3560 melius,
3261 3518 3288 3545 (ι
3318 3494 3534 3552 Exinde
3581 3493 3752 3567 quis.

2106 3565 2566 3639 m.s.judicantis
2597 3566 2907 3639 ediderat.»
2946 3566 3143 3639 Barr,«
3164 3567 3456 3637 majestati
3484 3565 3753 3623 suas—vin-

2108 3638 2390 3708 dicandae,
2437 3661 2465 3690 »
2501 3639 2657 3710 quod
2719 3638 2988 3709 sequitur
3031 3638 3427 3696 Wouwerius.
3481 3640 3753 3710 Optimus

2105 3712 2407 3768 Fuldanus
2440 3709 2533 3783 :36
2586 3709 2907 3781 Majestatis
2939 3726 3075 3783 suae
3124 3710 3391 3778 ediderit,
3432 3709 3756 3783 judicando

2107 3783 2372 3840 ediderit.
2411 3804 2437 3832 η
2472 3782 2636 3854 Unde
2666 3780 2909 3854 apparet
2938 3780 3247 3838 lectionem
3275 3799 3403 3838 eam
3436 3780 3750 3841 'voluisse:

2110 3879 2136 3906 ‹‹
2172 3855 2389 3910 Exinde
2422 3853 2522 3926 qui
2557 3853 2727 3926 signa
2758 3855 3087 3924 majestatis
3117 3872 3234 3910 suis
3284 3855 3552 3926 ediderit,
3591 3855 3755 3926 judi-

2106 3929 2293 3983 cando
2326 3943 2428 3998 per
2458 3926 2731 3991 imbres,»
2765 3926 3145 3998 etc.Fcrsitan
3178 3927 3510 3997 legendum,
3532 3926 3755 3981 «Exin-

2108 4000 2180 4053 de
2211 3997 2510 4070 qui’signa
2558 3997 2853 4068 majestati
2902 4014 3019 4054 sues
3073 3998 3439 4055 vindicandas
3485 3998 3752 4066 ediderit,

2100 4070 2424 4142 judicando
2472 4084 2576 4141 per
2641 4070 2882 4136 imbres,
2937 4090 2959 4120 ι
3013 4074 3152 4142 etc,
3192 4070 3340 4126 Dicit
3388 4071 3482 4126 hic
3531 4072 3750 4139 exinde,

2107 4141 2217 4216 etc.
2248 4142 2403 4216 quod
2432 4158 2556 4216 cap.
2589 4157 2703 4195 x1x.
2751 4164 2779 4216 <_<
2809 4144 2865 4196 et
2910 4158 3051 4216 mox
3100 4141 3368 4200 ultricem
3420 4143 3752 4216 iniquitatis

2108 4213 2268 4269 illius
2300 4212 2405 4267 aedi
2436 4213 2555 4285 vim
2587 4212 2945 4285 cataclysmi.
2982 4236 3008 4262 »
3040 4217 3173 4270 Hav.

2182 4286 2259 4355 (3)
2290 4286 2393 4340 Per
2424 4284 2641 4357 imbres.
2676 4284 2935 4356 Respicit
2956 4286 3249 4355 judicium
3294 4286 3475 4357 primi
3521 4285 3751 4351 mundi,

2111 4360 2167 4439 et
2198 4372 2425 4439 pinnam
2459 4356 2767 4439 so‘domas“:
2792 4373 2920 4439 quae
2952 4358 3255 4439 duoplane
3271 4356 3756 4439 Aita_co‘njungu.n-

2111 4433 2211 4503 tur
2239 4427 2413 4503 etiam
2446 4427 2695 4503 a_Petro,
2729 4427 2930 4503 Epist._
2966 4446 3028 4503 ii,
3050 4427 3130 4503 ‘2,
3162 4430 3218 4496 5,
3266 4429 3317 4503 6.
3372 4429 3468 4503 Kal
3498 4427 3758 4503 ίάρχᾳίου

2108 4499 2319 4573 κόσμου
2350 4494 2930 4573 ορκηὲφείσαῒοξάλγ
2978 4494 3171 4573 ὄγδοόν
3205 4494 3371 4573 Νῶιᾷ
3403 4494 3754 4573 διξεαιὸᾶξῖνης

2111 4566 2322 4647 κῆρὐξᾳ
2361 4566 2619 4647 ἐφύᾎᾴξε,
2668 4566 3047 4647 κατᾳιςλυσμὸξθ
3075 4642 3085 4647 _
3110 4569 3318 4647 κόσμῳ-
3345 4566 3559 4647 ᾁσεϐὦν
3626 4566 3756 4647 ᾖπά-

2113 4637 2225 4715 ξοίξ.
2276 4639 2377 4722 Ιξαὶ
2409 4637 2627 4722 Virrith
2690 4637 2959 4722 Σοδόμῳκί
2985 4642 3091 4722 ,ξαὶ
3138 4637 3447 4722 Γομῦῥροες.
3473 4644 3758 4722 τεφρώρας

2112 4710 2470 4791 ᾑατασδροφῇ.
2508 4710 2847 4791 καεὲκρινεν,
2895 4710 3230 4791 ὑπόδειγμα’
3274 4710 3590 4791 ελέλλόντώὺ
3646 4717 3762 4773 ἀσε-

428 4792 539 4861 (99)
574 4792 637 4845 Et
661 4792 957 4846 sanitatem
1001 4805 1162 4844 suam
1208 4791 1443 4861 patitur.
1493 4789 1742 4845 Mirabar
1790 4789 1995 4861 potitur

2114 4782 2225 4841 ϐεῖν
2244 4782 2531 4861 sabaia-03c.
2571 4782 2708 4843 HM}.

360 4838 1443 4935 neglegisset};315'ib'u";1;ec"sig;t;
1493 4838 2003 4933 ἐέἶῇὂὲιὲἆῖἷῐᾶί
2034 4838 2082 4902 D

356 4934 563 4991 Priorii
582 4951 731 5005 esse,
766 4935 920 5005 quod
953 4934 1149 4990 forsan
1184 4934 1360 4990 habet
1390 4953 1423 4990 a
1452 4935 1695 5004 Latinio,
1724 4934 1823 4990 sed
1849 4934 2002 5004 pati-

355 5009 449 5062 tur
478 5006 653 5063 etiam
683 5006 871 5063 Codex
901 5006 966 5061 D.
1002 5007 1128 5062 Bat.
1163 5012 1220 5062 et
1247 5006 1385 5063 editi
1420 5023 1641 5063 omnes.
1672 5012 1780 5061 Pro
1810 5009 1863 5061 et
1886 5021 2005 5060 ma-

354 5078 481 5135 vult
509 5079 639 5135 dum
674 5077 958 5148 Latinius,
993 5078 1158 5134 Fuld.
1192 5095 1303 5135 ms.
1337 5078 1507 5134 delet.
1531 5080 1665 5135 Pati
1694 5094 1826 5134 vero
1856 5083 1912 5133 et
1933 5076 2005 5132 de

358 5168 419 5207 re
448 5151 579 5207 laeta
609 5154 665 5208 et
690 5152 937 5223 adversa
966 5150 1204 5217 dicitur,
1238 5156 1305 5207 ut
1332 5151 1617 5217 Graecum,
1668 5151 1821 5223 quod
1870 5148 2003 5205 imi-

358 5223 473 5280 tari
504 5224 705 5291 voluit,
737 5222 988 5297 πάσχειν.
1021 5224 1194 5297 Suam
1239 5224 1637 5297 hicqemphasi
1684 5222 2007 5297 noncarct,

358 5297 461 5353 sed
492 5300 581 5352 est
614 5300 677 5352 ut
708 5294 999 5352 contrario
1031 5299 1088 5352 et
1117 5295 1364 5352 tristiori
1396 5294 1574 5353 sensu
1607 5297 1666 5352 in
1699 5295 2007 5352 notissimo

358 5369 461 5425 illo
491 5369 736 5435 dictum,

638 5475 875 5538 Quisque
907 5487 1035 5524 suos
1066 5474 1302 5537 patimur
1320 5488 1541 5526 mames.

362 5584 518 5655 apud
549 5581 748 5655 Virgil.
783 5580 888 5635 lib.
918 5595 997 5635 v1.
1033 5580 1096 5636 In
1126 5581 1332 5637 Codice
1363 5581 1648 5655 Agpbard.
1693 5582 1781 5637 est
1819 5580 2012 5652 pasci-

363 5654 479 5728 tur,
511 5654 673 5727 quod
698 5654 942 5728 probare
958 5668 1091 5728 Anon
1123 5669 1387 5728 possum.
1418 5654 1553 5728 Hav.

438 5722 900 5799 (l)—Naturaliter
941 5725 1297 5782 Christianae.
1346 5729 1426 5799 De
1474 5725 1720 5799 Testim.
1773 5722 2013 5799 Animae,

2182 4860 2257 4932 (4)
2309 4860 2458 4927 Quas
2484 4859 2773 4943 ‘ignoratis
2820 4866 2954 4941 .aut,
3010 4860 3361 4943 Rectissime
3398 4863 3497 4943 ita
3541 4861 3754 4943 Rigalt.

2112 4930 2415 5006 Perperam
2450 4930 2568 5006 alii,
2602 4953 2630 4981 «
2665 4947 2790 5006 quae
2818 4930 3100 5006 ignoratis
3132 4939 3189 4988 et
3220 4930 3752 5006 deseritis,velqu1-

2109 5002 2235 5060 bus
2255 5002 2549 5078 ignoratis
2565 5008 2671 5078 aut
2700 5002 2969 5078 desertis.
3006 5026 3034 5052 »
3064 5006 3176 5078 Aut
3206 5008 3364 5062 enim
3389 5002 3758 5078 ignorarunt

2112 5074 2313 5148 gentes
2347 5074 2688 5147 disciplinas
2718 5075 2846 5140 hes,
2881 5080 2945 5130 ut
2975 5077 3217 5148 verbum
3249 5080 3346 5134 Dei
3376 5074 3594 5135 Judacis
3629 5079 3754 5134 suis

2113 5147 2416 5216 traditum,
2451 5152 2549 5203 aut
2579 5150 2999 5203 deseruerunt:
3036 5147 3167 5204 illas
3206 5151 3430 5205 scilicet
3478 5168 3592 5207 non
3624 5154 3755 5205 tan-

2116 5227 2268 5285 tum,
2309 5237 2455 5291 quas
2505 5237 2573 5275 ex
2620 5219 2825 5274 mundi
2874 5220 3103 5291 cpiﬁcio
3153 5226 3209 5277 et
3259 5222 3515 5277 mirabili
3562 5238 3757 5277 rerum

2118 5292 2382 5350 omnium
2416 5293 2617 5348 ordine
2660 5291 2952 5366 colligere_
2989 5292 3329 5366 dcbuerant,
3387 5296 3559 5366 prout
3623 5294 3760 5366 hinc

2120 5368 2563 5440 argumentatur
2583 5363 2890 5440 Apostolus
2922 5363 3135 5440 Paulus
3156 5367 3284 5440 AAct.
3314 5363 3763 5440 xv_i1,2‘l,collato

2121 5456 2170 5495 ο.
2192 5437 2317 5507 'xw,
2350 5439 2436 5503 16,
2470 5438 2557 5504 18,
2593 5437 2748 5508 quod
2776 5437 2965 5492 Moses
2998 5437 3195 5494 Israeli
3228 5437 3487 5494 inculcat
3508 5438 3766 5507 l.v,c.1‘7,

2122 5512 2210 5576 19,
2244 5512 2458 5566 docens
2490 5508 2931 5582 praerogativam
2962 5509 3248 5580 ipsorum,
3279 5527 3425 5582 quos
3447 5508 3560 5565 sibi
3584 5528 3683 5581 per
3709 5527 3770 5566 se

2122 5584 2317 5656 ipsum
2344 5583 2641 5656 docendos
2661 5587 3063 5656 assumpserat
3092 5583 3510 5654 Deus,re|iquis
3538 5584 3772 5656 pOpulis

2125 5653 2357 5727 cicelum,
2390 5654 2593 5710 solem.
2629 5653 3069 5727 lunam,stellas
3093 5653 3647 5727 distribuens,utita
3669 5672 3773 5727 per

2125 5726 2328 5798 longas
2360 5727 2595 5782 demum
2628 5726 2903 5798 ambages
2947 5726 3169 5783 ruditer
3217 5726 3465 5784 tantum
3498 5726 3766 5785 notitiam

368 5816 417 5856 c.
448 5794 504 5854 ’1⁷
545 5815 558 5855 :
612 5820 641 5851 «
691 5798 799 5856 Sed
848 5812 965 5855 non
1014 5811 1144 5854 eam
1187 5800 1243 5854 te
1291 5798 1502 5855 advoco
1552 5794 1858 5870 (animam)
1891 5809 2017 5866 qua
2127 5794 2362 5856 deitatis
2392 5797 2699 5870 cujusdam
2730 5794 3050 5868 haberent;
3083 5798 3183 5855 sed
3215 5804 3292 5870 et,
3326 5799 3481 5873 quod
3511 5799 3607 5858 hic
3624 5817 3766 5875 pra:-
