4366 6348
293 372 411 432 449

1403 363 1995 426 APOLOGETICUS
2041 364 2219 425 ADV.
2271 364 2595 423 GENTES.

3587 365 3708 426 450

291 501 577 577 portentis
608 499 965 557 naturalium
1000 499 1188 555 forma
1217 497 1511 567 turbatur,
1531 494 1945 569 providenter‘
1971 498 2027 567 Α
2057 497 2314 552 decorum
2363 494 2775 552 instrumentis
2820 496 3039 550 sectam
3087 493 3260 550 istam
3311 510 3441 551 esse
3483 494 3706 552 suffici-

292 594 512 666 scripta
561 594 722 647 sunt.
775 592 926 646 Dum
977 590 1259 661 patimur,
1309 587 1624 658 leguntur;
1678 587 1817 641 dum
1851 602 1945 641 re-

292 682 723 755 cognoscimus,
775 681 1116 752 probantur.
1162 678 1466 743 Idoneum,
1514 676 1740 747 opinor,
1774 676 1945 731 testi-

296 772 553 831 monium
587 769 914 826 divinitatis
944 770 1158 825 veritas
1180 769 1200 803 ⁶
1231 764 1633 823 divinationis.
1663 765 1809 821 Hinc
1831 765 1945 837 igi-

292 869 392 920 tur
420 862 577 935 apud
610 876 715 916 nos
741 860 1073 916 futurorum
1097 873 1331 931 quoque
1356 856 1499 911 fides
1531 858 1661 910 tuta
1690 859 1798 925 est,
1817 856 1944 925 jam

296 954 519 1009 scilicet
550 950 950 1024 probatorum,
997 948 1139 1021 quia
1169 963 1303 1003 cum
1334 945 1474 1015 illis,
1526 961 1652 1017 quis
1683 944 1947 1016 quotidie

296 1043 637 1115 probantur,
675 1038 1164 1110 praedicebantur.
1219 1036 1435 1091 Eadem
1461 1035 1483 1069 ⁵
1512 1049 1682 1089 voces
1711 1036 1943 1101 sonant,

294 1132 500 1187 eadem
531 1128 737 1184 litteras
770 1131 994 1193 notant,
1029 1126 1184 1180 idem
1231 1123 1479 1195 spiritus
1512 1122 1726 1193 pulsat,
1762 1139 1945 1177 unum

294 1226 533 1291 tempus
564 1222 655 1274 est
684 1214 1030 1271 divinationi
1059 1215 1256 1268 futura
1279 1211 1544 1285 praefanti
1575 1212 1729 1283 apud
1758 1210 1945 1266 homi-

294 1325 421 1377 nes,
449 1308 497 1363 si
531 1307 677 1362 forte
708 1302 1090 1374 distinguitur
1124 1304 1264 1357 dum
1298 1300 1674 1372 expungitur,
1707 1300 1847 1354 dum
1880 1316 1947 1355 ex

295 1398 532 1455 futuro"
583 1410 862 1467 praesens,
896 1392 1107 1447 dehinc
1150 1407 1219 1445 ex
1267 1388 1539 1462 przssenti
1585 1388 1944 1460 prteteritum

296 1490 631 1558 deputatur.
667 1482 813 1550 Quid
846 1480 1272 1553 delinquimus,
1295 1496 1392 1534 oro
1426 1495 1547 1547 vos,
1582 1479 1776 1533 futura
1798 1494 1945 1549 quo-

296 1593 410 1649 que
459 1575 783 1640 credentes,
829 1572 928 1644 qui
966 1572 1092 1643 jam
1141 1569 1460 1625 didicimus
1492 1567 1607 1623 illis
1657 1584 1759 1640 per
1798 1568 1946 1624 duos

295 1666 515 1740 gradus
547 1663 779 1719 credere
800 1661 827 1716 ?

916 1730 1146 1787 CAPUT
1182 1729 1325 1786 XXI.

295 1831 728 1885 Aacuusu'ruu.
757 1852 825 1863 ——
856 1825 971 1877 Hoc
1002 1820 1217 1889 insigni
1245 1820 1425 1888 capite
1444 1820 1775 1891 plenissima
1810 1832 1943 1891 pro-1

365 1899 599 1971 pinatur
632 1895 865 1971 Christi,
918 1895 1029 1971 Dei
1067 1888 1221 1971 Filii,
1256 1888 1511 1971 historia,
1542 1894 1658 1962 qui,
1686 1893 1851 1962 prout
1881 1888 1951 1944 ad

368 1964 597 2026 salutem
628 1969 949 2023 animarum
996 1965 1145 2020 debet
1188 1966 1450 2034 cognosci,
1486 1964 1593 2017 late
1639 1970 1688 2017 et
1726 1977 1949 2016 nervosa

371 2040 715 2098 describitur.
747 2038 1076 2098 Ostenditur
1120 2038 1371 2102 interim,
1404 2034 1535 2105 quid
1576 2034 1781 2090 Judaei:
1827 2049 1947 2089 eoe-

367 2116 533 2182 nerit,
564 2111 693 2166 dum
724 2112 783 2165 in
812 2111 913 2164 illo
952 2109 1105 2164 892
1125 2108 1285 2182 uerbi
1327 2109 1508 2182 divini
1534 2107 1950 2182 implementum

370 2179 665 2254 agnoscere
684 2183 964 2238 noluerint
997 2198 1015 2234 :
1043 2181 1198 2241 cuius
1211 2194 1348 2254 sane
1361 2179 1656 2233 divinitate
1670 2181 1946 2254 percepta,

367 2249 531 2329 falsae
585 2256 848 2329 religioni
900 2254 1227 2329 renuntiare
1256 2252 1435 2329 decet,
1490 2251 1830 2329 cumetiatn
1881 2249 1949 2301 ab

370 2322 505 2401 ipsis
533 2322 794 2401 malignis
822 2325 1135 2401 spiritibus,
1169 2324 1365 2396 quibus
1414 2324 1667 2401 imperat,
1702 2322 1947 2376 testimo-

368 2396 529 2456 nium
559 2396 868 2469 aliquando
900 2400 1165 2467 potentia
1188 2409 1305 2451 suae
1333 2396 1541 2465 exigat.

366 2490 457 2545 21.
508 2488 614 2544 Sed
668 2485 941 2559 quoniam
996 2484 1313 2550 edidimus,
1362 2480 1797 2554 antiquissimis
1846 2479 1948 2535 Ju-

2056 592 2199 655 tam,
2235 602 2411 657 quam
2461 584 2757 655 aliquanto
2808 582 3096 638 novellam
3134 584 3265 654 (67),
3319 588 3383 638 ut
3411 584 3706 640 Tiberiani

2057 676 2418 747 temporibus
2452 676 2582 746 (68),
2620 672 2893 745 pleraque
2925 674 3140 743 sciunt,
3164 674 3574 745 profitentibus
3608 691 3709 730 no-

2054 765 2147 820 bis
2168 766 2188 799 9
2218 781 2452 836 quoque
2483 764 2590 835 (69)
2620 781 2633 830 ;
2664 764 2907 818 fortasse
2933 778 3004 816 an
3038 762 3145 817 hoc
3179 762 3415 819 nomine
3447 764 3517 819 de
3546 768 3706 820 statu

2055 855 2183 924 ejus
2232 858 2578 909 retractetur
2621 852 2732 923 (70)
2780 851 2951 923 quasi
3002 852 3112 907 sub
3163 851 3507 908 umbraculo
3560 853 3705 909 insi-

2056 942 2356 1016 gnissima:
2387 941 2708 1013 religionis,
2741 946 2894 996 certe
2940 940 3109 995 licitas
3134 941 3173 1010 θ,
3208 940 3427 1013 aliquid
3461 942 3708 1014 proprias

2057 1032 2531 1105 praesumptionis
2563 1030 2908 1098 abscondat,
2940 1029 3028 1084 vel
3060 1029 3201 1101 quia
3230 1035 3438 1102 praeter
3480 1035 3707 1087 (etatem

2057 1138 2246 1194 neque
2279 1123 2348 1176 de
2378 1120 2565 1176 victus
2596 1118 3055 1190 exceptionibus,
3108 1134 3296 1189 neque
3328 1115 3400 1175 de
3426 1120 3710 1177 solemni—

2055 1211 2279 1267 tatibus
2310 1211 2562 1276 dierum,
2597 1224 2785 1280 neque
2827 1208 2900 1263 de
2932 1208 3057 1280 ipso
3092 1207 3394 1280 signaculo
3427 1212 3710 1282 corporis,

2057 1324 2247 1380 neque
2279 1309 2348 1363 de
2393 1306 2685 1363 consortio
2735 1305 2992 1361 nominis
3040 1322 3172 1361 cum
3203 1306 3423 1363 Judaais
3454 1309 3710 1380 agimus,

2057 1399 2211 1470 quod
2261 1398 2463 1469 utique
2511 1399 2821 1468 oporteret,
2856 1394 2905 1450 si
2957 1395 3144 1450 eidem
3178 1396 3713 1470 Deo,mancipare-

2056 1486 2236 1542 mur?
2269 1486 2374 1541 Sed
2408 1493 2461 1541 et
2499 1484 2710 1557 vulgus
2734 1486 2858 1554 jam
2909 1484 3019 1539 scit
3051 1484 3375 1553 Christum,
3410 1486 3707 1544 hominem

2056 1577 2259 1647 utique
2290 1574 2569 1645 aliquem,
2618 1572 2848 1643 qualem
2897 1573 3546 1644 Judaeijudicaverunt,
3593 1594 3709 1648 quo

2056 1664 2288 1720 facilius
2337 1662 2470 1733 quis
2513 1677 2618 1716 nos
2644 1662 2687 1697 ¹⁰
2736 1662 2848 1733 (71)
2897 1661 3159 1718 hominis
3205 1663 3459 1720 cultores
3506 1666 3708 1721 existi-

2057 1753 2302 1810 maverit
2325 1754 2391 1805 “.
2423 1750 2639 1807 Verum
2687 1765 2877 1823 neque
2907 1752 2977 1806 de
3008 1751 3236 1807 Christo
3280 1755 3708 1827 erubescimus,

2057 1860 2187 1898 cum
2238 1841 2389 1897 893
2432 1841 2541 1895 sub
2576 1839 2812 1895 nomine
2859 1842 2986 1911 ejus
3037 1842 3301 1912 deputari
3336 1846 3392 1898 et
3439 1845 3709 1900 damnari

2052 1935 2240 2005 juvat,
2274 1946 2467 2013 neque
2508 1930 2579 1985 de
2628 1934 2742 1985 Deo
2773 1928 2942 1985 aliter
2970 1933 3407 2002 prmsumimus.
3462 1933 3711 1990 Necesse

2057 2026 2147 2078 est
2178 2018 2356 2092 igitur
2404 2035 2588 2090 pauca
2620 2018 2665 2054 ¹²
2695 2017 2960 2073 dicamus
3010 2019 3081 2074 de
3119 2019 3351 2075 Christo
3402 2026 3467 2076 ut
3501 2024 3611 2078 Deo
3645 2023 3709 2079 ¹³.

2056 2119 2310 2176 Tantum
2341 2117 2561 2173 Judazis
2594 2121 2717 2172 erat
2746 2116 2898 2187 apud
2932 2116 3113 2172 Deum
3166 2118 3376 2189 gratia,
3408 2118 3503 2174 ubi
3537 2123 3593 2175 et
3622 2120 3712 2177 in-

2059 2208 2243 2279 signis
2279 2205 2514 2277 justitia
2561 2210 2617 2261 et
2668 2204 2809 2260 fides
2861 2206 2905 2239 “
2952 2206 3329 2277 originalium
3380 2212 3710 2279 auctorum,

2060 2299 2214 2353 unde
2247 2296 2363 2352 illis
2393 2302 2450 2352 et
2479 2295 2711 2367 generis
2760 2297 3105 2369 magnitudo
3156 2303 3213 2353 et
3244 2300 3407 2371 regni
3439 2300 3711 2356 sublimi-

2024 2392 2148 2442 -tas
2181 2385 2379 2441 ﬂoruit
2428 2384 2541 2456 (72)
2573 2389 2629 2439 et
2674 2390 2839 2440 tanta
2882 2386 3149 2452 felicitas,
3200 2392 3264 2441 ut
3312 2390 3409 2444 Dei
3441 2390 3706 2462 vocibus,

2061 2476 2277 2548 quibus
2305 2474 2719 2543 edocebantur,
2754 2475 2824 2528 de
2878 2477 3263 2545 promerendo
3314 2482 3446 2546 Deo,
3499 2483 3557 2534 et
3593 2496 3709 2535 non

1724 2606 1928 2668 Varia:
1960 2604 2279 2666 lectiones.

372 2725 393 2759 ⁴
429 2719 801 2778 Providentiae
847 2719 1077 2774 Semler.
1173 2717 1192 2750 ⁵
1230 2716 1544 2772 Veritatem
1587 2716 1769 2771 Paris.

1864 2714 1885 2747 ⁸
1915 2712 2140 2768 Eaedem
2191 2710 2393 2764 eadem
2442 2712 2579 2766 Jun.

2673 2710 2692 2743 7
2728 2708 2943 2764 Futura
2988 2710 3172 2766 Paris.
3266 2711 3285 2744 ⁸
3318 2711 3495 2767 Vobis
3542 2714 3711 2769 Fran.

294 2798 317 2832 ⁹
349 2799 513 2851 Certe
544 2794 790 2849 licentiae
820 2793 989 2846 Fran.
1068 2790 1113 2827 ¹⁰
1142 2788 1214 2845 Ut
1246 2806 1391 2861 quos
1423 2790 1645 2843 Haverc.
1681 2789 1767 2861 ᾼ¹¹
1803 2785 2025 2861 Qui—1
2039 2781 2507 2861 existimaverint
2545 2779 2656 2861 alii
2690 2781 2831 2861 Jun._
2902 2782 3098 2861 ‘ﬁl’oc.
3131 2782 3380 2861 dicamus
3409 2787 3712 2855 recepimus

293 2869 622 2925 auctoritate
646 2864 765 2921 cod.
800 2863 956 2918 Fuld.
1037 2860 1080 2898 ¹³
1112 2862 1182 2918 Ut
1211 2852 1281 2917 de
1312 2865 1425 2917 Deo
1456 2865 1644 2916 totum
1672 2859 1835 2913 Fran.
1916 2859 1959 2892 ιδ
1994 2857 2108 2926 Rig.
2142 2858 2194 2910 et
2224 2855 2355 2909 Ηαυ.
2389 2853 2461 2909 ob
2494 2852 2783 2924 insignem
2807 2852 3100 2923 justitiam
3133 2859 3189 2910 et
3226 2856 3423 2925 fidem,
3455 2852 3564 2912 etc.

1734 2971 2255 3037 Commentarius.

294 3090 488 3150 bravit
516 3089 639 3145 huic
666 3086 864 3146 omnia
892 3085 1135 3159 pulchre
1164 3089 1416 3157 Prosper
1442 3082 1769 3154 Aquitanus
1800 3080 1949 3136 libro

294 3164 645 3235 Epigramm.
678 3178 698 3216 :

388 3270 507 3319 Non
534 3267 676 3318 idem
706 3269 875 3316 status
908 3268 989 3314 est
1016 3263 1172 3327 agris,
1206 3276 1314 3313 non
1351 3262 1573 3312 urbibus
1598 3260 1733 3321 ullis,

453 3332 748 3394 Omniaque
776 3330 832 3394 in
864 3327 1024 3394 ﬁnem
1055 3327 1385 3394 praecipitata
1415 3327 1598 3394 ruunt.

388 3397 549 3446 Ferro
578 3390 746 3451 ueste,
776 3391 937 3451 fame,
965 3391 1172 3451 vinclis,
1206 3390 1403 3453 algore,
1437 3390 1629 3453 calore,

454 3458 595 3526 Mille
626 3450 800 3526 modis
828 3450 1219 3526 miserosmors
1247 3450 1405 3526 rapit;
1427 3465 1533 3502 una
1561 3450 1824 3526 homines.

2056 3078 2192 3132 rini.
2261 3076 2471 3147 Supra,
2541 3075 2765 3151 πρέ-5
2812 3091 2843 3151 :_
2896 3098 2924 3127 ‹‹
2984 3076 3254 3151 Tiberius
3320 3093 3478 3151 ergo,
3538 3081 3709 3151 cujus

2060 3154 2321 3231 tempore
2350 3146 2582 3202 nomen
2632 3146 3033 3203 Christianum
3081 3149 3139 3203 in
3172 3146 3451 3205 saeculuin
3504 3146 3710 3208 introi-

2059 3224 2434 3370 Ἳρὅῇνῖἲίς
2468 3304 2697 3370 quoque.
2754 3290 2838 3343 Ita
2870 3289 3157 3370 Rig._Ald_.
3208 3292 3350 3370 Jun:
3400 3292 3502 3370 Alii
3534 3294 3703 3366 vobis,

2062 3369 2125 3438 ut
2158 3364 2295 3438 Pam
2330 3364 2485 3438 quod
2517 3363 2791 3438 vitiosum
2824 3367 2931 3427 est,
2963 3363 3020 3416 id
3052 3365 3207 3418 enim
3239 3364 3459 3419 Judazis
3488 3369 3544 3420 et
3564 3363 3705 3438 gen;

1982 3458 2025 3529 C
2062 3435 2221 3529 tibus
2255 3434 2422 3529 facile
2463 3433 2864 3529 concedimus,
2897 3450 3100 3489 novam
3144 3452 3283 3529 1esse
3333 3433 3709 3529 sectamf‘sed

390 3505 805 3585 Undiquefbella
834 3505 1354 3585 fremunt,_hom_inis
1383 3516 1533 3585 furor
1559 3515 1770 3575 excitat,
1792 3511 1951 3562 armis
2062 3512 2257 3585 tamen
2292 3505 3112 3585 antiquissimisvelipsorum
3134 3508 3468 3563 Judaaorum
3494 3510 3711 3565 instru-

454 3579 781 3635 Iucumbunt
810 3597 964 3645 reges
993 3581 1210 3645 regibus
1230 3579 1558 3645 innumeris.

395 3650 565 3701 Impia
594 3645 821 3696 confuso
849 3643 1003 3695 saevit
1032 3643 1298 3693 discordia
1327 3643 1567 3701 mundo;

501 3725 565 3761 ax
595 3710 724 3760 abiit
752 3710 928 3767 terris,
956 3708 1145 3756 ultima
1176 3720 1403 3769 quaeque
1435 3706 1603 3754 vides.
1635 3704 1762 3753 Hav.

376 3806 487 3887 (67.)
544 3805 836 3927 Aliquanto
884 3802 1181 3881 novellam.
1241 3800 1346 3855 Per
1391 3799 1949 3880 aliam-lectionem,

382 3895 426 3927 se
459 3893 517 3927 in
550 3876 624 3927 Co
675 3916 686 3927 .
719 3873 884 3927 Fuld.
926 3876 1037 3927 est.
1071 3872 1222 3926 alius
1270 3888 1479 3926 sensus
1508 3871 1643 3925 huic
1691 3871 1814 3925 loco
1846 3871 1949 3924 da-

292 3871 426 3950 quse
459 3871 517 3930 in
550 3871 686 3930 Cod.
719 3873 884 3927 Fuld.
926 3876 1037 3935 est,
1071 3872 1222 3926 alius
1270 3888 1479 3926 sensus
1508 3871 1643 3925 huic
1691 3871 1814 3925 loco
1846 3871 1949 3924 da.

294 3960 413 4013 tur,
450 3947 548 4001 ubi
599 3944 834 4014 legitur.
888 3962 917 3990 «
966 3941 1149 4014 Quam
1203 3941 1389 4014 scient
1440 3942 1772 4014 aliquando,
1808 3963 1836 3987 ω
1867 3944 1953 3994 ‘ut

293 4022 370 4074 ad
398 4012 635 4072 Judaeos
663 4012 970 4069 referatur.
997 4013 1138 4066 Puto
1161 4012 1353 4065 verius
1383 4028 1451 4066 ex
1481 4012 1751 4080 sequenti
1772 4014 1952 4066 sciunt

292 4090 393 4145 hic
424 4086 587 4142 illam
618 4101 813 4141 vocem
850 4083 1209 4154 duplicatam
1231 4099 1377 4138 esse.
1410 4083 1743 4137 Secundum
1779 4082 1945 4154 Fuld.

292 4178 409 4218 ms.
445 4174 681 4222 sensus,
716 4158 815 4227 qui
849 4153 977 4212 sese
1008 4155 1104 4210 hic
1136 4155 1287 4211 alius
1318 4154 1545 4227 aperire
1575 4154 1818 4219 videtur,
1853 4153 1950 4209 ille

292 4178 409 4218 m8.
445 4175 681 4222 sensus,
760 4175 815 4211 Ui
849 4175 977 4212 8886
1010 4175 1104 4210 DIC
1136 4175 1287 4211 unus
1318 4175 1545 4227 ΗρῧῐῚΓϐ
1575 4175 1818 4219 νιυθιυΓ,
1855 4175 1947 4209 me

288 4238 383 4291 est
417 4248 429 4287 :
462 4231 577 4301 Ipsi
609 4230 692 4284 illi
716 4175 915 4285 audaci
946 4227 1133 4283 scient
1175 4228 1492 4301 aliquando
1525 4226 1674 4280 hanc
1704 4230 1947 4293 sectam,

286 4308 329 4362 i.
367 4321 417 4360 e.
452 4300 778 4373 intelligent
828 4306 884 4356 et
929 4300 1364 4371 approbabunt,
1416 4300 1473 4353 in
1526 4302 1725 4373 nostra
1757 4301 1951 4373 castra

290 4393 423 4433 sese
456 4369 856 4445 conjicientes,
910 4369 1235 4428 secundum
1269 4373 1491 4428 dictum
1535 4371 1715 4441 Osca),
1737 4387 1847 4445 _m,
1872 4369 1945 4438 5;

288 4472 317 4501 «
354 4450 502 4504 Tum
535 4440 667 4502 cum
701 4446 888 4502 scient
928 4451 984 4500 et
1014 4450 1367 4517 cognoscent
1416 4445 1632 4516 ipsum.
1656 4440 1705 4517 γ››“
1728 4440 1943 4497 Jerem.

283 4537 442 4581 xxxi,
474 4520 542 4573 34
569 4537 582 4587 ;
626 4520 950 4576 clamantes
985 4532 997 4571 :
1030 4516 1171 4572 Deus
1220 4519 1325 4585 mi,
1358 4533 1455 4572 nos
1488 4516 1662 4572 Israel
1692 4519 1819 4569 tuus
1848 4530 1948 4587 no-

288 4594 470 4649 vimus
501 4586 573 4646 te.
607 4592 788 4657 Oscae,
820 4605 941 4655 vm,
972 4589 1027 4644 2.
1084 4588 1193 4642 Alii
1245 4589 1466 4659 legunt.
1524 4592 1784 4659 Barrseus
1817 4586 1944 4658 qui-

289 4666 425 4719 dem
457 4669 513 4717 et
544 4662 671 4717 Ald.
700 4667 757 4718 et
780 4661 1009 4717 Herald.
1039 4665 1096 4715 et
1115 4658 1337 4717 Rhenf:
1358 4684 1386 4711 «
1418 4663 1603 4727 Quam
1628 4658 1944 4731 aliquando

288 4733 598 4791 novellam.
634 4756 663 4784 ››
696 4736 773 4790 La
820 4733 1002 4790 Corda
1035 4748 1047 4787 :
1101 4756 1129 4782 ‹‹
1163 4733 1347 4797 Quam
1399 4733 1700 4803 aliquanto
1734 4730 1940 4786 novel-

287 4809 495 4888 iam.)
529 4812 594 4888 ut
626 4811 684 4862 et
716 4823 824 4862 ms.
860 4805 922 4861 L.
957 4805 1017 4859 B.
1054 4808 1111 4860 et
1154 4806 1444 4877 Agobard.
1478 4810 1535 4860 et
1563 4803 1858 4859 Pamelius
1891 4808 1946 4859 et
1977 4824 2021 4888 D

290 4876 503 4935 Rigalt.
539 4878 679 4934 ΗΑν.

364 4896 795 5023 (gti‘tiilTrz'llietiani
834 4948 1106 5023 temporjs.
1160 4951 1241 5006 Ita
1290 4946 1443 5023 clare
1474 4963 1624 5023 mss,
1652 4946 1943 5018 Agobard.

287 5019 537 5105 et
572 5023 653 5105 ita
702 5021 972 5105 Pani-et
1020 5020 1148 5105 Rig.
1204 5020 1475 5105 et‘Rhen.
1526 5019 1792 5105 qui‘cum
1828 5035 1942 5105 non

287 5093 658 5165 distinguant
703 5097 834 5163 post
884 5090 1164 5165 temporis,
1199 5092 1471 5147 videntur
1522 5090 1844 5165 intelligere
1875 5092 1945 5146 de

287 5163 679 5236 scriptoribus
720 5163 1010 5219 Tiberiani
1062 5165 1364 5235 temporis,
1400 5164 1550 5234 quod
1604 5163 1697 5217 hic
1730 5163 1941 5236 falsum

288 5242 398 5293 est.
417 5235 579 5293 Dicit
608 5238 765 5291 enim
799 5236 1107 5307 plerosque
1129 5236 1557 5307 introgressum
1584 5252 1741 5289 novae
1765 5235 1943 5304 hujus

288 5314 464 5365 sectae
494 5310 552 5364 in
586 5311 786 5364 orbem
819 5308 966 5362 scire
1000 5307 1215 5361 factum
1274 5318 1536 5378 tempore
1564 5307 1801 5373 Tiberii,
1837 5308 1942 5361 for-

286 5382 678 5452 tassisitaque
699 5384 1001 5452 putaturos
1028 5396 1233 5452 novam
1252 5379 1401 5435 hanc
1426 5380 1940 5452 praesumptionem

288 5456 401 5510 sub
453 5454 555 5509 illa
584 5450 886 5508 vetustate
934 5467 1042 5505 sua
1090 5451 1362 5506 roborata
1414 5450 1752 5507 (Iudaeorum
1804 5450 1942 5505 reli-

285 5526 480 5598 gione,
513 5529 579 5580 ut
611 5531 741 5596 post
771 5521 1250 5598 Ajacisaﬁc‘ujus
1275 5523 1745 5598 clypeumulatere
1774 5521 1937 5598 velle:

287 5593 398 5652 Ᾰιίί
452 5593 728 5669 legebant
776 5612 787 5649 :
843 5616 869 5643 «
903 5593 992 5669 _[_I_t
1038 5594 1254 5669 Tiberii
1296 5593 1688 5669 temporibus,
1723 5618 1749 5644 ››
1786 5595 1940 5666 quod

288 5687 422 5725 cum
459 5666 584 5725 sine
617 5686 815 5735 sensu,
851 5666 1116 5721 additum
1153 5667 1261 5722 fuit
1290 5668 1347 5721 in
1380 5668 1548 5722 Fuld.
1581 5676 1778 5732 ortam,
1813 5669 1893 5720 ita
1927 5682 1939 5721 :

295 5764 317 5789 ι
352 5742 424 5797 Ut
452 5740 781 5798 Tiberianis
831 5738 1196 5809 temporibus
1246 5745 1520 5795 ortam.»
1574 5740 1635 5793 In
1686 5738 1941 5793 editione

289 5814 591 5873 Prioriana
621 5812 748 5887 Rig.
800 5826 869 5868 ex
921 5810 1238 5883 postremis
1285 5812 1493 5871 vitiose
1521 5810 1737 5885 legitur
1788 5812 1940 5868 Tibe-

2061 3580 2273 3637 mentis
2304 3578 2624 3652 suffultam,
2646 3594 2771 3652 qua)
2799 3577 3172 3651 disciplinam
3203 3582 3310 3636 Deo
3342 3586 3568 3652 gratam
3594 3600 3709 3638 non

2060 3653 2232 3721 tollit,
2299 3652 2400 3708 sed
2468 3650 2787 3719 illuminat,
2845 3650 2965 3705 sed
3007 3653 3301 3708 reformat.
3348 3650 3451 3708 'La
3506 3653 3711 3726 Cerda,

2059 3726 2276 3782 nostris.

2134 3796 2242 3867 (70)
2269 3796 2639 3867 ,Relractelur.
2667 3792 2811 3867 Cum
2862 3809 2994 3867 vero
3025 3794 3094 3867 de
3148 3799 3301 3849 statu
3339 3796 3464 3867 ejus
3498 3800 3711 3852 retrac-

2060 3864 2171 3923 tari
2222 3864 2383 3931 dicit,
2437 3864 2793 3937 putoiinnui
2842 3865 3271 3937 malignitatem
3320 3864 3379 3920 et?
3430 3866 3712 3923 invidiam

2062 3956 2177 4010 qua
2202 3935 2553 4010 judicabant
2584 3936 2655 3990 de
2688 3935 3341 4010 religioneJRetractarre
3368 3939 3522 3992 enim
3555 3940 3710 4010 apud

2064 4007 2337 4065 Nostrum
2372 4008 2605 4080 quidem
2640 4010 2868 4081 passim,
2893 4007 3183 4079 significat
3213 4009 3524 4081 diligenter
3552 4007 3712 4068 trac-

2058 4086 2183 4163 tare
2213 4088 2268 4136 et
2294 4079 2728 4166 necegnoscere,
2774 4079 2875 4162 sed
2908 4079 3357 4166 quoniamhille
3382 4080 3482 4166 qui
3516 4082 3710 4166 lippus

2059 4154 2185 4223 ipse
2216 4158 2371 4207 recta
2401 4150 2648 4207 aliorum
2671 4150 2931 4222 aspicere
2964 4169 3076 4206 non
3100 4152 3243 4217 vult,
3267 4150 3710 4211 obtrectationis

2059 4241 2194 4295 ergo
2226 4224 2537 4295 diligenter
2573 4223 2837 4294 inquirit,
2871 4223 3058 4279 sicubi
3110 4225 3357 4279 faculam
3391 4224 3621 4279 invidiae
3654 4230 3712 4281 et

2060 4294 2478 4350 maledicentia-3
2529 4297 2845 4351 accendere
2891 4295 3094 4367 possit,
3128 4297 3256 4351 ideo
3294 4295 3400 4367 hic
3452 4313 3551 4366 pro
3584 4313 3707 4351 car-

2055 4384 2186 4439 pere
2219 4367 2459 4438 accipio.
2495 4368 2794 4431 Quomodo
2830 4366 2944 4439 fere
2983 4368 3167 4421 utitur
3196 4367 3255 4422 in
3290 4366 3435 4421 libro
3466 4367 3707 4439 deAJeju-

2056 4437 2189 4504 niis,
2224 4456 2273 4494 c.
2306 4441 2393 4505 15,
2427 4443 2579 4493 certe
2627 4439 2683 4494 in
2737 4437 2949 4494 malam
3004 4444 3227 4510 partem
3259 4454 3271 4493 :
3323 4437 3599 4510 «Atquin
3634 4440 3707 4495 ad

2057 4513 2348 4567 Romanos
2378 4509 2661 4575 scribens,
2696 4527 2793 4566 vos
2846 4509 3015 4566 nunc
3057 4509 3400 4581 compungit
3431 4516 3707 4566 retracta-

2055 4589 2209 4639 tores
2258 4583 2435 4653 hujus
2487 4582 2701 4644 ofﬁcii;
2758 4604 2777 4631 π
2834 4581 2872 4636 i.
2916 4598 2966 4637 θ.
3015 4583 3455 4647 detrectatores,
3505 4583 3705 4638 inobe—

2055 4657 2304 4721 dientes,
2340 4655 2625 4709 irrisores.
2663 4653 2801 4707 ΗΑν.

2128 4728 2240 4799 (71)
2274 4728 2407 4795 Quis
2453 4741 2567 4799 nos.
2620 4725 2899 4780 Aldinum
2951 4724 3247 4799 exemplar
3286 4741 3385 4799 qui
3437 4742 3540 4799 nos
3569 4724 3623 4779 h.
3656 4740 3704 4779 c.

2053 4796 2514 4856 existimaverint.
2546 4798 2732 4853 Verus
2776 4813 2987 4852 sensus
3018 4802 3129 4868 est,
3161 4796 3251 4853 vel
3280 4798 3417 4851 inde
3449 4797 3706 4852 humano

2055 4873 2289 4944 ingenio
2325 4875 2556 4944 tantum
2600 4870 2843 4944 rationis
2895 4870 3168 4944 debuisse
3216 4869 3528 4944 indulgeri,
3565 4873 3629 4923 ut
3658 4869 3707 4923 si

2055 4941 2464 5028 congr‘uum‘et
2513 4942 2704 5028 simile
2752 4941 3002 5010 alicujus
3032 4942 3165 5028 veri.
3204 4942 3423 5013 ﬁngere
3453 4946 3510 5023 et
3540 4956 3704 5028 men:

2055 5012 2268 5072 tiriilli
2310 5014 2653 5083 voluissent,
2687 5014 3006 5069 humanam
3062 5012 3268 5068 saltem
3304 5012 3574 5083 speciem
3607 5012 3707 5068 Dei

2054 5089 2517 5143 Christianorum
2535 5087 2859 5147 finxissent.
2878 5104 2991 5141 non
3011 5086 3705 5156 ferinam,monstrcsam,

2055 5167 2119 5217 ut
2151 5163 2404 5217 fecerant
2446 5159 2503 5212 in
2557 5158 2895 5228 Onochoite,
2944 5160 3013 5212 de
3045 5174 3157 5228 quo
3205 5157 3385 5228 paulo
3432 5156 3707 5227 superius

2055 5234 2194 5312 egit,
2228 5232 2507 5312 questa);
2551 5237 2721 5312 gente
2765 5228 3703 5312 Qentaurorum,‘Chimaar'arum,

2053 5300 2375 5377 Sphingum
2411 5300 2656 5373 hybrida
2681 5302 2899 5377 Aquisa
2938 5301 3105 5377 nobis
3154 5300 3460 5377 coleretur.
3486 5301 3558 5377 _In
3592 5315 3708 5370 quo

2054 5372 2208 5433 certe
2244 5372 2510 5448 wegissent
2559 5381 2623 5429 ut
2662 5372 2855 5448 Judaei
2894 5375 3067 5448 clim‘,
3122 5372 3222 5448 qui
3274 5378 3450 5448 Deum
3482 5372 3706 5443 ipsum,

2052 5454 2253 5505 Jesum
2286 5444 2579 5515 nostrum,
2614 5446 2759 5501 nihil
2794 5446 2904 5501 nisi
2938 5446 3163 5501 nudum
3196 5444 3495 5517 hominem
3528 5448 3701 5517 puta-

2052 5526 2297 5587 verunt;
2336 5523 2504 5587 prout
2533 5524 2689 5574 certe
2738 5524 2983 5589 egerunt
3034 5517 3208 5573 etiam
3243 5516 3328 5589 illi
3378 5516 3531 5589 inter
3560 5532 3707 5589 gen-

2052 5598 2160 5662 tes,
2191 5594 2287 5665 qui
2314 5591 2673 5665 Christianos
2705 5588 3057 5645 accusarunt
3081 5594 3146 5645 ut
3175 5588 3427 5645 cultores
3448 5588 3707 5645 hominis

2052 5664 2348 5733 suspensi.
2385 5664 2525 5719 HAV.

2125 5728 2232 5805 (72)
2267 5738 2435 5805 Regni
2463 5734 2775 5790 sublimitas
2824 5736 3031 5803 ﬂoruit.
3085 5732 3317 5789 Similia
3360 5728 3581 5790 Justini
3613 5729 3704 5785 hi-

2053 5809 2251 5867 storici
2293 5808 2415 5879 illa,
2468 5807 2603 5865 licet
2633 5806 2704 5862 ab
2754 5810 2984 5865 errante
3034 5807 3340 5880 profecta:
3379 5828 3407 5861 «
3437 5806 3709 5878 Semper-
