4366 6348
258 347 382 409 I57

1360 349 1955 417 APOLOGETICUS
1999 353 2180 415 ων.
2226 354 2555 417 GENTES.

3552 353 3674 418 458

256 477 571 534 versitatis.
603 477 771 535 Hunc
799 479 956 535 enim
987 481 1137 537 Zeno
1160 481 1270 552 (89)
1302 482 1654 539 determinat
1684 482 1904 539 factita-
1933 492 1989 559 Α
2020 483 2279 539 veritatis
2311 484 2643 541 istiusmodi
2686 484 3290 557 praeministraverunt
3307 484 3371 541 ⁸⁸.
3394 485 3678 542 Sciebant

256 572 461 635 torem,
490 567 586 639 qui
620 573 835 625 cuncta
865 568 924 624 in
957 570 1341 642 dispositione
1374 572 1729 643 formaverit,
1756 589 1918 627 eum-

255 658 386 713 dem
438 662 495 712 et
543 657 730 713 fatum
765 659 916 714 899
952 660 1167 729 vocari,
1202 664 1259 716 et
1310 662 1490 716 Deum
1544 668 1603 717 et
1651 662 1917 717 animum

256 745 416 802 Jovis
471 746 601 818 (90),
652 752 708 802 et
757 747 1167 803 necessitatem
1219 750 1485 804 omnium
1536 767 1751 805 rerum.
1788 750 1919 805 Haec

256 835 568 891 Cleanthes
610 836 669 891 in
722 836 997 909 spiritum
1049 838 1331 909 congerit,
1369 856 1541 911 quem
1591 844 1920 911 permeato-

250 940 377 980 rem
412 923 814 981 universitatis
856 926 1135 982 afﬁrmat.
1168 928 1238 982 Et
1283 945 1387 983 nos
1443 929 1619 983 etiam
1651 921 1922 983 Sermoni

258 1017 429 1085 atque
460 1013 693 1070 Rationi
722 1014 986 1086 itemque
1013 1014 1253 1085 Virtuti,
1276 1033 1379 1089 per
1411 1035 1537 1089 quae
1573 1017 1771 1073 omnia
1804 1034 1919 1073 mo-

252 1102 425 1159 litum
459 1103 644 1159 Deum
679 1103 997 1173 ediximus,
1033 1105 1327 1177 propriam
1360 1106 1757 1162 substantiam
1795 1107 1923 1177 spi-

256 1191 435 1247 ritum
460 1192 502 1227 ²⁶
556 1190 960 1259 inscribimus,
995 1194 1087 1247 cui
1117 1198 1175 1249 et
1205 1194 1408 1249 Sermo
1463 1194 1607 1250 insit
1656 1212 1921 1267 pronun-

253 1282 445 1347 tianti,
480 1287 538 1338 et
582 1283 749 1339 Ratio
803 1284 959 1340 adsit
1011 1284 1375 1357 disponenti,
1404 1290 1461 1341 et
1490 1286 1677 1343 virtus
1725 1284 1925 1358 praesit

257 1371 603 1443 perficienti.
652 1372 819 1428 Hunc
868 1390 937 1429 ex
987 1373 1104 1429 Deo
1154 1374 1448 1446 prolatum
1498 1376 1836 1443 didicimus,
1867 1378 1926 1430 et

257 1460 582 1531 prolatione
636 1466 1003 1533 generatum,
1054 1468 1111 1517 et
1170 1463 1386 1519 idcirco
1453 1464 1665 1521 Filium
1719 1464 1820 1520 Dei
1867 1469 1926 1520 et

256 1553 438 1605 Deum
472 1549 695 1605 dictum
727 1566 795 1605 ex
826 1551 1051 1606 unitate
1100 1553 1464 1609 substantiis.
1500 1554 1648 1609 Nam
1685 1559 1739 1609 et
1772 1559 1926 1608 Deus

255 1638 527 1711 spiritus.
562 1639 632 1694 Et
662 1655 794 1693 cum
846 1640 1049 1695 radius
1081 1656 1150 1696 ex
1180 1641 1300 1697 sole
1360 1644 1699 1715 porrigitur,
1736 1641 1925 1716 portio

256 1745 326 1784 ex
355 1744 623 1796 summa;
659 1728 760 1784 sed
804 1728 888 1783 sol
941 1728 1051 1784 erit
1080 1730 1137 1784 in
1172 1731 1339 1785 radio
1367 1733 1432 1798 ³⁷,
1466 1732 1603 1800 quia
1650 1732 1791 1787 solis
1839 1726 1929 1787 est

255 1818 481 1885 radius,
518 1834 622 1873 nec
673 1821 986 1889 separatur
1025 1819 1381 1889 substantia,
1418 1822 1517 1876 sed
1571 1821 1925 1877 extenditur.

266 1909 350 1963 Ita
379 1908 448 1963 de
480 1908 702 1980 Spiritu
732 1909 1007 1980 Spiritus,
1033 1918 1090 1965 et
1121 1911 1191 1965 de
1219 1912 1337 1966 Deo
1360 1912 1514 1967 Deus
1536 1914 1599 1980 ³⁸,
1627 1918 1691 1967 ut
1723 1913 1924 1967 lumen

261 1998 333 2053 de
378 1996 603 2054 lumine
654 2014 991 2053 accensum.
1024 2000 1222 2055 Manet
1273 2000 1501 2073 integra
1535 2007 1593 2057 et
1634 2002 1926 2057 indefecta

258 2084 519 2141 materia)
560 2085 793 2149 matrix,
827 2086 936 2141 etsi
984 2085 1186 2156 plures
1215 2088 1260 2121 ³ο
1292 2086 1429 2143 inde
1480 2088 1753 2143 traduces
1786 2105 1928 2158 qua-

260 2172 497 2229 litatum
552 2174 842 2230 mutueris
864 2174 929 2229 ⁸ο.
964 2174 1049 2230 Ita
1090 2181 1147 2231 et
1176 2176 1220 2212 ³⁸
1254 2176 1410 2247 quod
1470 2178 1541 2232 de
1586 2176 1703 2233 Deo
1734 2180 1927 2248 profe-

262 2267 425 2319 ctum
458 2266 567 2333 est,
597 2267 750 2319 Deus
793 2267 908 2331 est,
938 2267 997 2318 et
1045 2263 1148 2319 Dei
1202 2264 1404 2333 Filius,
1439 2268 1495 2320 et
1528 2282 1679 2321 unus
1728 2266 1925 2321 ambo.

262 2355 353 2407 Ita
382 2356 437 2407 et
468 2352 538 2407 de
569 2350 791 2424 Spiritu
840 2352 1117 2423 Spiritus,
1148 2358 1206 2409 et
1236 2353 1305 2409 de
1336 2358 1451 2409 Deo
1487 2358 1637 2411 Deus
1691 2354 1931 2411 modulo

265 2439 541 2507 alterum,
580 2457 695 2496 non
745 2457 991 2496 numero
1013 2442 1149 2513 (91),
1184 2443 1370 2515 gradu
1422 2460 1537 2499 non
1592 2447 1751 2499 statu
1770 2444 1816 2478 ³³
1846 2446 1929 2500 fe-

264 2530 367 2596 cit,
399 2533 455 2585 et
503 2546 538 2584 a
586 2529 829 2585 matrice
880 2547 996 2585 non
1046 2532 1313 2600 recessit,
1358 2534 1460 2588 sed
1514 2533 1781 2589 excessit.
1819 2533 1931 2589 Iste

264 2618 449 2691 igitur
478 2618 578 2674 Dei
611 2619 835 2689 radius,
866 2625 933 2675 ut
960 2624 1113 2675 retro
1146 2636 1379 2693 semper
1410 2622 1835 2693 praedicabatur
1862 2622 1929 2692 ³³,

268 2707 548 2779 delapsus
597 2708 657 2762 in
700 2706 985 2779 virginem
1020 2709 1362 2780 quamdam,
1393 2715 1451 2765 et
1497 2710 1557 2765 in
1602 2715 1770 2767 utero
1802 2713 1930 2783 ejus

269 2812 407 2852 caro
440 2796 726 2869 ﬁguratus
750 2798 819 2864 3‘,
854 2798 1118 2853 nascitur
1147 2802 1333 2854 Homo
1382 2804 1496 2854 Deo
1530 2800 1763 2856 mistus.
1786 2802 1930 2856 Caro

274 2885 489 2956 spiritu
549 2886 842 2941 instructa
879 2887 925 2921 ³³
982 2887 1263 2957 nutritur,
1323 2888 1637 2959 adolescit,
1696 2890 1933 2955 atfatur,

274 2975 468 3045 docet,
500 2978 797 3046 operatur,
830 2980 887 3031 et
933 2976 1202 3032 Christus
1242 2980 1351 3034 est.
1385 2978 1645 3049 Recipite
1694 2977 1930 3035 interim

272 3064 427 3119 hanc
460 3063 740 3135 fabulam,
773 3063 985 3121 similis
1018 3070 1105 3121 est
1136 3065 1366 3137 vestris,
1390 3066 1531 3121 dum
1564 3068 1932 3126 ostendimus

271 3153 569 3226 quomodo
603 3152 871 3210 Christus
901 3155 1195 3226 probetur.
1230 3155 1504 3211 Sciebant
1532 3159 1589 3212 et
1619 3157 1718 3229 qui
1754 3174 1931 3229 penes

270 3260 375 3300 vos
423 3243 713 3314 ejusmodi
770 3242 994 3300 fabulas
1051 3243 1293 3301 aemulas
1340 3245 1412 3300 ad
1468 3245 1925 3303 destructionem
1958 3231 2001 3299 C

1958 1869 2005 1933 B

2027 579 2084 629 et
2128 574 2313 629 Judzsi
2364 579 2673 630 venturum
2721 590 2849 630 esse
2896 575 3050 630 400
3099 574 3424 643 Christum,
3456 573 3680 631 scilicet

2030 662 2245 733 quibus
2278 664 2573 736 prophetae
2598 663 3006 737 loquebantur.
3034 664 3179 718 Nam
3204 668 3259 718 et
3289 680 3444 719 nunc
3466 664 3679 720 adven-

2030 757 2157 806 tum
2191 754 2318 823 ejus
2358 757 2718 824 exepectant,
2752 770 2856 807 nec
2906 752 3021 807 alia
3070 753 3257 823 magis
3303 753 3456 808 inter
3486 770 3591 810 nos
3624 758 3682 809 et

2031 840 2161 897 illos
2192 842 2582 913 compulsatio
2612 848 2721 913 est,
2755 859 2932 913 quam
2966 842 3121 913 quod
3145 844 3270 912 jam
3302 842 3531 897 venisse
3564 859 3679 898 non

2031 930 2296 985 credunt.
2317 931 2556 986 Duobus
2580 930 2735 985 enim
2770 930 3117 985 adventibus
3141 931 3267 1002 ejus
3290 929 3636 1001 signiﬁcatis
3662 947 3675 985 :

2031 1018 2241 1090 primo’,
2266 1020 2362 1090 qui
2387 1021 2511 1090 jam
2545 1024 2873 1091 expunctus
2903 1024 2992 1075 est
3020 1019 3080 1073 in
3112 1018 3441 1075 humilitate
3472 1018 3680 1075 condi-

2032 1109 2209 1164 tionis
2248 1109 2550 1175 humante;
2585 1109 2862 1177 secundo,
2887 1108 2988 1180 qui
3030 1108 3432 1164 concludendo
3463 1107 3677 1165 sweulo

2031 1196 2299 1253 imminet
2322 1198 2378 1251 in
2403 1198 2761 1253 sublimitate
2786 1196 3109 1253 divinitatis
3131 1202 3399 1253 exsertae:
3421 1197 3679 1269 primum

2036 1302 2150 1340 non
2207 1286 2613 1359 intelligendo,
2668 1286 3015 1356 secundum,
3076 1302 3251 1358 quem
3311 1285 3683 1341 manifestius

2034 1375 2414 1449 praedicatum
2438 1378 2481 1411 ³⁷
2526 1380 2785 1448 sperant,
2838 1392 3021 1430 unum
3074 1374 3569 1430 existimaverunt.
3600 1375 3683 1431 Ne

2034 1464 2190 1520 enim
2249 1464 2639 1537 intelligerent
2697 1464 3038 1535 pristinum,
3072 1463 3350 1519 credituri
3406 1464 3455 1519 si
3503 1464 3681 1520 intel-

2034 1554 2332 1625 lexissent,
2366 1558 2423 1609 et
2459 1552 2831 1609 consecuturi
2879 1552 3129 1607 salutem
3176 1552 3226 1608 si
3273 1552 3683 1621 credidissent,

2038 1642 2317 1697 meritum
2374 1642 2484 1697 fuit
2525 1642 2805 1697 delictum
2867 1658 3069 1697 eorum
3092 1641 3155 1695 ³⁸.
3190 1642 3308 1714 Ipsi
3356 1641 3559 1714 legunt
3603 1641 3686 1698 ita

2037 1732 2322 1803 scriptum
2356 1731 2673 1787 mulctatos
2705 1746 2767 1787 se
2806 1730 3093 1801 sapientia
3122 1735 3181 1786 et
3211 1730 3601 1801 intelligentia
3628 1735 3688 1786 et

2038 1820 2343 1875 oculorum
2392 1824 2449 1875 et
2497 1820 2728 1875 aurium
2779 1819 2965 1890 fruge.
3006 1822 3187 1883 Quem
3236 1820 3418 1891 igitur
3464 1818 3686 1874 solum-

2037 1910 2210 1965 modo
2252 1909 2620 1965 bominem”
2668 1913 3165 1980 praesumpserant
3211 1909 3281 1963 de
3335 1907 3687 1975 humilitate,

2036 1998 2391 2069 sequebatur
2434 1998 2518 2053 uti
2566 2013 2806 2067 magum
2855 1996 3215 2051 aestimarent
3262 1996 3333 2051 de
3379 2000 3688 2067 potestate,

2036 2104 2169 2141 cum
2201 2086 2300 2141 ille
2330 2088 2504 2141 verbo
2541 2085 2829 2140 daemonia
2877 2086 2948 2140 de
2998 2084 3340 2140 hominibus
3372 2088 3688 2156 excuteret,

2037 2193 2217 2232 caecos
2264 2174 2727 2243 reluminaret”,
2770 2174 3032 2246 leprosos
3082 2178 3377 2245 purgaret,
3413 2172 3690 2247 paralyti-

2036 2281 2135 2320 cos
2183 2264 2591 2336 restringeret,
2644 2268 2907 2319 mortuos
2960 2263 3211 2333 denique
3259 2264 3433 2318 verbo
3484 2263 3692 2319 redde-

2038 2360 2125 2410 ret
2178 2354 2327 2421 vitee,
2380 2354 2670 2409 elementa
2722 2354 2851 2423 ipsa
2900 2350 3213 2407 famularet
3256 2351 3388 2423 (92),
3456 2367 3693 2423 compe-

2039 2460 2208 2499 scens
2257 2441 2543 2515 procellas
2575 2447 2632 2498 et
2673 2442 2818 2497 freta
2876 2441 3234 2513 ingrediens,
3268 2440 3582 2496 ostendens
3628 2456 3693 2496 se

2039 2550 2166 2589 esse
2222 2536 2439 2585 AOI‘ON
2498 2532 2620 2599 Dei,
2664 2530 2721 2584 id
2779 2534 2868 2585 est
2922 2530 3178 2585 Verbum
3237 2528 3381 2584 illud
3440 2528 3690 2600 primor-

2040 2621 2193 2677 diale
2215 2622 2257 2657 ⁴¹
2312 2620 2789 2693 primogenitum,
2821 2618 3033 2673 virtute
3085 2622 3144 2673 et
3192 2619 3416 2673 ratione
3446 2618 3690 2673 comita-

2042 2718 2204 2781 tum,
2264 2717 2320 2766 et
2388 2709 2599 2781 spiritu
2667 2707 2877 2763 fultum
2914 2708 2979 2777 ‘9,
3039 2707 3312 2762 eumdem
3366 2709 3468 2778 qui
3518 2707 3693 2762 verbo

2043 2800 2265 2867 omnia,
2316 2803 2373 2855 et
2429 2799 2662 2862 faceret,
2722 2797 2851 2851 et‘3
2908 2796 3161 2851 fecisset.
3221 2796 3306 2850 Ad
3365 2795 3693 2851 doctrinam

2045 2906 2174 2946 vero
2242 2890 2400 2959 ejus,
2466 2904 2584 2959 qua
2623 2888 2669 2922 “
2726 2886 3174 2941 revincebantur
3238 2884 3507 2957 magistri
3574 2885 3693 2955 pri-

2044 2995 2354 3049 moresque
2401 2977 2763 3044 Judaaorum,
2811 2975 2894 3029 ita
2941 2974 3456 3046 exasperabantur,
3509 2974 3694 3029 maxi-

2045 3084 2139 3122 me
2196 3065 2352 3139 quod
2417 3066 2488 3121 ad
2558 3080 2691 3119 eum
2761 3064 2968 3135 ingens
3035 3061 3355 3118 multitudo
3420 3062 3695 3118 deﬂecte-

2044 3162 2133 3213 ret
2161 3157 2225 3224 ‘5,
2277 3160 2341 3211 ut
2400 3159 2695 3227 postremo
2754 3152 3016 3208 oblatum
3073 3151 3277 3208 Pontio
3332 3150 3539 3221 Pilato,
3589 3152 3695 3223 Sy-

2039 3246 2187 3302 riam
2234 3250 2376 3301 tunc
2431 3260 2499 3299 ex
2556 3246 2723 3315 parte
2746 3242 2789 3277 ⁴⁶
2842 3242 3104 3297 Romana
3132 3242 3174 3276 ‘7
3204 3242 3319 3314 (93)
3369 3256 3690 3313 procuran-

1699 3383 1904 3444 Variaa
1950 3382 2275 3446 lectiones.

345 3483 390 3562 ’f
417 3482 685 3562 Spiritus
705 3484 881 3541 Paris.
958 3485 1161 3562 "Exit
1186 3488 1315 3562 Jan.
1349 3558 1360 3562 Α
1393 3486 1437 3522 ³⁸
1470 3486 1557 3543 Ita
1588 3488 1658 3562 de
1700 3506 1789 3562 sp.
1819 3520 1887 3530 ——
1915 3490 2069 3546 Deus
2126 3490 2316 3545 desunt
2374 3489 2433 3543 in
2475 3485 2606 3562 cog.
2660 3484 2818 3562 Euld.
2874 3491 2924 3539 et
2969 3484 3083 3562 βά..
3107 3482 3285 3562 [them
3364 3482 3411 3517 ³9
3443 3482 3503 3562 In
3558 3486 3692 3562 Par:

264 3556 315 3635 3°_
348 3554 515 3635 Codd;
543 3555 817 3635 ινιριάε-ςςιΔ
846 3559 1056 3635 [fama].
1092 3558 1430 3632 qualitatis;
1464 3560 1633 3633 Lugd.
1668 3554 1751 3617 ll:
1771 3563 2032 3618 traducis
2064 3562 2394 3635 qualitates.
2472 3560 2512 3594 ³¹
2539 3558 2795 3635 Εῐ-αὸεξζ
2825 3558 3027 3635 P_ar_z's.
3106 3556 3151 3590 ³³
3180 3556 3305 3635 Non
3333 3554 3543 3635 gradu
3591 3554 3692 3635 sed

262 3632 431 3706 statu
480 3630 659 3684 Paris.
691 3629 922 3706 Modulo
970 3626 1282 3698 alternum,
1316 3626 1630 3689 numerum
1681 3636 1888 3706 gradu,
1925 3652 2038 3690 non
2082 3626 2249 3691 statu
2296 3634 2460 3706 Fran.
2537 3631 2582 3664 ³³
2614 3628 3049 3706 Praedicebatur
3097 3627 3212 3706 cod.
3260 3629 3363 3706 vet.
3398 3626 3687 3706 Sqiverii.

260 3701 312 3779 ff
339 3701 651 3779 ljiguratus
699 3703 1485 3779 Jugaliaverququamdam
1543 3712 1601 3761 et
1656 3699 1714 3760 in
1774 3699 1939 3762 utero
1999 3707 2127 3778 ejus
2184 3721 2317 3760 caro
2372 3705 2666 3779 ﬁguratur
2721 3701 2833 3755 cod.
2894 3699 3091 3779 Euldu'
3151 3700 3690 3779 (ﬁguratssmler-

260 3771 311 3807 ⁸⁸
341 3771 575 3847 Structa
610 3788 713 3827 ms.
766 3774 1054 3847 Fuld.“36
1080 3771 1200 3830 Sid
1229 3776 1407 3830 locum
1442 3780 1804 3847 restituerunt
1851 3771 2105 3847 Scrive'r”
2156 3780 2279 3846 Rig.
2329 3778 2380 3830 et
2422 3771 2679 3838 Havera;
2706 3782 2873 3847 anteg
2917 3772 3021 3840 leg.
3057 3772 3337 3847 probetur
3385 3774 3441 3825 et
3490 3771 3589 3847 qui
3621 3799 3691 3810 —

311 3843 900 3917 rrssministraverint,‘
944 3844 991 3917 f7
1015 3846 1209 3917 _Gelen_.
1243 3864 1256 3900 :
1290 3846 1638 3916 pradictum.
1715 3850 1758 3883 ³⁸
1792 3852 1960 3905 Rhen.
2012 3840 2202 3904 in'ed.
2226 3840 2300 3903 VI.
2354 3847 2497 3917 Ald.,
2549 3846 2792 3917 Pamet.,
2836 3841 3333 3917 Barrzys,_Gang.
3366 3858 3378 3896 :
3413 3840 3689 3917 meritum

296 3916 385 3970 uit
415 3914 784 3970 delictorum.
861 3913 906 3947 ⁸⁹
936 3914 1136 3969 Solum
1187 3912 1485 3970 hominem
1538 3920 1708 3973 modo
1758 3920 1923 3976 Smel.
2000 3922 2045 3955 ⁴⁰
2100 3912 2679 3975 ΙΙΙυωὶηεινθῑῬανίς.
2756 3916 2796 3949 ⁸¹
2834 3914 2958 3970 Cod.
3011 3912 3208 3968 Fuld.:
3263 3913 3578 3968 ostendens
3630 3928 3693 3967 se

261 4003 402 4045 esse
434 3985 621 4039 filium
643 3989 708 4056 et
739 3983 907 4038 illum
938 3984 1076 4038 olim
1112 4003 1144 4039 a
1179 3986 1288 4039 Deo
1334 3987 1730 4056 prmdicatum.
1764 3996 1821 4046 et
1867 3992 1939 4046 ad
1989 3992 2253 4047 omnium
2306 3991 2553 4046 salutem
2610 3992 2813 4045 natum
2843 3987 3102 4042 Verbum
3137 3984 3234 4039 Dei
3274 3983 3442 4049 illud,
3476 3988 3610 4048 etc.,
3643 3987 3695 4039 et

259 4057 490 4114 omissis
537 4054 715 4109 verbis
762 4071 779 4107 .-

828 4056 1100 4133 eu_mdem
1147 4056 1251 4133 qui
1286 4086 1351 4097 -—
1384 4058 1633 4133 fecisset.
1712 4060 1756 4092 ⁴²
1786 4064 1979 4129 Rhen.,
2030 4064 2178 4129 lien,
2230 4062 2437 4133 Gangn.
2477 4079 2488 4116 :
2523 4064 2905 4133 instructum,
2951 4057 3069 4133 cod.
3128 4056 3296 4133 Lugd.
3358 4056 3691 4133 suffultum.

261 4131 317 4166 ‘3
354 4128 520 4209 [stam
547 4123 704 4211 ῥῆσξν
723 4128 1010 4211 “eumdem
1040 4156 1112 4211 _—-
1136 4123 1888 4211 l‘ecissetlde’letRigaltius__:
1915 4123 2367 4211 fl'avgrca'mpz'ust
2395 4138 2579 4211 auten}
2622 4141 2809 4211 utet-ur
2833 4123 2935 4211 ..ςῐο
2981 4123 3336 4211 reformatur?
3419 4127 3694 4211 eumdem

258 4199 372 4274 qui
404 4197 602 4274 omnia
623 4201 690 4274 _et_
718 4198 933 4274 faceret
962 4202 1019 4255 et
1042 4198 1296 4274 fecisset.
1373 4201 1417 4234 “
1448 4202 1595 4265 Quia
1624 4197 1754 4257 Par.
1833 4204 1876 4237 ‘5
1906 4197 2237 4261 Conﬂueret
2265 4205 2386 4261 cod.
2415 4204 2586 4262 Fuld.
2662 4204 2706 4240 ⁴⁶
2732 4202 2902 4259 Plebe
2936 4197 3045 4256 ms.
3077 4200 3248 4271 Lugd.
3287 4203 3409 4255 Bal.
3486 4200 3529 4233 ⁸⁷
3562 4197 3695 4255 Cod.

262 4268 450 4344 Lugd.
484 4287 552 4326 ex
582 4268 749 4343 plebe
780 4271 1064 4341 Romana,
1100 4271 1253 4328 Fuld.
1288 4289 1356 4328 ex
1387 4278 1553 4346 parte
1586 4275 1932 4331 Romanam.

1720 4389 2241 4453 Commentarius.

344 4492 460 4565 (89)
518 4494 672 4569 Hunc
737 4494 885 4569 enim
941 4494 1084 4549 Zeno
1149 4494 1484 4569 determinat
1548 4498 1931 4567 factitatorem.
1966 4502 2012 4566 Ι)
2046 4496 2198 4569 quod
2231 4512 2415 4552 unum
2468 4496 2617 4551 Deus
2649 4499 2757 4552 est.
2793 4496 2917 4569 Rm.
2952 4493 3254 4569 —_lllodulo
3304 4492 3562 4569 alteram.
3598 4487 3697 4569 Sic

267 4568 563 4623 Zenonem
595 4565 819 4637 aliquid
868 4570 1146 4635 praeterea
1190 4566 1427 4635 dixisse,
1460 4584 1526 4623 ex
1550 4565 1779 4625 Laertio
1812 4571 1935 4626 dis-

269 4638 488 4695 cimus.
526 4638 773 4709 Nempe,
809 4638 924 4713 duo
957 4654 1086 4713 esse
1117 4640 1382 4713 omnium
1409 4640 1733 4713 principia,
1767 4646 1934 4697 Crea-

274 4720 487 4788 torem.
517 4714 575 4764 et
624 4710 951 4788 materiam,
982 4709 1045 4762 τὸ
1093 4712 1283 4788 ποιᾳβν
1316 4709 1444 4788 (καῖ
1479 4711 1541 4765 τὸ
1599 4709 1846 4788 τὶἀσχον(
1869 4718 1936 4768 Et

274 4781 589 4854 materiam
611 4781 862 4854 quidem
912 4798 1041 4837 csse
1080 4782 1384 4854 qualitatis
1433 4781 1932 4854 expertem'subs-

271 4853 559 4932 tentiam:
597 4853 925 4932 Creatorem
976 4870 1125 4932 Verg,
1180 4853 1389 4932 Tbvﬁv
1432 4854 1581 4932 pud-cf,
1629 4855 1789 4932 λᾷγον
1840 4858 1935 4932 ίτὸν

277 4918 434 4980 Θεόν·
467 4926 656 4978 τοῦτον
699 4924 799 4999 γὰρ
834 4921 961 4978 ὄντα
1008 4921 1181 4978 ἀΐδιον
1231 4923 1320 4978 καὶ
1373 4918 1803 4998 πάσηςΓταύ-ὶης
1837 4926 1934 4998 δη-

282 5000 570 5049 μιουργεῖν
602 4991 821 5049 ἕκαστα.
855 4998 982 5049 Rm.

391 5016 519 5052 'JD‘YE
530 5016 570 5049 ιν
606 5016 821 5051 εκαστα.
856 5016 982 5052 ωσι.

282 5000 570 5122 μιοὸὄγεῖν
602 4998 821 5051 ἕκαστα.
855 4998 982 5052 RIG.

352 5071 371 5136 (
452 5069 468 5140 )
498 5068 760 5124 Eumdem
792 5076 842 5124 et
877 5070 1059 5139 fatum
1102 5070 1287 5125 vocari
1315 5076 1365 5124 et
1396 5072 1572 5125 Deum
1602 5076 1655 5126 et
1686 5074 1937 5128 animum

274 5140 444 5197 lovis.
474 5140 686 5195 Eadem
720 5142 894 5197 verba
925 5142 1079 5212 apud
1114 5142 1502 5212 Lactantium,
1538 5144 1802 5200 Laertius
1834 5162 1936 5200 au-

273 5217 396 5268 tem
437 5212 684 5267 Zenonis
727 5207 1077 5269 sententiam
1110 5213 1193 5269 sic
1226 5213 1441 5281 retulit,
1474 5207 1525 5266 ἔν
1556 5234 1614 5268 τε
1645 5217 1775 5269 εἶναι
1807 5217 1932 5271 Θεὸν

272 5282 565 5359 καξᾼῌᾉοῦίγ,
598 5282 974 5359 Εἱμαρμένην,
1005 5283 1094 5338 καὶ
1129 5284 1243 5341 Δία.
1279 5286 1403 5340 RIG.

346 5354 461 5427 (91)
496 5354 706 5411 Modulo
749 5354 1020 5425 alterum,
1063 5374 1171 5413 non
1218 5373 1472 5412 numero.
1504 5357 1670 5414 Alius
1716 5376 1747 5413 a
1795 5360 1937 5416 Filio

275 5427 450 5501 ξιμον
481 5431 589 5495 est,
621 5444 738 5499 qua
777 5430 964 5499 Pater,
1000 5446 1113 5485 non
1157 5446 1274 5501 qua
1304 5430 1476 5484 Deus.
1508 5429 1676 5486 Alius
1708 5448 1741 5485 a
1770 5433 1938 5487 Patre

278 5497 465 5554 Filius
499 5504 608 5565 est,
638 5497 758 5573 qua
788 5497 991 5571 Filius,
1026 5518 1141 5556 non
1173 5497 1291 5573 qua
1322 5502 1391 5556 de
1426 5502 1534 5573 Deo
1567 5502 1738 5558 Deus.
1773 5504 1938 5560 Alius

280 5587 312 5626 α
342 5574 513 5649 Patre
562 5576 637 5649 et_
664 5572 807 5628 Filio
857 5572 1159 5649 Spiritus,‘
1186 5572 1300 5644 qua
1346 5572 1621 5645 Spiritus,
1656 5590 1770 5631 non
1822 5594 1939 5649 qua

280 5658 417 5697 cum
449 5642 565 5697 Deo
610 5646 778 5699 Patre
827 5642 1071 5700 et'Filio
1136 5642 1283 5699 Deus
1336 5650 1445 5700 est.
1480 5642 1622 5701 Nam
1676 5664 1809 5702 cum
1840 5642 1939 5704 'sit

282 5730 506 5792 un_us_a
537 5714 705 5792 Patre
757 5720 815 5773 et
865 5716 1485 5792 FilioA‘SpiritusLuno
1542 5718 1775 5792 spiritu,
1822 5737 1940 5777 una

284 5786 621 5845 substantia
668 5788 837 5846 Pater
867 5794 925 5847 et
956 5789 1054 5846 Fili
1067 5786 1131 5847 us
1163 5793 1219 5847 et
1249 5789 1504 5863 Spiritus
1556 5786 1743 5851 unum
1763 5786 1938 5865 sunt,

580 5920 843 5988 Panos.
888 5922 939 5988 ἶ.

2045 4560 2307 4624 adversus
2338 4571 2633 4634 Praxeam,
2668 4584 2800 4639 pag.
2823 4568 2928 4621 640
2951 4583 3000 4622 zu
3027 4567 3151 4639 Non
3177 4560 3699 4639 tamendiversita-

2046 4647 2102 4697 te
2148 4641 2329 4695 alium
2380 4640 2592 4695 Filium
2642 4635 2687 4693 a'
2722 4635 2913 4705 Patre,
2948 4639 3048 4693 sed
3098 4635 3542 4702 distributione;
3594 4650 3699 4689 nec

2046 4712 2329 4769 divisione
2360 4712 2561 4777 alium,
2586 4712 2684 4767 sed
2718 4708 3112 4780 distinctione,
3139 4709 3275 4780 quia
3298 4725 3411 4765 non
3436 4707 3514 4780 sit
3541 4706 3698 4780 idem

2046 4785 2213 4840 Pater
2271 4789 2327 4839 et
2384 4784 2586 4849 Filius,
2628 4783 2718 4837 vel
2780 4782 3017 4839 modulo
3071 4778 3220 4837 alius
3279 4782 3351 4836 ab
3410 4779 3593 4835 alio.-
3630 4778 3699 4833 Et

2046 4873 2178 4929 pag.
2227 4858 2334 4911 645
2370 4874 2383 4929 ς
2414 4879 2441 4906 ‹‹
2476 4854 2812 4929 Visibilem_
2841 4870 2980 4929 vero,
3025 4853 3239 4909 Filium
3287 4866 3697 4929 agnoscamus,

2047 4926 2148 5001 pro
2181 4928 2421 4985 modulo
2473 4926 2926 4983 derivationis.»
2962 4928 3165 4997 Itaque
3206 4926 3416 5001 modus
3464 4927 3531 5001 et_
3570 4938 3699 4978 mo-

2046 4994 2220 5057 dulus
2279 5006 2369 5056 est
2425 5004 2717 5056 certarum
2786 5014 2979 5055 rerum
3049 4994 3374 5054 secundum
3442 4994 3533 5052 sui
3601 5008 3702 5067 ge-

2047 5073 2204 5129 neris
2270 5072 2526 5129 rationes
2592 5070 2933 5144 dispositio,
2991 5070 3301 5141 ordinatio,
3362 5069 3700 5124 aeconomia.

2046 5147 2219 5203 Idem.

2118 5217 2229 5287 (9'2)
2266 5216 2599 5271 Famularet.
2632 5215 2775 5270 Cum
2806 5213 3191 5287 iusumgverbi
3242 5228 3359 5287 non
3411 5207 3702 5287 intellige-

2046 5280 2661 5363 rent.'subs_titnerunt
2689 5288 2747 5341 in
2790 5286 2926 5341 Cod.
2956 5286 3196 5363 _Aldino~
3212 5285 3263 5339 ei
3296 5280 3584 5363 Agob‘ard.
3615 5281 3705 5363 [α-

2048 5349 2343 5435 ηηιιᾲνεηι.
2362 5360 2558 5435 Voluit
2583 5360 2789 5415 Noster
2810 5358 3131 5435 exprimere
3157 5349 3421 5435 Graecuirn
3443 5349 3700 5435 δουλρῦν,

2049 5433 2201 5505 quod
2235 5436 2325 5488 est
2368 5433 2430 5487 in
2460 5435 2775 5488 servitutem
2806 5426 3078 5503 redigere,
3109 5434 3165 5487 et
3196 5429 3279 5485 ita
3327 5426 3473 5484 alios
3524 5426 3699 5480 etiam

2047 5506 2274 5561 locutos
2306 5509 2511 5560 notant
2545 5505 2915 5575 interpretes.

2121 5577 2229 5647 (93)
2262 5578 2354 5631 Ex
2383 5584 2539 5647 parte
2573 5570 2809 5631 Romana
2843 5590 2934 5629 ms
2980 5573 3037 5647 L.
3070 5577 3133 5628 Β.
3158 5571 3406 5647 exipl‘ebe
3436 5570 3700 5647 Romana.

2049 5644 2223 5721 Quasi
2256 5644 2462 5704 innuat
2509 5648 2796 5721 plebeiam
2845 5646 3185 5721 Pontiorum
3232 5644 3705 5721 fu_i_sse_gentem.

2052 5720 2212 5776 Fuld.
2238 5737 2370 5777 vero
2396 5738 2470 5777 ea:
2496 5714 2652 5794 parte
2675 5722 2993 5794 Romanam,
3015 5719 3181 5794 quasi
3207 5716 3390 5794 nollet
3412 5714 3705 5794 Romano:

2048 5810 2179 5851 rum
2212 5787 2527 5867 provinciis
2559 5790 2936 5851 annumerari
2968 5787 3222 5864 in'Syria
3251 5793 3619 5862 Comsgenen
3650 5787 3710 5843 et
