  <div class='ocr_page' id='page_1' title='image "/cluster/home/n/w/nwhite01/storage/ocr_20150623/1/umn.31951002477295j/237.png"; bbox 0 0 4366 6382; ppageno 0'>
   <div class='ocr_carea' id='block_1_1' title="bbox 579 413 3998 495">
    <p class='ocr_par' dir='ltr' id='par_1_1' title="bbox 579 413 3998 495">
     <span class='ocr_line' id='line_1_1' title="bbox 579 413 3998 495; baseline -0.001 -17"><span class='ocrx_word' id='word_1_1' title='bbox 579 419 701 480; x_wconf 71' lang='lat'>459</span> <span class='ocrx_word' id='word_1_2' title='bbox 1099 414 1622 477; x_wconf 78' lang='lat' dir='ltr'>TERTULLIANI</span> <span class='ocrx_word' id='word_1_3' title='bbox 1665 413 1993 479; x_wconf 82' lang='lat' dir='ltr'>OPERUM</span> <span class='ocrx_word' id='word_1_4' title='bbox 2038 415 2247 479; x_wconf 81' lang='lat' dir='ltr'>PARS</span> <span class='ocrx_word' id='word_1_5' title='bbox 2289 416 2338 479; x_wconf 81' lang='lat'>1.</span> <span class='ocrx_word' id='word_1_6' title='bbox 2375 447 2451 465; x_wconf 91' lang='lat'><strong><em>—</em></strong></span> <span class='ocrx_word' id='word_1_7' title='bbox 2478 415 2755 480; x_wconf 80' lang='lat' dir='ltr'>SERIES</span> <span class='ocrx_word' id='word_1_8' title='bbox 2799 418 2850 495; x_wconf 85' lang='grc' dir='ltr'>Ι,</span> <span class='ocrx_word' id='word_1_9' title='bbox 2893 415 3476 480; x_wconf 81' lang='lat' dir='ltr'>APOLOGETICA.</span> <span class='ocrx_word' id='word_1_10' title='bbox 3877 413 3998 476; x_wconf 70' lang='grc'>460</span> 
     </span>
    </p>
   </div>
   <div class='ocr_carea' id='block_1_2' title="bbox 572 545 3995 622">
    <p class='ocr_par' dir='ltr' id='par_1_2' title="bbox 572 545 3995 622">
     <span class='ocr_line' id='line_1_2' title="bbox 572 545 3995 622; baseline -0.001 -17"><span class='ocrx_word' id='word_1_11' title='bbox 572 550 613 606; x_wconf 94' lang='lat' dir='ltr'>ti</span> <span class='ocrx_word' id='word_1_12' title='bbox 660 549 793 622; x_wconf 67' lang='lat'>(94),</span> <span class='ocrx_word' id='word_1_13' title='bbox 844 547 1121 605; x_wconf 81' lang='lat' dir='ltr'>violentia</span> <span class='ocrx_word' id='word_1_14' title='bbox 1173 545 1587 618; x_wconf 76' lang='lat' dir='ltr'>suffragiorum</span> <span class='ocrx_word' id='word_1_15' title='bbox 1643 545 1702 601; x_wconf 91' lang='lat' dir='ltr'>in</span> <span class='ocrx_word' id='word_1_16' title='bbox 1761 562 1993 604; x_wconf 89' lang='lat' dir='ltr'>crucem</span> <span class='ocrx_word' id='word_1_17' title='bbox 2026 547 2070 584; x_wconf 72' lang='grc' dir='ltr'>ιθ</span> <span class='ocrx_word' id='word_1_18' title='bbox 2118 549 2221 603; x_wconf 88' lang='lat' dir='ltr'>de-</span> <span class='ocrx_word' id='word_1_19' title='bbox 2248 549 2305 617; x_wconf 82' lang='grc' dir='ltr'><strong>Α</strong></span> <span class='ocrx_word' id='word_1_20' title='bbox 2335 564 2623 606; x_wconf 83' lang='lat' dir='ltr'>concussa</span> <span class='ocrx_word' id='word_1_21' title='bbox 2676 554 2914 621; x_wconf 88' lang='lat' dir='ltr'>repente</span> <span class='ocrx_word' id='word_1_22' title='bbox 2977 552 3157 617; x_wconf 89' lang='lat' dir='ltr'>terra,</span> <span class='ocrx_word' id='word_1_23' title='bbox 3216 551 3274 604; x_wconf 88' lang='lat' dir='ltr'>et</span> <span class='ocrx_word' id='word_1_24' title='bbox 3329 547 3482 604; x_wconf 89' lang='lat' dir='ltr'>mole</span> <span class='ocrx_word' id='word_1_25' title='bbox 3539 545 3820 614; x_wconf 88' lang='lat' dir='ltr'>revoluta,</span> <span class='ocrx_word' id='word_1_26' title='bbox 3867 563 3995 618; x_wconf 69' lang='lat' dir='ltr'>qua:</span> 
     </span>
    </p>
   </div>
   <div class='ocr_carea' id='block_1_3' title="bbox 576 631 2229 708">
    <p class='ocr_par' dir='ltr' id='par_1_3' title="bbox 576 631 2229 708">
     <span class='ocr_line' id='line_1_3' title="bbox 576 631 2229 708; baseline 0.001 -16"><span class='ocrx_word' id='word_1_27' title='bbox 576 638 637 692; x_wconf 88' lang='lat' dir='ltr'>di</span> <span class='ocrx_word' id='word_1_28' title='bbox 705 638 816 694; x_wconf 88' lang='lat' dir='ltr'>sibi</span> <span class='ocrx_word' id='word_1_29' title='bbox 884 637 1252 692; x_wconf 83' lang='lat' dir='ltr'>extorserint.</span> <span class='ocrx_word' id='word_1_30' title='bbox 1322 631 1472 690; x_wconf 76' lang='lat'>401</span> <span class='ocrx_word' id='word_1_31' title='bbox 1545 636 1896 692; x_wconf 78' lang='lat' dir='ltr'>Praedixerat</span> <span class='ocrx_word' id='word_1_32' title='bbox 1971 641 2028 691; x_wconf 91' lang='lat' dir='ltr'>et</span> <span class='ocrx_word' id='word_1_33' title='bbox 2103 637 2229 708; x_wconf 90' lang='lat' dir='ltr'>ipse</span> 
     </span>
    </p>
   </div>
   <div class='ocr_carea' id='block_1_4' title="bbox 574 724 2224 798">
    <p class='ocr_par' dir='ltr' id='par_1_4' title="bbox 574 724 2224 798">
     <span class='ocr_line' id='line_1_4' title="bbox 574 724 2224 798; baseline 0 -17"><span class='ocrx_word' id='word_1_34' title='bbox 574 727 657 783; x_wconf 86' lang='lat' dir='ltr'>ita</span> <span class='ocrx_word' id='word_1_35' title='bbox 714 728 992 782; x_wconf 76' lang='lat' dir='ltr'>facturos.</span> <span class='ocrx_word' id='word_1_36' title='bbox 1037 729 1252 780; x_wconf 88' lang='lat' dir='ltr'>Parum</span> <span class='ocrx_word' id='word_1_37' title='bbox 1318 724 1451 796; x_wconf 89' lang='lat' dir='ltr'>hoc,</span> <span class='ocrx_word' id='word_1_38' title='bbox 1510 724 1557 780; x_wconf 88' lang='lat' dir='ltr'>si</span> <span class='ocrx_word' id='word_1_39' title='bbox 1627 741 1740 780; x_wconf 90' lang='lat' dir='ltr'>non</span> <span class='ocrx_word' id='word_1_40' title='bbox 1809 729 1866 780; x_wconf 92' lang='lat' dir='ltr'>et</span> <span class='ocrx_word' id='word_1_41' title='bbox 1931 725 2224 798; x_wconf 70' lang='lat' dir='ltr'>prephetai</span> 
     </span>
    </p>
   </div>
   <div class='ocr_carea' id='block_1_5' title="bbox 573 813 2230 885">
    <p class='ocr_par' dir='ltr' id='par_1_5' title="bbox 573 813 2230 885">
     <span class='ocr_line' id='line_1_5' title="bbox 573 813 2230 885; baseline 0 -15"><span class='ocrx_word' id='word_1_42' title='bbox 573 820 746 870; x_wconf 86' lang='lat' dir='ltr'>retro.</span> <span class='ocrx_word' id='word_1_43' title='bbox 807 815 877 869; x_wconf 92' lang='lat' dir='ltr'>Et</span> <span class='ocrx_word' id='word_1_44' title='bbox 928 817 1122 869; x_wconf 89' lang='lat' dir='ltr'>tamen</span> <span class='ocrx_word' id='word_1_45' title='bbox 1186 813 1436 868; x_wconf 79' lang='lat' dir='ltr'>sufﬁxus</span> <span class='ocrx_word' id='word_1_46' title='bbox 1505 813 1778 885; x_wconf 90' lang='lat' dir='ltr'>spiritum</span> <span class='ocrx_word' id='word_1_47' title='bbox 1805 814 1849 850; x_wconf 69' lang='lat'>‘9</span> <span class='ocrx_word' id='word_1_48' title='bbox 1907 829 2042 869; x_wconf 89' lang='lat' dir='ltr'>cum</span> <span class='ocrx_word' id='word_1_49' title='bbox 2101 831 2230 870; x_wconf 89' lang='lat' dir='ltr'>ver-</span> 
     </span>
    </p>
   </div>
   <div class='ocr_carea' id='block_1_6' title="bbox 570 903 2227 974">
    <p class='ocr_par' dir='ltr' id='par_1_6' title="bbox 570 903 2227 974">
     <span class='ocr_line' id='line_1_6' title="bbox 570 903 2227 974; baseline 0 -16"><span class='ocrx_word' id='word_1_50' title='bbox 570 904 644 958; x_wconf 92' lang='lat' dir='ltr'>bo</span> <span class='ocrx_word' id='word_1_51' title='bbox 721 907 930 974; x_wconf 84' lang='lat' dir='ltr'>sponte</span> <span class='ocrx_word' id='word_1_52' title='bbox 1020 903 1279 970; x_wconf 86' lang='lat' dir='ltr'>dimisit,</span> <span class='ocrx_word' id='word_1_53' title='bbox 1349 909 1636 974; x_wconf 73' lang='lat' dir='ltr'>prmvento</span> <span class='ocrx_word' id='word_1_54' title='bbox 1730 903 2022 958; x_wconf 84' lang='lat' dir='ltr'>carniﬁcis</span> <span class='ocrx_word' id='word_1_55' title='bbox 2100 903 2227 958; x_wconf 83' lang='lat' dir='ltr'>offi-</span> 
     </span>
    </p>
   </div>
   <div class='ocr_carea' id='block_1_7' title="bbox 570 991 2225 1064">
    <p class='ocr_par' dir='ltr' id='par_1_7' title="bbox 570 991 2225 1064">
     <span class='ocr_line' id='line_1_7' title="bbox 570 991 2225 1064; baseline -0.001 -17"><span class='ocrx_word' id='word_1_56' title='bbox 570 992 660 1047; x_wconf 91' lang='lat' dir='ltr'>cio</span> <span class='ocrx_word' id='word_1_57' title='bbox 714 991 848 1063; x_wconf 82' lang='lat'>(95).</span> <span class='ocrx_word' id='word_1_58' title='bbox 910 992 1125 1048; x_wconf 87' lang='lat' dir='ltr'>Eodem</span> <span class='ocrx_word' id='word_1_59' title='bbox 1183 995 1482 1047; x_wconf 89' lang='lat' dir='ltr'>momento</span> <span class='ocrx_word' id='word_1_60' title='bbox 1539 991 1683 1059; x_wconf 90' lang='lat' dir='ltr'>dies,</span> <span class='ocrx_word' id='word_1_61' title='bbox 1741 992 2066 1048; x_wconf 72' lang='lat' dir='ltr'>medium“o</span> <span class='ocrx_word' id='word_1_62' title='bbox 2112 992 2225 1064; x_wconf 88' lang='lat'>(96)</span> 
     </span>
    </p>
   </div>
   <div class='ocr_carea' id='block_1_8' title="bbox 569 1079 2227 1152">
    <p class='ocr_par' dir='ltr' id='par_1_8' title="bbox 569 1079 2227 1152">
     <span class='ocr_line' id='line_1_8' title="bbox 569 1079 2227 1152; baseline 0 -17"><span class='ocrx_word' id='word_1_63' title='bbox 569 1081 771 1135; x_wconf 91' lang='lat' dir='ltr'>orbem</span> <span class='ocrx_word' id='word_1_64' title='bbox 830 1080 1101 1152; x_wconf 84' lang='lat' dir='ltr'>signante</span> <span class='ocrx_word' id='word_1_65' title='bbox 1159 1079 1310 1149; x_wconf 91' lang='lat' dir='ltr'>sole,</span> <span class='ocrx_word' id='word_1_66' title='bbox 1370 1081 1661 1136; x_wconf 90' lang='lat' dir='ltr'>subducta</span> <span class='ocrx_word' id='word_1_67' title='bbox 1719 1086 1826 1136; x_wconf 90' lang='lat' dir='ltr'>est.</span> <span class='ocrx_word' id='word_1_68' title='bbox 1887 1081 2227 1152; x_wconf 85' lang='lat' dir='ltr'>Deliquium</span> 
     </span>
    </p>
   </div>
   <div class='ocr_carea' id='block_1_9' title="bbox 573 1169 2228 1242">
    <p class='ocr_par' dir='ltr' id='par_1_9' title="bbox 573 1169 2228 1242">
     <span class='ocr_line' id='line_1_9' title="bbox 573 1169 2228 1242; baseline 0.001 -19"><span class='ocrx_word' id='word_1_69' title='bbox 573 1169 774 1239; x_wconf 75' lang='lat' dir='ltr'>utique</span> <span class='ocrx_word' id='word_1_70' title='bbox 837 1172 1188 1241; x_wconf 87' lang='lat' dir='ltr'>putaverunt</span> <span class='ocrx_word' id='word_1_71' title='bbox 1251 1169 1386 1240; x_wconf 87' lang='lat'>(97),</span> <span class='ocrx_word' id='word_1_72' title='bbox 1461 1169 1561 1242; x_wconf 89' lang='lat' dir='ltr'>qui</span> <span class='ocrx_word' id='word_1_73' title='bbox 1630 1169 1686 1224; x_wconf 91' lang='lat' dir='ltr'>id</span> <span class='ocrx_word' id='word_1_74' title='bbox 1748 1185 1986 1242; x_wconf 92' lang='lat' dir='ltr'>quoque</span> <span class='ocrx_word' id='word_1_75' title='bbox 2051 1186 2228 1241; x_wconf 86' lang='lat' dir='ltr'>super</span> 
     </span>
    </p>
   </div>
   <div class='ocr_carea' id='block_1_10' title="bbox 567 1257 2225 1330">
    <p class='ocr_par' dir='ltr' id='par_1_10' title="bbox 567 1257 2225 1330">
     <span class='ocr_line' id='line_1_10' title="bbox 567 1257 2225 1330; baseline 0.001 -18"><span class='ocrx_word' id='word_1_76' title='bbox 567 1257 798 1313; x_wconf 90' lang='lat' dir='ltr'>Christo</span> <span class='ocrx_word' id='word_1_77' title='bbox 855 1258 1231 1330; x_wconf 80' lang='lat' dir='ltr'>praedicatum</span> <span class='ocrx_word' id='word_1_78' title='bbox 1287 1274 1400 1314; x_wconf 92' lang='lat' dir='ltr'>non</span> <span class='ocrx_word' id='word_1_79' title='bbox 1461 1258 1753 1327; x_wconf 87' lang='lat' dir='ltr'>scierunt;</span> <span class='ocrx_word' id='word_1_80' title='bbox 1805 1258 2051 1330; x_wconf 81' lang='lat' dir='ltr'>[ratione</span> <span class='ocrx_word' id='word_1_81' title='bbox 2110 1275 2225 1315; x_wconf 89' lang='lat' dir='ltr'>non</span> 
     </span>
    </p>
   </div>
   <div class='ocr_carea' id='block_1_11' title="bbox 565 1346 2225 1420">
    <p class='ocr_par' dir='ltr' id='par_1_11' title="bbox 565 1346 2225 1420">
     <span class='ocr_line' id='line_1_11' title="bbox 565 1346 2225 1420; baseline 0.001 -18"><span class='ocrx_word' id='word_1_82' title='bbox 565 1346 949 1419; x_wconf 89' lang='lat' dir='ltr'>deprehensa,</span> <span class='ocrx_word' id='word_1_83' title='bbox 991 1351 1353 1420; x_wconf 88' lang='lat' dir='ltr'>negaverunt</span> <span class='ocrx_word' id='word_1_84' title='bbox 1373 1348 1470 1417; x_wconf 74' lang='grc' dir='ltr'>Ι⁵¹];</span> <span class='ocrx_word' id='word_1_85' title='bbox 1523 1352 1579 1402; x_wconf 90' lang='lat' dir='ltr'>et</span> <span class='ocrx_word' id='word_1_86' title='bbox 1624 1352 1821 1403; x_wconf 89' lang='lat' dir='ltr'>tamen</span> <span class='ocrx_word' id='word_1_87' title='bbox 1871 1363 2005 1403; x_wconf 93' lang='lat' dir='ltr'>eum</span> <span class='ocrx_word' id='word_1_88' title='bbox 2053 1364 2225 1403; x_wconf 88' lang='lat' dir='ltr'>mun-</span> 
     </span>
    </p>
   </div>
   <div class='ocr_carea' id='block_1_12' title="bbox 567 1435 2219 1493">
    <p class='ocr_par' dir='ltr' id='par_1_12' title="bbox 567 1435 2219 1493">
     <span class='ocr_line' id='line_1_12' title="bbox 567 1435 2219 1493; baseline 0.001 -3"><span class='ocrx_word' id='word_1_89' title='bbox 567 1436 628 1490; x_wconf 90' lang='lat' dir='ltr'>di</span> <span class='ocrx_word' id='word_1_90' title='bbox 685 1452 887 1492; x_wconf 92' lang='lat' dir='ltr'>casum</span> <span class='ocrx_word' id='word_1_91' title='bbox 955 1436 1143 1491; x_wconf 87' lang='lat' dir='ltr'>relatu</span> <span class='ocrx_word' id='word_1_92' title='bbox 1210 1435 1271 1490; x_wconf 90' lang='lat' dir='ltr'>in</span> <span class='ocrx_word' id='word_1_93' title='bbox 1340 1436 1641 1492; x_wconf 73' lang='lat' dir='ltr'>arcanis&quot;</span> <span class='ocrx_word' id='word_1_94' title='bbox 1705 1436 1916 1492; x_wconf 87' lang='lat' dir='ltr'>vestris</span> <span class='ocrx_word' id='word_1_95' title='bbox 1973 1436 2219 1493; x_wconf 83' lang='lat' dir='ltr'>habetis.</span> 
     </span>
    </p>
   </div>
   <div class='ocr_carea' id='block_1_13' title="bbox 566 1524 2224 1595">
    <p class='ocr_par' dir='ltr' id='par_1_13' title="bbox 566 1524 2224 1595">
     <span class='ocr_line' id='line_1_13' title="bbox 566 1524 2224 1595; baseline 0.001 -16"><span class='ocrx_word' id='word_1_96' title='bbox 566 1525 729 1580; x_wconf 88' lang='lat' dir='ltr'>Tunc</span> <span class='ocrx_word' id='word_1_97' title='bbox 758 1524 944 1580; x_wconf 74' lang='lat' dir='ltr'>Judtsi</span> <span class='ocrx_word' id='word_1_98' title='bbox 997 1527 1319 1580; x_wconf 90' lang='lat' dir='ltr'>detractum</span> <span class='ocrx_word' id='word_1_99' title='bbox 1351 1529 1409 1580; x_wconf 91' lang='lat' dir='ltr'>et</span> <span class='ocrx_word' id='word_1_100' title='bbox 1440 1524 1706 1595; x_wconf 88' lang='lat' dir='ltr'>sepulcro</span> <span class='ocrx_word' id='word_1_101' title='bbox 1740 1524 2042 1580; x_wconf 91' lang='lat' dir='ltr'>conditum</span> <span class='ocrx_word' id='word_1_102' title='bbox 2095 1541 2224 1580; x_wconf 88' lang='lat' dir='ltr'>ma-</span> 
     </span>
    </p>
   </div>
   <div class='ocr_carea' id='block_1_14' title="bbox 565 1611 2220 1685">
    <p class='ocr_par' dir='ltr' id='par_1_14' title="bbox 565 1611 2220 1685">
     <span class='ocr_line' id='line_1_14' title="bbox 565 1611 2220 1685; baseline 0 -17"><span class='ocrx_word' id='word_1_103' title='bbox 565 1629 682 1685; x_wconf 90' lang='lat' dir='ltr'>gna</span> <span class='ocrx_word' id='word_1_104' title='bbox 711 1613 889 1668; x_wconf 89' lang='lat' dir='ltr'>etiam</span> <span class='ocrx_word' id='word_1_105' title='bbox 942 1611 1215 1668; x_wconf 88' lang='lat' dir='ltr'>militaris</span> <span class='ocrx_word' id='word_1_106' title='bbox 1248 1613 1524 1669; x_wconf 65' lang='lat' dir='ltr'>custodia:</span> <span class='ocrx_word' id='word_1_107' title='bbox 1550 1613 1593 1647; x_wconf 79' lang='grc'>⁵³</span> <span class='ocrx_word' id='word_1_108' title='bbox 1624 1612 1927 1684; x_wconf 84' lang='lat' dir='ltr'>diligentia</span> <span class='ocrx_word' id='word_1_109' title='bbox 1971 1613 2220 1669; x_wconf 89' lang='lat' dir='ltr'>circum-</span> 
     </span>
    </p>
   </div>
   <div class='ocr_carea' id='block_1_15' title="bbox 565 1700 2219 1772">
    <p class='ocr_par' dir='ltr' id='par_1_15' title="bbox 565 1700 2219 1772">
     <span class='ocr_line' id='line_1_15' title="bbox 565 1700 2219 1772; baseline 0.001 -16"><span class='ocrx_word' id='word_1_110' title='bbox 565 1702 845 1756; x_wconf 89' lang='lat' dir='ltr'>sederunt</span> <span class='ocrx_word' id='word_1_111' title='bbox 864 1701 931 1772; x_wconf 76' lang='lat'>“,</span> <span class='ocrx_word' id='word_1_112' title='bbox 965 1716 1057 1770; x_wconf 91' lang='lat' dir='ltr'>ne,</span> <span class='ocrx_word' id='word_1_113' title='bbox 1092 1701 1231 1772; x_wconf 91' lang='lat' dir='ltr'>quia</span> <span class='ocrx_word' id='word_1_114' title='bbox 1273 1700 1617 1772; x_wconf 60' lang='lat' dir='ltr'>praedixerat</span> <span class='ocrx_word' id='word_1_115' title='bbox 1665 1701 1840 1757; x_wconf 89' lang='lat' dir='ltr'>tertia</span> <span class='ocrx_word' id='word_1_116' title='bbox 1885 1702 1977 1756; x_wconf 88' lang='lat' dir='ltr'>die</span> <span class='ocrx_word' id='word_1_117' title='bbox 2029 1718 2219 1757; x_wconf 88' lang='lat' dir='ltr'>resur-</span> 
     </span>
    </p>
   </div>
   <div class='ocr_carea' id='block_1_16' title="bbox 563 1788 2220 1860">
    <p class='ocr_par' dir='ltr' id='par_1_16' title="bbox 563 1788 2220 1860">
     <span class='ocr_line' id='line_1_16' title="bbox 563 1788 2220 1860; baseline 0 -16"><span class='ocrx_word' id='word_1_118' title='bbox 563 1793 861 1845; x_wconf 88' lang='lat' dir='ltr'>recturum</span> <span class='ocrx_word' id='word_1_119' title='bbox 929 1805 990 1846; x_wconf 89' lang='lat' dir='ltr'>se</span> <span class='ocrx_word' id='word_1_120' title='bbox 1045 1806 1079 1845; x_wconf 92' lang='lat' dir='ltr'>a</span> <span class='ocrx_word' id='word_1_121' title='bbox 1137 1793 1359 1860; x_wconf 89' lang='lat' dir='ltr'>morte,</span> <span class='ocrx_word' id='word_1_122' title='bbox 1424 1788 1702 1860; x_wconf 90' lang='lat' dir='ltr'>discipuli</span> <span class='ocrx_word' id='word_1_123' title='bbox 1772 1790 1924 1846; x_wconf 85' lang='lat' dir='ltr'>furto</span> <span class='ocrx_word' id='word_1_124' title='bbox 1993 1790 2220 1846; x_wconf 84' lang='lat' dir='ltr'>amoliti</span> 
     </span>
    </p>
   </div>
   <div class='ocr_carea' id='block_1_17' title="bbox 563 1877 2220 1951">
    <p class='ocr_par' dir='ltr' id='par_1_17' title="bbox 563 1877 2220 1951">
     <span class='ocr_line' id='line_1_17' title="bbox 563 1877 2220 1951; baseline 0.001 -19"><span class='ocrx_word' id='word_1_125' title='bbox 563 1878 806 1934; x_wconf 85' lang='lat' dir='ltr'>cadaver</span> <span class='ocrx_word' id='word_1_126' title='bbox 852 1877 1124 1934; x_wconf 87' lang='lat' dir='ltr'>fallerent</span> <span class='ocrx_word' id='word_1_127' title='bbox 1170 1881 1498 1951; x_wconf 88' lang='lat' dir='ltr'>suspectos.</span> <span class='ocrx_word' id='word_1_128' title='bbox 1547 1879 1792 1935; x_wconf 87' lang='lat' dir='ltr'>Sedecce</span> <span class='ocrx_word' id='word_1_129' title='bbox 1840 1878 1933 1934; x_wconf 90' lang='lat' dir='ltr'>die</span> <span class='ocrx_word' id='word_1_130' title='bbox 1983 1879 2156 1934; x_wconf 89' lang='lat' dir='ltr'>tertia</span> <span class='ocrx_word' id='word_1_131' title='bbox 2176 1879 2220 1914; x_wconf 73' lang='grc'>⁵⁸</span> 
     </span>
    </p>
   </div>
   <div class='ocr_carea' id='block_1_18' title="bbox 2339 636 3996 710">
    <p class='ocr_par' dir='ltr' id='par_1_18' title="bbox 2339 636 3996 710">
     <span class='ocr_line' id='line_1_18' title="bbox 2339 636 3996 710; baseline -0.001 -18"><span class='ocrx_word' id='word_1_132' title='bbox 2339 640 2706 694; x_wconf 89' lang='lat' dir='ltr'>obstruxerat</span> <span class='ocrx_word' id='word_1_133' title='bbox 2751 639 2905 695; x_wconf 71' lang='lat'><strong>402</strong></span> <span class='ocrx_word' id='word_1_134' title='bbox 2963 637 3325 710; x_wconf 87' lang='lat' dir='ltr'>sepulcrum,</span> <span class='ocrx_word' id='word_1_135' title='bbox 3360 641 3417 692; x_wconf 90' lang='lat' dir='ltr'>et</span> <span class='ocrx_word' id='word_1_136' title='bbox 3469 636 3737 692; x_wconf 90' lang='lat' dir='ltr'>custodia</span> <span class='ocrx_word' id='word_1_137' title='bbox 3783 650 3996 707; x_wconf 84' lang='lat' dir='ltr'>pavore</span> 
     </span>
    </p>
   </div>
   <div class='ocr_carea' id='block_1_19' title="bbox 2337 723 3991 800">
    <p class='ocr_par' dir='ltr' id='par_1_19' title="bbox 2337 723 3991 800">
     <span class='ocr_line' id='line_1_19' title="bbox 2337 723 3991 800; baseline -0.001 -19"><span class='ocrx_word' id='word_1_138' title='bbox 2337 727 2600 798; x_wconf 86' lang='lat' dir='ltr'>disjecta,</span> <span class='ocrx_word' id='word_1_139' title='bbox 2661 727 2840 783; x_wconf 89' lang='lat' dir='ltr'>nullis</span> <span class='ocrx_word' id='word_1_140' title='bbox 2887 727 3307 800; x_wconf 87' lang='lat' dir='ltr'>apparentibus</span> <span class='ocrx_word' id='word_1_141' title='bbox 3353 725 3686 798; x_wconf 85' lang='lat' dir='ltr'>discipulis,</span> <span class='ocrx_word' id='word_1_142' title='bbox 3743 723 3890 778; x_wconf 86' lang='lat' dir='ltr'>nihil</span> <span class='ocrx_word' id='word_1_143' title='bbox 3930 723 3991 779; x_wconf 90' lang='lat' dir='ltr'>in</span> 
     </span>
    </p>
   </div>
   <div class='ocr_carea' id='block_1_20' title="bbox 2337 812 3992 886">
    <p class='ocr_par' dir='ltr' id='par_1_20' title="bbox 2337 812 3992 886">
     <span class='ocr_line' id='line_1_20' title="bbox 2337 812 3992 886; baseline -0.001 -16"><span class='ocrx_word' id='word_1_144' title='bbox 2337 815 2603 885; x_wconf 90' lang='lat' dir='ltr'>sepulcro</span> <span class='ocrx_word' id='word_1_145' title='bbox 2652 821 2948 886; x_wconf 87' lang='lat' dir='ltr'>repertum</span> <span class='ocrx_word' id='word_1_146' title='bbox 3007 821 3130 885; x_wconf 89' lang='lat' dir='ltr'>est,</span> <span class='ocrx_word' id='word_1_147' title='bbox 3193 819 3581 886; x_wconf 62' lang='lat' dir='ltr'>praeterquam</span> <span class='ocrx_word' id='word_1_148' title='bbox 3631 812 3847 868; x_wconf 66' lang='lat' dir='ltr'>exuviis</span> <span class='ocrx_word' id='word_1_149' title='bbox 3899 827 3992 868; x_wconf 88' lang='lat' dir='ltr'>se-</span> 
     </span>
    </p>
   </div>
   <div class='ocr_carea' id='block_1_21' title="bbox 2336 901 3989 975">
    <p class='ocr_par' dir='ltr' id='par_1_21' title="bbox 2336 901 3989 975">
     <span class='ocr_line' id='line_1_21' title="bbox 2336 901 3989 975; baseline -0.002 -17"><span class='ocrx_word' id='word_1_150' title='bbox 2336 903 2566 975; x_wconf 69' lang='lat' dir='ltr'>pulti“.</span> <span class='ocrx_word' id='word_1_151' title='bbox 2601 903 2999 959; x_wconf 86' lang='lat' dir='ltr'>Nihilominus</span> <span class='ocrx_word' id='word_1_152' title='bbox 3031 907 3226 958; x_wconf 90' lang='lat' dir='ltr'>tamen</span> <span class='ocrx_word' id='word_1_153' title='bbox 3273 903 3580 975; x_wconf 89' lang='lat' dir='ltr'>primores,</span> <span class='ocrx_word' id='word_1_154' title='bbox 3617 917 3866 973; x_wconf 91' lang='lat' dir='ltr'>quorum</span> <span class='ocrx_word' id='word_1_155' title='bbox 3899 901 3989 956; x_wconf 91' lang='lat' dir='ltr'>in-</span> 
     </span>
    </p>
   </div>
   <div class='ocr_carea' id='block_1_22' title="bbox 2335 988 3993 1065">
    <p class='ocr_par' dir='ltr' id='par_1_22' title="bbox 2335 988 3993 1065">
     <span class='ocr_line' id='line_1_22' title="bbox 2335 988 3993 1065; baseline -0.001 -19"><span class='ocrx_word' id='word_1_156' title='bbox 2335 994 2536 1064; x_wconf 86' lang='lat' dir='ltr'>tereat,</span> <span class='ocrx_word' id='word_1_157' title='bbox 2568 995 2624 1048; x_wconf 89' lang='lat' dir='ltr'>et</span> <span class='ocrx_word' id='word_1_158' title='bbox 2655 992 2842 1049; x_wconf 84' lang='lat' dir='ltr'>scelus</span> <span class='ocrx_word' id='word_1_159' title='bbox 2875 991 3199 1065; x_wconf 86' lang='lat' dir='ltr'>divulgare,</span> <span class='ocrx_word' id='word_1_160' title='bbox 3231 996 3290 1048; x_wconf 89' lang='lat' dir='ltr'>et</span> <span class='ocrx_word' id='word_1_161' title='bbox 3328 989 3612 1064; x_wconf 90' lang='lat' dir='ltr'>populum</span> <span class='ocrx_word' id='word_1_162' title='bbox 3644 988 3993 1062; x_wconf 87' lang='lat' dir='ltr'>vectigalem</span> 
     </span>
    </p>
   </div>
   <div class='ocr_carea' id='block_1_23' title="bbox 2335 1079 3995 1150">
    <p class='ocr_par' dir='ltr' id='par_1_23' title="bbox 2335 1079 3995 1150">
     <span class='ocr_line' id='line_1_23' title="bbox 2335 1079 3995 1150; baseline 0.001 -15"><span class='ocrx_word' id='word_1_163' title='bbox 2335 1086 2393 1136; x_wconf 91' lang='lat' dir='ltr'>et</span> <span class='ocrx_word' id='word_1_164' title='bbox 2430 1081 2777 1136; x_wconf 85' lang='lat' dir='ltr'>famularem</span> <span class='ocrx_word' id='word_1_165' title='bbox 2831 1081 2943 1137; x_wconf 90' lang='lat' dir='ltr'>sibi</span> <span class='ocrx_word' id='word_1_166' title='bbox 2975 1098 3008 1136; x_wconf 90' lang='lat' dir='ltr'>a</span> <span class='ocrx_word' id='word_1_167' title='bbox 3041 1082 3148 1135; x_wconf 77' lang='lat' dir='ltr'>(ide</span> <span class='ocrx_word' id='word_1_168' title='bbox 3170 1082 3212 1115; x_wconf 79' lang='grc'>⁵⁷</span> <span class='ocrx_word' id='word_1_169' title='bbox 3243 1097 3534 1150; x_wconf 89' lang='lat' dir='ltr'>revocare,</span> <span class='ocrx_word' id='word_1_170' title='bbox 3583 1079 3927 1150; x_wconf 89' lang='lat' dir='ltr'>subreptum</span> <span class='ocrx_word' id='word_1_171' title='bbox 3959 1095 3995 1136; x_wconf 77' lang='grc' dir='ltr'><strong>θ.</strong></span> 
     </span>
    </p>
   </div>
   <div class='ocr_carea' id='block_1_24' title="bbox 2336 1166 3992 1241">
    <p class='ocr_par' dir='ltr' id='par_1_24' title="bbox 2336 1166 3992 1241">
     <span class='ocr_line' id='line_1_24' title="bbox 2336 1166 3992 1241; baseline 0 -17"><span class='ocrx_word' id='word_1_172' title='bbox 2336 1169 2638 1240; x_wconf 90' lang='lat' dir='ltr'>discipulis</span> <span class='ocrx_word' id='word_1_173' title='bbox 2661 1170 3103 1241; x_wconf 87' lang='lat' dir='ltr'>jactitaverunt.</span> <span class='ocrx_word' id='word_1_174' title='bbox 3133 1169 3274 1224; x_wconf 90' lang='lat' dir='ltr'>Nam</span> <span class='ocrx_word' id='word_1_175' title='bbox 3323 1184 3429 1224; x_wconf 90' lang='lat' dir='ltr'>nec</span> <span class='ocrx_word' id='word_1_176' title='bbox 3460 1167 3559 1223; x_wconf 91' lang='lat' dir='ltr'>ille</span> <span class='ocrx_word' id='word_1_177' title='bbox 3591 1183 3654 1223; x_wconf 90' lang='lat' dir='ltr'>se</span> <span class='ocrx_word' id='word_1_178' title='bbox 3685 1167 3744 1222; x_wconf 92' lang='lat' dir='ltr'>in</span> <span class='ocrx_word' id='word_1_179' title='bbox 3773 1166 3992 1240; x_wconf 86' lang='lat' dir='ltr'>vulgus</span> 
     </span>
    </p>
   </div>
   <div class='ocr_carea' id='block_1_25' title="bbox 2333 1255 3990 1330">
    <p class='ocr_par' dir='ltr' id='par_1_25' title="bbox 2333 1255 3990 1330">
     <span class='ocr_line' id='line_1_25' title="bbox 2333 1255 3990 1330; baseline 0 -18"><span class='ocrx_word' id='word_1_180' title='bbox 2333 1259 2553 1325; x_wconf 86' lang='lat' dir='ltr'>eduxit,</span> <span class='ocrx_word' id='word_1_181' title='bbox 2586 1275 2657 1313; x_wconf 91' lang='lat' dir='ltr'>ne</span> <span class='ocrx_word' id='word_1_182' title='bbox 2704 1257 2873 1330; x_wconf 91' lang='lat' dir='ltr'>impii</span> <span class='ocrx_word' id='word_1_183' title='bbox 2921 1274 3115 1314; x_wconf 91' lang='lat' dir='ltr'>errore</span> <span class='ocrx_word' id='word_1_184' title='bbox 3154 1257 3564 1324; x_wconf 88' lang='lat' dir='ltr'>liberarentur,</span> <span class='ocrx_word' id='word_1_185' title='bbox 3598 1259 3665 1311; x_wconf 90' lang='lat' dir='ltr'>ut</span> <span class='ocrx_word' id='word_1_186' title='bbox 3710 1259 3768 1312; x_wconf 93' lang='lat' dir='ltr'>et</span> <span class='ocrx_word' id='word_1_187' title='bbox 3817 1255 3990 1324; x_wconf 77' lang='lat' dir='ltr'>ﬁdes,</span> 
     </span>
    </p>
   </div>
   <div class='ocr_carea' id='block_1_26' title="bbox 2333 1343 3990 1418">
    <p class='ocr_par' dir='ltr' id='par_1_26' title="bbox 2333 1343 3990 1418">
     <span class='ocr_line' id='line_1_26' title="bbox 2333 1343 3990 1418; baseline -0.002 -16"><span class='ocrx_word' id='word_1_188' title='bbox 2333 1365 2449 1402; x_wconf 91' lang='lat' dir='ltr'>non</span> <span class='ocrx_word' id='word_1_189' title='bbox 2508 1346 2784 1402; x_wconf 89' lang='lat' dir='ltr'>mediocri</span> <span class='ocrx_word' id='word_1_190' title='bbox 2837 1347 3074 1418; x_wconf 66' lang='lat' dir='ltr'>praemio</span> <span class='ocrx_word' id='word_1_191' title='bbox 3128 1346 3445 1416; x_wconf 89' lang='lat' dir='ltr'>destinata,</span> <span class='ocrx_word' id='word_1_192' title='bbox 3477 1343 3802 1400; x_wconf 83' lang='lat' dir='ltr'>diﬁcultate</span> <span class='ocrx_word' id='word_1_193' title='bbox 3849 1360 3990 1400; x_wconf 87' lang='lat' dir='ltr'>con-</span> 
     </span>
    </p>
   </div>
   <div class='ocr_carea' id='block_1_27' title="bbox 2333 1433 3986 1507">
    <p class='ocr_par' dir='ltr' id='par_1_27' title="bbox 2333 1433 3986 1507">
     <span class='ocr_line' id='line_1_27' title="bbox 2333 1433 3986 1507; baseline -0.002 -16"><span class='ocrx_word' id='word_1_194' title='bbox 2333 1439 2534 1491; x_wconf 88' lang='lat' dir='ltr'>staret.</span> <span class='ocrx_word' id='word_1_195' title='bbox 2584 1436 2728 1491; x_wconf 90' lang='lat' dir='ltr'>Cum</span> <span class='ocrx_word' id='word_1_196' title='bbox 2789 1433 3096 1507; x_wconf 87' lang='lat' dir='ltr'>discipulis</span> <span class='ocrx_word' id='word_1_197' title='bbox 3156 1438 3355 1490; x_wconf 90' lang='lat' dir='ltr'>autem</span> <span class='ocrx_word' id='word_1_198' title='bbox 3414 1433 3768 1504; x_wconf 90' lang='lat' dir='ltr'>quibusdam</span> <span class='ocrx_word' id='word_1_199' title='bbox 3828 1433 3986 1505; x_wconf 90' lang='lat' dir='ltr'>apud</span> 
     </span>
    </p>
   </div>
   <div class='ocr_carea' id='block_1_28' title="bbox 2331 1521 3986 1596">
    <p class='ocr_par' dir='ltr' id='par_1_28' title="bbox 2331 1521 3986 1596">
     <span class='ocr_line' id='line_1_28' title="bbox 2331 1521 3986 1596; baseline -0.001 -16"><span class='ocrx_word' id='word_1_200' title='bbox 2331 1523 2627 1580; x_wconf 80' lang='lat' dir='ltr'>Galilaeam</span> <span class='ocrx_word' id='word_1_201' title='bbox 2683 1523 2895 1580; x_wconf 71' lang='lat' dir='ltr'>Judaaae</span> <span class='ocrx_word' id='word_1_202' title='bbox 2953 1522 3252 1596; x_wconf 89' lang='lat' dir='ltr'>regionem</span> <span class='ocrx_word' id='word_1_203' title='bbox 3301 1522 3374 1577; x_wconf 92' lang='lat' dir='ltr'>ad</span> <span class='ocrx_word' id='word_1_204' title='bbox 3422 1521 3815 1595; x_wconf 89' lang='lat' dir='ltr'>quadraginta</span> <span class='ocrx_word' id='word_1_205' title='bbox 3857 1522 3986 1578; x_wconf 87' lang='lat' dir='ltr'>dies</span> 
     </span>
    </p>
   </div>
   <div class='ocr_carea' id='block_1_29' title="bbox 2329 1610 3986 1682">
    <p class='ocr_par' dir='ltr' id='par_1_29' title="bbox 2329 1610 3986 1682">
     <span class='ocr_line' id='line_1_29' title="bbox 2329 1610 3986 1682; baseline -0.001 -13"><span class='ocrx_word' id='word_1_206' title='bbox 2329 1614 2463 1682; x_wconf 73' lang='lat' dir='ltr'>egit,</span> <span class='ocrx_word' id='word_1_207' title='bbox 2511 1614 2727 1668; x_wconf 90' lang='lat' dir='ltr'>docens</span> <span class='ocrx_word' id='word_1_208' title='bbox 2775 1628 2873 1668; x_wconf 90' lang='lat' dir='ltr'>eos</span> <span class='ocrx_word' id='word_1_209' title='bbox 2921 1628 3052 1682; x_wconf 86' lang='lat' dir='ltr'>quae</span> <span class='ocrx_word' id='word_1_210' title='bbox 3099 1613 3395 1668; x_wconf 88' lang='lat' dir='ltr'>docerent.</span> <span class='ocrx_word' id='word_1_211' title='bbox 3427 1610 3652 1667; x_wconf 88' lang='lat' dir='ltr'>Dehinc</span> <span class='ocrx_word' id='word_1_212' title='bbox 3697 1610 3986 1668; x_wconf 90' lang='lat' dir='ltr'>ordinatis</span> 
     </span>
    </p>
   </div>
   <div class='ocr_carea' id='block_1_30' title="bbox 2329 1693 3985 1772">
    <p class='ocr_par' dir='ltr' id='par_1_30' title="bbox 2329 1693 3985 1772">
     <span class='ocr_line' id='line_1_30' title="bbox 2329 1693 3985 1772; baseline 0 -15"><span class='ocrx_word' id='word_1_213' title='bbox 2329 1702 2412 1757; x_wconf 90' lang='lat' dir='ltr'>eis</span> <span class='ocrx_word' id='word_1_214' title='bbox 2443 1701 2514 1757; x_wconf 87' lang='lat' dir='ltr'>ad</span> <span class='ocrx_word' id='word_1_215' title='bbox 2547 1700 2804 1757; x_wconf 76' lang='lat' dir='ltr'>ofﬁcium</span> <span class='ocrx_word' id='word_1_216' title='bbox 2840 1693 3198 1772; x_wconf 68' lang='lat' dir='ltr'>praedicandi</span> <span class='ocrx_word' id='word_1_217' title='bbox 3235 1716 3337 1771; x_wconf 90' lang='lat' dir='ltr'>per</span> <span class='ocrx_word' id='word_1_218' title='bbox 3367 1699 3591 1771; x_wconf 90' lang='lat' dir='ltr'>orbem,</span> <span class='ocrx_word' id='word_1_219' title='bbox 3625 1699 3985 1757; x_wconf 85' lang='lat' dir='ltr'>circumfusa</span> 
     </span>
    </p>
   </div>
   <div class='ocr_carea' id='block_1_31' title="bbox 2328 1787 3980 1860">
    <p class='ocr_par' dir='ltr' id='par_1_31' title="bbox 2328 1787 3980 1860">
     <span class='ocr_line' id='line_1_31' title="bbox 2328 1787 3980 1860; baseline -0.001 -15"><span class='ocrx_word' id='word_1_220' title='bbox 2328 1791 2484 1846; x_wconf 91' lang='lat' dir='ltr'>nube</span> <span class='ocrx_word' id='word_1_221' title='bbox 2525 1789 2585 1844; x_wconf 90' lang='lat' dir='ltr'>in</span> <span class='ocrx_word' id='word_1_222' title='bbox 2632 1789 2842 1845; x_wconf 69' lang='lat' dir='ltr'>coelum</span> <span class='ocrx_word' id='word_1_223' title='bbox 2894 1793 2984 1845; x_wconf 89' lang='lat' dir='ltr'>est</span> <span class='ocrx_word' id='word_1_224' title='bbox 3029 1793 3264 1860; x_wconf 86' lang='lat' dir='ltr'>ereptus</span> <span class='ocrx_word' id='word_1_225' title='bbox 3285 1789 3328 1824; x_wconf 79' lang='grc'>⁵⁸</span> <span class='ocrx_word' id='word_1_226' title='bbox 3359 1787 3545 1844; x_wconf 90' lang='lat' dir='ltr'>multo</span> <span class='ocrx_word' id='word_1_227' title='bbox 3575 1787 3771 1844; x_wconf 91' lang='lat' dir='ltr'>verius</span> <span class='ocrx_word' id='word_1_228' title='bbox 3802 1803 3980 1860; x_wconf 90' lang='lat' dir='ltr'>quam</span> 
     </span>
    </p>
   </div>
   <div class='ocr_carea' id='block_1_32' title="bbox 2328 1875 3981 1951">
    <p class='ocr_par' dir='ltr' id='par_1_32' title="bbox 2328 1875 3981 1951">
     <span class='ocr_line' id='line_1_32' title="bbox 2328 1875 3981 1951; baseline -0.002 -16"><span class='ocrx_word' id='word_1_229' title='bbox 2328 1879 2484 1951; x_wconf 88' lang='lat' dir='ltr'>apud</span> <span class='ocrx_word' id='word_1_230' title='bbox 2539 1895 2639 1934; x_wconf 90' lang='lat' dir='ltr'>vos</span> <span class='ocrx_word' id='word_1_231' title='bbox 2695 1893 3027 1934; x_wconf 89' lang='lat' dir='ltr'>asseverare</span> <span class='ocrx_word' id='word_1_232' title='bbox 3083 1877 3155 1934; x_wconf 91' lang='lat' dir='ltr'>de</span> <span class='ocrx_word' id='word_1_233' title='bbox 3215 1876 3464 1933; x_wconf 83' lang='lat' dir='ltr'>Romulo</span> <span class='ocrx_word' id='word_1_234' title='bbox 3485 1877 3529 1912; x_wconf 69' lang='lat'>‘9</span> <span class='ocrx_word' id='word_1_235' title='bbox 3588 1875 3817 1933; x_wconf 87' lang='lat' dir='ltr'>Proculi</span> <span class='ocrx_word' id='word_1_236' title='bbox 3867 1876 3981 1950; x_wconf 91' lang='lat'>(98)</span> 
     </span>
    </p>
   </div>
   <div class='ocr_carea' id='block_1_33' title="bbox 2018 2002 2553 2066">
    <p class='ocr_par' dir='ltr' id='par_1_33' title="bbox 2018 2002 2553 2066">
     <span class='ocr_line' id='line_1_33' title="bbox 2018 2002 2553 2066; baseline -0.006 0"><span class='ocrx_word' id='word_1_237' title='bbox 2018 2002 2224 2066; x_wconf 73' lang='lat' dir='ltr'>Variae</span> <span class='ocrx_word' id='word_1_238' title='bbox 2252 2002 2553 2065; x_wconf 85' lang='lat' dir='ltr'>lectiones</span> 
     </span>
    </p>
   </div>
   <div class='ocr_carea' id='block_1_34' title="bbox 631 2115 3970 2190">
    <p class='ocr_par' dir='ltr' id='par_1_34' title="bbox 631 2115 3970 2190">
     <span class='ocr_line' id='line_1_34' title="bbox 631 2115 3970 2190; baseline -0 -18"><span class='ocrx_word' id='word_1_239' title='bbox 631 2117 676 2152; x_wconf 78' lang='grc'><strong>⁴⁸</strong></span> <span class='ocrx_word' id='word_1_240' title='bbox 709 2117 794 2172; x_wconf 87' lang='lat' dir='ltr'>Ita</span> <span class='ocrx_word' id='word_1_241' title='bbox 819 2117 938 2190; x_wconf 71' lang='lat' dir='ltr'>cod.</span> <span class='ocrx_word' id='word_1_242' title='bbox 965 2116 1153 2182; x_wconf 85' lang='lat' dir='ltr'>Fuld.;</span> <span class='ocrx_word' id='word_1_243' title='bbox 1179 2117 1287 2190; x_wconf 88' lang='lat' dir='ltr'>alii</span> <span class='ocrx_word' id='word_1_244' title='bbox 1315 2135 1333 2174; x_wconf 94' lang='lat'><strong><em>:</em></strong></span> <span class='ocrx_word' id='word_1_245' title='bbox 1364 2117 1424 2171; x_wconf 91' lang='lat' dir='ltr'>in</span> <span class='ocrx_word' id='word_1_246' title='bbox 1473 2133 1554 2172; x_wconf 93' lang='lat' dir='ltr'>cr.</span> <span class='ocrx_word' id='word_1_247' title='bbox 1585 2117 1788 2190; x_wconf 79' lang='lat' dir='ltr'>Jesum</span> <span class='ocrx_word' id='word_1_248' title='bbox 1835 2116 1991 2190; x_wconf 85' lang='lat' dir='ltr'>dedi.</span> <span class='ocrx_word' id='word_1_249' title='bbox 2068 2118 2112 2152; x_wconf 71' lang='lat'><strong>‘9</strong></span> <span class='ocrx_word' id='word_1_250' title='bbox 2140 2117 2440 2190; x_wconf 79' lang='lat' dir='ltr'>Edd.ante</span> <span class='ocrx_word' id='word_1_251' title='bbox 2477 2118 2801 2190; x_wconf 14' lang='lat' dir='ltr'>,Rigaltium</span> <span class='ocrx_word' id='word_1_252' title='bbox 2855 2125 2908 2172; x_wconf 83' lang='lat' dir='ltr'>et</span> <span class='ocrx_word' id='word_1_253' title='bbox 2937 2121 3108 2190; x_wconf 76' lang='lat' dir='ltr'>_Hav.</span> <span class='ocrx_word' id='word_1_254' title='bbox 3137 2134 3154 2170; x_wconf 91' lang='lat'><strong><em>:</em></strong></span> <span class='ocrx_word' id='word_1_255' title='bbox 3199 2116 3496 2190; x_wconf 65' lang='lat' dir='ltr'>prophetis</span> <span class='ocrx_word' id='word_1_256' title='bbox 3556 2118 3711 2190; x_wconf 84' lang='lat' dir='ltr'>retro</span> <span class='ocrx_word' id='word_1_257' title='bbox 3766 2115 3970 2190; x_wconf 74' lang='lat' dir='ltr'>etiam.</span> 
     </span>
    </p>
   </div>
   <div class='ocr_carea' id='block_1_35' title="bbox 561 2187 3970 2260">
    <p class='ocr_par' dir='ltr' id='par_1_35' title="bbox 561 2187 3970 2260">
     <span class='ocr_line' id='line_1_35' title="bbox 561 2187 3970 2260; baseline -0 -17"><span class='ocrx_word' id='word_1_258' title='bbox 561 2188 780 2244; x_wconf 83' lang='lat' dir='ltr'>Tamen</span> <span class='ocrx_word' id='word_1_259' title='bbox 813 2188 1062 2260; x_wconf 75' lang='lat' dir='ltr'>suffixus</span> <span class='ocrx_word' id='word_1_260' title='bbox 1095 2188 1280 2243; x_wconf 91' lang='lat' dir='ltr'>multa</span> <span class='ocrx_word' id='word_1_261' title='bbox 1319 2190 1525 2244; x_wconf 90' lang='lat' dir='ltr'>mortis</span> <span class='ocrx_word' id='word_1_262' title='bbox 1575 2188 1734 2243; x_wconf 91' lang='lat' dir='ltr'>illius</span> <span class='ocrx_word' id='word_1_263' title='bbox 1784 2189 2019 2260; x_wconf 90' lang='lat' dir='ltr'>propria</span> <span class='ocrx_word' id='word_1_264' title='bbox 2070 2189 2330 2244; x_wconf 89' lang='lat' dir='ltr'>ostendit</span> <span class='ocrx_word' id='word_1_265' title='bbox 2378 2189 2650 2260; x_wconf 88' lang='lat' dir='ltr'>insignia.</span> <span class='ocrx_word' id='word_1_266' title='bbox 2684 2189 2829 2243; x_wconf 88' lang='lat' dir='ltr'>Nam</span> <span class='ocrx_word' id='word_1_267' title='bbox 2861 2188 3161 2260; x_wconf 87' lang='lat' dir='ltr'>spiritum,</span> <span class='ocrx_word' id='word_1_268' title='bbox 3193 2187 3472 2260; x_wconf 58' lang='lat' dir='ltr'>etc.&#39;[t’v.</span> <span class='ocrx_word' id='word_1_269' title='bbox 3506 2189 3694 2243; x_wconf 86' lang='lat' dir='ltr'>multa</span> <span class='ocrx_word' id='word_1_270' title='bbox 3725 2218 3788 2260; x_wconf 95' lang='lat'>—_—</span> <span class='ocrx_word' id='word_1_271' title='bbox 3820 2187 3970 2260; x_wconf 86' lang='lat' dir='ltr'>Nam</span> 
     </span>
    </p>
   </div>
   <div class='ocr_carea' id='block_1_36' title="bbox 565 2257 3971 2329">
    <p class='ocr_par' dir='ltr' id='par_1_36' title="bbox 565 2257 3971 2329">
     <span class='ocr_line' id='line_1_36' title="bbox 565 2257 3971 2329; baseline -0 -15"><span class='ocrx_word' id='word_1_272' title='bbox 565 2263 627 2314; x_wconf 86' lang='lat' dir='ltr'>in</span> <span class='ocrx_word' id='word_1_273' title='bbox 673 2261 795 2316; x_wconf 87' lang='lat' dir='ltr'>cod.</span> <span class='ocrx_word' id='word_1_274' title='bbox 831 2260 984 2314; x_wconf 86' lang='lat' dir='ltr'>Fuld.</span> <span class='ocrx_word' id='word_1_275' title='bbox 1032 2259 1224 2314; x_wconf 83' lang='lat' dir='ltr'>desunt</span> <span class='ocrx_word' id='word_1_276' title='bbox 1268 2261 1388 2329; x_wconf 84' lang='lat' dir='ltr'>Rig.</span> <span class='ocrx_word' id='word_1_277' title='bbox 1421 2260 1625 2314; x_wconf 84' lang='lat' dir='ltr'>emend.</span> <span class='ocrx_word' id='word_1_278' title='bbox 1685 2264 1752 2314; x_wconf 81' lang='lat' dir='ltr'>Et</span> <span class='ocrx_word' id='word_1_279' title='bbox 1785 2257 1993 2315; x_wconf 72' lang='lat' dir='ltr'>tamen</span> <span class='ocrx_word' id='word_1_280' title='bbox 2051 2261 2184 2315; x_wconf 80' lang='lat' dir='ltr'>sutl&#39;.</span> <span class='ocrx_word' id='word_1_281' title='bbox 2264 2261 2308 2295; x_wconf 75' lang='grc' dir='ltr'>⁵ο</span> <span class='ocrx_word' id='word_1_282' title='bbox 2339 2257 2588 2316; x_wconf 73' lang='lat' dir='ltr'>Mediam</span> <span class='ocrx_word' id='word_1_283' title='bbox 2617 2261 2790 2316; x_wconf 89' lang='lat' dir='ltr'>Seml.</span> <span class='ocrx_word' id='word_1_284' title='bbox 2867 2257 2913 2297; x_wconf 65' lang='grc' dir='ltr'><strong>δῖ</strong></span> <span class='ocrx_word' id='word_1_285' title='bbox 2951 2263 3037 2317; x_wconf 74' lang='grc' dir='ltr'>νυ.</span> <span class='ocrx_word' id='word_1_286' title='bbox 3074 2261 3234 2317; x_wconf 81' lang='lat' dir='ltr'>Uncis</span> <span class='ocrx_word' id='word_1_287' title='bbox 3294 2257 3507 2316; x_wconf 75' lang='lat' dir='ltr'>inclusa</span> <span class='ocrx_word' id='word_1_288' title='bbox 3560 2261 3621 2314; x_wconf 82' lang='lat' dir='ltr'>in</span> <span class='ocrx_word' id='word_1_289' title='bbox 3676 2257 3796 2314; x_wconf 83' lang='lat' dir='ltr'>solo</span> <span class='ocrx_word' id='word_1_290' title='bbox 3852 2258 3971 2314; x_wconf 86' lang='lat' dir='ltr'>cod.</span> 
     </span>
    </p>
   </div>
   <div class='ocr_carea' id='block_1_37' title="bbox 562 2331 3970 2402">
    <p class='ocr_par' dir='ltr' id='par_1_37' title="bbox 562 2331 3970 2402">
     <span class='ocr_line' id='line_1_37' title="bbox 562 2331 3970 2402; baseline 0 -18"><span class='ocrx_word' id='word_1_291' title='bbox 562 2331 719 2386; x_wconf 84' lang='lat' dir='ltr'>Fuld.</span> <span class='ocrx_word' id='word_1_292' title='bbox 782 2331 975 2386; x_wconf 84' lang='lat' dir='ltr'>addita</span> <span class='ocrx_word' id='word_1_293' title='bbox 1031 2332 1310 2399; x_wconf 81' lang='lat' dir='ltr'>leguntur.</span> <span class='ocrx_word' id='word_1_294' title='bbox 1386 2333 1432 2366; x_wconf 79' lang='grc'>⁵²</span> <span class='ocrx_word' id='word_1_295' title='bbox 1462 2334 1540 2387; x_wconf 81' lang='lat' dir='ltr'>Ita</span> <span class='ocrx_word' id='word_1_296' title='bbox 1591 2333 1707 2402; x_wconf 83' lang='lat' dir='ltr'>Rig.</span> <span class='ocrx_word' id='word_1_297' title='bbox 1759 2336 1811 2386; x_wconf 84' lang='lat' dir='ltr'>ct</span> <span class='ocrx_word' id='word_1_298' title='bbox 1859 2333 1988 2386; x_wconf 86' lang='lat' dir='ltr'>Hav.</span> <span class='ocrx_word' id='word_1_299' title='bbox 2042 2348 2070 2387; x_wconf 86' lang='lat' dir='ltr'>e</span> <span class='ocrx_word' id='word_1_300' title='bbox 2115 2331 2230 2387; x_wconf 86' lang='lat' dir='ltr'>cod.</span> <span class='ocrx_word' id='word_1_301' title='bbox 2289 2333 2477 2392; x_wconf 80' lang='lat' dir='ltr'>Fuld.;</span> <span class='ocrx_word' id='word_1_302' title='bbox 2532 2333 2716 2387; x_wconf 64' lang='lat' dir='ltr'>caeleri</span> <span class='ocrx_word' id='word_1_303' title='bbox 2743 2349 2760 2385; x_wconf 92' lang='lat'><em>:</em></span> <span class='ocrx_word' id='word_1_304' title='bbox 2794 2332 2853 2386; x_wconf 80' lang='lat' dir='ltr'>in</span> <span class='ocrx_word' id='word_1_305' title='bbox 2915 2331 3185 2387; x_wconf 90' lang='lat' dir='ltr'>archivis.</span> <span class='ocrx_word' id='word_1_306' title='bbox 3264 2331 3308 2366; x_wconf 79' lang='grc'>⁵³</span> <span class='ocrx_word' id='word_1_307' title='bbox 3339 2331 3571 2386; x_wconf 86' lang='lat' dir='ltr'>Militari</span> <span class='ocrx_word' id='word_1_308' title='bbox 3612 2347 3803 2402; x_wconf 83' lang='lat' dir='ltr'>manu</span> <span class='ocrx_word' id='word_1_309' title='bbox 3862 2346 3970 2385; x_wconf 91' lang='lat' dir='ltr'>eu-</span> 
     </span>
    </p>
   </div>
   <div class='ocr_carea' id='block_1_38' title="bbox 560 2401 3974 2474">
    <p class='ocr_par' dir='ltr' id='par_1_38' title="bbox 560 2401 3974 2474">
     <span class='ocr_line' id='line_1_38' title="bbox 560 2401 3974 2474; baseline -0.001 -16"><span class='ocrx_word' id='word_1_310' title='bbox 560 2403 762 2458; x_wconf 68' lang='lat' dir='ltr'>stodiae</span> <span class='ocrx_word' id='word_1_311' title='bbox 791 2405 1022 2473; x_wconf 84' lang='lat' dir='ltr'>Francq.</span> <span class='ocrx_word' id='word_1_312' title='bbox 1056 2404 1304 2458; x_wconf 83' lang='lat' dir='ltr'>Parisin.</span> <span class='ocrx_word' id='word_1_313' title='bbox 1381 2403 1426 2436; x_wconf 69' lang='grc'>³⁸</span> <span class='ocrx_word' id='word_1_314' title='bbox 1455 2401 1684 2458; x_wconf 90' lang='lat' dir='ltr'>Circum</span> <span class='ocrx_word' id='word_1_315' title='bbox 1730 2407 2041 2474; x_wconf 88' lang='lat' dir='ltr'>sepserunt</span> <span class='ocrx_word' id='word_1_316' title='bbox 2090 2419 2200 2458; x_wconf 91' lang='lat' dir='ltr'>ms.</span> <span class='ocrx_word' id='word_1_317' title='bbox 2233 2402 2498 2473; x_wconf 85' lang='lat' dir='ltr'>Agobard.</span> <span class='ocrx_word' id='word_1_318' title='bbox 2577 2404 2620 2438; x_wconf 77' lang='grc'><strong>³⁵</strong></span> <span class='ocrx_word' id='word_1_319' title='bbox 2649 2405 2758 2458; x_wconf 88' lang='lat' dir='ltr'>Sed</span> <span class='ocrx_word' id='word_1_320' title='bbox 2792 2403 2865 2458; x_wconf 89' lang='lat' dir='ltr'>ad</span> <span class='ocrx_word' id='word_1_321' title='bbox 2895 2404 3050 2458; x_wconf 92' lang='lat' dir='ltr'>diem</span> <span class='ocrx_word' id='word_1_322' title='bbox 3085 2403 3315 2474; x_wconf 88' lang='lat' dir='ltr'>tertiam</span> <span class='ocrx_word' id='word_1_323' title='bbox 3367 2419 3480 2458; x_wconf 89' lang='lat' dir='ltr'>ms.</span> <span class='ocrx_word' id='word_1_324' title='bbox 3514 2401 3675 2457; x_wconf 83' lang='lat' dir='ltr'>Fuld.</span> <span class='ocrx_word' id='word_1_325' title='bbox 3753 2401 3796 2437; x_wconf 74' lang='grc'>⁸⁸</span> <span class='ocrx_word' id='word_1_326' title='bbox 3828 2405 3974 2474; x_wconf 78' lang='lat' dir='ltr'>Prte-</span> 
     </span>
    </p>
   </div>
   <div class='ocr_carea' id='block_1_39' title="bbox 558 2473 3965 2547">
    <p class='ocr_par' dir='ltr' id='par_1_39' title="bbox 558 2473 3965 2547">
     <span class='ocr_line' id='line_1_39' title="bbox 558 2473 3965 2547; baseline 0 -18"><span class='ocrx_word' id='word_1_327' title='bbox 558 2477 648 2547; x_wconf 72' lang='lat' dir='ltr'>ter</span> <span class='ocrx_word' id='word_1_328' title='bbox 696 2474 930 2547; x_wconf 82' lang='lat' dir='ltr'>exuvias</span> <span class='ocrx_word' id='word_1_329' title='bbox 989 2474 1305 2547; x_wconf 66' lang='lat' dir='ltr'>sepulturae</span> <span class='ocrx_word' id='word_1_330' title='bbox 1350 2474 1466 2532; x_wconf 92' lang='lat' dir='ltr'>cod.</span> <span class='ocrx_word' id='word_1_331' title='bbox 1498 2473 1654 2530; x_wconf 82' lang='lat' dir='ltr'>Fuld.</span> <span class='ocrx_word' id='word_1_332' title='bbox 1733 2473 1892 2530; x_wconf 54' lang='lat' dir='ltr'>“Ad</span> <span class='ocrx_word' id='word_1_333' title='bbox 1946 2475 2120 2530; x_wconf 82' lang='lat' dir='ltr'>ﬁdem</span> <span class='ocrx_word' id='word_1_334' title='bbox 2181 2475 2410 2545; x_wconf 85' lang='lat' dir='ltr'>Franeq.</span> <span class='ocrx_word' id='word_1_335' title='bbox 2487 2475 2844 2546; x_wconf 72' lang='lat' dir='ltr'>&quot;Receptus</span> <span class='ocrx_word' id='word_1_336' title='bbox 2896 2480 3070 2532; x_wconf 84' lang='lat' dir='ltr'>Fran.</span> <span class='ocrx_word' id='word_1_337' title='bbox 3146 2475 3190 2510; x_wconf 81' lang='grc'>⁸⁹</span> <span class='ocrx_word' id='word_1_338' title='bbox 3223 2473 3347 2531; x_wconf 86' lang='lat' dir='ltr'>Cod.</span> <span class='ocrx_word' id='word_1_339' title='bbox 3380 2474 3538 2530; x_wconf 85' lang='lat' dir='ltr'>Fuld.</span> <span class='ocrx_word' id='word_1_340' title='bbox 3571 2475 3690 2544; x_wconf 85' lang='lat' dir='ltr'>Rig.</span> <span class='ocrx_word' id='word_1_341' title='bbox 3723 2480 3776 2529; x_wconf 87' lang='lat' dir='ltr'>et</span> <span class='ocrx_word' id='word_1_342' title='bbox 3832 2473 3965 2529; x_wconf 87' lang='lat' dir='ltr'>Hav.</span> 
     </span>
    </p>
   </div>
   <div class='ocr_carea' id='block_1_40' title="bbox 555 2544 845 2602">
    <p class='ocr_par' dir='ltr' id='par_1_40' title="bbox 555 2544 845 2602">
     <span class='ocr_line' id='line_1_40' title="bbox 555 2544 845 2602; baseline -0.007 0"><span class='ocrx_word' id='word_1_343' title='bbox 555 2544 845 2602; x_wconf 81' lang='lat' dir='ltr'>Romulia.</span> 
     </span>
    </p>
   </div>
   <div class='ocr_carea' id='block_1_41' title="bbox 2011 2634 2535 2696">
    <p class='ocr_par' dir='ltr' id='par_1_41' title="bbox 2011 2634 2535 2696">
     <span class='ocr_line' id='line_1_41' title="bbox 2011 2634 2535 2696; baseline -0.004 0"><span class='ocrx_word' id='word_1_344' title='bbox 2011 2634 2535 2696; x_wconf 85' lang='lat' dir='ltr'>Commentarios.</span> 
     </span>
    </p>
   </div>
   <div class='ocr_carea' id='block_1_42' title="bbox 545 2747 3957 2832">
    <p class='ocr_par' dir='ltr' id='par_1_42' title="bbox 545 2747 3957 2832">
     <span class='ocr_line' id='line_1_42' title="bbox 545 2747 3957 2832; baseline 0.001 -30"><span class='ocrx_word' id='word_1_345' title='bbox 545 2749 588 2832; x_wconf 60' lang='lat'>.1</span> <span class='ocrx_word' id='word_1_346' title='bbox 583 2748 829 2832; x_wconf 75' lang='lat' dir='ltr'>udaaam,</span> <span class='ocrx_word' id='word_1_347' title='bbox 860 2751 1059 2832; x_wconf 59' lang='lat' dir='ltr'>utpote</span> <span class='ocrx_word' id='word_1_348' title='bbox 1093 2747 1216 2832; x_wconf 63' lang='lat' dir='ltr'>suis</span> <span class='ocrx_word' id='word_1_349' title='bbox 1245 2747 1509 2832; x_wconf 65' lang='lat' dir='ltr'>dynastis</span> <span class='ocrx_word' id='word_1_350' title='bbox 1540 2753 1599 2832; x_wconf 76' lang='lat' dir='ltr'>et</span> <span class='ocrx_word' id='word_1_351' title='bbox 1627 2747 1846 2832; x_wconf 76' lang='lat' dir='ltr'>regulis</span> <span class='ocrx_word' id='word_1_352' title='bbox 1875 2749 2192 2832; x_wconf 35' lang='lat' dir='ltr'>subje‘ctas.</span> <span class='ocrx_word' id='word_1_353' title='bbox 2228 2751 2276 2817; x_wconf 88' lang='grc' dir='ltr'>Β</span> <span class='ocrx_word' id='word_1_354' title='bbox 2304 2764 2468 2832; x_wconf 57' lang='lat' dir='ltr'>caper</span> <span class='ocrx_word' id='word_1_355' title='bbox 2497 2758 2708 2832; x_wconf 64' lang='lat' dir='ltr'>{errant</span> <span class='ocrx_word' id='word_1_356' title='bbox 2737 2749 2853 2832; x_wconf 64' lang='lat' dir='ltr'>dies</span> <span class='ocrx_word' id='word_1_357' title='bbox 2896 2749 3149 2806; x_wconf 58' lang='lat' dir='ltr'>luminis.</span> <span class='ocrx_word' id='word_1_358' title='bbox 3179 2772 3200 2799; x_wconf 72' lang='grc' dir='ltr'>ι</span> <span class='ocrx_word' id='word_1_359' title='bbox 3237 2749 3460 2832; x_wconf 68' lang='lat' dir='ltr'>Ibidem</span> <span class='ocrx_word' id='word_1_360' title='bbox 3494 2767 3560 2806; x_wconf 88' lang='lat'>:«</span> <span class='ocrx_word' id='word_1_361' title='bbox 3594 2749 3664 2806; x_wconf 92' lang='lat' dir='ltr'>Ut</span> <span class='ocrx_word' id='word_1_362' title='bbox 3707 2749 3957 2832; x_wconf 66' lang='lat' dir='ltr'>prophe-</span> 
     </span>
    </p>
   </div>
   <div class='ocr_carea' id='block_1_43' title="bbox 545 2817 2192 2892">
    <p class='ocr_par' dir='ltr' id='par_1_43' title="bbox 545 2817 2192 2892">
     <span class='ocr_line' id='line_1_43' title="bbox 545 2817 2192 2892; baseline 0.001 -17"><span class='ocrx_word' id='word_1_363' title='bbox 545 2821 684 2875; x_wconf 89' lang='lat' dir='ltr'>Erat</span> <span class='ocrx_word' id='word_1_364' title='bbox 711 2835 845 2875; x_wconf 91' lang='lat' dir='ltr'>vero</span> <span class='ocrx_word' id='word_1_365' title='bbox 875 2817 1018 2892; x_wconf 85' lang='lat' dir='ltr'>illud</span> <span class='ocrx_word' id='word_1_366' title='bbox 1051 2817 1307 2875; x_wconf 63' lang='lat' dir='ltr'>solitum&#39;</span> <span class='ocrx_word' id='word_1_367' title='bbox 1325 2820 1603 2876; x_wconf 82' lang='lat' dir='ltr'>Romanis</span> <span class='ocrx_word' id='word_1_368' title='bbox 1647 2817 1778 2876; x_wconf 75' lang='lat' dir='ltr'>istis</span> <span class='ocrx_word' id='word_1_369' title='bbox 1807 2817 2192 2892; x_wconf 83' lang='lat' dir='ltr'>temporibus,</span> 
     </span>
    </p>
   </div>
   <div class='ocr_carea' id='block_1_44' title="bbox 549 2891 2193 2963">
    <p class='ocr_par' dir='ltr' id='par_1_44' title="bbox 549 2891 2193 2963">
     <span class='ocr_line' id='line_1_44' title="bbox 549 2891 2193 2963; baseline 0 -17"><span class='ocrx_word' id='word_1_370' title='bbox 549 2895 613 2946; x_wconf 91' lang='lat' dir='ltr'>ut</span> <span class='ocrx_word' id='word_1_371' title='bbox 633 2907 761 2946; x_wconf 87' lang='lat' dir='ltr'>sese</span> <span class='ocrx_word' id='word_1_372' title='bbox 780 2891 1034 2946; x_wconf 88' lang='lat' dir='ltr'>turbidis</span> <span class='ocrx_word' id='word_1_373' title='bbox 1055 2892 1230 2946; x_wconf 86' lang='lat' dir='ltr'>rebus</span> <span class='ocrx_word' id='word_1_374' title='bbox 1252 2892 1601 2963; x_wconf 91' lang='lat' dir='ltr'>populorum</span> <span class='ocrx_word' id='word_1_375' title='bbox 1627 2897 1682 2946; x_wconf 90' lang='lat' dir='ltr'>et</span> <span class='ocrx_word' id='word_1_376' title='bbox 1704 2908 1906 2963; x_wconf 88' lang='lat' dir='ltr'>regum</span> <span class='ocrx_word' id='word_1_377' title='bbox 1929 2891 2193 2948; x_wconf 81' lang='lat' dir='ltr'>dissidiis</span> 
     </span>
    </p>
   </div>
   <div class='ocr_carea' id='block_1_45' title="bbox 544 2963 2190 3036">
    <p class='ocr_par' dir='ltr' id='par_1_45' title="bbox 544 2963 2190 3036">
     <span class='ocr_line' id='line_1_45' title="bbox 544 2963 2190 3036; baseline 0.001 -19"><span class='ocrx_word' id='word_1_378' title='bbox 544 2963 967 3036; x_wconf 83' lang='lat' dir='ltr'>immiscerent,</span> <span class='ocrx_word' id='word_1_379' title='bbox 996 2978 1111 3036; x_wconf 82' lang='lat' dir='ltr'>quo</span> <span class='ocrx_word' id='word_1_380' title='bbox 1153 2963 1507 3036; x_wconf 84' lang='lat' dir='ltr'>potentiores</span> <span class='ocrx_word' id='word_1_381' title='bbox 1537 2965 1636 3036; x_wconf 91' lang='lat' dir='ltr'>qui</span> <span class='ocrx_word' id='word_1_382' title='bbox 1668 2969 1954 3036; x_wconf 27' lang='lat' dir='ltr'>nutuAsuo</span> <span class='ocrx_word' id='word_1_383' title='bbox 1987 2964 2190 3036; x_wconf 83' lang='lat' dir='ltr'>Remp.</span> 
     </span>
    </p>
   </div>
   <div class='ocr_carea' id='block_1_46' title="bbox 546 3033 2195 3106">
    <p class='ocr_par' dir='ltr' id='par_1_46' title="bbox 546 3033 2195 3106">
     <span class='ocr_line' id='line_1_46' title="bbox 546 3033 2195 3106; baseline 0 -16"><span class='ocrx_word' id='word_1_384' title='bbox 546 3034 827 3106; x_wconf 88' lang='lat' dir='ltr'>regebant</span> <span class='ocrx_word' id='word_1_385' title='bbox 855 3038 912 3089; x_wconf 91' lang='lat' dir='ltr'>et</span> <span class='ocrx_word' id='word_1_386' title='bbox 942 3033 1172 3105; x_wconf 79' lang='lat' dir='ltr'>pedum</span> <span class='ocrx_word' id='word_1_387' title='bbox 1197 3034 1371 3105; x_wconf 90' lang='lat' dir='ltr'>pulsu</span> <span class='ocrx_word' id='word_1_388' title='bbox 1420 3033 1705 3092; x_wconf 80' lang='lat' dir='ltr'>exercitus</span> <span class='ocrx_word' id='word_1_389' title='bbox 1736 3033 2094 3106; x_wconf 88' lang='lat' dir='ltr'>colligerent,</span> <span class='ocrx_word' id='word_1_390' title='bbox 2126 3033 2195 3091; x_wconf 80' lang='lat' dir='ltr'>ex</span> 
     </span>
    </p>
   </div>
   <div class='ocr_carea' id='block_1_47' title="bbox 546 3106 2194 3232">
    <p class='ocr_par' dir='ltr' id='par_1_47' title="bbox 546 3106 2194 3232">
     <span class='ocr_line' id='line_1_47' title="bbox 546 3106 2194 3232; baseline 0.001 -72"><span class='ocrx_word' id='word_1_391' title='bbox 546 3106 771 3232; x_wconf 57' lang='lat' dir='ltr'>rapinis</span> <span class='ocrx_word' id='word_1_392' title='bbox 801 3107 1152 3161; x_wconf 87' lang='lat' dir='ltr'>ditescerent</span> <span class='ocrx_word' id='word_1_393' title='bbox 1182 3111 1237 3159; x_wconf 87' lang='lat' dir='ltr'>et</span> <span class='ocrx_word' id='word_1_394' title='bbox 1268 3124 1444 3175; x_wconf 70' lang='lat' dir='ltr'>regna</span> <span class='ocrx_word' id='word_1_395' title='bbox 1492 3125 1558 3164; x_wconf 87' lang='lat' dir='ltr'>ac</span> <span class='ocrx_word' id='word_1_396' title='bbox 1583 3111 1941 3189; x_wconf 67' lang='lat' dir='ltr'>potestates,</span> <span class='ocrx_word' id='word_1_397' title='bbox 1975 3109 2194 3178; x_wconf 87' lang='lat' dir='ltr'>quibus</span> 
     </span>
     <span class='ocr_line' id='line_1_48' title="bbox 546 3177 2192 3232; baseline 0 0"><span class='ocrx_word' id='word_1_398' title='bbox 546 3177 780 3232; x_wconf 89' lang='lat' dir='ltr'>velent.</span> <span class='ocrx_word' id='word_1_399' title='bbox 811 3179 1120 3231; x_wconf 87' lang='lat' dir='ltr'>donarent.</span> <span class='ocrx_word' id='word_1_400' title='bbox 1162 3177 1460 3232; x_wconf 86' lang='lat' dir='ltr'>Quomodo</span> <span class='ocrx_word' id='word_1_401' title='bbox 1510 3178 1595 3232; x_wconf 79' lang='lat' dir='ltr'>illi</span> <span class='ocrx_word' id='word_1_402' title='bbox 1647 3179 1882 3232; x_wconf 81' lang='lat' dir='ltr'>obnoxii</span> <span class='ocrx_word' id='word_1_403' title='bbox 1927 3181 2192 3232; x_wconf 89' lang='lat' dir='ltr'>natronis</span> 
     </span>
    </p>
   </div>
   <div class='ocr_carea' id='block_1_48' title="bbox 545 3177 2192 3250">
    <p class='ocr_par' dir='ltr' id='par_1_48' title="bbox 545 3177 2192 3250">
     <span class='ocr_line' id='line_1_49' title="bbox 545 3177 2192 3250; baseline 0.001 -18"><span class='ocrx_word' id='word_1_404' title='bbox 545 3177 780 3250; x_wconf 88' lang='lat' dir='ltr'>vellent,</span> <span class='ocrx_word' id='word_1_405' title='bbox 811 3177 1460 3250; x_wconf 88' lang='lat' dir='ltr'>donarent._Quomodo</span> <span class='ocrx_word' id='word_1_406' title='bbox 1510 3177 1882 3234; x_wconf 56' lang='lat' dir='ltr'>illi&#39;obnoxii</span> <span class='ocrx_word' id='word_1_407' title='bbox 1927 3177 2192 3250; x_wconf 80' lang='lat' dir='ltr'>patronis</span> 
     </span>
    </p>
   </div>
   <div class='ocr_carea' id='block_1_49' title="bbox 545 3247 1870 3319">
    <p class='ocr_par' dir='ltr' id='par_1_49' title="bbox 545 3247 1870 3319">
     <span class='ocr_line' id='line_1_50' title="bbox 545 3247 1870 3319; baseline -0.001 -14"><span class='ocrx_word' id='word_1_408' title='bbox 545 3249 675 3305; x_wconf 86' lang='lat' dir='ltr'>suis</span> <span class='ocrx_word' id='word_1_409' title='bbox 700 3266 772 3304; x_wconf 90' lang='lat' dir='ltr'>ne</span> <span class='ocrx_word' id='word_1_410' title='bbox 806 3249 1027 3303; x_wconf 88' lang='lat' dir='ltr'>hiscere</span> <span class='ocrx_word' id='word_1_411' title='bbox 1058 3247 1294 3319; x_wconf 91' lang='lat' dir='ltr'>quidem</span> <span class='ocrx_word' id='word_1_412' title='bbox 1328 3257 1531 3306; x_wconf 90' lang='lat' dir='ltr'>contra</span> <span class='ocrx_word' id='word_1_413' title='bbox 1556 3252 1870 3306; x_wconf 87' lang='lat' dir='ltr'>audebant.</span> 
     </span>
    </p>
   </div>
   <div class='ocr_carea' id='block_1_50' title="bbox 618 3319 2188 3444">
    <p class='ocr_par' dir='ltr' id='par_1_50' title="bbox 618 3319 2188 3444">
     <span class='ocr_line' id='line_1_51' title="bbox 618 3319 2188 3444; baseline 0.001 -70"><span class='ocrx_word' id='word_1_414' title='bbox 618 3321 730 3444; x_wconf 57' lang='lat'>(942</span> <span class='ocrx_word' id='word_1_415' title='bbox 766 3323 1117 3375; x_wconf 82' lang='lat' dir='ltr'>Procuranli.</span> <span class='ocrx_word' id='word_1_416' title='bbox 1150 3319 1407 3388; x_wconf 78' lang='lat' dir='ltr'>Tacitus,</span> <span class='ocrx_word' id='word_1_417' title='bbox 1441 3324 1512 3377; x_wconf 93' lang='lat' dir='ltr'>de</span> <span class='ocrx_word' id='word_1_418' title='bbox 1549 3338 1689 3378; x_wconf 89' lang='lat' dir='ltr'>nece</span> <span class='ocrx_word' id='word_1_419' title='bbox 1718 3319 1954 3386; x_wconf 83' lang='lat' dir='ltr'>Christi,</span> <span class='ocrx_word' id='word_1_420' title='bbox 1986 3319 2188 3376; x_wconf 83' lang='lat' dir='ltr'>Annal.</span> 
     </span>
     <span class='ocr_line' id='line_1_52' title="bbox 625 3390 2188 3444; baseline 0 0"><span class='ocrx_word' id='word_1_421' title='bbox 625 3432 638 3444; x_wconf 90' lang='lat'>.</span> <span class='ocrx_word' id='word_1_422' title='bbox 663 3393 692 3444; x_wconf 83' lang='grc'>4</span> <span class='ocrx_word' id='word_1_423' title='bbox 754 3407 804 3444; x_wconf 83' lang='lat'>:«</span> <span class='ocrx_word' id='word_1_424' title='bbox 829 3390 936 3444; x_wconf 78' lang='grc' dir='ltr'>Οιιὶ</span> <span class='ocrx_word' id='word_1_425' title='bbox 957 3391 1183 3444; x_wconf 88' lang='lat' dir='ltr'>Tiberio</span> <span class='ocrx_word' id='word_1_426' title='bbox 1212 3393 1600 3444; x_wconf 81' lang='lat' dir='ltr'>imperitante.</span> <span class='ocrx_word' id='word_1_427' title='bbox 1626 3409 1728 3444; x_wconf 85' lang='lat' dir='ltr'>ner</span> <span class='ocrx_word' id='word_1_428' title='bbox 1757 3397 2188 3444; x_wconf 77' lang='lat' dir='ltr'>procuratorem</span> 
     </span>
    </p>
   </div>
   <div class='ocr_carea' id='block_1_51' title="bbox 543 3390 2192 3465">
    <p class='ocr_par' dir='ltr' id='par_1_51' title="bbox 543 3390 2192 3465">
     <span class='ocr_line' id='line_1_53' title="bbox 543 3390 2192 3465; baseline 0.001 -20"><span class='ocrx_word' id='word_1_429' title='bbox 543 3390 638 3465; x_wconf 67' lang='lat' dir='ltr'>xv.</span> <span class='ocrx_word' id='word_1_430' title='bbox 663 3390 730 3465; x_wconf 62' lang='grc'><strong>44</strong></span> <span class='ocrx_word' id='word_1_431' title='bbox 754 3407 804 3446; x_wconf 83' lang='lat'>:«</span> <span class='ocrx_word' id='word_1_432' title='bbox 829 3390 936 3465; x_wconf 76' lang='lat' dir='ltr'>Qui</span> <span class='ocrx_word' id='word_1_433' title='bbox 957 3391 1183 3446; x_wconf 89' lang='lat' dir='ltr'>Tiberio</span> <span class='ocrx_word' id='word_1_434' title='bbox 1212 3393 1600 3465; x_wconf 78' lang='lat' dir='ltr'>imperitante,</span> <span class='ocrx_word' id='word_1_435' title='bbox 1626 3409 1728 3465; x_wconf 91' lang='lat' dir='ltr'>per</span> <span class='ocrx_word' id='word_1_436' title='bbox 1757 3397 2192 3465; x_wconf 73' lang='lat' dir='ltr'>procuratorem</span> 
     </span>
    </p>
   </div>
   <div class='ocr_carea' id='block_1_52' title="bbox 547 3460 2188 3535">
    <p class='ocr_par' dir='ltr' id='par_1_52' title="bbox 547 3460 2188 3535">
     <span class='ocr_line' id='line_1_54' title="bbox 547 3460 2188 3535; baseline 0.001 -19"><span class='ocrx_word' id='word_1_437' title='bbox 547 3461 818 3535; x_wconf 75' lang='lat' dir='ltr'>Pontium</span> <span class='ocrx_word' id='word_1_438' title='bbox 851 3460 1101 3535; x_wconf 85' lang='lat' dir='ltr'>Pilatum</span> <span class='ocrx_word' id='word_1_439' title='bbox 1130 3460 1418 3535; x_wconf 38' lang='lat' dir='ltr'>suppl—icio</span> <span class='ocrx_word' id='word_1_440' title='bbox 1458 3460 1696 3521; x_wconf 70' lang='lat' dir='ltr'>affectus</span> <span class='ocrx_word' id='word_1_441' title='bbox 1727 3460 1874 3530; x_wconf 72' lang='lat' dir='ltr'>erat,</span> <span class='ocrx_word' id='word_1_442' title='bbox 1894 3485 1922 3512; x_wconf 82' lang='lat'>»</span> <span class='ocrx_word' id='word_1_443' title='bbox 1955 3462 2188 3519; x_wconf 87' lang='lat' dir='ltr'>Hieron.</span> 
     </span>
    </p>
   </div>
   <div class='ocr_carea' id='block_1_53' title="bbox 542 3533 2193 3607">
    <p class='ocr_par' dir='ltr' id='par_1_53' title="bbox 542 3533 2193 3607">
     <span class='ocr_line' id='line_1_55' title="bbox 542 3533 2193 3607; baseline 0.001 -19"><span class='ocrx_word' id='word_1_444' title='bbox 542 3533 605 3607; x_wconf 89' lang='lat' dir='ltr'>i_n</span> <span class='ocrx_word' id='word_1_445' title='bbox 641 3533 836 3607; x_wconf 74' lang='lat' dir='ltr'>Chron.</span> <span class='ocrx_word' id='word_1_446' title='bbox 862 3534 1077 3607; x_wconf 66' lang='lat' dir='ltr'>Euseb.</span> <span class='ocrx_word' id='word_1_447' title='bbox 1113 3533 1445 3607; x_wconf 43' lang='lat' dir='ltr'>num—.2042</span> <span class='ocrx_word' id='word_1_448' title='bbox 1478 3555 1490 3592; x_wconf 92' lang='lat'>:</span> <span class='ocrx_word' id='word_1_449' title='bbox 1519 3559 1547 3586; x_wconf 85' lang='lat'><strong>«</strong></span> <span class='ocrx_word' id='word_1_450' title='bbox 1580 3536 1807 3591; x_wconf 87' lang='lat' dir='ltr'>Pilatus</span> <span class='ocrx_word' id='word_1_451' title='bbox 1851 3541 2193 3607; x_wconf 89' lang='lat' dir='ltr'>procurator</span> 
     </span>
    </p>
   </div>
   <div class='ocr_carea' id='block_1_54' title="bbox 542 3605 2190 3671">
    <p class='ocr_par' dir='ltr' id='par_1_54' title="bbox 542 3605 2190 3671">
     <span class='ocr_line' id='line_1_56' title="bbox 542 3605 2190 3671; baseline 0 -11"><span class='ocrx_word' id='word_1_452' title='bbox 542 3605 767 3660; x_wconf 68' lang='lat' dir='ltr'>Judaeaa</span> <span class='ocrx_word' id='word_1_453' title='bbox 797 3621 830 3659; x_wconf 89' lang='lat' dir='ltr'>a</span> <span class='ocrx_word' id='word_1_454' title='bbox 859 3605 1090 3661; x_wconf 90' lang='lat' dir='ltr'>Tiberio</span> <span class='ocrx_word' id='word_1_455' title='bbox 1144 3606 1410 3663; x_wconf 91' lang='lat' dir='ltr'>mittitur.</span> <span class='ocrx_word' id='word_1_456' title='bbox 1443 3628 1464 3659; x_wconf 70' lang='grc' dir='ltr'><strong>ι</strong></span> <span class='ocrx_word' id='word_1_457' title='bbox 1501 3608 1634 3671; x_wconf 69' lang='lat' dir='ltr'>Quis</span> <span class='ocrx_word' id='word_1_458' title='bbox 1682 3623 1816 3663; x_wconf 89' lang='lat' dir='ltr'>cum</span> <span class='ocrx_word' id='word_1_459' title='bbox 1852 3605 2081 3661; x_wconf 58' lang='lat' dir='ltr'>&#39;mirum</span> <span class='ocrx_word' id='word_1_460' title='bbox 2130 3605 2190 3661; x_wconf 93' lang='lat' dir='ltr'>in</span> 
     </span>
    </p>
   </div>
   <div class='ocr_carea' id='block_1_55' title="bbox 543 3675 2186 3751">
    <p class='ocr_par' dir='ltr' id='par_1_55' title="bbox 543 3675 2186 3751">
     <span class='ocr_line' id='line_1_57' title="bbox 543 3675 2186 3751; baseline 0.002 -21"><span class='ocrx_word' id='word_1_461' title='bbox 543 3677 786 3751; x_wconf 58' lang='lat' dir='ltr'>[nodum</span> <span class='ocrx_word' id='word_1_462' title='bbox 819 3675 1039 3751; x_wconf 86' lang='lat' dir='ltr'>passim</span> <span class='ocrx_word' id='word_1_463' title='bbox 1083 3677 1394 3733; x_wconf 89' lang='lat' dir='ltr'>turbentur</span> <span class='ocrx_word' id='word_1_464' title='bbox 1413 3697 1438 3730; x_wconf 84' lang='lat' dir='ltr'>a</span> <span class='ocrx_word' id='word_1_465' title='bbox 1461 3679 1836 3751; x_wconf 88' lang='lat' dir='ltr'>quibusdam,</span> <span class='ocrx_word' id='word_1_466' title='bbox 1862 3679 2186 3751; x_wconf 88' lang='lat' dir='ltr'>sciendum,</span> 
     </span>
    </p>
   </div>
   <div class='ocr_carea' id='block_1_56' title="bbox 538 3747 2189 3822">
    <p class='ocr_par' dir='ltr' id='par_1_56' title="bbox 538 3747 2189 3822">
     <span class='ocr_line' id='line_1_58' title="bbox 538 3747 2189 3822; baseline 0.005 -25"><span class='ocrx_word' id='word_1_467' title='bbox 538 3747 863 3822; x_wconf 77' lang='lat' dir='ltr'>Vitellium,</span> <span class='ocrx_word' id='word_1_468' title='bbox 895 3747 1082 3822; x_wconf 79' lang='lat' dir='ltr'>virum</span> <span class='ocrx_word' id='word_1_469' title='bbox 1116 3747 1505 3822; x_wconf 42' lang='lat' dir='ltr'>consularem}</span> <span class='ocrx_word' id='word_1_470' title='bbox 1538 3751 1716 3806; x_wconf 86' lang='lat' dir='ltr'>fuisse</span> <span class='ocrx_word' id='word_1_471' title='bbox 1749 3755 1877 3805; x_wconf 89' lang='lat' dir='ltr'>tum</span> <span class='ocrx_word' id='word_1_472' title='bbox 1909 3747 2189 3822; x_wconf 85' lang='lat' dir='ltr'>temporis</span> 
     </span>
    </p>
   </div>
   <div class='ocr_carea' id='block_1_57' title="bbox 540 3819 2186 3894">
    <p class='ocr_par' dir='ltr' id='par_1_57' title="bbox 540 3819 2186 3894">
     <span class='ocr_line' id='line_1_59' title="bbox 540 3819 2186 3894; baseline 0.002 -22"><span class='ocrx_word' id='word_1_473' title='bbox 540 3819 847 3892; x_wconf 76' lang='lat' dir='ltr'>praesidem</span> <span class='ocrx_word' id='word_1_474' title='bbox 896 3819 1082 3894; x_wconf 77' lang='lat' dir='ltr'>totius</span> <span class='ocrx_word' id='word_1_475' title='bbox 1119 3821 1312 3892; x_wconf 79' lang='lat' dir='ltr'>Syriae,</span> <span class='ocrx_word' id='word_1_476' title='bbox 1346 3823 1446 3878; x_wconf 89' lang='lat' dir='ltr'>sed</span> <span class='ocrx_word' id='word_1_477' title='bbox 1502 3823 1780 3878; x_wconf 89' lang='lat' dir='ltr'>habuisse</span> <span class='ocrx_word' id='word_1_478' title='bbox 1809 3838 1947 3878; x_wconf 90' lang='lat' dir='ltr'>suos</span> <span class='ocrx_word' id='word_1_479' title='bbox 1979 3819 2186 3894; x_wconf 79' lang='lat' dir='ltr'>procu-</span> 
     </span>
    </p>
   </div>
   <div class='ocr_carea' id='block_1_58' title="bbox 540 3891 2185 3966">
    <p class='ocr_par' dir='ltr' id='par_1_58' title="bbox 540 3891 2185 3966">
     <span class='ocr_line' id='line_1_60' title="bbox 540 3891 2185 3966; baseline 0.001 -20"><span class='ocrx_word' id='word_1_480' title='bbox 540 3891 783 3966; x_wconf 82' lang='lat' dir='ltr'>ratores,</span> <span class='ocrx_word' id='word_1_481' title='bbox 807 3891 907 3962; x_wconf 90' lang='lat' dir='ltr'>qui</span> <span class='ocrx_word' id='word_1_482' title='bbox 939 3891 1056 3966; x_wconf 79' lang='lat' dir='ltr'>fere</span> <span class='ocrx_word' id='word_1_483' title='bbox 1095 3897 1279 3966; x_wconf 77' lang='lat' dir='ltr'>erant</span> <span class='ocrx_word' id='word_1_484' title='bbox 1303 3894 1552 3966; x_wconf 73' lang='lat' dir='ltr'>equites</span> <span class='ocrx_word' id='word_1_485' title='bbox 1598 3895 1764 3950; x_wconf 82' lang='lat' dir='ltr'>Rom.</span> <span class='ocrx_word' id='word_1_486' title='bbox 1799 3910 1946 3966; x_wconf 91' lang='lat' dir='ltr'>quos</span> <span class='ocrx_word' id='word_1_487' title='bbox 1981 3891 2082 3966; x_wconf 8' lang='lat' dir='ltr'>&#39;vegl</span> <span class='ocrx_word' id='word_1_488' title='bbox 2124 3893 2185 3948; x_wconf 92' lang='lat' dir='ltr'>in</span> 
     </span>
    </p>
   </div>
   <div class='ocr_carea' id='block_1_59' title="bbox 540 3962 2185 4038">
    <p class='ocr_par' dir='ltr' id='par_1_59' title="bbox 540 3962 2185 4038">
     <span class='ocr_line' id='line_1_61' title="bbox 540 3962 2185 4038; baseline 0.001 -19"><span class='ocrx_word' id='word_1_489' title='bbox 540 3962 1197 4038; x_wconf 62' lang='lat' dir='ltr'>minores__prox&#39;incia_s,</span> <span class='ocrx_word' id='word_1_490' title='bbox 1230 3963 1318 4019; x_wconf 92' lang='lat' dir='ltr'>vel</span> <span class='ocrx_word' id='word_1_491' title='bbox 1347 3962 1405 4021; x_wconf 82' lang='lat' dir='ltr'>in</span> <span class='ocrx_word' id='word_1_492' title='bbox 1439 3982 1618 4038; x_wconf 90' lang='lat' dir='ltr'>regna</span> <span class='ocrx_word' id='word_1_493' title='bbox 1647 3962 1939 4022; x_wconf 77' lang='lat' dir='ltr'>sociorum</span> <span class='ocrx_word' id='word_1_494' title='bbox 1990 3964 2185 4038; x_wconf 82' lang='lat' dir='ltr'>mitte-</span> 
     </span>
    </p>
   </div>
   <div class='ocr_carea' id='block_1_60' title="bbox 540 4033 2182 4110">
    <p class='ocr_par' dir='ltr' id='par_1_60' title="bbox 540 4033 2182 4110">
     <span class='ocr_line' id='line_1_62' title="bbox 540 4033 2182 4110; baseline 0.001 -19"><span class='ocrx_word' id='word_1_495' title='bbox 540 4036 662 4110; x_wconf 86' lang='lat' dir='ltr'>bat,</span> <span class='ocrx_word' id='word_1_496' title='bbox 698 4033 886 4110; x_wconf 83' lang='lat' dir='ltr'>ut__ibi</span> <span class='ocrx_word' id='word_1_497' title='bbox 931 4034 1416 4110; x_wconf 70' lang='lat' dir='ltr'>administrarent</span> <span class='ocrx_word' id='word_1_498' title='bbox 1460 4033 1553 4094; x_wconf 49' lang='lat' dir='ltr'>revs</span> <span class='ocrx_word' id='word_1_499' title='bbox 1598 4055 1730 4110; x_wconf 91' lang='lat' dir='ltr'>pop.</span> <span class='ocrx_word' id='word_1_500' title='bbox 1766 4038 1932 4110; x_wconf 82' lang='lat' dir='ltr'>Rom.</span> <span class='ocrx_word' id='word_1_501' title='bbox 1961 4035 2084 4110; x_wconf 77' lang='lat' dir='ltr'>sive</span> <span class='ocrx_word' id='word_1_502' title='bbox 2122 4037 2182 4092; x_wconf 90' lang='lat' dir='ltr'>in</span> 
     </span>
    </p>
   </div>
   <div class='ocr_carea' id='block_1_61' title="bbox 2308 2820 3962 2893">
    <p class='ocr_par' dir='ltr' id='par_1_61' title="bbox 2308 2820 3962 2893">
     <span class='ocr_line' id='line_1_63' title="bbox 2308 2820 3962 2893; baseline 0.001 -19"><span class='ocrx_word' id='word_1_503' title='bbox 2308 2820 2401 2874; x_wconf 57' lang='lat' dir='ltr'>tiae</span> <span class='ocrx_word' id='word_1_504' title='bbox 2453 2822 2938 2892; x_wconf 89' lang='lat' dir='ltr'>adimplerentur,</span> <span class='ocrx_word' id='word_1_505' title='bbox 2973 2822 3303 2893; x_wconf 63' lang='lat' dir='ltr'>properavi}</span> <span class='ocrx_word' id='word_1_506' title='bbox 3351 2820 3478 2877; x_wconf 90' lang='lat' dir='ltr'>dies</span> <span class='ocrx_word' id='word_1_507' title='bbox 3527 2820 3831 2892; x_wconf 76' lang='lat' dir='ltr'>vesperam</span> <span class='ocrx_word' id='word_1_508' title='bbox 3878 2821 3962 2876; x_wconf 87' lang='lat' dir='ltr'>fa-</span> 
     </span>
    </p>
   </div>
   <div class='ocr_carea' id='block_1_62' title="bbox 2306 2891 3958 2964">
    <p class='ocr_par' dir='ltr' id='par_1_62' title="bbox 2306 2891 3958 2964">
     <span class='ocr_line' id='line_1_64' title="bbox 2306 2891 3958 2964; baseline 0.001 -18"><span class='ocrx_word' id='word_1_509' title='bbox 2306 2907 2453 2946; x_wconf 90' lang='lat' dir='ltr'>cere.</span> <span class='ocrx_word' id='word_1_510' title='bbox 2484 2916 2503 2940; x_wconf 75' lang='grc' dir='ltr'><strong><em>ι</em></strong></span> <span class='ocrx_word' id='word_1_511' title='bbox 2541 2893 2697 2949; x_wconf 89' lang='lat' dir='ltr'>Idem</span> <span class='ocrx_word' id='word_1_512' title='bbox 2758 2893 2894 2948; x_wconf 90' lang='lat' dir='ltr'>hinc</span> <span class='ocrx_word' id='word_1_513' title='bbox 2925 2891 3206 2964; x_wconf 84' lang='lat' dir='ltr'>explicat</span> <span class='ocrx_word' id='word_1_514' title='bbox 3260 2891 3475 2948; x_wconf 84' lang='lat' dir='ltr'>Jerem.</span> <span class='ocrx_word' id='word_1_515' title='bbox 3527 2909 3588 2960; x_wconf 85' lang='lat' dir='ltr'>II,</span> <span class='ocrx_word' id='word_1_516' title='bbox 3636 2891 3709 2948; x_wconf 81' lang='grc'>12</span> <span class='ocrx_word' id='word_1_517' title='bbox 3742 2909 3756 2948; x_wconf 89' lang='lat'><strong><em>:</em></strong></span> <span class='ocrx_word' id='word_1_518' title='bbox 3791 2913 3813 2942; x_wconf 78' lang='grc'><strong><em>‹</em></strong></span> <span class='ocrx_word' id='word_1_519' title='bbox 3845 2894 3958 2947; x_wconf 76' lang='lat' dir='ltr'>Ea:-</span> 
     </span>
    </p>
   </div>
   <div class='ocr_carea' id='block_1_63' title="bbox 2298 2964 3959 3037">
    <p class='ocr_par' dir='ltr' id='par_1_63' title="bbox 2298 2964 3959 3037">
     <span class='ocr_line' id='line_1_65' title="bbox 2298 2964 3959 3037; baseline 0.002 -20"><span class='ocrx_word' id='word_1_520' title='bbox 2298 2965 2454 3033; x_wconf 81' lang='lat' dir='ltr'>pavit</span> <span class='ocrx_word' id='word_1_521' title='bbox 2494 2966 2910 3037; x_wconf 73' lang='lat' dir='ltr'>cwlum_super</span> <span class='ocrx_word' id='word_1_522' title='bbox 2963 2965 3068 3019; x_wconf 78' lang='lat' dir='ltr'>isto</span> <span class='ocrx_word' id='word_1_523' title='bbox 3102 2983 3122 3019; x_wconf 90' lang='lat'><strong><em>:</em></strong></span> <span class='ocrx_word' id='word_1_524' title='bbox 3153 2965 3220 3019; x_wconf 89' lang='lat' dir='ltr'>Et</span> <span class='ocrx_word' id='word_1_525' title='bbox 3271 2964 3565 3037; x_wconf 88' lang='lat' dir='ltr'>quomodo</span> <span class='ocrx_word' id='word_1_526' title='bbox 3618 2969 3676 3020; x_wconf 86' lang='lat' dir='ltr'>et</span> <span class='ocrx_word' id='word_1_527' title='bbox 3725 2965 3959 3037; x_wconf 85' lang='lat' dir='ltr'>quando</span> 
     </span>
    </p>
   </div>
   <div class='ocr_carea' id='block_1_64' title="bbox 2305 3034 3958 3108">
    <p class='ocr_par' dir='ltr' id='par_1_64' title="bbox 2305 3034 3958 3108">
     <span class='ocr_line' id='line_1_66' title="bbox 2305 3034 3958 3108; baseline 0.002 -20"><span class='ocrx_word' id='word_1_528' title='bbox 2305 3034 2535 3108; x_wconf 87' lang='lat' dir='ltr'>e_xp_avit</span> <span class='ocrx_word' id='word_1_529' title='bbox 2557 3039 2597 3108; x_wconf 24' lang='lat' dir='ltr'>PA</span> <span class='ocrx_word' id='word_1_530' title='bbox 2625 3034 3247 3108; x_wconf 81' lang='lat' dir='ltr'>Indubitate,_quando</span> <span class='ocrx_word' id='word_1_531' title='bbox 3287 3034 3509 3108; x_wconf 78' lang='lat' dir='ltr'>passus</span> <span class='ocrx_word' id='word_1_532' title='bbox 3555 3039 3644 3090; x_wconf 87' lang='lat' dir='ltr'>est</span> <span class='ocrx_word' id='word_1_533' title='bbox 3689 3035 3958 3108; x_wconf 78' lang='lat' dir='ltr'>Christus</span> 
     </span>
    </p>
   </div>
   <div class='ocr_carea' id='block_1_65' title="bbox 2304 3105 3957 3178">
    <p class='ocr_par' dir='ltr' id='par_1_65' title="bbox 2304 3105 3957 3178">
     <span class='ocr_line' id='line_1_67' title="bbox 2304 3105 3957 3178; baseline 0.002 -18"><span class='ocrx_word' id='word_1_534' title='bbox 2304 3105 2650 3178; x_wconf 34' lang='lat' dir='ltr'>Et‘horruit,</span> <span class='ocrx_word' id='word_1_535' title='bbox 2700 3105 2914 3178; x_wconf 90' lang='lat' dir='ltr'>inquit,</span> <span class='ocrx_word' id='word_1_536' title='bbox 2952 3105 3274 3177; x_wconf 82' lang='lat' dir='ltr'>plurimum</span> <span class='ocrx_word' id='word_1_537' title='bbox 3296 3105 3522 3176; x_wconf 56' lang='lat' dir='ltr'>mimis,</span> <span class='ocrx_word' id='word_1_538' title='bbox 3556 3110 3613 3162; x_wconf 91' lang='lat' dir='ltr'>et</span> <span class='ocrx_word' id='word_1_539' title='bbox 3643 3107 3729 3162; x_wconf 91' lang='lat' dir='ltr'>sol</span> <span class='ocrx_word' id='word_1_540' title='bbox 3763 3108 3957 3164; x_wconf 88' lang='lat' dir='ltr'>media</span> 
     </span>
    </p>
   </div>
   <div class='ocr_carea' id='block_1_66' title="bbox 2303 3177 3952 3248">
    <p class='ocr_par' dir='ltr' id='par_1_66' title="bbox 2303 3177 3952 3248">
     <span class='ocr_line' id='line_1_68' title="bbox 2303 3177 3952 3248; baseline 0.002 -18"><span class='ocrx_word' id='word_1_541' title='bbox 2303 3177 2396 3231; x_wconf 89' lang='lat' dir='ltr'>dic</span> <span class='ocrx_word' id='word_1_542' title='bbox 2428 3177 2823 3235; x_wconf 88' lang='lat' dir='ltr'>tenebricavit.</span> <span class='ocrx_word' id='word_1_543' title='bbox 2858 3180 2930 3234; x_wconf 88' lang='lat' dir='ltr'>Et</span> <span class='ocrx_word' id='word_1_544' title='bbox 2977 3179 3212 3248; x_wconf 92' lang='lat' dir='ltr'>quando</span> <span class='ocrx_word' id='word_1_545' title='bbox 3244 3179 3473 3235; x_wconf 89' lang='lat' dir='ltr'>horruit</span> <span class='ocrx_word' id='word_1_546' title='bbox 3518 3178 3715 3246; x_wconf 89' lang='lat' dir='ltr'>nimis,</span> <span class='ocrx_word' id='word_1_547' title='bbox 3749 3179 3862 3235; x_wconf 90' lang='lat' dir='ltr'>nisi</span> <span class='ocrx_word' id='word_1_548' title='bbox 3892 3179 3952 3234; x_wconf 91' lang='lat' dir='ltr'>in</span> 
     </span>
    </p>
   </div>
   <div class='ocr_carea' id='block_1_67' title="bbox 2304 3249 4028 3307">
    <p class='ocr_par' dir='ltr' id='par_1_67' title="bbox 2304 3249 4028 3307">
     <span class='ocr_line' id='line_1_69' title="bbox 2304 3249 4028 3307; baseline 0.002 -5"><span class='ocrx_word' id='word_1_549' title='bbox 2304 3249 2580 3306; x_wconf 88' lang='lat' dir='ltr'>Passione</span> <span class='ocrx_word' id='word_1_550' title='bbox 2620 3249 2936 3306; x_wconf 77' lang='lat' dir='ltr'>Christi?»</span> <span class='ocrx_word' id='word_1_551' title='bbox 2971 3250 3173 3305; x_wconf 91' lang='lat' dir='ltr'>Simile</span> <span class='ocrx_word' id='word_1_552' title='bbox 3221 3251 3574 3307; x_wconf 89' lang='lat' dir='ltr'>miraculum</span> <span class='ocrx_word' id='word_1_553' title='bbox 3619 3251 3862 3306; x_wconf 85' lang='lat' dir='ltr'>adnotat</span> <span class='ocrx_word' id='word_1_554' title='bbox 3890 3251 3952 3306; x_wconf 87' lang='lat' dir='ltr'>in</span> <span class='ocrx_word' id='word_1_555' title='bbox 4025 3259 4028 3262; x_wconf 81' lang='grc'><strong>’</strong></span> 
     </span>
    </p>
   </div>
   <div class='ocr_carea' id='block_1_68' title="bbox 2303 3320 3952 3392">
    <p class='ocr_par' dir='ltr' id='par_1_68' title="bbox 2303 3320 3952 3392">
     <span class='ocr_line' id='line_1_70' title="bbox 2303 3320 3952 3392; baseline 0.002 -18"><span class='ocrx_word' id='word_1_556' title='bbox 2303 3320 2403 3374; x_wconf 92' lang='lat' dir='ltr'>lib.</span> <span class='ocrx_word' id='word_1_557' title='bbox 2437 3323 2515 3376; x_wconf 85' lang='lat' dir='ltr'>Ad</span> <span class='ocrx_word' id='word_1_558' title='bbox 2544 3321 2856 3392; x_wconf 81' lang='lat' dir='ltr'>Scapulam,</span> <span class='ocrx_word' id='word_1_559' title='bbox 2889 3338 3012 3390; x_wconf 83' lang='lat' dir='ltr'>cap.</span> <span class='ocrx_word' id='word_1_560' title='bbox 3047 3323 3082 3376; x_wconf 90' lang='lat'><strong>3</strong></span> <span class='ocrx_word' id='word_1_561' title='bbox 3112 3339 3124 3376; x_wconf 92' lang='lat'><strong>:</strong></span> <span class='ocrx_word' id='word_1_562' title='bbox 3152 3343 3180 3371; x_wconf 92' lang='grc'>‹‹</span> <span class='ocrx_word' id='word_1_563' title='bbox 3213 3321 3356 3377; x_wconf 88' lang='lat' dir='ltr'>Nam</span> <span class='ocrx_word' id='word_1_564' title='bbox 3391 3326 3448 3377; x_wconf 91' lang='lat' dir='ltr'>et</span> <span class='ocrx_word' id='word_1_565' title='bbox 3478 3321 3563 3376; x_wconf 89' lang='lat' dir='ltr'>sol</span> <span class='ocrx_word' id='word_1_566' title='bbox 3592 3320 3690 3376; x_wconf 91' lang='lat' dir='ltr'>ille</span> <span class='ocrx_word' id='word_1_567' title='bbox 3723 3323 3782 3376; x_wconf 91' lang='lat' dir='ltr'>in</span> <span class='ocrx_word' id='word_1_568' title='bbox 3813 3339 3952 3378; x_wconf 89' lang='lat' dir='ltr'>con-</span> 
     </span>
    </p>
   </div>
   <div class='ocr_carea' id='block_1_69' title="bbox 2302 3393 3951 3466">
    <p class='ocr_par' dir='ltr' id='par_1_69' title="bbox 2302 3393 3951 3466">
     <span class='ocr_line' id='line_1_71' title="bbox 2302 3393 3951 3466; baseline 0.002 -21"><span class='ocrx_word' id='word_1_569' title='bbox 2302 3398 2475 3447; x_wconf 87' lang='lat' dir='ltr'>ventu</span> <span class='ocrx_word' id='word_1_570' title='bbox 2509 3393 2762 3466; x_wconf 87' lang='lat' dir='ltr'>Uticensi</span> <span class='ocrx_word' id='word_1_571' title='bbox 2815 3393 3098 3448; x_wconf 88' lang='lat' dir='ltr'>exstincto</span> <span class='ocrx_word' id='word_1_572' title='bbox 3153 3409 3298 3466; x_wconf 89' lang='lat' dir='ltr'>pene</span> <span class='ocrx_word' id='word_1_573' title='bbox 3344 3394 3589 3466; x_wconf 74' lang='lat' dir='ltr'>lumine,</span> <span class='ocrx_word' id='word_1_574' title='bbox 3609 3394 3775 3466; x_wconf 78' lang='lat' dir='ltr'>adeo</span> <span class='ocrx_word' id='word_1_575' title='bbox 3814 3394 3951 3466; x_wconf 62' lang='lat' dir='ltr'>po?-</span> 
     </span>
    </p>
   </div>
   <div class='ocr_carea' id='block_1_70' title="bbox 2301 3463 3949 3538">
    <p class='ocr_par' dir='ltr' id='par_1_70' title="bbox 2301 3463 3949 3538">
     <span class='ocr_line' id='line_1_72' title="bbox 2301 3463 3949 3538; baseline 0.002 -21"><span class='ocrx_word' id='word_1_576' title='bbox 2301 3469 2526 3538; x_wconf 77' lang='lat' dir='ltr'>tentum</span> <span class='ocrx_word' id='word_1_577' title='bbox 2548 3465 2689 3538; x_wconf 21' lang='lat' dir='ltr'>Al’uit,</span> <span class='ocrx_word' id='word_1_578' title='bbox 2724 3468 2789 3538; x_wconf 87' lang='lat' dir='ltr'>ut</span> <span class='ocrx_word' id='word_1_579' title='bbox 2817 3481 2934 3538; x_wconf 88' lang='lat' dir='ltr'>non</span> <span class='ocrx_word' id='word_1_580' title='bbox 2965 3463 3218 3538; x_wconf 77' lang='lat' dir='ltr'>potuerit</span> <span class='ocrx_word' id='word_1_581' title='bbox 3254 3481 3322 3520; x_wconf 88' lang='lat' dir='ltr'>ex</span> <span class='ocrx_word' id='word_1_582' title='bbox 3365 3463 3658 3538; x_wconf 82' lang='lat' dir='ltr'>ordinario</span> <span class='ocrx_word' id='word_1_583' title='bbox 3689 3463 3949 3538; x_wconf 77' lang='lat' dir='ltr'>deliquio</span> 
     </span>
    </p>
   </div>
   <div class='ocr_carea' id='block_1_71' title="bbox 2301 3533 3945 3610">
    <p class='ocr_par' dir='ltr' id='par_1_71' title="bbox 2301 3533 3945 3610">
     <span class='ocr_line' id='line_1_73' title="bbox 2301 3533 3945 3610; baseline -0.001 -21"><span class='ocrx_word' id='word_1_584' title='bbox 2301 3533 2589 3610; x_wconf 26' lang='lat' dir='ltr'>hoc‘pati,</span> <span class='ocrx_word' id='word_1_585' title='bbox 2617 3537 2844 3610; x_wconf 88' lang='lat' dir='ltr'>positus</span> <span class='ocrx_word' id='word_1_586' title='bbox 2876 3536 2934 3591; x_wconf 92' lang='lat' dir='ltr'>in</span> <span class='ocrx_word' id='word_1_587' title='bbox 2965 3533 3072 3592; x_wconf 77' lang='lat' dir='ltr'>suo</span> <span class='ocrx_word' id='word_1_588' title='bbox 3113 3537 3460 3610; x_wconf 80' lang='lat' dir='ltr'>hypsomate</span> <span class='ocrx_word' id='word_1_589' title='bbox 3490 3542 3546 3610; x_wconf 77' lang='lat' dir='ltr'>et</span> <span class='ocrx_word' id='word_1_590' title='bbox 3577 3533 3889 3610; x_wconf 75' lang='lat' dir='ltr'>domicilio.</span> <span class='ocrx_word' id='word_1_591' title='bbox 3914 3557 3945 3588; x_wconf 72' lang='grc' dir='ltr'><strong>η</strong></span> 
     </span>
    </p>
   </div>
   <div class='ocr_carea' id='block_1_72' title="bbox 2299 3605 3944 3678">
    <p class='ocr_par' dir='ltr' id='par_1_72' title="bbox 2299 3605 3944 3678">
     <span class='ocr_line' id='line_1_74' title="bbox 2299 3605 3944 3678; baseline 0.003 -19"><span class='ocrx_word' id='word_1_592' title='bbox 2299 3605 2458 3662; x_wconf 80' lang='lat' dir='ltr'>Dixit</span> <span class='ocrx_word' id='word_1_593' title='bbox 2502 3605 2693 3664; x_wconf 68' lang='lat' dir='ltr'>orbem</span> <span class='ocrx_word' id='word_1_594' title='bbox 2744 3609 2994 3678; x_wconf 80' lang='lat' dir='ltr'>signante</span> <span class='ocrx_word' id='word_1_595' title='bbox 3037 3605 3247 3678; x_wconf 30' lang='lat' dir='ltr'>solari.</span> <span class='ocrx_word' id='word_1_596' title='bbox 3281 3624 3330 3663; x_wconf 92' lang='lat' dir='ltr'>e.</span> <span class='ocrx_word' id='word_1_597' title='bbox 3364 3607 3696 3664; x_wconf 88' lang='lat' dir='ltr'>occultante</span> <span class='ocrx_word' id='word_1_598' title='bbox 3743 3607 3944 3664; x_wconf 89' lang='lat' dir='ltr'>lumen</span> 
     </span>
    </p>
   </div>
   <div class='ocr_carea' id='block_1_73' title="bbox 2298 3679 3946 3751">
    <p class='ocr_par' dir='ltr' id='par_1_73' title="bbox 2298 3679 3946 3751">
     <span class='ocr_line' id='line_1_75' title="bbox 2298 3679 3946 3751; baseline 0.002 -19"><span class='ocrx_word' id='word_1_599' title='bbox 2298 3695 2473 3734; x_wconf 88' lang='lat' dir='ltr'>suum</span> <span class='ocrx_word' id='word_1_600' title='bbox 2504 3684 2560 3735; x_wconf 90' lang='lat' dir='ltr'>et</span> <span class='ocrx_word' id='word_1_601' title='bbox 2589 3679 2954 3750; x_wconf 86' lang='lat' dir='ltr'>obsignante.</span> <span class='ocrx_word' id='word_1_602' title='bbox 2982 3679 3127 3734; x_wconf 88' lang='lat' dir='ltr'>Nam</span> <span class='ocrx_word' id='word_1_603' title='bbox 3157 3681 3382 3748; x_wconf 81' lang='lat' dir='ltr'>signare</span> <span class='ocrx_word' id='word_1_604' title='bbox 3411 3679 3638 3751; x_wconf 90' lang='lat' dir='ltr'>antiqui</span> <span class='ocrx_word' id='word_1_605' title='bbox 3669 3679 3946 3751; x_wconf 89' lang='lat' dir='ltr'>dixerunt</span> 
     </span>
    </p>
   </div>
   <div class='ocr_carea' id='block_1_74' title="bbox 2300 3750 3940 3823">
    <p class='ocr_par' dir='ltr' id='par_1_74' title="bbox 2300 3750 3940 3823">
     <span class='ocr_line' id='line_1_76' title="bbox 2300 3750 3940 3823; baseline 0.003 -20"><span class='ocrx_word' id='word_1_606' title='bbox 2300 3767 2401 3820; x_wconf 89' lang='lat' dir='ltr'>pro</span> <span class='ocrx_word' id='word_1_607' title='bbox 2450 3751 2760 3823; x_wconf 87' lang='lat' dir='ltr'>obsignare</span> <span class='ocrx_word' id='word_1_608' title='bbox 2816 3758 2873 3806; x_wconf 89' lang='lat' dir='ltr'>et</span> <span class='ocrx_word' id='word_1_609' title='bbox 2929 3751 3240 3806; x_wconf 91' lang='lat' dir='ltr'>occultare.</span> <span class='ocrx_word' id='word_1_610' title='bbox 3274 3751 3497 3807; x_wconf 89' lang='lat' dir='ltr'>Nonius</span> <span class='ocrx_word' id='word_1_611' title='bbox 3531 3750 3601 3806; x_wconf 51' lang='grc' dir='ltr'>εἰ(</span> <span class='ocrx_word' id='word_1_612' title='bbox 3637 3750 3940 3823; x_wconf 89' lang='lat' dir='ltr'>Signatam</span> 
     </span>
    </p>
   </div>
   <div class='ocr_carea' id='block_1_75' title="bbox 2298 3823 3939 3892">
    <p class='ocr_par' dir='ltr' id='par_1_75' title="bbox 2298 3823 3939 3892">
     <span class='ocr_line' id='line_1_77' title="bbox 2298 3823 3939 3892; baseline 0.004 -18"><span class='ocrx_word' id='word_1_613' title='bbox 2298 3823 2646 3892; x_wconf 82' lang='lat' dir='ltr'>integratam</span> <span class='ocrx_word' id='word_1_614' title='bbox 2680 3824 2961 3892; x_wconf 82' lang='lat' dir='ltr'>virginem</span> <span class='ocrx_word' id='word_1_615' title='bbox 2991 3827 3253 3878; x_wconf 89' lang='lat' dir='ltr'>vetustas</span> <span class='ocrx_word' id='word_1_616' title='bbox 3285 3823 3468 3879; x_wconf 91' lang='lat' dir='ltr'>voluit</span> <span class='ocrx_word' id='word_1_617' title='bbox 3495 3823 3749 3878; x_wconf 79' lang='lat' dir='ltr'>dicere.»</span> <span class='ocrx_word' id='word_1_618' title='bbox 3776 3825 3939 3880; x_wconf 88' lang='lat' dir='ltr'>Unde</span> 
     </span>
    </p>
   </div>
   <div class='ocr_carea' id='block_1_76' title="bbox 2297 3893 3937 3965">
    <p class='ocr_par' dir='ltr' id='par_1_76' title="bbox 2297 3893 3937 3965">
     <span class='ocr_line' id='line_1_78' title="bbox 2297 3893 3937 3965; baseline 0.002 -18"><span class='ocrx_word' id='word_1_619' title='bbox 2297 3893 2440 3948; x_wconf 89' lang='lat' dir='ltr'>illud</span> <span class='ocrx_word' id='word_1_620' title='bbox 2483 3897 2644 3950; x_wconf 86' lang='lat' dir='ltr'>Cant.</span> <span class='ocrx_word' id='word_1_621' title='bbox 2678 3910 2753 3960; x_wconf 82' lang='grc' dir='ltr'>ιν,</span> <span class='ocrx_word' id='word_1_622' title='bbox 2790 3895 2855 3965; x_wconf 87' lang='grc'>12</span> <span class='ocrx_word' id='word_1_623' title='bbox 2888 3909 2902 3949; x_wconf 89' lang='lat'><strong>:</strong></span> <span class='ocrx_word' id='word_1_624' title='bbox 2936 3893 3224 3965; x_wconf 85' lang='lat' dir='ltr'>Scaturigo</span> <span class='ocrx_word' id='word_1_625' title='bbox 3267 3895 3455 3950; x_wconf 78' lang='lat' dir='ltr'>clausa</span> <span class='ocrx_word' id='word_1_626' title='bbox 3506 3910 3584 3959; x_wconf 83' lang='lat' dir='ltr'>es,</span> <span class='ocrx_word' id='word_1_627' title='bbox 3623 3897 3744 3965; x_wconf 79' lang='lat' dir='ltr'>fons</span> <span class='ocrx_word' id='word_1_628' title='bbox 3790 3895 3937 3951; x_wconf 84' lang='lat' dir='ltr'>obsi-</span> 
     </span>
    </p>
   </div>
   <div class='ocr_carea' id='block_1_77' title="bbox 2293 3964 3938 4037">
    <p class='ocr_par' dir='ltr' id='par_1_77' title="bbox 2293 3964 3938 4037">
     <span class='ocr_line' id='line_1_79' title="bbox 2293 3964 3938 4037; baseline 0.002 -18"><span class='ocrx_word' id='word_1_629' title='bbox 2293 3974 2510 4034; x_wconf 78' lang='lat' dir='ltr'>gnatas.</span> <span class='ocrx_word' id='word_1_630' title='bbox 2547 3967 2663 4021; x_wconf 89' lang='lat' dir='ltr'>lmo</span> <span class='ocrx_word' id='word_1_631' title='bbox 2694 3968 2763 4020; x_wconf 91' lang='lat' dir='ltr'>de</span> <span class='ocrx_word' id='word_1_632' title='bbox 2793 3964 2921 4036; x_wconf 88' lang='lat' dir='ltr'>ipsa</span> <span class='ocrx_word' id='word_1_633' title='bbox 2956 3965 3084 4020; x_wconf 91' lang='lat' dir='ltr'>luce</span> <span class='ocrx_word' id='word_1_634' title='bbox 3127 3964 3444 4022; x_wconf 82' lang='lat' dir='ltr'>caelestium</span> <span class='ocrx_word' id='word_1_635' title='bbox 3477 3964 3807 4037; x_wconf 88' lang='lat' dir='ltr'>globOrum,</span> <span class='ocrx_word' id='word_1_636' title='bbox 3840 3981 3938 4022; x_wconf 88' lang='lat' dir='ltr'>ex-</span> 
     </span>
    </p>
   </div>
   <div class='ocr_carea' id='block_1_78' title="bbox 2295 4036 3938 4110">
    <p class='ocr_par' dir='ltr' id='par_1_78' title="bbox 2295 4036 3938 4110">
     <span class='ocr_line' id='line_1_80' title="bbox 2295 4036 3938 4110; baseline 0.001 -18"><span class='ocrx_word' id='word_1_637' title='bbox 2295 4043 2413 4110; x_wconf 83' lang='lat' dir='ltr'>stat</span> <span class='ocrx_word' id='word_1_638' title='bbox 2456 4038 2587 4110; x_wconf 83' lang='lat' dir='ltr'>haec</span> <span class='ocrx_word' id='word_1_639' title='bbox 2643 4037 2858 4093; x_wconf 86' lang='lat' dir='ltr'>locutio</span> <span class='ocrx_word' id='word_1_640' title='bbox 2908 4039 3060 4108; x_wconf 89' lang='lat' dir='ltr'>apud</span> <span class='ocrx_word' id='word_1_641' title='bbox 3104 4037 3316 4092; x_wconf 86' lang='lat' dir='ltr'>Jobum</span> <span class='ocrx_word' id='word_1_642' title='bbox 3363 4056 3440 4105; x_wconf 84' lang='lat' dir='ltr'>1x,</span> <span class='ocrx_word' id='word_1_643' title='bbox 3470 4036 3526 4105; x_wconf 85' lang='lat'>7,</span> <span class='ocrx_word' id='word_1_644' title='bbox 3558 4036 3790 4110; x_wconf 79' lang='lat' dir='ltr'>deDeo</span> <span class='ocrx_word' id='word_1_645' title='bbox 3835 4038 3938 4110; x_wconf 90' lang='lat' dir='ltr'>qui</span> 
     </span>
    </p>
   </div>
   <div class='ocr_carea' id='block_1_79' title="bbox 540 4103 3936 4189">
    <p class='ocr_par' dir='ltr' id='par_1_79' title="bbox 540 4103 3936 4189">
     <span class='ocr_line' id='line_1_81' title="bbox 540 4103 3936 4189; baseline 0.001 -27"><span class='ocrx_word' id='word_1_646' title='bbox 540 4104 841 4189; x_wconf 74' lang='lat' dir='ltr'>exigendis</span> <span class='ocrx_word' id='word_1_647' title='bbox 872 4103 1129 4188; x_wconf 78' lang='lat' dir='ltr'>tributis,</span> <span class='ocrx_word' id='word_1_648' title='bbox 1162 4111 1231 4189; x_wconf 40' lang='lat' dir='ltr'>et.</span> <span class='ocrx_word' id='word_1_649' title='bbox 1258 4109 1442 4179; x_wconf 82' lang='lat' dir='ltr'>pactis</span> <span class='ocrx_word' id='word_1_650' title='bbox 1485 4103 1619 4189; x_wconf 78' lang='lat' dir='ltr'>cum</span> <span class='ocrx_word' id='word_1_651' title='bbox 1657 4103 1838 4189; x_wconf 70' lang='lat' dir='ltr'>_R_om._</span> <span class='ocrx_word' id='word_1_652' title='bbox 1852 4108 2182 4189; x_wconf 64' lang='lat' dir='ltr'>foederibus</span> <span class='ocrx_word' id='word_1_653' title='bbox 2213 4113 2256 4182; x_wconf 74' lang='grc' dir='ltr'>α</span> <span class='ocrx_word' id='word_1_654' title='bbox 2294 4108 2408 4165; x_wconf 90' lang='lat' dir='ltr'>Soli</span> <span class='ocrx_word' id='word_1_655' title='bbox 2428 4109 2702 4189; x_wconf 62' lang='lat' dir='ltr'>datjassa</span> <span class='ocrx_word' id='word_1_656' title='bbox 2732 4125 2853 4189; x_wconf 72' lang='lat' dir='ltr'>sua,</span> <span class='ocrx_word' id='word_1_657' title='bbox 2879 4103 2978 4189; x_wconf 75' lang='lat' dir='ltr'>nec</span> <span class='ocrx_word' id='word_1_658' title='bbox 3001 4111 3198 4189; x_wconf 84' lang='lat' dir='ltr'>o_ril_ur,</span> <span class='ocrx_word' id='word_1_659' title='bbox 3220 4103 3731 4189; x_wconf 29' lang='lat' dir='ltr'>signatq&#39;ue&#39;slellas.</span> <span class='ocrx_word' id='word_1_660' title='bbox 3757 4103 3936 4182; x_wconf 69' lang='lat' dir='ltr'>Cujus</span> 
     </span>
    </p>
   </div>
   <div class='ocr_carea' id='block_1_80' title="bbox 539 4175 2180 4252">
    <p class='ocr_par' dir='ltr' id='par_1_80' title="bbox 539 4175 2180 4252">
     <span class='ocr_line' id='line_1_82' title="bbox 539 4175 2180 4252; baseline 0.001 -18"><span class='ocrx_word' id='word_1_661' title='bbox 539 4175 870 4252; x_wconf 74' lang='lat' dir='ltr'>servandis,</span> <span class='ocrx_word' id='word_1_662' title='bbox 895 4176 1010 4231; x_wconf 88' lang='lat' dir='ltr'>sive</span> <span class='ocrx_word' id='word_1_663' title='bbox 1042 4178 1099 4232; x_wconf 91' lang='lat' dir='ltr'>in</span> <span class='ocrx_word' id='word_1_664' title='bbox 1133 4175 1470 4236; x_wconf 74' lang='lat' dir='ltr'>universum</span> <span class='ocrx_word' id='word_1_665' title='bbox 1513 4180 2012 4252; x_wconf 88' lang='lat' dir='ltr'>inspiciendis,ne</span> <span class='ocrx_word' id='word_1_666' title='bbox 2041 4181 2180 4251; x_wconf 91' lang='lat' dir='ltr'>quid</span> 
     </span>
    </p>
   </div>
   <div class='ocr_carea' id='block_1_81' title="bbox 537 4249 2180 4321">
    <p class='ocr_par' dir='ltr' id='par_1_81' title="bbox 537 4249 2180 4321">
     <span class='ocr_line' id='line_1_83' title="bbox 537 4249 2180 4321; baseline 0.001 -16"><span class='ocrx_word' id='word_1_667' title='bbox 537 4249 871 4305; x_wconf 88' lang='lat' dir='ltr'>detrimenti</span> <span class='ocrx_word' id='word_1_668' title='bbox 922 4265 1075 4319; x_wconf 90' lang='lat' dir='ltr'>resp.</span> <span class='ocrx_word' id='word_1_669' title='bbox 1113 4257 1360 4321; x_wconf 88' lang='lat' dir='ltr'>caperet.</span> <span class='ocrx_word' id='word_1_670' title='bbox 1405 4253 1496 4308; x_wconf 75' lang='lat' dir='ltr'>sic</span> <span class='ocrx_word' id='word_1_671' title='bbox 1539 4249 1691 4309; x_wconf 81' lang='lat' dir='ltr'>inter</span> <span class='ocrx_word' id='word_1_672' title='bbox 1735 4252 1868 4308; x_wconf 89' lang='lat' dir='ltr'>illos</span> <span class='ocrx_word' id='word_1_673' title='bbox 1913 4249 2180 4308; x_wconf 71' lang='lat' dir='ltr'>Judaeam</span> 
     </span>
    </p>
   </div>
   <div class='ocr_carea' id='block_1_82' title="bbox 534 4321 2179 4396">
    <p class='ocr_par' dir='ltr' id='par_1_82' title="bbox 534 4321 2179 4396">
     <span class='ocr_line' id='line_1_84' title="bbox 534 4321 2179 4396; baseline 0.002 -19"><span class='ocrx_word' id='word_1_674' title='bbox 534 4322 778 4378; x_wconf 88' lang='lat' dir='ltr'>sortitus</span> <span class='ocrx_word' id='word_1_675' title='bbox 806 4321 895 4396; x_wconf 84' lang='lat' dir='ltr'>est</span> <span class='ocrx_word' id='word_1_676' title='bbox 945 4326 1167 4392; x_wconf 88' lang='lat' dir='ltr'>partem</span> <span class='ocrx_word' id='word_1_677' title='bbox 1199 4325 1372 4396; x_wconf 74' lang='lat' dir='ltr'>Syriae</span> <span class='ocrx_word' id='word_1_678' title='bbox 1416 4325 1653 4381; x_wconf 91' lang='lat' dir='ltr'>Pontius</span> <span class='ocrx_word' id='word_1_679' title='bbox 1700 4325 1926 4380; x_wconf 90' lang='lat' dir='ltr'>Pilatus</span> <span class='ocrx_word' id='word_1_680' title='bbox 1956 4327 2020 4378; x_wconf 93' lang='lat' dir='ltr'>ut</span> <span class='ocrx_word' id='word_1_681' title='bbox 2049 4340 2179 4381; x_wconf 88' lang='lat' dir='ltr'>eam</span> 
     </span>
    </p>
   </div>
   <div class='ocr_carea' id='block_1_83' title="bbox 531 4395 1961 4466">
    <p class='ocr_par' dir='ltr' id='par_1_83' title="bbox 531 4395 1961 4466">
     <span class='ocr_line' id='line_1_85' title="bbox 531 4395 1961 4466; baseline -0.001 -17"><span class='ocrx_word' id='word_1_682' title='bbox 531 4395 888 4466; x_wconf 89' lang='lat' dir='ltr'>procuraret.</span> <span class='ocrx_word' id='word_1_683' title='bbox 981 4464 987 4466; x_wconf 19' lang='grc' dir='ltr'><em>Α</em></span> <span class='ocrx_word' id='word_1_684' title='bbox 1214 4465 1219 4466; x_wconf 13' lang='grc' dir='ltr'><em>γ</em></span> <span class='ocrx_word' id='word_1_685' title='bbox 1246 4395 1253 4466; x_wconf 64' lang='grc' dir='ltr'><strong>ξ</strong></span> <span class='ocrx_word' id='word_1_686' title='bbox 1768 4465 1773 4466; x_wconf 14' lang='grc' dir='ltr'>ί</span> <span class='ocrx_word' id='word_1_687' title='bbox 1823 4396 1961 4450; x_wconf 75' lang='grc' dir='ltr'>ΗΑν.</span> 
     </span>
    </p>
   </div>
   <div class='ocr_carea' id='block_1_84' title="bbox 599 4464 2176 4539">
    <p class='ocr_par' dir='ltr' id='par_1_84' title="bbox 599 4464 2176 4539">
     <span class='ocr_line' id='line_1_86' title="bbox 599 4464 2176 4539; baseline 0.001 -19"><span class='ocrx_word' id='word_1_688' title='bbox 599 4466 710 4539; x_wconf 67' lang='lat'>(95)</span> <span class='ocrx_word' id='word_1_689' title='bbox 743 4464 1022 4539; x_wconf 73' lang='lat' dir='ltr'>P_rasvento</span> <span class='ocrx_word' id='word_1_690' title='bbox 1053 4465 1339 4539; x_wconf 73' lang='lat' dir='ltr'>carniﬁcis</span> <span class='ocrx_word' id='word_1_691' title='bbox 1370 4467 1574 4536; x_wconf 84' lang='lat' dir='ltr'>ofﬁcio.</span> <span class='ocrx_word' id='word_1_692' title='bbox 1609 4467 1733 4522; x_wconf 90' lang='lat' dir='ltr'>Duo</span> <span class='ocrx_word' id='word_1_693' title='bbox 1766 4465 2176 4539; x_wconf 81' lang='lat' dir='ltr'>locaappone-</span> 
     </span>
    </p>
   </div>
   <div class='ocr_carea' id='block_1_85' title="bbox 525 4536 2175 4608">
    <p class='ocr_par' dir='ltr' id='par_1_85' title="bbox 525 4536 2175 4608">
     <span class='ocr_line' id='line_1_87' title="bbox 525 4536 2175 4608; baseline 0 -15"><span class='ocrx_word' id='word_1_694' title='bbox 525 4554 586 4593; x_wconf 91' lang='lat' dir='ltr'>re</span> <span class='ocrx_word' id='word_1_695' title='bbox 607 4536 755 4593; x_wconf 84' lang='lat' dir='ltr'>libet</span> <span class='ocrx_word' id='word_1_696' title='bbox 785 4537 903 4608; x_wconf 77' lang='lat' dir='ltr'>haec</span> <span class='ocrx_word' id='word_1_697' title='bbox 951 4536 1203 4591; x_wconf 88' lang='lat' dir='ltr'>maxime</span> <span class='ocrx_word' id='word_1_698' title='bbox 1257 4536 1634 4600; x_wconf 85' lang='lat' dir='ltr'>illustrantia.</span> <span class='ocrx_word' id='word_1_699' title='bbox 1655 4537 1917 4594; x_wconf 82' lang='lat' dir='ltr'>Suetonii</span> <span class='ocrx_word' id='word_1_700' title='bbox 1963 4536 2175 4608; x_wconf 87' lang='lat' dir='ltr'>unum,</span> 
     </span>
    </p>
   </div>
   <div class='ocr_carea' id='block_1_86' title="bbox 507 4607 2172 4667">
    <p class='ocr_par' dir='ltr' id='par_1_86' title="bbox 507 4607 2172 4667">
     <span class='ocr_line' id='line_1_88' title="bbox 507 4607 2172 4667; baseline 0.001 -4"><span class='ocrx_word' id='word_1_701' title='bbox 507 4609 754 4664; x_wconf 61' lang='lat' dir='ltr'>~Senecas</span> <span class='ocrx_word' id='word_1_702' title='bbox 794 4607 1062 4662; x_wconf 89' lang='lat' dir='ltr'>alterum.</span> <span class='ocrx_word' id='word_1_703' title='bbox 1101 4608 1159 4662; x_wconf 90' lang='lat' dir='ltr'>ln</span> <span class='ocrx_word' id='word_1_704' title='bbox 1217 4609 1332 4663; x_wconf 87' lang='lat' dir='ltr'>Vita</span> <span class='ocrx_word' id='word_1_705' title='bbox 1382 4611 1586 4667; x_wconf 80' lang='lat' dir='ltr'>Tiberii</span> <span class='ocrx_word' id='word_1_706' title='bbox 1611 4627 1662 4666; x_wconf 81' lang='grc' dir='ltr'>ο.</span> <span class='ocrx_word' id='word_1_707' title='bbox 1699 4611 1759 4665; x_wconf 91' lang='grc'>61</span> <span class='ocrx_word' id='word_1_708' title='bbox 1797 4627 1865 4665; x_wconf 87' lang='lat'>:«</span> <span class='ocrx_word' id='word_1_709' title='bbox 1901 4609 2042 4665; x_wconf 91' lang='lat' dir='ltr'>Mori</span> <span class='ocrx_word' id='word_1_710' title='bbox 2075 4607 2172 4664; x_wconf 51' lang='lat' dir='ltr'>vo;</span> 
     </span>
    </p>
   </div>
   <div class='ocr_carea' id='block_1_87' title="bbox 518 4677 2171 4738">
    <p class='ocr_par' dir='ltr' id='par_1_87' title="bbox 518 4677 2171 4738">
     <span class='ocr_line' id='line_1_89' title="bbox 518 4677 2171 4738; baseline 0.003 -5"><span class='ocrx_word' id='word_1_711' title='bbox 518 4678 782 4736; x_wconf 90' lang='lat' dir='ltr'>lentibus</span> <span class='ocrx_word' id='word_1_712' title='bbox 828 4679 913 4731; x_wconf 81' lang='lat' dir='ltr'>vis</span> <span class='ocrx_word' id='word_1_713' title='bbox 961 4677 1224 4733; x_wconf 88' lang='lat' dir='ltr'>adhibita</span> <span class='ocrx_word' id='word_1_714' title='bbox 1254 4681 1501 4736; x_wconf 88' lang='lat' dir='ltr'>vivendi.</span> <span class='ocrx_word' id='word_1_715' title='bbox 1534 4683 1679 4737; x_wconf 91' lang='lat' dir='ltr'>Nam</span> <span class='ocrx_word' id='word_1_716' title='bbox 1731 4686 1974 4737; x_wconf 90' lang='lat' dir='ltr'>mortem</span> <span class='ocrx_word' id='word_1_717' title='bbox 2027 4682 2171 4738; x_wconf 89' lang='lat' dir='ltr'>adeo</span> 
     </span>
    </p>
   </div>
   <div class='ocr_carea' id='block_1_88' title="bbox 522 4749 2172 4820">
    <p class='ocr_par' dir='ltr' id='par_1_88' title="bbox 522 4749 2172 4820">
     <span class='ocr_line' id='line_1_90' title="bbox 522 4749 2172 4820; baseline 0.004 -17"><span class='ocrx_word' id='word_1_718' title='bbox 522 4751 645 4806; x_wconf 87' lang='lat' dir='ltr'>leve</span> <span class='ocrx_word' id='word_1_719' title='bbox 672 4749 1028 4820; x_wconf 83' lang='lat' dir='ltr'>supplicium</span> <span class='ocrx_word' id='word_1_720' title='bbox 1062 4751 1321 4819; x_wconf 84' lang='lat' dir='ltr'>putabat,</span> <span class='ocrx_word' id='word_1_721' title='bbox 1347 4759 1414 4806; x_wconf 89' lang='lat' dir='ltr'>ut</span> <span class='ocrx_word' id='word_1_722' title='bbox 1443 4770 1574 4808; x_wconf 90' lang='lat' dir='ltr'>cum</span> <span class='ocrx_word' id='word_1_723' title='bbox 1608 4753 2072 4809; x_wconf 87' lang='lat' dir='ltr'>audissetunum</span> <span class='ocrx_word' id='word_1_724' title='bbox 2103 4769 2172 4809; x_wconf 85' lang='lat' dir='ltr'>ex</span> 
     </span>
    </p>
   </div>
   <div class='ocr_carea' id='block_1_89' title="bbox 521 4820 2166 4895">
    <p class='ocr_par' dir='ltr' id='par_1_89' title="bbox 521 4820 2166 4895">
     <span class='ocr_line' id='line_1_91' title="bbox 521 4820 2166 4895; baseline 0.002 -18"><span class='ocrx_word' id='word_1_725' title='bbox 521 4823 633 4895; x_wconf 81' lang='lat' dir='ltr'>eis,</span> <span class='ocrx_word' id='word_1_726' title='bbox 651 4820 984 4895; x_wconf 80' lang='lat' dir='ltr'>Carnalium</span> <span class='ocrx_word' id='word_1_727' title='bbox 1025 4821 1280 4886; x_wconf 86' lang='lat' dir='ltr'>nomine,</span> <span class='ocrx_word' id='word_1_728' title='bbox 1316 4824 1664 4895; x_wconf 81' lang='lat' dir='ltr'>anticipasse</span> <span class='ocrx_word' id='word_1_729' title='bbox 1695 4841 1845 4893; x_wconf 85' lang='lat' dir='ltr'>eam,</span> <span class='ocrx_word' id='word_1_730' title='bbox 1879 4823 2166 4880; x_wconf 88' lang='lat' dir='ltr'>exclama-</span> 
     </span>
    </p>
   </div>
   <div class='ocr_carea' id='block_1_90' title="bbox 519 4891 2164 4963">
    <p class='ocr_par' dir='ltr' id='par_1_90' title="bbox 519 4891 2164 4963">
     <span class='ocr_line' id='line_1_92' title="bbox 519 4891 2164 4963; baseline 0.001 -14"><span class='ocrx_word' id='word_1_731' title='bbox 519 4894 684 4962; x_wconf 83' lang='lat' dir='ltr'>verit,</span> <span class='ocrx_word' id='word_1_732' title='bbox 711 4891 1015 4950; x_wconf 88' lang='lat' dir='ltr'>Carnalius</span> <span class='ocrx_word' id='word_1_733' title='bbox 1065 4908 1156 4948; x_wconf 91' lang='lat' dir='ltr'>me</span> <span class='ocrx_word' id='word_1_734' title='bbox 1205 4895 1401 4950; x_wconf 87' lang='lat' dir='ltr'>evasit.</span> <span class='ocrx_word' id='word_1_735' title='bbox 1435 4918 1462 4945; x_wconf 85' lang='lat'>»</span> <span class='ocrx_word' id='word_1_736' title='bbox 1492 4891 1730 4963; x_wconf 80' lang='lat' dir='ltr'>Seneca,</span> <span class='ocrx_word' id='word_1_737' title='bbox 1761 4891 1841 4952; x_wconf 16' lang='lat' dir='ltr'>ad»</span> <span class='ocrx_word' id='word_1_738' title='bbox 1865 4896 2164 4963; x_wconf 89' lang='lat' dir='ltr'>Marciam,</span> 
     </span>
    </p>
   </div>
   <div class='ocr_carea' id='block_1_91' title="bbox 522 4964 2164 5044">
    <p class='ocr_par' dir='ltr' id='par_1_91' title="bbox 522 4964 2164 5044">
     <span class='ocr_line' id='line_1_93' title="bbox 522 4964 2164 5044; baseline 0.001 -22"><span class='ocrx_word' id='word_1_739' title='bbox 522 4967 792 5044; x_wconf 36' lang='lat' dir='ltr'>c..22_de</span> <span class='ocrx_word' id='word_1_740' title='bbox 818 4967 1004 5044; x_wconf 39' lang='lat' dir='ltr'>.patre</span> <span class='ocrx_word' id='word_1_741' title='bbox 1062 4965 1189 5044; x_wconf 80' lang='lat' dir='ltr'>ejus</span> <span class='ocrx_word' id='word_1_742' title='bbox 1229 4964 1524 5044; x_wconf 81' lang='lat' dir='ltr'>Cremutio</span> <span class='ocrx_word' id='word_1_743' title='bbox 1554 4970 1759 5034; x_wconf 90' lang='lat' dir='ltr'>Cordo,</span> <span class='ocrx_word' id='word_1_744' title='bbox 1793 4969 1902 5044; x_wconf 85' lang='lat' dir='ltr'>sub</span> <span class='ocrx_word' id='word_1_745' title='bbox 1960 4969 2164 5044; x_wconf 83' lang='lat' dir='ltr'>eodem</span> 
     </span>
    </p>
   </div>
   <div class='ocr_carea' id='block_1_92' title="bbox 520 5036 2162 5112">
    <p class='ocr_par' dir='ltr' id='par_1_92' title="bbox 520 5036 2162 5112">
     <span class='ocr_line' id='line_1_94' title="bbox 520 5036 2162 5112; baseline 0.001 -20"><span class='ocrx_word' id='word_1_746' title='bbox 520 5037 784 5109; x_wconf 89' lang='lat' dir='ltr'>principe</span> <span class='ocrx_word' id='word_1_747' title='bbox 815 5036 1010 5112; x_wconf 77' lang='lat' dir='ltr'>inedia</span> <span class='ocrx_word' id='word_1_748' title='bbox 1040 5037 1186 5091; x_wconf 89' lang='lat' dir='ltr'>mori</span> <span class='ocrx_word' id='word_1_749' title='bbox 1217 5043 1392 5105; x_wconf 90' lang='lat' dir='ltr'>certo,</span> <span class='ocrx_word' id='word_1_750' title='bbox 1435 5057 1504 5095; x_wconf 89' lang='lat' dir='ltr'>ne</span> <span class='ocrx_word' id='word_1_751' title='bbox 1546 5057 1680 5097; x_wconf 89' lang='lat' dir='ltr'>reus</span> <span class='ocrx_word' id='word_1_752' title='bbox 1711 5041 1924 5112; x_wconf 85' lang='lat' dir='ltr'>periret</span> <span class='ocrx_word' id='word_1_753' title='bbox 1956 5056 1969 5094; x_wconf 92' lang='lat'><strong>:</strong></span> <span class='ocrx_word' id='word_1_754' title='bbox 1996 5063 2024 5091; x_wconf 85' lang='lat'><strong><em>«</em></strong></span> <span class='ocrx_word' id='word_1_755' title='bbox 2057 5042 2162 5112; x_wconf 87' lang='lat' dir='ltr'>Ac-</span> 
     </span>
    </p>
   </div>
   <div class='ocr_carea' id='block_1_93' title="bbox 517 5109 2160 5174">
    <p class='ocr_par' dir='ltr' id='par_1_93' title="bbox 517 5109 2160 5174">
     <span class='ocr_line' id='line_1_95' title="bbox 517 5109 2160 5174; baseline 0.001 -10"><span class='ocrx_word' id='word_1_756' title='bbox 517 5115 840 5172; x_wconf 87' lang='lat' dir='ltr'>cusatores,</span> <span class='ocrx_word' id='word_1_757' title='bbox 871 5109 1078 5174; x_wconf 79' lang='lat' dir='ltr'>Sejano</span> <span class='ocrx_word' id='word_1_758' title='bbox 1127 5114 1382 5170; x_wconf 89' lang='lat' dir='ltr'>auctore.</span> <span class='ocrx_word' id='word_1_759' title='bbox 1427 5113 1647 5168; x_wconf 75' lang='lat' dir='ltr'>adeunt</span> <span class='ocrx_word' id='word_1_760' title='bbox 1695 5109 2006 5167; x_wconf 76' lang='lat' dir='ltr'>consulum</span> <span class='ocrx_word' id='word_1_761' title='bbox 2053 5111 2160 5166; x_wconf 89' lang='lat' dir='ltr'>tri-</span> 
     </span>
    </p>
   </div>
   <div class='ocr_carea' id='block_1_94' title="bbox 2293 4180 3478 4252">
    <p class='ocr_par' dir='ltr' id='par_1_94' title="bbox 2293 4180 3478 4252">
     <span class='ocr_line' id='line_1_96' title="bbox 2293 4180 3478 4252; baseline 0 -16"><span class='ocrx_word' id='word_1_762' title='bbox 2293 4198 2397 4252; x_wconf 89' lang='lat' dir='ltr'>ego</span> <span class='ocrx_word' id='word_1_763' title='bbox 2428 4180 2659 4237; x_wconf 86' lang='lat' dir='ltr'>locihie</span> <span class='ocrx_word' id='word_1_764' title='bbox 2696 4180 2904 4250; x_wconf 91' lang='lat' dir='ltr'>respici</span> <span class='ocrx_word' id='word_1_765' title='bbox 2940 4186 3075 4251; x_wconf 90' lang='lat' dir='ltr'>puto</span> <span class='ocrx_word' id='word_1_766' title='bbox 3107 4181 3478 4243; x_wconf 87' lang='lat' dir='ltr'>locutionem.</span> 
     </span>
    </p>
   </div>
   <div class='ocr_carea' id='block_1_95' title="bbox 2360 4252 3932 4324">
    <p class='ocr_par' dir='ltr' id='par_1_95' title="bbox 2360 4252 3932 4324">
     <span class='ocr_line' id='line_1_97' title="bbox 2360 4252 3932 4324; baseline -0.001 -17"><span class='ocrx_word' id='word_1_767' title='bbox 2360 4253 2472 4322; x_wconf 89' lang='lat'>(97)</span> <span class='ocrx_word' id='word_1_768' title='bbox 2502 4254 2818 4324; x_wconf 85' lang='lat' dir='ltr'>Deliquium</span> <span class='ocrx_word' id='word_1_769' title='bbox 2847 4254 3036 4322; x_wconf 82' lang='lat' dir='ltr'>utique</span> <span class='ocrx_word' id='word_1_770' title='bbox 3062 4256 3411 4324; x_wconf 84' lang='lat' dir='ltr'>putaverunt.</span> <span class='ocrx_word' id='word_1_771' title='bbox 3437 4252 3688 4322; x_wconf 88' lang='lat' dir='ltr'>Phlegon</span> <span class='ocrx_word' id='word_1_772' title='bbox 3721 4267 3932 4324; x_wconf 86' lang='lat' dir='ltr'>nempe</span> 
     </span>
    </p>
   </div>
   <div class='ocr_carea' id='block_1_96' title="bbox 2287 4270 3929 4405">
    <p class='ocr_par' dir='ltr' id='par_1_96' title="bbox 2287 4270 3929 4405">
     <span class='ocr_line' id='line_1_98' title="bbox 2360 4270 3929 4378; baseline -0.001 -71"><span class='ocrx_word' id='word_1_773' title='bbox 2360 4270 2472 4322; x_wconf 70' lang='grc' dir='ltr'>(ω)</span> <span class='ocrx_word' id='word_1_774' title='bbox 2502 4270 2818 4324; x_wconf 80' lang='lat' dir='ltr'>uetiqutum</span> <span class='ocrx_word' id='word_1_775' title='bbox 2847 4270 3036 4322; x_wconf 75' lang='lat' dir='ltr'>utique</span> <span class='ocrx_word' id='word_1_776' title='bbox 3059 4270 3411 4378; x_wconf 56' lang='lat' dir='ltr'>gutaverum.</span> <span class='ocrx_word' id='word_1_777' title='bbox 3437 4270 3688 4322; x_wconf 69' lang='lat' dir='ltr'>Phlegon</span> <span class='ocrx_word' id='word_1_778' title='bbox 3721 4270 3929 4322; x_wconf 89' lang='lat' dir='ltr'>nempe</span> 
     </span>
     <span class='ocr_line' id='line_1_99' title="bbox 2287 4322 3929 4405; baseline 0 -27"><span class='ocrx_word' id='word_1_779' title='bbox 2287 4325 2344 4378; x_wconf 88' lang='lat' dir='ltr'>et</span> <span class='ocrx_word' id='word_1_780' title='bbox 2391 4325 2658 4405; x_wconf 76' lang='lat' dir='ltr'>Thallus,</span> <span class='ocrx_word' id='word_1_781' title='bbox 2708 4325 2977 4405; x_wconf 72' lang='lat' dir='ltr'>insignes</span> <span class='ocrx_word' id='word_1_782' title='bbox 3019 4340 3054 4405; x_wconf 66' lang='grc' dir='ltr'>ρ</span> <span class='ocrx_word' id='word_1_783' title='bbox 3103 4325 3383 4405; x_wconf 62' lang='lat' dir='ltr'>ronqlogi,</span> <span class='ocrx_word' id='word_1_784' title='bbox 3421 4322 3929 4405; x_wconf 47' lang='lat' dir='ltr'>quorumhprioris</span> 
     </span>
    </p>
   </div>
   <div class='ocr_carea' id='block_1_97' title="bbox 2287 4393 3934 4464">
    <p class='ocr_par' dir='ltr' id='par_1_97' title="bbox 2287 4393 3934 4464">
     <span class='ocr_line' id='line_1_100' title="bbox 2287 4393 3934 4464; baseline 0 -14"><span class='ocrx_word' id='word_1_785' title='bbox 2287 4397 2523 4452; x_wconf 90' lang='lat' dir='ltr'>nomine</span> <span class='ocrx_word' id='word_1_786' title='bbox 2569 4402 2624 4452; x_wconf 90' lang='lat' dir='ltr'>et</span> <span class='ocrx_word' id='word_1_787' title='bbox 2671 4396 2865 4450; x_wconf 89' lang='lat' dir='ltr'>studio</span> <span class='ocrx_word' id='word_1_788' title='bbox 2898 4395 3188 4450; x_wconf 78' lang='lat' dir='ltr'>Adrianus</span> <span class='ocrx_word' id='word_1_789' title='bbox 3220 4393 3549 4461; x_wconf 41' lang='lat' dir='ltr'>Caesam—vir</span> <span class='ocrx_word' id='word_1_790' title='bbox 3577 4393 3934 4464; x_wconf 91' lang='lat' dir='ltr'>multiscius,</span> 
     </span>
    </p>
   </div>
   <div class='ocr_carea' id='block_1_98' title="bbox 2287 4465 3936 4537">
    <p class='ocr_par' dir='ltr' id='par_1_98' title="bbox 2287 4465 3936 4537">
     <span class='ocr_line' id='line_1_101' title="bbox 2287 4465 3936 4537; baseline 0.001 -17"><span class='ocrx_word' id='word_1_791' title='bbox 2287 4483 2430 4522; x_wconf 90' lang='lat' dir='ltr'>usus</span> <span class='ocrx_word' id='word_1_792' title='bbox 2462 4469 2720 4522; x_wconf 89' lang='lat' dir='ltr'>creditur</span> <span class='ocrx_word' id='word_1_793' title='bbox 2749 4467 2805 4521; x_wconf 91' lang='lat' dir='ltr'>in</span> <span class='ocrx_word' id='word_1_794' title='bbox 2832 4467 2956 4522; x_wconf 89' lang='lat' dir='ltr'>suis</span> <span class='ocrx_word' id='word_1_795' title='bbox 2988 4466 3381 4537; x_wconf 88' lang='lat' dir='ltr'>publicandis.</span> <span class='ocrx_word' id='word_1_796' title='bbox 3405 4465 3768 4523; x_wconf 87' lang='lat' dir='ltr'>Testimonia</span> <span class='ocrx_word' id='word_1_797' title='bbox 3799 4470 3936 4522; x_wconf 86' lang='lat' dir='ltr'>nota</span> 
     </span>
    </p>
   </div>
   <div class='ocr_carea' id='block_1_99' title="bbox 2286 4537 3929 4610">
    <p class='ocr_par' dir='ltr' id='par_1_99' title="bbox 2286 4537 3929 4610">
     <span class='ocr_line' id='line_1_102' title="bbox 2286 4537 3929 4610; baseline 0.001 -17"><span class='ocrx_word' id='word_1_798' title='bbox 2286 4544 2446 4606; x_wconf 88' lang='lat' dir='ltr'>sunt,</span> <span class='ocrx_word' id='word_1_799' title='bbox 2472 4545 2528 4596; x_wconf 91' lang='lat' dir='ltr'>et</span> <span class='ocrx_word' id='word_1_800' title='bbox 2558 4539 2735 4610; x_wconf 88' lang='lat' dir='ltr'>digna</span> <span class='ocrx_word' id='word_1_801' title='bbox 2755 4555 2884 4610; x_wconf 64' lang='lat' dir='ltr'>qua;</span> <span class='ocrx_word' id='word_1_802' title='bbox 2905 4537 3177 4609; x_wconf 87' lang='lat' dir='ltr'>legantur</span> <span class='ocrx_word' id='word_1_803' title='bbox 3198 4540 3350 4608; x_wconf 91' lang='lat' dir='ltr'>apud</span> <span class='ocrx_word' id='word_1_804' title='bbox 3378 4537 3692 4610; x_wconf 87' lang='lat' dir='ltr'>Eusebium</span> <span class='ocrx_word' id='word_1_805' title='bbox 3715 4537 3929 4594; x_wconf 83' lang='lat' dir='ltr'>Chron.</span> 
     </span>
    </p>
   </div>
   <div class='ocr_carea' id='block_1_100' title="bbox 2281 4609 3933 4753">
    <p class='ocr_par' dir='ltr' id='par_1_100' title="bbox 2281 4609 3933 4753">
     <span class='ocr_line' id='line_1_103' title="bbox 2284 4609 3933 4683; baseline 0.001 -19"><span class='ocrx_word' id='word_1_806' title='bbox 2284 4627 2339 4682; x_wconf 92' lang='lat' dir='ltr'>p.</span> <span class='ocrx_word' id='word_1_807' title='bbox 2373 4613 2496 4668; x_wconf 83' lang='lat'>202.</span> <span class='ocrx_word' id='word_1_808' title='bbox 2533 4609 2856 4682; x_wconf 21' lang='lat' dir='ltr'>Deiquib’us</span> <span class='ocrx_word' id='word_1_809' title='bbox 2897 4609 3252 4667; x_wconf 87' lang='lat' dir='ltr'>testimoniis</span> <span class='ocrx_word' id='word_1_810' title='bbox 3299 4616 3355 4667; x_wconf 88' lang='lat' dir='ltr'>et</span> <span class='ocrx_word' id='word_1_811' title='bbox 3404 4612 3582 4683; x_wconf 89' lang='lat' dir='ltr'>hujus</span> <span class='ocrx_word' id='word_1_812' title='bbox 3612 4609 3717 4677; x_wconf 91' lang='lat' dir='ltr'>rei,</span> <span class='ocrx_word' id='word_1_813' title='bbox 3752 4610 3933 4666; x_wconf 86' lang='lat' dir='ltr'>mira-</span> 
     </span>
     <span class='ocr_line' id='line_1_104' title="bbox 2281 4681 3931 4753; baseline 0 -15"><span class='ocrx_word' id='word_1_814' title='bbox 2281 4683 2410 4738; x_wconf 92' lang='lat' dir='ltr'>culo</span> <span class='ocrx_word' id='word_1_815' title='bbox 2469 4683 2708 4739; x_wconf 91' lang='lat' dir='ltr'>omnino</span> <span class='ocrx_word' id='word_1_816' title='bbox 2763 4681 2949 4737; x_wconf 89' lang='lat' dir='ltr'>videri</span> <span class='ocrx_word' id='word_1_817' title='bbox 3000 4682 3199 4752; x_wconf 81' lang='lat' dir='ltr'>debet,</span> <span class='ocrx_word' id='word_1_818' title='bbox 3244 4683 3462 4739; x_wconf 89' lang='lat' dir='ltr'>ibidem</span> <span class='ocrx_word' id='word_1_819' title='bbox 3519 4681 3716 4753; x_wconf 90' lang='lat' dir='ltr'>plures</span> <span class='ocrx_word' id='word_1_820' title='bbox 3773 4681 3931 4738; x_wconf 91' lang='lat' dir='ltr'>locos</span> 
     </span>
    </p>
   </div>
   <div class='ocr_carea' id='block_1_101' title="bbox 2281 4726 3931 4827">
    <p class='ocr_par' dir='ltr' id='par_1_101' title="bbox 2281 4726 3931 4827">
     <span class='ocr_line' id='line_1_105' title="bbox 2281 4726 3931 4827; baseline 0.001 -18"><span class='ocrx_word' id='word_1_821' title='bbox 2281 4755 2600 4821; x_wconf 85' lang='lat' dir='ltr'>adducens,</span> <span class='ocrx_word' id='word_1_822' title='bbox 2648 4753 2923 4827; x_wconf 76' lang='lat' dir='ltr'>illustris</span> <span class='ocrx_word' id='word_1_823' title='bbox 2947 4726 3222 4826; x_wconf 63' lang='lat' dir='ltr'>Scaliger,</span> <span class='ocrx_word' id='word_1_824' title='bbox 3254 4773 3312 4827; x_wconf 93' lang='lat' dir='ltr'>p.</span> <span class='ocrx_word' id='word_1_825' title='bbox 3347 4755 3470 4822; x_wconf 78' lang='lat'>186,</span> <span class='ocrx_word' id='word_1_826' title='bbox 3503 4726 3560 4810; x_wconf 54' lang='grc' dir='ltr'>ἐξ</span> <span class='ocrx_word' id='word_1_827' title='bbox 3589 4754 3662 4809; x_wconf 85' lang='lat' dir='ltr'>De</span> <span class='ocrx_word' id='word_1_828' title='bbox 3703 4753 3931 4827; x_wconf 58' lang='lat' dir='ltr'>Emend.</span> 
     </span>
    </p>
   </div>
   <div class='ocr_carea' id='block_1_102' title="bbox 2284 4824 3931 4898">
    <p class='ocr_par' dir='ltr' id='par_1_102' title="bbox 2284 4824 3931 4898">
     <span class='ocr_line' id='line_1_106' title="bbox 2284 4824 3931 4898; baseline -0.001 -16"><span class='ocrx_word' id='word_1_829' title='bbox 2284 4829 2622 4897; x_wconf 80' lang='lat' dir='ltr'>Temporum,</span> <span class='ocrx_word' id='word_1_830' title='bbox 2655 4843 2714 4897; x_wconf 89' lang='lat' dir='ltr'>p.</span> <span class='ocrx_word' id='word_1_831' title='bbox 2736 4827 2863 4881; x_wconf 85' lang='grc'>561.</span> <span class='ocrx_word' id='word_1_832' title='bbox 2896 4825 2996 4898; x_wconf 74' lang='lat' dir='ltr'>Cui</span> <span class='ocrx_word' id='word_1_833' title='bbox 3035 4824 3170 4881; x_wconf 79' lang='lat' dir='ltr'>addi</span> <span class='ocrx_word' id='word_1_834' title='bbox 3202 4824 3394 4898; x_wconf 82' lang='lat' dir='ltr'>potest</span> <span class='ocrx_word' id='word_1_835' title='bbox 3422 4831 3689 4898; x_wconf 65' lang='lat' dir='ltr'>Bynaaus,</span> <span class='ocrx_word' id='word_1_836' title='bbox 3713 4824 3815 4879; x_wconf 91' lang='lat' dir='ltr'>lib.</span> <span class='ocrx_word' id='word_1_837' title='bbox 3843 4841 3931 4892; x_wconf 83' lang='lat' dir='ltr'>III,</span> 
     </span>
    </p>
   </div>
   <div class='ocr_carea' id='block_1_103' title="bbox 2277 4896 3648 4965">
    <p class='ocr_par' dir='ltr' id='par_1_103' title="bbox 2277 4896 3648 4965">
     <span class='ocr_line' id='line_1_107' title="bbox 2277 4896 3648 4965; baseline -0.013 -10"><span class='ocrx_word' id='word_1_838' title='bbox 2277 4915 2327 4953; x_wconf 90' lang='lat' dir='ltr'>c.</span> <span class='ocrx_word' id='word_1_839' title='bbox 2359 4901 2422 4965; x_wconf 89' lang='lat'>8;</span> <span class='ocrx_word' id='word_1_840' title='bbox 2457 4899 2520 4954; x_wconf 86' lang='lat' dir='ltr'>de</span> <span class='ocrx_word' id='word_1_841' title='bbox 2549 4902 2742 4965; x_wconf 81' lang='lat' dir='ltr'>Morte,</span> <span class='ocrx_word' id='word_1_842' title='bbox 2777 4915 2815 4961; x_wconf 79' lang='grc' dir='ltr'>ι,</span> <span class='ocrx_word' id='word_1_843' title='bbox 2846 4902 2903 4952; x_wconf 90' lang='lat' dir='ltr'>C.</span> <span class='ocrx_word' id='word_1_844' title='bbox 2934 4896 3077 4954; x_wconf 63' lang='lat' dir='ltr'>Hav.</span> <span class='ocrx_word' id='word_1_845' title='bbox 3207 4896 3221 4898; x_wconf 75' lang='grc'><strong><em>“</em></strong></span> <span class='ocrx_word' id='word_1_846' title='bbox 3475 4896 3486 4898; x_wconf 74' lang='lat'>&#39;</span> <span class='ocrx_word' id='word_1_847' title='bbox 3645 4921 3648 4924; x_wconf 44' lang='lat'>.</span> 
     </span>
    </p>
   </div>
   <div class='ocr_carea' id='block_1_104' title="bbox 2342 4963 3923 5040">
    <p class='ocr_par' dir='ltr' id='par_1_104' title="bbox 2342 4963 3923 5040">
     <span class='ocr_line' id='line_1_108' title="bbox 2342 4963 3923 5040; baseline -0.001 -16"><span class='ocrx_word' id='word_1_848' title='bbox 2342 4963 2456 5040; x_wconf 84' lang='lat'>(98)</span> <span class='ocrx_word' id='word_1_849' title='bbox 2491 4977 2565 5026; x_wconf 81' lang='lat' dir='ltr'>De</span> <span class='ocrx_word' id='word_1_850' title='bbox 2615 4963 2859 5024; x_wconf 77' lang='lat' dir='ltr'>Rmnulis</span> <span class='ocrx_word' id='word_1_851' title='bbox 2907 4969 3176 5024; x_wconf 79' lang='lat' dir='ltr'>Proculis.</span> <span class='ocrx_word' id='word_1_852' title='bbox 3212 4969 3298 5024; x_wconf 82' lang='lat' dir='ltr'>ita</span> <span class='ocrx_word' id='word_1_853' title='bbox 3327 4969 3456 5040; x_wconf 85' lang='lat' dir='ltr'>Rig.</span> <span class='ocrx_word' id='word_1_854' title='bbox 3484 4985 3553 5023; x_wconf 85' lang='lat' dir='ltr'>ex</span> <span class='ocrx_word' id='word_1_855' title='bbox 3581 4966 3723 5022; x_wconf 87' lang='lat' dir='ltr'>Cod.</span> <span class='ocrx_word' id='word_1_856' title='bbox 3754 4963 3923 5040; x_wconf 82' lang='lat' dir='ltr'>Fuld.</span> 
     </span>
    </p>
   </div>
   <div class='ocr_carea' id='block_1_105' title="bbox 2273 5038 3926 5109">
    <p class='ocr_par' dir='ltr' id='par_1_105' title="bbox 2273 5038 3926 5109">
     <span class='ocr_line' id='line_1_109' title="bbox 2273 5038 3926 5109; baseline 0.001 -15"><span class='ocrx_word' id='word_1_857' title='bbox 2273 5038 2706 5098; x_wconf 40' lang='lat' dir='ltr'>Neta&#39;locutio.</span> <span class='ocrx_word' id='word_1_858' title='bbox 2740 5041 2848 5094; x_wconf 84' lang='lat' dir='ltr'>Alii</span> <span class='ocrx_word' id='word_1_859' title='bbox 2905 5040 2970 5094; x_wconf 80' lang='lat' dir='ltr'>de</span> <span class='ocrx_word' id='word_1_860' title='bbox 3028 5041 3250 5096; x_wconf 83' lang='lat' dir='ltr'>Romulo</span> <span class='ocrx_word' id='word_1_861' title='bbox 3309 5038 3547 5096; x_wconf 80' lang='lat' dir='ltr'>Proculi.</span> <span class='ocrx_word' id='word_1_862' title='bbox 3608 5038 3926 5109; x_wconf 80' lang='lat' dir='ltr'>Augustin.</span> 
     </span>
    </p>
   </div>
   <div class='ocr_carea' id='block_1_106' title="bbox 2273 5109 3924 5179">
    <p class='ocr_par' dir='ltr' id='par_1_106' title="bbox 2273 5109 3924 5179">
     <span class='ocr_line' id='line_1_110' title="bbox 2273 5109 3924 5179; baseline 0 -13"><span class='ocrx_word' id='word_1_863' title='bbox 2273 5113 2345 5166; x_wconf 84' lang='lat' dir='ltr'>de</span> <span class='ocrx_word' id='word_1_864' title='bbox 2375 5115 2487 5169; x_wconf 82' lang='lat' dir='ltr'>Civ.</span> <span class='ocrx_word' id='word_1_865' title='bbox 2525 5117 2637 5178; x_wconf 77' lang='lat' dir='ltr'>Dei,</span> <span class='ocrx_word' id='word_1_866' title='bbox 2674 5113 2709 5169; x_wconf 91' lang='grc' dir='ltr'>Ι.</span> <span class='ocrx_word' id='word_1_867' title='bbox 2742 5129 2828 5176; x_wconf 84' lang='lat' dir='ltr'>III,</span> <span class='ocrx_word' id='word_1_868' title='bbox 2862 5128 2911 5165; x_wconf 84' lang='grc' dir='ltr'>ο.</span> <span class='ocrx_word' id='word_1_869' title='bbox 2945 5113 3028 5179; x_wconf 78' lang='grc'>15,</span> <span class='ocrx_word' id='word_1_870' title='bbox 3064 5113 3320 5168; x_wconf 87' lang='lat' dir='ltr'>ostendit</span> <span class='ocrx_word' id='word_1_871' title='bbox 3349 5130 3417 5169; x_wconf 87' lang='lat' dir='ltr'>ex</span> <span class='ocrx_word' id='word_1_872' title='bbox 3451 5113 3724 5167; x_wconf 88' lang='lat' dir='ltr'>Cicerone</span> <span class='ocrx_word' id='word_1_873' title='bbox 3758 5109 3924 5166; x_wconf 89' lang='lat' dir='ltr'>illam</span> 
     </span>
    </p>
   </div>
   <div class='ocr_carea' id='block_1_107' title="bbox 513 5182 3926 5255">
    <p class='ocr_par' dir='ltr' id='par_1_107' title="bbox 513 5182 3926 5255">
     <span class='ocr_line' id='line_1_111' title="bbox 513 5182 3926 5255; baseline -0.001 -18"><span class='ocrx_word' id='word_1_874' title='bbox 513 5182 794 5238; x_wconf 87' lang='lat' dir='ltr'>bunalia:</span> <span class='ocrx_word' id='word_1_875' title='bbox 829 5184 1161 5255; x_wconf 76' lang='lat' dir='ltr'>queruntur</span> <span class='ocrx_word' id='word_1_876' title='bbox 1207 5183 1348 5255; x_wconf 69' lang='lat' dir='ltr'>mori</span> <span class='ocrx_word' id='word_1_877' title='bbox 1399 5186 1671 5252; x_wconf 90' lang='lat' dir='ltr'>Cordum,</span> <span class='ocrx_word' id='word_1_878' title='bbox 1722 5184 2159 5255; x_wconf 82' lang='lat' dir='ltr'>interpellantes</span> <span class='ocrx_word' id='word_1_879' title='bbox 2268 5184 2421 5241; x_wconf 88' lang='lat' dir='ltr'>inter</span> <span class='ocrx_word' id='word_1_880' title='bbox 2455 5192 2597 5241; x_wconf 89' lang='lat' dir='ltr'>Deos</span> <span class='ocrx_word' id='word_1_881' title='bbox 2631 5183 2857 5239; x_wconf 79' lang='lat' dir='ltr'>Romuli</span> <span class='ocrx_word' id='word_1_882' title='bbox 2892 5185 3281 5255; x_wconf 88' lang='lat' dir='ltr'>receptionem</span> <span class='ocrx_word' id='word_1_883' title='bbox 3318 5185 3601 5239; x_wconf 84' lang='lat' dir='ltr'>creditam</span> <span class='ocrx_word' id='word_1_884' title='bbox 3634 5196 3761 5238; x_wconf 86' lang='lat' dir='ltr'>esse</span> <span class='ocrx_word' id='word_1_885' title='bbox 3794 5198 3926 5255; x_wconf 81' lang='lat' dir='ltr'>ma-</span> 
     </span>
    </p>
   </div>
   <div class='ocr_carea' id='block_1_108' title="bbox 511 5251 2157 5326">
    <p class='ocr_par' dir='ltr' id='par_1_108' title="bbox 511 5251 2157 5326">
     <span class='ocr_line' id='line_1_112' title="bbox 511 5251 2157 5326; baseline 0 -16"><span class='ocrx_word' id='word_1_886' title='bbox 511 5255 664 5326; x_wconf 88' lang='lat' dir='ltr'>quod</span> <span class='ocrx_word' id='word_1_887' title='bbox 711 5256 1035 5324; x_wconf 85' lang='lat' dir='ltr'>coegerant.</span> <span class='ocrx_word' id='word_1_888' title='bbox 1071 5253 1226 5306; x_wconf 88' lang='lat' dir='ltr'>Adeo</span> <span class='ocrx_word' id='word_1_889' title='bbox 1254 5251 1376 5326; x_wconf 81' lang='lat' dir='ltr'>illis</span> <span class='ocrx_word' id='word_1_890' title='bbox 1405 5257 1624 5312; x_wconf 88' lang='lat' dir='ltr'>Cordus</span> <span class='ocrx_word' id='word_1_891' title='bbox 1653 5251 1960 5312; x_wconf 69' lang='lat' dir='ltr'>Videbatur</span> <span class='ocrx_word' id='word_1_892' title='bbox 2010 5254 2157 5310; x_wconf 77' lang='lat' dir='ltr'>effu-</span> 
     </span>
    </p>
   </div>
   <div class='ocr_carea' id='block_1_109' title="bbox 2266 5253 3925 5328">
    <p class='ocr_par' dir='ltr' id='par_1_109' title="bbox 2266 5253 3925 5328">
     <span class='ocr_line' id='line_1_113' title="bbox 2266 5253 3925 5328; baseline -0.001 -19"><span class='ocrx_word' id='word_1_893' title='bbox 2266 5256 2358 5326; x_wconf 87' lang='lat' dir='ltr'>gis</span> <span class='ocrx_word' id='word_1_894' title='bbox 2401 5275 2574 5328; x_wconf 90' lang='lat' dir='ltr'>quam</span> <span class='ocrx_word' id='word_1_895' title='bbox 2629 5259 2861 5328; x_wconf 88' lang='lat' dir='ltr'>factam.</span> <span class='ocrx_word' id='word_1_896' title='bbox 2896 5253 3272 5328; x_wconf 53' lang='lat' dir='ltr'>Nec&#39;mirum</span> <span class='ocrx_word' id='word_1_897' title='bbox 3320 5272 3454 5312; x_wconf 92' lang='lat' dir='ltr'>cum</span> <span class='ocrx_word' id='word_1_898' title='bbox 3504 5255 3680 5328; x_wconf 82' lang='lat' dir='ltr'>etiam</span> <span class='ocrx_word' id='word_1_899' title='bbox 3711 5253 3925 5328; x_wconf 88' lang='lat' dir='ltr'>sepul-</span> 
     </span>
    </p>
   </div>
   <div class='ocr_carea' id='block_1_110' title="bbox 507 5323 3912 5401">
    <p class='ocr_par' dir='ltr' id='par_1_110' title="bbox 507 5323 3912 5401">
     <span class='ocr_line' id='line_1_114' title="bbox 507 5323 3912 5401; baseline -0.001 -19"><span class='ocrx_word' id='word_1_900' title='bbox 507 5323 909 5401; x_wconf 49' lang='lat' dir='ltr'>g&#39;ere.__Magna</span> <span class='ocrx_word' id='word_1_901' title='bbox 939 5338 1052 5401; x_wconf 76' lang='lat' dir='ltr'>res_</span> <span class='ocrx_word' id='word_1_902' title='bbox 1080 5324 1698 5401; x_wconf 79' lang='lat' dir='ltr'>erat_in__quaestione,</span> <span class='ocrx_word' id='word_1_903' title='bbox 1733 5346 1803 5382; x_wconf 89' lang='lat' dir='ltr'>an</span> <span class='ocrx_word' id='word_1_904' title='bbox 1860 5330 2043 5381; x_wconf 90' lang='lat' dir='ltr'>morte</span> <span class='ocrx_word' id='word_1_905' title='bbox 2074 5327 2156 5382; x_wconf 91' lang='lat' dir='ltr'>rei</span> <span class='ocrx_word' id='word_1_906' title='bbox 2265 5323 2432 5401; x_wconf 70' lang='lat' dir='ltr'>crum</span> <span class='ocrx_word' id='word_1_907' title='bbox 2489 5331 2616 5401; x_wconf 86' lang='lat' dir='ltr'>ejus</span> <span class='ocrx_word' id='word_1_908' title='bbox 2672 5326 2976 5401; x_wconf 81' lang='lat' dir='ltr'>exstiterit,</span> <span class='ocrx_word' id='word_1_909' title='bbox 3018 5326 3078 5401; x_wconf 76' lang='lat' dir='ltr'>si</span> <span class='ocrx_word' id='word_1_910' title='bbox 3113 5327 3356 5382; x_wconf 81' lang='lat' dir='ltr'>Varroni</span> <span class='ocrx_word' id='word_1_911' title='bbox 3408 5328 3583 5401; x_wconf 62' lang='lat' dir='ltr'>fides.</span> <span class='ocrx_word' id='word_1_912' title='bbox 3622 5323 3912 5401; x_wconf 75' lang='lat' dir='ltr'>Porphyr.</span> 
     </span>
    </p>
   </div>
   <div class='ocr_carea' id='block_1_111' title="bbox 506 5395 3908 5482">
    <p class='ocr_par' dir='ltr' id='par_1_111' title="bbox 506 5395 3908 5482">
     <span class='ocr_line' id='line_1_115' title="bbox 506 5395 3908 5482; baseline 0 -29"><span class='ocrx_word' id='word_1_913' title='bbox 506 5395 980 5482; x_wconf 60' lang='lat' dir='ltr'>prohiberentur.</span> <span class='ocrx_word' id='word_1_914' title='bbox 1015 5395 1165 5482; x_wconf 71' lang='lat' dir='ltr'>Dum</span> <span class='ocrx_word' id='word_1_915' title='bbox 1209 5395 1584 5482; x_wconf 67' lang='lat' dir='ltr'>deliberatur,</span> <span class='ocrx_word' id='word_1_916' title='bbox 1615 5402 1752 5457; x_wconf 91' lang='lat' dir='ltr'>dum</span> <span class='ocrx_word' id='word_1_917' title='bbox 1785 5403 2155 5455; x_wconf 89' lang='lat' dir='ltr'>accusatores</span> <span class='ocrx_word' id='word_1_918' title='bbox 2263 5400 2346 5482; x_wconf 73' lang='lat' dir='ltr'>ad</span> <span class='ocrx_word' id='word_1_919' title='bbox 2393 5395 2586 5482; x_wconf 72' lang='lat' dir='ltr'>Horat.</span> <span class='ocrx_word' id='word_1_920' title='bbox 2643 5401 2807 5482; x_wconf 72' lang='lat' dir='ltr'>Epod.</span> <span class='ocrx_word' id='word_1_921' title='bbox 2859 5395 2967 5482; x_wconf 47' lang='lat' dir='ltr'>li‘b.</span> <span class='ocrx_word' id='word_1_922' title='bbox 3013 5397 3084 5452; x_wconf 90' lang='lat' dir='ltr'>ad</span> <span class='ocrx_word' id='word_1_923' title='bbox 3123 5415 3398 5482; x_wconf 70' lang='lat' dir='ltr'>carmen,</span> <span class='ocrx_word' id='word_1_924' title='bbox 3433 5399 3588 5482; x_wconf 79' lang='lat' dir='ltr'>quod</span> <span class='ocrx_word' id='word_1_925' title='bbox 3645 5395 3852 5482; x_wconf 78' lang='lat' dir='ltr'>incipit</span> <span class='ocrx_word' id='word_1_926' title='bbox 3893 5413 3908 5453; x_wconf 87' lang='lat'><strong>:</strong></span> 
     </span>
    </p>
   </div>
   <div class='ocr_carea' id='block_1_112' title="bbox 505 5466 1640 5532">
    <p class='ocr_par' dir='ltr' id='par_1_112' title="bbox 505 5466 1640 5532">
     <span class='ocr_line' id='line_1_116' title="bbox 505 5466 1640 5532; baseline -0.003 -7"><span class='ocrx_word' id='word_1_927' title='bbox 505 5466 719 5527; x_wconf 87' lang='lat' dir='ltr'>iterum</span> <span class='ocrx_word' id='word_1_928' title='bbox 751 5471 991 5532; x_wconf 81' lang='lat' dir='ltr'>adeunt,</span> <span class='ocrx_word' id='word_1_929' title='bbox 1025 5466 1121 5522; x_wconf 89' lang='lat' dir='ltr'>ille</span> <span class='ocrx_word' id='word_1_930' title='bbox 1147 5483 1209 5523; x_wconf 88' lang='lat' dir='ltr'>se</span> <span class='ocrx_word' id='word_1_931' title='bbox 1239 5466 1586 5528; x_wconf 76' lang='lat' dir='ltr'>absolverat.</span> <span class='ocrx_word' id='word_1_932' title='bbox 1614 5495 1640 5522; x_wconf 84' lang='grc'><strong>››</strong></span> 
     </span>
    </p>
   </div>
   <div class='ocr_carea' id='block_1_113' title="bbox 571 5538 2146 5614">
    <p class='ocr_par' dir='ltr' id='par_1_113' title="bbox 571 5538 2146 5614">
     <span class='ocr_line' id='line_1_117' title="bbox 571 5538 2146 5614; baseline 0 -19"><span class='ocrx_word' id='word_1_933' title='bbox 571 5544 683 5613; x_wconf 85' lang='lat'>(96)</span> <span class='ocrx_word' id='word_1_934' title='bbox 719 5544 863 5603; x_wconf 79' lang='lat' dir='ltr'>Dios,</span> <span class='ocrx_word' id='word_1_935' title='bbox 896 5539 1157 5614; x_wconf 73' lang='lat' dir='ltr'>medium.</span> <span class='ocrx_word' id='word_1_936' title='bbox 1205 5540 1523 5614; x_wconf 67' lang='lat' dir='ltr'>Confirmat</span> <span class='ocrx_word' id='word_1_937' title='bbox 1577 5544 1701 5614; x_wconf 89' lang='lat' dir='ltr'>ipso</span> <span class='ocrx_word' id='word_1_938' title='bbox 1731 5538 2146 5614; x_wconf 87' lang='lat' dir='ltr'>Tertullianus,</span> 
     </span>
    </p>
   </div>
   <div class='ocr_carea' id='block_1_114' title="bbox 2261 5467 3923 5544">
    <p class='ocr_par' dir='ltr' id='par_1_114' title="bbox 2261 5467 3923 5544">
     <span class='ocr_line' id='line_1_118' title="bbox 2261 5467 3923 5544; baseline -0.003 -18"><span class='ocrx_word' id='word_1_939' title='bbox 2261 5472 2449 5528; x_wconf 83' lang='lat' dir='ltr'>Altera</span> <span class='ocrx_word' id='word_1_940' title='bbox 2479 5475 2600 5544; x_wconf 82' lang='lat' dir='ltr'>jam</span> <span class='ocrx_word' id='word_1_941' title='bbox 2632 5467 2854 5534; x_wconf 68' lang='lat' dir='ltr'>teritur,</span> <span class='ocrx_word' id='word_1_942' title='bbox 2887 5467 2996 5544; x_wconf 87' lang='lat' dir='ltr'>hoc</span> <span class='ocrx_word' id='word_1_943' title='bbox 3042 5473 3204 5544; x_wconf 81' lang='lat' dir='ltr'>notat</span> <span class='ocrx_word' id='word_1_944' title='bbox 3236 5488 3251 5544; x_wconf 71' lang='grc' dir='ltr'>ς</span> <span class='ocrx_word' id='word_1_945' title='bbox 3278 5473 3422 5528; x_wconf 86' lang='lat' dir='ltr'>Nam</span> <span class='ocrx_word' id='word_1_946' title='bbox 3449 5467 3622 5528; x_wconf 73' lang='lat' dir='ltr'>Varro</span> <span class='ocrx_word' id='word_1_947' title='bbox 3649 5473 3765 5541; x_wconf 86' lang='lat' dir='ltr'>post</span> <span class='ocrx_word' id='word_1_948' title='bbox 3795 5483 3923 5544; x_wconf 74' lang='lat' dir='ltr'>ros-</span> 
     </span>
    </p>
   </div>
   <div class='ocr_carea' id='block_1_115' title="bbox 2260 5540 3923 5615">
    <p class='ocr_par' dir='ltr' id='par_1_115' title="bbox 2260 5540 3923 5615">
     <span class='ocr_line' id='line_1_119' title="bbox 2260 5540 3923 5615; baseline -0.002 -18"><span class='ocrx_word' id='word_1_949' title='bbox 2260 5548 2351 5598; x_wconf 81' lang='lat' dir='ltr'>tra</span> <span class='ocrx_word' id='word_1_950' title='bbox 2382 5540 2558 5615; x_wconf 60' lang='lat' dir='ltr'>fuisse</span> <span class='ocrx_word' id='word_1_951' title='bbox 2586 5545 2895 5615; x_wconf 80' lang='lat' dir='ltr'>sepulcrum</span> <span class='ocrx_word' id='word_1_952' title='bbox 2946 5542 3172 5615; x_wconf 79' lang='lat' dir='ltr'>Romuli</span> <span class='ocrx_word' id='word_1_953' title='bbox 3220 5543 3375 5599; x_wconf 82' lang='lat' dir='ltr'>dicit.</span> <span class='ocrx_word' id='word_1_954' title='bbox 3409 5545 3610 5613; x_wconf 80' lang='lat' dir='ltr'>Itaque</span> <span class='ocrx_word' id='word_1_955' title='bbox 3642 5540 3772 5615; x_wconf 78' lang='lat' dir='ltr'>vere</span> <span class='ocrx_word' id='word_1_956' title='bbox 3803 5540 3923 5615; x_wconf 44' lang='lat' dir='ltr'>Au:</span> 
     </span>
    </p>
   </div>
   <div class='ocr_carea' id='block_1_116' title="bbox 503 5612 3923 5688">
    <p class='ocr_par' dir='ltr' id='par_1_116' title="bbox 503 5612 3923 5688">
     <span class='ocr_line' id='line_1_120' title="bbox 503 5612 3923 5688; baseline 0 -22"><span class='ocrx_word' id='word_1_957' title='bbox 503 5614 926 5688; x_wconf 25' lang='lat' dir='ltr'>ArIoLJudr&#39;L’os.</span> <span class='ocrx_word' id='word_1_958' title='bbox 954 5629 1010 5688; x_wconf 60' lang='grc' dir='ltr'>ρ.</span> <span class='ocrx_word' id='word_1_959' title='bbox 1047 5613 1114 5688; x_wconf 38' lang='grc'>1-0</span> <span class='ocrx_word' id='word_1_960' title='bbox 1146 5626 1160 5665; x_wconf 88' lang='lat'><strong><em>:</em></strong></span> <span class='ocrx_word' id='word_1_961' title='bbox 1189 5633 1214 5660; x_wconf 92' lang='grc'>‹‹</span> <span class='ocrx_word' id='word_1_962' title='bbox 1248 5612 1391 5688; x_wconf 83' lang='lat' dir='ltr'>Nam</span> <span class='ocrx_word' id='word_1_963' title='bbox 1423 5616 1576 5685; x_wconf 84' lang='lat' dir='ltr'>quod</span> <span class='ocrx_word' id='word_1_964' title='bbox 1601 5612 1666 5669; x_wconf 52' lang='lat' dir='ltr'>&#39;in</span> <span class='ocrx_word' id='word_1_965' title='bbox 1701 5613 1973 5685; x_wconf 86' lang='lat' dir='ltr'>passione</span> <span class='ocrx_word' id='word_1_966' title='bbox 2016 5613 2148 5688; x_wconf 78' lang='lat' dir='ltr'>ejus</span> <span class='ocrx_word' id='word_1_967' title='bbox 2259 5612 2480 5683; x_wconf 82' lang='lat' dir='ltr'>gustin.</span> <span class='ocrx_word' id='word_1_968' title='bbox 2523 5639 2552 5667; x_wconf 84' lang='lat'>«</span> <span class='ocrx_word' id='word_1_969' title='bbox 2597 5614 2867 5688; x_wconf 75' lang='lat' dir='ltr'>Viderint</span> <span class='ocrx_word' id='word_1_970' title='bbox 2919 5613 3163 5681; x_wconf 83' lang='lat' dir='ltr'>quidam</span> <span class='ocrx_word' id='word_1_971' title='bbox 3222 5612 3534 5688; x_wconf 82' lang='lat' dir='ltr'>scriptores</span> <span class='ocrx_word' id='word_1_972' title='bbox 3585 5612 3783 5679; x_wconf 88' lang='lat' dir='ltr'>etiam,</span> <span class='ocrx_word' id='word_1_973' title='bbox 3819 5612 3923 5680; x_wconf 92' lang='lat' dir='ltr'>qui</span> 
     </span>
    </p>
   </div>
   <div class='ocr_carea' id='block_1_117' title="bbox 499 5684 3926 5759">
    <p class='ocr_par' dir='ltr' id='par_1_117' title="bbox 499 5684 3926 5759">
     <span class='ocr_line' id='line_1_121' title="bbox 499 5684 3926 5759; baseline 0.001 -21"><span class='ocrx_word' id='word_1_974' title='bbox 499 5684 817 5759; x_wconf 84' lang='lat' dir='ltr'>accidit,_ut</span> <span class='ocrx_word' id='word_1_975' title='bbox 841 5685 1031 5759; x_wconf 70' lang='lat' dir='ltr'>media</span> <span class='ocrx_word' id='word_1_976' title='bbox 1054 5684 1177 5736; x_wconf 83' lang='lat' dir='ltr'>dies</span> <span class='ocrx_word' id='word_1_977' title='bbox 1205 5684 1647 5759; x_wconf 70' lang='lat' dir='ltr'>tepebrescernt.</span> <span class='ocrx_word' id='word_1_978' title='bbox 1667 5684 1842 5740; x_wconf 86' lang='lat' dir='ltr'>Amos</span> <span class='ocrx_word' id='word_1_979' title='bbox 1868 5684 2150 5759; x_wconf 76' lang='lat' dir='ltr'>propheta</span> <span class='ocrx_word' id='word_1_980' title='bbox 2260 5703 2392 5740; x_wconf 88' lang='lat' dir='ltr'>cum</span> <span class='ocrx_word' id='word_1_981' title='bbox 2431 5693 2666 5759; x_wconf 78' lang='lat' dir='ltr'>prepter</span> <span class='ocrx_word' id='word_1_982' title='bbox 2698 5686 3054 5741; x_wconf 80' lang='lat' dir='ltr'>ferocitatem</span> <span class='ocrx_word' id='word_1_983' title='bbox 3093 5704 3124 5740; x_wconf 90' lang='lat' dir='ltr'>a</span> <span class='ocrx_word' id='word_1_984' title='bbox 3151 5684 3364 5742; x_wconf 81' lang='lat' dir='ltr'>Senatu</span> <span class='ocrx_word' id='word_1_985' title='bbox 3399 5689 3756 5759; x_wconf 65' lang='lat' dir='ltr'>discerptum</span> <span class='ocrx_word' id='word_1_986' title='bbox 3778 5699 3926 5759; x_wconf 62' lang='lat' dir='ltr'>esse</span> 
     </span>
    </p>
   </div>
   <div class='ocr_carea' id='block_1_118' title="bbox 505 5755 2147 5830">
    <p class='ocr_par' dir='ltr' id='par_1_118' title="bbox 505 5755 2147 5830">
     <span class='ocr_line' id='line_1_122' title="bbox 505 5755 2147 5830; baseline 0.001 -22"><span class='ocrx_word' id='word_1_987' title='bbox 505 5755 843 5830; x_wconf 63' lang='lat' dir='ltr'>annuntiat.</span> <span class='ocrx_word' id='word_1_988' title='bbox 888 5756 1186 5830; x_wconf 84' lang='lat' dir='ltr'>dicens_:_«</span> <span class='ocrx_word' id='word_1_989' title='bbox 1241 5755 1474 5830; x_wconf 10' lang='lat' dir='ltr'>Eticrit,</span> <span class='ocrx_word' id='word_1_990' title='bbox 1508 5758 1740 5830; x_wconf 4' lang='lat' dir='ltr'>(inquit,</span> <span class='ocrx_word' id='word_1_991' title='bbox 1777 5759 1834 5812; x_wconf 86' lang='lat' dir='ltr'>in</span> <span class='ocrx_word' id='word_1_992' title='bbox 1883 5756 1970 5830; x_wconf 77' lang='lat' dir='ltr'>die</span> <span class='ocrx_word' id='word_1_993' title='bbox 2020 5756 2147 5822; x_wconf 82' lang='lat' dir='ltr'>illa,</span> 
     </span>
    </p>
   </div>
   <div class='ocr_carea' id='block_1_119' title="bbox 503 5825 2146 5899">
    <p class='ocr_par' dir='ltr' id='par_1_119' title="bbox 503 5825 2146 5899">
     <span class='ocr_line' id='line_1_123' title="bbox 503 5825 2146 5899; baseline 0.001 -18"><span class='ocrx_word' id='word_1_994' title='bbox 503 5825 636 5882; x_wconf 84' lang='lat' dir='ltr'>dicit</span> <span class='ocrx_word' id='word_1_995' title='bbox 683 5827 967 5897; x_wconf 74' lang='lat' dir='ltr'>Dominus,</span> <span class='ocrx_word' id='word_1_996' title='bbox 1003 5825 1205 5882; x_wconf 80' lang='lat' dir='ltr'>occidet</span> <span class='ocrx_word' id='word_1_997' title='bbox 1257 5829 1336 5884; x_wconf 83' lang='lat' dir='ltr'>sol</span> <span class='ocrx_word' id='word_1_998' title='bbox 1389 5829 1574 5887; x_wconf 85' lang='lat' dir='ltr'>media</span> <span class='ocrx_word' id='word_1_999' title='bbox 1612 5825 1741 5899; x_wconf 61' lang='lat' dir='ltr'>&#39;die,</span> <span class='ocrx_word' id='word_1_1000' title='bbox 1800 5829 2146 5897; x_wconf 77' lang='lat' dir='ltr'>tenebrcscct,</span> 
     </span>
    </p>
   </div>
   <div class='ocr_carea' id='block_1_120' title="bbox 2261 5754 3926 5832">
    <p class='ocr_par' dir='ltr' id='par_1_120' title="bbox 2261 5754 3926 5832">
     <span class='ocr_line' id='line_1_124' title="bbox 2261 5754 3926 5832; baseline 0.001 -22"><span class='ocrx_word' id='word_1_1001' title='bbox 2261 5754 2556 5832; x_wconf 69' lang='lat' dir='ltr'>dixerunt,</span> <span class='ocrx_word' id='word_1_1002' title='bbox 2615 5760 3124 5832; x_wconf 74' lang='lat' dir='ltr'>subornatumque</span> <span class='ocrx_word' id='word_1_1003' title='bbox 3187 5761 3385 5832; x_wconf 88' lang='lat' dir='ltr'>nescio</span> <span class='ocrx_word' id='word_1_1004' title='bbox 3449 5754 3625 5832; x_wconf 84' lang='lat' dir='ltr'>quem</span> <span class='ocrx_word' id='word_1_1005' title='bbox 3694 5754 3926 5812; x_wconf 86' lang='lat' dir='ltr'>Julium</span> 
     </span>
    </p>
   </div>
   <div class='ocr_carea' id='block_1_121' title="bbox 2261 5827 3927 5906">
    <p class='ocr_par' dir='ltr' id='par_1_121' title="bbox 2261 5827 3927 5906">
     <span class='ocr_line' id='line_1_125' title="bbox 2261 5827 3927 5906; baseline 0 -22"><span class='ocrx_word' id='word_1_1006' title='bbox 2261 5827 2595 5900; x_wconf 88' lang='lat' dir='ltr'>Proculum,</span> <span class='ocrx_word' id='word_1_1007' title='bbox 2617 5832 2715 5906; x_wconf 81' lang='lat' dir='ltr'>qui</span> <span class='ocrx_word' id='word_1_1008' title='bbox 2741 5845 2878 5889; x_wconf 90' lang='lat' dir='ltr'>eum</span> <span class='ocrx_word' id='word_1_1009' title='bbox 2899 5827 3012 5886; x_wconf 92' lang='lat' dir='ltr'>sibi</span> <span class='ocrx_word' id='word_1_1010' title='bbox 3038 5831 3386 5902; x_wconf 89' lang='lat' dir='ltr'>apparuisse</span> <span class='ocrx_word' id='word_1_1011' title='bbox 3411 5827 3652 5898; x_wconf 77' lang='lat' dir='ltr'>diceret,</span> <span class='ocrx_word' id='word_1_1012' title='bbox 3669 5844 3927 5902; x_wconf 89' lang='lat' dir='ltr'>eumque</span> 
     </span>
    </p>
   </div>
  </div>
