4366 6370
253 430 364 491 461

1353 428 1947 493 APOLOGETICUS
1990 430 2177 493 ADV.
2223 430 2555 493 GENTES.

3538 430 3663 493 462

252 561 462 618 solent.
496 562 574 617 Ea
602 562 756 618 408
805 562 1007 618 omnia
1056 578 1233 634 super
1280 562 1511 618 Christo
1566 562 1806 627 Pilatus,
1847 565 1904 618 et
1930 567 1987 634 Α
2020 564 2314 629 transfert,
2347 568 2405 618 et
2451 564 2855 619 transferendo
2884 565 3011 636 jam
3046 580 3160 621 non
3212 564 3349 621 colit
3377 565 3530 637 quod
3562 580 3665 622 ne-

250 652 377 726 ipse
425 652 549 723 jam
609 668 711 723 pro
771 669 877 707 sua
940 651 1299 707 conscientia
1355 651 1722 708 Christianus
1768 652 1902 722 (99),

250 741 456 797 Ctesari
489 744 615 795 tum
667 740 897 796 Tiberio
944 741 1370 796 nuntiavit.Sed
1404 747 1461 797 et
1490 744 1746 797 Caesares
1777 758 1901 797 cre-

250 829 540 886 didissent
568 844 747 901 super
776 830 1028 899 Christo,
1064 831 1111 885 si
1145 834 1247 885 aut
1276 832 1531 887 Caesares
1564 848 1675 886 non
1710 834 1903 886 essent

251 919 465 975 saeculo
514 918 827 974 necessarii
860 920 958 991 (1),
994 924 1095 976 aut
1140 921 1190 975 si
1222 925 1278 975 et
1310 920 1622 977 Christiani
1671 920 1900 992 potuis-

250 1014 383 1065 sent
412 1024 542 1063 esse
572 1011 825 1063 Caesares
858 1011 958 1077 (2).
997 1008 1278 1081 Discipuli
1309 1026 1539 1081 quoque
1571 1009 1768 1065 diffusi
1800 1025 1903 1081 per

250 1099 474 1163 orbem,
504 1113 573 1153 ex
620 1104 906 1169 praecepto
960 1099 1226 1170 magistri
1272 1099 1372 1153 Dei
1425 1104 1764 1169 paruerunt,
1799 1100 1900 1169 qui

250 1192 309 1244 et
340 1187 448 1259 ipsi
481 1204 514 1241 a
541 1186 764 1242 Judaeis
794 1187 1244 1259 insequentibus
1278 1187 1466 1243 multa
1497 1188 1898 1259 perpessi,uti-

251 1293 364 1348 que
398 1292 499 1347 pro
532 1276 745 1331 fiducia
777 1276 1041 1332 veritatis
1072 1278 1339 1345 libenter,
1374 1277 1565 1332 Romae
1608 1285 1898 1349 postremo

250 1382 353 1437 per
383 1364 630 1420 Neronis
662 1364 968 1436 saevitiam,
998 1366 1346 1438 sanguinem
1378 1366 1776 1421 Christianum
1808 1383 1898 1422 se-

249 1454 645 1509 minaverunt.
687 1454 796 1509 Sed
850 1454 1316 1510 monstrabimus
1354 1456 1399 1489 ⁶⁰
1446 1455 1609 1510 vobis
1658 1455 1899 1511 idoneos

248 1547 428 1599 testes
475 1542 713 1609 Christi,
748 1542 908 1614 ipsos
955 1542 1087 1599 illos
1134 1560 1281 1615 quos
1331 1544 1608 1599 adoratis.
1650 1544 1897 1599 Multum

248 1640 356 1701 est,
390 1633 438 1688 si
471 1648 567 1687 eos
595 1631 908 1688 adhibeam
962 1638 1026 1687 ut
1056 1633 1306 1688 credatis
1359 1633 1728 1704 Christianis,
1762 1650 1898 1705 pro-

247 1727 377 1795 pter
406 1738 551 1795 quos
602 1737 719 1776 non
770 1722 1007 1776 creditis
1056 1722 1400 1778 Christianis
1431 1725 1495 1775 δ’.
1534 1723 1769 1779 Interim
1805 1723 1897 1778 hic

246 1815 338 1867 est
366 1811 506 1866 ordo
537 1814 751 1865 nostrae
803 1809 1213 1881 institutionis,
1248 1811 1404 1866 hunc
1437 1812 1733 1867 edidimus
1763 1813 1808 1846 ⁶²
1839 1816 1896 1867 et

245 1906 416 1956 BBCtB
446 1906 500 1955 Gl
532 1898 790 1955 nominis
821 1915 1062 1955 censum
1117 1916 1251 1956 cum
1286 1918 1392 1956 SUO
1424 1908 1678 1957 auctore.
1712 1906 1893 1957 Nemo

236 1991 364 2061 jam
392 1989 695 2044 infamiam
728 1988 997 2055 incutiat,
1031 2006 1202 2045 nemo
1235 1989 1396 2044 aliud
1429 1989 1897 2062 existimet,quia

246 2095 352 2134 nec
383 2079 468 2133 fas
497 2079 542 2113 ⁸³
573 2083 663 2132 est
712 2076 815 2131 ulli
851 2079 921 2133 de
967 2095 1074 2133 sua
1124 2078 1359 2150 regione
1414 2080 1669 2134 mentiri.
1703 2080 1784 2133 Ex
1830 2096 1897 2135 eo

244 2167 423 2233 enim,
450 2166 601 2239 quod
633 2165 790 2222 aliud
819 2184 850 2221 a
882 2183 944 2222 se
976 2168 1084 2222 coli
1118 2168 1282 2236 dicit,
1317 2185 1493 2239 quam
1529 2168 1686 2235 colit,
1723 2173 1898 2240 negat

246 2257 404 2329 quod
451 2255 607 2323 colit,
639 2259 696 2309 et
725 2254 1016 2311 culturam
1050 2261 1107 2312 et
1155 2257 1437 2312 honorem
1470 2256 1604 2325 6{in
1647 2257 1895 2312 alterum

2011 652 2482 724 gavit.Dicimus,
2515 656 2570 708 et
2601 652 2795 724 palam
2823 653 3164 722 dicimus,et
3186 654 3351 711 vobis
3381 658 3664 727 torquen-

2011 743 2171 796 tibus
2203 741 2438 796 lacerati
2486 747 2543 796 et
2572 742 2799 795 cruenti
2840 743 3230 798 vociferamur
3261 761 3274 799 :
3308 743 3491 798 Deum
3521 742 3659 799 coli-

2014 846 2145 886 mus
2202 847 2303 900 per
2362 829 2678 885 Christum.
2716 830 2885 885 Illum
2945 830 3245 887 hominem
3302 836 3525 904 putate,
3558 849 3663 904 per

2011 936 2143 974 eum
2192 925 2248 974 et
2296 919 2353 973 in
2404 934 2470 973 eo
2502 936 2564 973 se
2615 920 2886 990 cognosci
2935 919 3060 975 vult
3108 920 3263 976 Deus
3313 925 3371 976 et
3418 920 3551 977 coli.
3585 920 3658 977 Ut

2010 1013 2207 1063 autem
2264 1008 2482 1063 Judaeis
2540 1008 2943 1080 respondeam,
3004 1014 3061 1065 et
3118 1009 3231 1081 ipsi
3310 1009 3496 1065 Deum
3552 1026 3658 1081 per

2009 1097 2352 1169 [hominem]
2387 1102 2619 1169 Moysen
2650 1098 2695 1131 ⁸⁸
2724 1097 2910 1153 colere
2941 1097 3311 1166 didicerunt;
3346 1104 3411 1155 ut
3441 1099 3654 1155 Graecis

2009 1204 2332 1255 occurram,
2367 1187 2633 1258 Orpheus
2665 1186 2879 1252 Pierias,
2912 1187 3166 1242 Musaeus
3197 1189 3352 1242 404
3390 1189 3653 1255 Athenis,

2006 1275 2328 1347 Melampus
2376 1277 2566 1347 Argis,
2602 1275 2975 1345 Trophonius
3029 1275 3257 1332 Boeotias
3306 1276 3653 1333 initiationi-

2008 1366 2115 1420 bus
2150 1365 2418 1420 homines
2467 1363 2913 1436 obligaverunt;
2943 1368 3005 1419 ut
3036 1365 3107 1419 ad
3153 1382 3255 1421 vos
3287 1382 3520 1437 quoque
3553 1367 3655 1421 do-

2010 1456 2326 1510 minatores
2361 1454 2623 1525 gentium
2658 1453 3159 1525 aspiciam,homo
3192 1454 3299 1510 fuit
3330 1455 3657 1528 Pompilius

2009 1543 2327 1615 Numa,qui
2358 1548 2651 1599 Romanos
2674 1542 3108 1613 operosissimis
3134 1544 3657 1615 superstitionibus

2008 1632 2287 1688 oneravit.
2325 1632 2580 1687 Licuerit
2612 1638 2668 1686 et
2696 1632 2920 1687 Christo
2963 1633 3351 1688 commentari
3382 1632 3654 1689 divinita-

2006 1729 2119 1780 tem
2156 1740 2278 1779 rem
2332 1723 2664 1795 propriam;
2702 1741 2816 1778 non
2867 1722 2967 1794 qui
3002 1724 3234 1795 rupices
3269 1725 3340 1795 (3)
3373 1729 3431 1780 et
3461 1724 3655 1779 adhuc

2005 1815 2157 1869 feros
2187 1813 2457 1867 homines
2490 1812 2865 1867 multitudine
2896 1816 2982 1867 tot
3014 1812 3325 1868 numinum
3357 1814 3660 1869 demeren-

2006 1904 2214 1958 dorum
2245 1901 2522 1957 attonitos
2557 1901 2864 1957 efficiendo
2892 1902 2965 1957 ad
2989 1901 3417 1957 humanitatem
3437 1905 3659 1973 tempe-

2008 1996 2181 2059 raret,
2215 2007 2329 2061 quo
2381 1989 2603 2055 Numa;
2638 1990 2737 2045 sed
2772 1990 2871 2062 qui
2916 1990 3043 2061 jam
3092 1989 3378 2062 expolitos
3428 1994 3485 2045 et
3528 1990 3658 2062 ipsa

2007 2081 2338 2135 urbanitate
2371 2080 2645 2150 deceptos
2676 2078 2733 2133 in
2767 2078 3127 2151 agnitionem
3158 2079 3420 2135 veritatis
3451 2078 3653 2134 ocula-

2005 2171 2092 2222 ret
2149 2168 2244 2238 (4).
2289 2166 2536 2232 Quaerite
2582 2182 2739 2237 ergo,
2774 2166 2823 2221 si
2881 2183 3014 2222 vera
3071 2167 3149 2221 sit
3204 2167 3319 2223 ista
3375 2168 3652 2224 divinitas

2002 2256 2233 2312 Christi.
2269 2256 2328 2311 Si
2359 2270 2427 2310 ea
2456 2260 2565 2322 est,
2600 2272 2715 2326 qua
2745 2256 2978 2328 cognita
3009 2256 3079 2311 ad
3134 2256 3352 2311 bonum
3385 2257 3519 2328 quis
3560 2274 3653 2313 re-

1678 2365 1881 2427 Variaa
1911 2364 2234 2427 lectiones.

315 2464 361 2498 ⁶⁰
392 2460 930 2517 Demonstrabimus
964 2460 1195 2516 Semter.

1294 2461 1337 2496 ⁶¹
1363 2460 1708 2526 Adhibeam,
1743 2466 1807 2516 ut
1837 2462 2087 2517 credatis
2118 2460 2430 2516 Christiani
2460 2462 2626 2515 Fran.

2721 2462 2766 2495 ⁶²
2795 2460 3103 2516 Edidimus
3145 2462 3308 2517 Fran.
3403 2461 3448 2495 ⁸³
3477 2461 3652 2518 Nefas

243 2534 335 2590 at.
411 2534 456 2568 ⁶⁴
486 2534 547 2588 In
573 2533 701 2588 cod.
733 2533 887 2587 βαιά.
922 2532 1117 2588 desunt
1148 2550 1229 2588 vv.
1263 2538 1320 2587 et
1350 2534 1663 2588 cultarum.
1696 2535 1759 2588 In
1804 2534 1922 2589 cod.
1956 2534 2123 2605 Agob.
2166 2534 2223 2589 in
2274 2533 2576 2600 honorem,
2626 2536 2922 2604 utrumque
2967 2533 3187 2588 videtur
3232 2534 3299 2588 ab
3350 2532 3648 2605 interprets

238 2608 510 2679 adjectum
538 2620 670 2660 csse.
746 2605 791 2639 ⁸³
823 2604 954 2660 Cod.
989 2605 1145 2661 Fuld.
1184 2608 1233 2660 et
1264 2606 1399 2661 Hau.
1432 2622 1535 2678 per
1566 2606 1821 2677 Moysen.

1679 2713 2201 2776 Commentarius.

232 2829 342 2886 per
370 2826 433 2867 se
464 2808 677 2883 populo
711 2810 1023 2886 mandasse
1054 2813 1338 2886 Romano,
1366 2814 1436 2886 ut
1458 2810 1612 2866 inter
1640 2810 1887 2866 numina

229 2882 542 2947 coleretur,
576 2898 760 2952 eoque
793 2882 964 2936 modo
998 2882 1305 2953 populum,
1339 2883 1438 2953 qui
1471 2888 1680 2937 contra
1710 2898 1886 2937 seua-

226 2963 361 3012 tum
392 2958 784 3011 intumescere
838 2960 1110 3024 coeperat,
1144 2970 1476 3024 repressum
1509 2958 1680 3023 atque
1717 2954 1884 3008 seda-

225 3035 377 3085 tum.
420 3050 447 3075 ››
483 3028 625 3083 Nam
657 3030 811 3079 certe
864 3026 1116 3096 precatio
1148 3027 1292 3079 satis
1324 3027 1687 3079 divinitatem
1733 3024 1882 3079 obti-

224 3100 438 3157 nuisse
468 3101 635 3153 docet
662 3096 1064 3151 Aurel.Victor
1095 3097 1150 3150 in
1184 3097 1413 3168 Epir.in
1447 3098 1640 3151 Marco
1667 3099 1859 3150 Anton

226 3196 257 3223 ‹‹
295 3173 367 3226 Et
396 3171 548 3242 quod
599 3170 669 3224 de
720 3168 968 3222 Romulo
1000 3168 1481 3242 aegre_creditum
1507 3174 1643 3242 est,
1676 3183 1881 3223 omnes

226 3245 361 3318 pari
396 3240 572 3318 sen_su
596 3240 1384 3318 praesumpserunt,Ma_rcum
1419 3241 1558 3295 ccelo
1581 3246 1879 3318 receptum

227 3312 387 3373 csse.
423 3336 451 3362 ››
481 3314 549 3368 Et
606 3312 721 3368 huc
752 3314 974 3384 ,t'orsan
1034 3313 1231 3384 referri
1290 3317 1481 3384 potest
1534 3312 1881 3368 seminudus

225 3387 333 3444 ille
390 3384 633 3455 invenis,
666 3382 767 3454 qui
816 3385 966 3454 apud
1020 3382 1335 3440 Bellorium
1384 3384 1442 3439 in
1493 3385 1672 3439 Admi.
1723 3386 1876 3439 Rom.

220 3460 419 3544 ﬂgitio.
460 3458 727 3544 (estigiis,
776 3456 1015 3544 tab.‘36,
1057 3458 1395 3544 [faustinam
1423 3455 1879 3544 ‘Marcihhabit‘u
1911 3476 1953 3544 ρ

221 3527 432 3589 Dianae
485 3527 778 3597 Lucifera,
811 3527 953 3583 coelo
1000 3529 1224 3598 inferri,
1253 3529 1494 3585 intentis
1546 3527 1731 3584 oculis
1779 3527 1881 3582 ad-

220 3604 501 3671 miratur,
534 3602 643 3657 nisi
698 3599 996 3673 potius_ex
1033 3600 1246 3673 habitu
1276 3606 1335 3658 et
1385 3601 1735 3669 diademate,
1768 3614 1882 3670 quo

218 3680 412 3759 caput
440 3671 878 3759 ornatur,‘Deus
902 3671 1120 3759 Cronius
1151 3674 1230 3755 sit
1259 3674 1636 3755 aestimandus
1671 3689 1684 3759 ξ
1718 3674 1888 3759 tanta

218 3744 461 3805 scilicet
509 3745 707 3805 glorias
737 3744 1006 3800 vecordia
1055 3745 1320 3800 homines
1368 3744 1708 3800 incesserat.
1740 3748 1885 3799 Sue-

214 3819 454 3887 tonius,
486 3814 551 3872 d?
579 3815 813 3886 Augusti
860 3830 1073 3887 anima,
1106 3831 1233 3884 cap.
1268 3832 1299 3870 c
1333 3832 1345 3869 :
1374 3836 1407 3887 _«
1445 3815 1559 3872 Nec
1588 3814 1775 3887 defuit
1803 3814 1889 3869 vir

266 3885 567 3970 rastorius,
603 3885 704 3970 qui
752 3901 815 3940 se
844 3885 1102 3970 effigiem
1145 3885 1387 3970 cremati
1418 3885 1741 3970 eu‘ntemnin
1776 3902 1888 3970 cce,-

243 3978 354 4021 um
380 3960 601 4015 vidisse
620 3955 904 4028 jurasset‘.
934 3972 970 4028 ξ
997 3955 1106 4028 Sed
1138 3955 1274 4009 audi
1307 3955 1620 4011 Tertull.de
1649 3956 1887 4026 Spectat.

213 4051 369 4104 cap.
404 4028 510 4083 ult.
546 4023 834 4109 de'pmna
880 4023 1091 4109 inferni
1125 4041 1137 4079 :
1172 4028 1517 4109 «‘Spect‘an‘s
1546 4031 1634 4109 tot
1666 4023 1731 4080 ac
1762 4032 1891 4081 tan-

209 4094 331 4165 tos.
364 4115 549 4171 rcges,
583 4094 684 4166 qui
713 4097 773 4152 in
798 4094 1005 4171 omium
1037 4096 1251 4171 recepti
1279 4097 1721 4171 nuntiabantur,
1756 4112 1892 4171 cum

214 4182 370 4251 ipso
403 4167 543 4251 Jove
572 4178 628 4225 et
666 4170 808 4251 istis
863 4167 994 4251 suis.
1034 4168 1284 4251 testibus
1340 4169 1397 4221 in
1437 4168 1586 4251 _imis
1634 4168 1894 4251 tenebris

221 4239 769 4316 c’ongemiscentes.
796 4261 830 4316 _n
867 4239 1075 4295 Verius
1106 4241 1177 4295 de
1208 4240 1661 4316 triumphatore_
1688 4239 1894 4316 mortis

222 4309 390 4379 Jesu
420 4321 619 4371 nostro
669 4313 810 4368 illud
848 4328 1225 4383 usurpamus,
1260 4309 1415 4383 quod
1461 4329 1574 4367 non
1608 4309 1720 4367 nisi
1752 4312 1896 4367 adu-

224 4388 450 4451 latorie
475 4386 743 4442 Valerius
794 4384 1081 4439 Maximus
1112 4385 1183 4439 de
1229 4383 1386 4440 Julio
1436 4384 1657 4440 Caesare
1706 4384 1899 4439 dicere

228 4461 457 4539 posuit,
491 4459 628 4539 1v,5_
662 4475 737 4539 πλε
772 4456 835 4539 _In
871 4457 1024 4539 hunc
1048 4458 1298 4539 ‘modum
1353 4473 1468 4512 non
1502 4456 1772 4539 homines
1797 4472 1899 4539 _ex-

227 4527 493 4608 spirant,
528 4530 628 4587 sed
655 4530 740 4608 dii
754 4527 1132 4608 immortales
1166 4528 1333 4584 sedes
1374 4533 1834 4608 suasrepetunt.
1870 4548 1899 4576 »

227 4600 515 4664 A'lludere
565 4607 706 4674 puto
752 4600 1180 4674 Tertullianum
1223 4616 1370 4674 cum
1404 4601 1544 4655 dicit
1580 4600 1652 4654 ad
1698 4601 1825 4674 Nat.
1859 4616 1899 4664 1,

228 4683 307 4736 10
346 4694 360 4731 :
397 4699 423 4726 ‹‹
455 4671 661 4731 Coram
712 4671 925 4743 populo
977 4689 1093 4726 non
1143 4672 1431 4743 pejeraret
1476 4672 1903 4743 contemplator

227 4748 455 4809 caslitis
502 4747 562 4801 in
594 4743 804 4799 omium
852 4744 1088 4815 recepti.
1120 4764 1149 4791 ››
1184 4743 1295 4797 Sed
1346 4743 1441 4815 hic
1482 4744 1647 4799 locus
1703 4747 1905 4815 monet

227 4838 337 4881 me
373 4817 673 4875 medicinae
706 4832 822 4887 qua
852 4814 1077 4871 summe
1126 4815 1351 4886 indiget
1378 4814 1478 4871 illo
1511 4816 1700 4886 capite
1732 4814 1901 4870 lihel-

229 4898 341 4954 lus
388 4892 522 4948 istc.
580 4886 810 4961 Legitur
838 4888 917 4943 ibi
954 4904 967 4942 :
1001 4908 1029 4937 «
1064 4886 1204 4950 Quis
1253 4887 1439 4961 istam
1480 4887 1899 4961 contumeliam

233 4968 512 5031 excuset,
546 4959 678 5033 quae
708 4968 766 5033 ut
799 4964 899 5015 aut
930 4964 1193 5014 mortuos
1226 4975 1360 5013 cum
1415 4959 1539 5033 deis
1567 4961 1844 5033 deputet;
1880 4981 1902 5010 ι

232 5052 432 5111 quem
462 5030 659 5111 lucum
683 5032 879 5111 minus
910 5048 1118 5086 sanum
1146 5030 1495 5111 pronuntiat
1516 5030 1670 5111 recte
1702 5031 1912 5111 Goths.-

233 5101 474 5177 fredus,
507 5104 860 5160 medicinam
921 5119 1032 5157 non
1093 5102 1366 5177 adhibet.
1411 5103 1700 5177 Rigaltius
1756 5101 1899 5177 nihil

234 5174 623 5244 notam—nihil
674 5182 895 5240 mutat;
934 5191 1112 5229 unam
1157 5174 1285 5230 dele
1332 5174 1675 5244 litterulam,
1727 5175 1907 5231 veris-

235 5256 410 5313 sima
438 5254 700 5321 emerget
748 5246 939 5321 lectio,
975 5246 1285 5321 scribendo
1334 5251 1455 5321 atat
1484 5252 1749 5321 mortuos,
1782 5247 1821 5303 i.
1850 5262 1906 5321 Ae.

236 5318 631 5404 quocunque
666 5320 835 5404 modo
867 5319 1355 5404 tandemniortui
1398 5320 1651 5404 fuerint,
1683 5318 1908 5404 utscil.

236 5389 477 5458 scaevus
514 5389 635 5449 iste
685 5390 994 5457 Romulus,
1030 5389 1129 5461 qui
1166 5390 1471 5461 dissipatis
1520 5391 1802 5447 membris
1839 5406 1912 5445 ne

237 5474 481 5539 integer
510 5465 747 5537 quidem
762 5460 1077 5539 tumulum
1110 5460 1503 5539 invepiindc
1532 5463 1721 5539 plura,
1756 5462 1909 5539 apud

237 5534 607 5611 interpretes
656 5540 712 5611 et
760 5534 1157 5611 Elmenhorst.
1189 5534 1612 5611 ad_1\linuc.’p.
1644 5536 1909 5611 56η11Αγ.

318 5606 441 5683 (99)
470 5609 817 5667 Conscientia
851 5606 1524 5683 ChristianasL‘Cuicum
1557 5606 1915 5683 Conscientia

241 5677 507 5743 dictaret
536 5682 755 5753 injuste
804 5682 1146 5753 accusatum
1195 5677 1517 5753 Christum,
1554 5679 1777 5734 nullam
1824 5677 1913 5734 vel

242 5756 562 5816 minimam
595 5748 821 5808 'noxam
862 5752 921 5806 in
970 5750 1069 5804 illo
1115 5748 1362 5823 inveniri
1415 5767 1610 5823 posse,
1645 5754 1914 5807 coactum

243 5846 374 5889 non
407 5826 805 5884 voluntarium
839 5840 900 5878 se
934 5823 1003 5877 ad
1038 5821 1780 5895 puniendum—accessisse,
1814 5823 1916 5879 ubi

247 5899 493 5964 nullum
524 5902 650 5957 erat
679 5896 982 5966 delictum,
1000 5910 1239 5953 necesse
1269 5895 1495 5965 habuit,
1531 5900 1596 5953 ut
1624 5896 1735 5969 ipsi
1765 5898 1912 5965 vivo,

1994 2810 2075 2864 ita
2106 2808 2400 2882 memoriae
2434 2810 2562 2882 ejus
2594 2808 3175 2865 favere.Christz'anus
3195 2809 3393 2882 itaque
3422 2808 3652 2867 Pilatus

1994 2882 2212 2936 dicitur
2242 2881 2473 2948 Nostro,
2498 2880 2669 2951 plane
2703 2887 2765 2954 ut
2798 2897 2900 2951 per
2920 2884 3121 2952 jocum
3157 2880 3381 2937 Livium
3413 2884 3649 2954 Augus-

1994 2958 2090 3007 tus
2124 2953 2541 3023 Pompeianum
2576 2952 2870 3023 appellare
2901 2954 3145 3017 solebat,
3179 2955 3333 3024 quod
3366 2952 3556 3010 exstat
3585 2954 3646 3010 in

1993 3025 2291 3097 praeclara
2326 3024 2664 3097 defensione
2696 3026 2999 3097 _Cremutii
3058 3027 3227 3081 Cordi
3270 3027 3423 3097 apud
3464 3026 3641 3097 Taci-

1992 3094 2139 3169 tum,
2172 3112 2229 3150 ιν
2257 3096 2455 3169 Annal.
2486 3096 2553 3169 31;
2588 3112 2600 3148 :
2636 3117 2662 3143 «
2695 3094 2863 3169 _Titus
2896 3096 3129 3169 ALivius,
3177 3094 3523 3169 eloquentiae
3571 3111 3639 3169 ac

1993 3166 2489 3241 fideihpraaclarus
2534 3166 2849 3241 imprimis,
2883 3167 2991 3222 Gn.
3048 3166 3391 3241 Pompeium
3449 3168 3637 3224 tantis

1990 3238 2265 3313 laudibus
2296 3239 2448 3307 tulit,
2485 3243 2544 3313 ut
2570 3240 2993 3313 Pompeianum
3044 3258 3173 3295 eum
3200 3238 3505 3313 Augustus
3535 3258 3638 3311 ap-

1992 3311 2234 3384 pellaret
2265 3327 2279 3364 :
2315 3326 2502 3384 neque
2532 3309 2588 3362 id
2622 3311 2890 3384 amicitiae
2938 3328 3138 3366 eorum
3172 3309 3382 3368 offecit.
3413 3334 3442 3362 »
3473 3309 3637 3367 Libet

1991 3381 2191 3454 itaque
2220 3381 2548 3437 exclamare
2580 3383 2649 3435 ad
2686 3384 2979 3449 Pontium,
3014 3389 3078 3438 ut
3106 3388 3314 3439 Noster
3342 3385 3413 3439 ad
3444 3384 3639 3454 Traja-

1992 3472 2155 3520 num,
2189 3471 2238 3509 c.
2273 3458 2308 3507 2
2338 3471 2389 3508 :«
2421 3454 2464 3508 Ο
2492 3454 2844 3508 sententiam
2876 3457 3221 3511 necessitate
3251 3457 3555 3511 confusam
3583 3457 3636 3511 ι»

1992 3534 2049 3608 et
2081 3544 2093 3583 :
2129 3549 2157 3576 «
2192 3526 2340 3591 Quid
2395 3527 2768 3608 temetipsam
2812 3542 3067 3608 censura
3111 3524 3643 3608 circumvenis?_si

1992 3602 2261 3669 damnas,
2296 3614 2400 3653 cur
2448 3597 2697 3671 inquiris
2718 3597 2824 3671 ‘Iﬁsi
2852 3598 3126 3671 inquiris,
3159 3616 3261 3656 cur
3291 3617 3409 3656 non
3448 3602 3505 3657 et
3533 3598 3644 3655 ab-

1994 3673 2173 3730 solvis
2199 3671 2226 3725 ‘I
2258 3692 2284 3719 »
2317 3674 2383 3725 ut
2413 3670 2654 3740 paulum
2684 3670 3001 3727 inﬂectam.
3033 3672 3181 3729 HAV.

2069 3745 2140 3815 (1)
2174 3742 2234 3798 Si
2261 3746 2360 3797 aut
2409 3742 2657 3815 Caesares
2702 3758 2813 3797 non
2857 3752 3036 3800 essent
3079 3744 3277 3799 swculo
3322 3741 3649 3799 necessarii.

1997 3814 2114 3871 Hoc
2143 3821 2251 3879 est,
2284 3815 2530 3885 imperio
2563 3814 2848 3882 Romano,
2873 3816 3265 3886 quodtandiu
3295 3816 3652 3886 duraturum

1998 3887 2272 3944 dicebant
2293 3883 2556 3957 quandiu
2580 3886 2873 3941 saeculum.
2896 3883 2993 3941 'Ex
3014 3885 3113 3942 illo
3140 3886 3411 3942 videlicet
3436 3883 3599 3957 Pauli
3634 3900 3651 3941 :

2002 3981 2031 4011 ‹‹
2060 3956 2325 4013 Tantum,
2345 3958 2444 4029 qui
2474 3964 2650 4013 tenet.
2688 3980 2714 4007 »
2747 3957 2829 4012 Fl.
2866 3958 3150 4029 Vopiscus
3182 3959 3253 4014 de
3280 3956 3652 4020 Aureliano,»

2000 4030 2105 4084 Hic
2134 4030 2289 4102 finis,
2322 4029 2533 4101 inquit,
2565 4029 2877 4085 Aureliano
2911 4030 3039 4099 fuit,
3076 4029 3327 4102 principi
3377 4041 3649 4084 necessa-

2002 4102 2087 4156 rio
2120 4101 2308 4171 magis
2338 4117 2513 4170 quam
2547 4102 2716 4155 bono.
2749 4123 2776 4151 ››
2812 4102 2936 4157 RIG.

2076 4172 2150 4241 (‘2)
2181 4168 2297 4244 Aut
2337 4168 2388 4227 si
2428 4177 2481 4227 et
2528 4172 2860 4244 Christiani
2882 4172 3189 4244 potuissent
3230 4184 3344 4225 esse
3396 4168 3654 4244 Caesares.

2005 4243 2199 4325 Longe
2226 4242 2351 4298 aliae
2384 4248 2609 4325 mentes
2656 4241 3119 4325 Christianorum
3147 4244 3310 4325 fuere
3337 4241 3656 4325 sub.Cons-

2005 4312 2464 4393 tantino,_quem
2496 4320 2567 4393 et
2584 4316 2780 4372 saeculi
2811 4317 3230 4393 prasidem,_et
3254 4312 3655 4393 Christianum

2006 4401 2135 4443 esse
2192 4383 2458 4458 potuisse
2514 4383 2829 4455 dixerunt;
2851 4394 2908 4444 et
2966 4386 3201 4457 quantis
3258 4402 3375 4440 non
3421 4383 3656 4458 ingenii

2006 4454 2442 4513 Grzeoi'virihus
2490 4454 2882 4525 probaverunt
2913 4459 2924 4514 l
2952 4454 3070 4515 Sub
3095 4474 3161 4513 eo
3193 4462 3344 4512 certe
3375 4454 3659 4510 Christia-

2009 4546 2218 4603 narum
2269 4545 2473 4603 rerum
2496 4529 2920 4603 adhucignaro
2954 4529 3211 4603 haeretici
3239 4527 3541 4603 catholicis
3570 4527 3663 4603 in-

2011 4601 2315 4657 sultabant
2374 4596 3027 4670 hujusmodi'convicio
3062 4619 3074 4657 :
3109 4600 3256 4665 Quid
3315 4596 3665 4655 Christianis

2011 4690 2144 4730 cum
2177 4672 2412 4747 regibus
2434 4673 2463 4747 (ζ
2484 4676 2584 4726 aut
2614 4673 2753 4743 quid
2787 4673 3080 4747 episCOpis
3107 4689 3238 4728 cum
3272 4671 3490 4745 palatio
3509 4671 3537 4728 ?
3558 4670 3669 4742 Op-

2009 4750 2190 4811 tatus,
2227 4745 2325 4799 lib.
2362 4762 2401 4798 ι.
2434 4745 2561 4799 RIG.

2090 4817 2167 4888 (3)
2200 4817 2428 4901 Rspice?
2460 4818 2623 4901 vocat
2652 4814 2924 4901 homines
2970 4815 3226 4901 rusticos
3255 4819 3315 4872 et
3352 4814 3608 4901 incultos
3638 4830 3673 4901 ξ

1940 4852 1976 4913 D
2090 4852 2167 4888 νη
2200 4852 2426 4884 ..ιιμιυςο
2465 4852 2623 4871 mea.
2653 4852 2924 4872 μυιιηιιοσ
2976 4852 3226 4873 ιυοιιυυε
3255 4852 3315 4872 υ..
3352 4852 3608 4871 mea...»
3638 4852 3669 4869 ι.

2022 4890 2217 4963 Graeco
2252 4886 2420 4963 ῥύπαξ
2451 4893 2506 4963 et
2538 4885 2729 4963 é‘s‘ttpc.
2763 4890 2836 4943 De
2879 4889 3082 4955 Pallio,
3114 4905 3161 4943 c.
3194 4889 3227 4943 4
3261 4905 3273 4945 :
3309 4910 3330 4937 α
3363 4887 3477 4963 Ille
3512 4886 3669 4959 apud

2020 4958 2281 5032 rupicem
2330 4966 2386 5015 et
2436 4958 2754 5015 silvicolam
2814 4964 2868 5016 et
2926 4965 3257 5016 monstrum
3316 4958 3671 5032 eruditorem

2022 5030 2270 5103 scrupea
2328 5032 2530 5087 schola
2585 5032 2871 5087 eruditus.
2918 5038 2947 5081 »‘
3005 5033 3152 5088 Ibid.
3215 5052 3242 5081 «
3302 5032 3569 5104 Rupices
3609 5030 3671 5084 in

2021 5101 2286 5174 urbanis,
2323 5121 2556 5159 scurras
2587 5104 2646 5157 in
2682 5104 3034 5175 forensibus,
3070 5120 3329 5176 paganos
3356 5101 3417 5159 iri
3450 5101 3674 5176 milita-7

2021 5178 2207 5232 ribus.
2244 5173 2274 5225 >5
2303 5177 2372 5231 Et
2419 5177 2483 5231 de
2530 5176 2746 5243 Anima,
2782 5194 2830 5231 c.
2865 5177 2898 5229 6
2931 5194 2943 5233 :
2979 5173 3188 5241 «Quid
3220 5179 3416 5231 autem
3458 5173 3673 5229 facient

2020 5255 2105 5305 tot
2136 5266 2201 5305 ac
2230 5253 2407 5303 tantae
2437 5248 2645 5303 animo:
2678 5249 2945 5319 rupicum
2980 5253 3038 5303 et
3082 5264 3419 5318 varronum,
3452 5246 3672 5317 quibus

2025 5321 2303 5377 alimenta
2336 5321 2635 5392 sapientiae
2685 5321 2895 5376 desunt
2924 5324 2946 5375 Ρ
2975 5343 3002 5371 ››
3035 5322 3115 5375 Ita
3145 5319 3518 5392 locumrilege,
3551 5332 3668 5373 non

2024 5391 2422 5450 Barbarorum.
2460 5393 2732 5465 Respexit
2763 5394 2919 5449 enim
2950 5409 3184 5449 versum
3218 5391 3443 5459 Lucilii,

2148 5500 2450 5549 Varronum
2485 5515 2545 5549 ac
2578 5501 2824 5564 rupicum
2859 5514 3145 5564 squarrosa
3174 5498 3449 5549 incondita
3492 5498 3682 5547 rostra.

2098 5606 2182 5687 (li).
2209 5606 2483 5688 Oculoret.
2517 5606 2919 5690 Ἐξωμμᾴτωσς
2948 5606 3143 5732 inquit
3177 5605 3459 5690 scaliger,
3507 5619 3685 5676 quem

2098 5694 2264 5732 mino
2296 5679 2426 5732 Vlde
2475 5680 2545 5732 ad
2579 5679 2901 5732 Manilium.
2939 5696 2994 5732 n.
3064 5680 3151 5732 18.
3184 5678 3430 5732 Videtur
3474 5680 3683 5732 Noster

2026 5677 2264 5734 omnino
2296 5678 2426 5732 vide
2475 5680 2545 5733 ad
2579 5678 2901 5745 Manilium,
2939 5696 2994 5749 p.
3028 5677 3151 5734 148.
3184 5677 3430 5734 Videtur
3474 5680 3683 5733 Noster

2024 5766 2221 5824 vocem
2274 5752 2500 5805 oculare
2547 5767 2857 5822 usurpare,
2890 5749 3063 5824 quasi
3093 5751 3452 5822 signiﬁcaret
3486 5750 3682 5807 visum

2028 5822 2288 5889 reddere,
2358 5824 2650 5896 quomodo
2736 5822 2923 5896 apud'
2975 5824 3275 5892 Nostrum,
3346 5824 3410 5881 de
3477 5825 3679 5896 Paruit.

2029 5911 2075 5950 c.
2136 5896 2310 5950 12;‹‹
2372 5895 2655 5961 Hirundo,
2713 5895 2782 5952 si
2822 5896 3189 5954 exczscaverit
3246 5896 3459 5970 pullos,
3522 5895 3681 5951 novit
