4366 6348
274 335 399 394 469

1388 325 1982 391 APOLOGETICUS
2026 327 2210 389 ADV.
2259 326 2585 387 GENTES.

3584 325 3704 385 470

272 463 480 520 sinunt
526 460 736 516 laedere
783 460 915 531 (20),
974 464 1031 517 et
1088 476 1325 516 curasse
1382 461 1725 517 creduntur.
1778 458 1926 523 Quid
1958 467 2013 536 Α
2111 456 2796 536 numpolenlia,_majori,
2838 454 3701 536 _C_2_hrieli_nempe,.suojiei_do-

271 569 410 626 ergo
443 552 513 605 de
544 553 770 605 cmteris
803 550 1056 621 ingeniis
1103 548 1191 604 vel
1224 549 1398 604 etiam
1430 549 1654 605 viribus
1687 548 1930 603 fallacias

272 639 557 714 spiritalis
614 638 959 705 edisseram,
1029 639 1444 711 phantasmata
1490 639 1820 703 Castorum,
1878 641 1935 691 et

272 744 487 801 aquam
544 726 733 782 cribro
782 731 1091 796 gestatam,
1140 732 1198 781 et
1244 742 1450 782 navem
1496 728 1649 782 410
1699 723 1934 797 cingulo

270 821 601 891 promotam
657 816 791 886 (21),
834 820 890 872 et
939 815 1182 871 barbam
1233 819 1391 871 tactu
1443 816 1751 872 irrufatam
1796 815 1931 887 (22),

274 911 344 963 ut
374 906 621 961 numina
650 904 876 976 lapides
907 906 1300 974 crederentur,
1332 909 1389 962 et
1421 910 1573 963 Deus
1614 921 1787 961 verus
1817 919 1933 959 non

274 999 633 1069 quereretur
662 994 704 1028 ⁷⁷
725 994 753 1048 ‘I

889 1083 1119 1141 CAPUT
1150 1084 1321 1154 xxu,

270 1176 707 1230 Aacumss'ruu.
746 1202 815 1213 —-
848 1172 1209 1239 Quantumvis
1240 1188 1363 1229 vero
1391 1188 1601 1243 magna
1628 1172 1698 1229 sit
1725 1170 1932 1229 daemo-

2110 539 2194 585 cet
2215 546 2235 590 ;
2264 526 2439 601 quare
2487 526 2667 583 etiam’
2701 530 2767 583 (le
2824 529 2924 584 illa
2968 528 3079 600 ipsi
3130 526 3459 581 Christiani
3496 529 3699 583 trium-

2111 600 2311 672 phant,
2344 618 2468 655 cum
2496 602 2703 656 scilicet
2746 601 3055 655 immundos
3096 601 3335 672 spiritus
3355 600 3557 672 virtute
3587 601 3703 667 eius

2117 669 2197 729 uel
2230 676 2449 742 invitos,
2480 674 2731 743 ejiciunl.
2760 673 2858 740 Qui
2883 673 3013 727 dum
3038 672 3272 741 imperio
3305 669 3511 726 Christi
3539 672 3696 725 obse-

2113 747 2304 815 quium
2356 749 2636 815 praestant,
2687 761 2848 799 suum
2878 745 2985 816 ipsi
3025 743 3377 799 divinitatem
3431 744 3706 799 abnuunt

2114 819 2334 888 ejusque
2363 818 2539 872 solum
2565 825 2893 885 agnoscunt.

2114 904 2291 959 Porro
2323 904 2372 960 si
2405 910 2460 959 et
2492 904 2647 976 magi
2681 904 3094 975 phantasmata
3123 903 3305 959 edunt
3334 902 3469 975 (23),
3497 906 3554 959 et
3576 904 3704 976 jam

2043 994 2193 1048 4H
2246 993 2658 1050 defunctorum
2709 992 2996 1049 infamant
3046 993 3089 1027 ⁷⁸
3146 992 3375 1049 animas
3417 992 3582 1064 ('24);
3660 992 3713 1048 si

2044 1098 2257 1155 pueros
2288 1084 2347 1139 in
2380 1084 2680 1155 eloquium
2713 1082 2931 1139 oraculi
2963 1082 3189 1139 elidunt
3207 1083 3253 1117 ⁷³
3282 1082 3418 1154 (15),
3441 1082 3490 1137 si
3522 1080 3714 1137 multa

2044 1171 2333 1230 miracula
2363 1171 2748 1229 circulatoriis
2780 1171 3091 1245 praestigiis
3120 1170 3411 1240 ludunt,si
3431 1175 3488 1229 et
3511 1167 3715 1230 omnia

1705 1272 1908 1333 Variae
1950 1270 2273 1333 lectiones.

350 1370 393 1441 7⁷
428 1368 554 1425 Cod.
588 1366 750 1441 Fuld.
784 1385 805 1441 .'
836 1384 949 1441 non
983 1384 1103 1440 qua
1140 1369 1457 1436 effecerint,
1488 1370 1633 1427 unde
1661 1371 1885 1425 "avere.
1918 1370 2225 1441 suspicatus
2274 1376 2368 1437 est,
2402 1386 2591 1425 veram
2637 1385 2753 1425 esse
2798 1370 3140 1441 scripturam
3231 1383 3347 1423 non
3393 1370 3714 1439 quaeretur,

283 1440 619 1497 effecerunt.
697 1440 742 1474 ⁷⁸
776 1440 1102 1513 inclamant
1132 1443 1362 1513 Franeq.

272 1514 492 1586 Reliqui
519 1527 704 1569 omnes
733 1528 751 1566 :
786 1511 1107 1569 inclamant
1136 1544 1205 1558 -η
1238 1511 1507 1571 eliciunt.

1440 1443 1485 1477 ⁷⁹
1512 1444 1592 1499 lla
1617 1442 1767 1498 codd.
1802 1438 2189 1511 Fuld.,lugd.
2242 1452 2293 1498 et
2337 1442 2555 1499 Herald.
2599 1442 2723 1499 edd.
2774 1438 2924 1513 ltig.,
2971 1442 3126 1512 liam,
3177 1438 3345 1496 Seml.
3394 1438 3450 1497 et
3490 1442 3707 1497 Ritteri.

1727 1594 2247 1655 Commentarius.

276 1701 537 1781 nitates”:
576 1699 900 1781 nec'solum
934 1700 1449 1781 b_ominibus,_sed
1476 1700 1823 1781 pecudibus
1876 1706 1933 1756 et
1966 1706 2012 1770 B
2045 1701 2256 1757 coelum
2288 1702 2609 1781 infamatis.
2644 1726 2672 1781 η
2708 1701 2821 1781 Nec
2872 1718 3006 1781 cum
3040 1705 3200 1781 Pam.
3259 1698 3505 1781 aliisque
3536 1698 3709 1781 incla-

269 1772 583 1847 jumentis‘.
618 1792 647 1820 ››
679 1774 739 1828 [ιι
771 1772 902 1847 Vita
930 1773 1059 1844 ejus
1086 1776 1240 1846 apud
1273 1774 1437 1847 Diog.
1475 1774 1790 1830 Laertium.
1817 1789 1929 1829 ms.

281 1844 345 1902 L.
379 1850 443 1898 B.
473 1844 747 1915 primum.
782 1844 922 1915 Hav.

354 1914 485 1985 (20)
518 1920 649 1987 Post
694 1930 818 1987 quae
861 1914 1120 1987 desinunt
1184 1915 1396 1971 laedere.
1426 1986 1429 1987 ν
1458 1915 1756 1971 Adbibitis
1812 1914 1940 1987 scil.

284 1986 407 2043 illis
437 1985 715 2043 remediis
743 1986 908 2043 novis
939 1991 997 2041 et
1044 1987 1365 2043 inusitatis.
1412 1986 1520 2044 Sed
1571 1988 1731 2043 Rben
1766 1992 1822 2043 et
1846 1985 1942 2042 Al-

285 2060 395 2115 dus
424 2058 645 2129 legunt,
676 2060 789 2115 sive
816 2064 1097 2115 contraria
1116 2075 1136 2120 ;
1171 2059 1774 2131 postquamrdesinunl,
1806 2063 1941 2126 etc.,

288 2131 347 2203 id
380 2136 470 2186 est
498 2131 733 2202 quando
757 2131 881 2202 jam
918 2147 1029 2186 non
1078 2130 1335 2203 amplius
1375 2130 1594 2203 laedunt
1624 2131 1805 2186 videri
1840 2146 1941 2203 vo-

288 2202 420 2258 lunt
448 2201 692 2275 benefici
723 2201 780 2258 et
828 2201 1229 2273 sospitatores.
1271 2202 1436 2275 Hunc
1466 2202 1660 2258 locum
1694 2201 1946 2275 respexit

287 2274 503 2331 saeculo
536 2291 643 2330 suo
673 2275 902 2345 egregie
934 2276 1140 2331 doctus
1168 2275 1258 2330 Jo.
1305 2274 1942 2345 Saresberiensis,’epi-

288 2363 525 2427 sco-pus,
558 2345 657 2416 qui
691 2348 772 2401 ita
802 2346 1347 2427 scriptumreliquit
1367 2347 1437 2401 de
1458 2347 1559 2427 {svi
1588 2346 1680 2427 sui
1711 2347 1945 2427 presby-

286 2420 431 2474 teris
459 2424 515 2472 et
546 2418 881 2488 purpuratis
933 2420 991 2471 in
1040 2417 1189 2473 libro
1239 2435 1413 2543 (ﬁam
1459 2418 1765 2499 inscripsit
1797 2417 1941 2473 Poli-

286 2491 592 2543 craticum.
625 2488 725 2543 lib.
758 2506 836 2543 v1.
883 2506 1008 2543 can.
1041 2490 1111 2543 24
1146 2506 1159 2543 :
1194 2510 1222 2539 ‹‹
1318 2493 1485 2543 ocent
1523 2507 1759 2543 stemus.
1796 2494 1850 2543 et
1882 2490 1941 2543 in

284 2491 592 2555 creticum,
625 2488 725 2544 lib.
758 2506 836 2555 v1,
883 2506 1008 2560 cap.
1041 2490 1111 2543 24
1146 2506 1159 2543 :
1194 2510 1222 2539 ‹‹
1264 2488 1485 2545 Nocent
1523 2488 1759 2561 saepius,
1796 2494 1850 2543 et
1882 2490 1941 2543 in

284 2578 354 2617 eo
386 2564 677 2617 daemones
710 2562 1040 2628 imitantur,
1066 2562 1223 2631 quod
1248 2567 1395 2633 tunc
1429 2562 1705 2632 prodesse
1740 2566 1945 2633 putan-

283 2639 386 2706 tur
416 2649 560 2706 cum,
587 2648 791 2706 nocere
819 2632 1139 2706 desistunt.
1173 2654 1201 2683 »
1244 2632 1400 2688 Vixit
1451 2633 1503 2690 is
1554 2632 1803 2706 scriptor
1834 2650 1941 2689 sa:-

286 2704 421 2761 culo
451 2705 782 2760 undecimo.
816 2705 959 2760 Hav.

361 2776 473 2847 (21)
524 2778 591 2831 Et
635 2792 829 2831 navem
876 2775 1103 2844 cingulo
1158 2783 1486 2846 promotam.
1544 2775 1815 2847 Relatum
1871 2774 1943 2830 ab

286 2846 615 2903 He’rodiano
647 2852 735 2903 est
765 2847 867 2903 lib.
915 2864 933 2901 ι
976 2848 1115 2901 Hist.
1147 2848 1454 2919 Navigium
1486 2864 1599 2919 quo
1630 2846 1944 2903 Pessinun-

283 2920 374 2975 tia
405 2920 519 2975 Dea
558 2919 747 2976 Tiberi
781 2919 1196 2990 advehebatur,
1228 2919 1422 2975 subito
1457 2919 1656 2974 divina
1686 2919 1942 2990 quadam

284 2991 345 3047 vi
368 2991 839 3057 substitisse,nec
861 2991 996 3045 inde
1022 2989 1159 3045 ullis
1179 2991 1403 3062 viribus
1422 2992 1638 3046 moveri
1660 2990 1943 3062 potuisse,

289 3062 483 3145 donec.
508 3062 995 3145 astitiths‘acerdos
1024 3060 1279 3145 Vestalis
1310 3062 1607 3145 (ipsenno‘n
1656 3060 1942 3145 nominat,
1974 3072 2018 3142 α

289 3135 395 3192 sed
428 3135 646 3191 dictam
697 3133 1001 3191 Claudiam
1049 3131 1288 3189 Ovidius
1318 3131 1397 3189 in
1446 3133 1635 3189 Fastis
1679 3134 1857 3199 canit,
1889 3135 1947 3189 et

288 3206 497 3263 scribit
528 3206 723 3263 Livius
753 3206 855 3262 lib.
887 3205 1002 3277 29.)
1043 3206 1123 3261 Ea
1169 3221 1301 3261 cum
1333 3210 1676 3276 argueretur
1704 3204 1943 3277 virgini-

283 3283 469 3335 tatem
516 3278 833 3360 polluisse,
867 3277 1427 3360 damnatione_mqae
1465 3281 1773 3360 metueret,
1804 3276 1947 3347 petit

287 3367 325 3408 ο,
356 3351 592 3434 populo,
621 3355 685 3406 ut
708 3351 997 3432 judicium
1031 3351 1102 3405 de
1133 3366 1195 3405 se
1224 3352 1342 3404 dese
1370 3351 1755 3405 Pessinunties
1787 3366 1945 3404 com-

295 3426 615 3478 mitterent.
650 3426 772 3489 Quo
805 3428 1138 3492 impetrato,
1171 3421 1325 3477 clare
1355 3422 1541 3477 Deum
1574 3426 1807 3493 precata
1834 3426 1945 3489 est,

295 3499 365 3549 ut
396 3495 443 3550 si
475 3511 536 3551 se
565 3510 693 3550 esse
728 3495 1130 3549 intemeratam
1165 3499 1279 3549 Dea
1307 3495 1504 3559 sciret,
1554 3510 1760 3549 navem
1817 3509 1945 3563 pro-

294 3566 733 3651 gredi‘jubepet.
766 3568 889 3651 Quo
938 3566 1093 3651 dicto
1139 3582 1347 3651 zonam
1374 3566 1657 3651 _recinxit,
1691 3570 1747 3621 et
1788 3564 1947 3649 navi-

287 3636 387 3711 gio
419 3636 685 3711 illigavit,
732 3638 885 3709 quod
935 3637 1136 3694 statim
1177 3639 1505 3711 ducentem
1540 3654 1718 3694 manu
1770 3637 1946 3709 virgi-

288 3709 426 3765 nem
455 3709 839 3768 consecutum
878 3714 986 3766 est.
1042 3710 1398 3777 Lactantius,
1449 3709 1551 3764 lib.
1600 3727 1663 3777 ιι,
1714 3726 1842 3782 cap.
1889 3710 1942 3764 7.

288 3782 473 3935 Ιῇἒξὶ)
509 3852 753 3935 Βρτὸιαηξ
778 3848 1286 3935 ιᾳσιαιίννιιίαεατηέ
1320 3852 1466 3935 blota
1495 3848 1789 3935 hiec‘sunt
1820 3866 1945 3935 orn-

286 3918 392 3979 nia
436 3918 504 3976 ex
550 3918 952 3989 historicisget
997 3920 1579 3989 commentator-ibus,
1614 3921 1685 3974 de
1726 3921 1948 3989 nuntiis

282 3992 546 4050 victoriae
578 3987 981 4053 Macedonicae,
1011 3986 1339 4057 virginibus
1381 3987 1736 4045 Vestalibus.
1768 3986 1949 4047 Tucia

289 4066 350 4119 et
378 4060 636 4130 Claudia,
668 4064 725 4115 et
759 4058 1005 4132 Domitio
1035 4057 1385 4132 Enobarbo,
1418 4075 1591 4130 quem
1628 4062 1948 4132 respiciens

285 4132 577 4192 Martialis
609 4132 834 4201 scribit,
866 4130 968 4187 lib.
996 4147 1121 4202 vm,
1156 4130 1323 4202 epist.
1359 4131 1448 4185 52.

543 4223 834 4271 Tonsorem
864 4233 1109 4282 puerum,
1142 4218 1235 4269 sed
1270 4225 1381 4269 arte
1417 4219 1598 4282 talem,

531 4285 711 4344 Qualis
741 4297 842 4333 nec
868 4281 1155 4333 Thalamus
1183 4281 1285 4332 fuit
1316 4284 1556 4345 Neronis,

542 4350 833 4397 Drusorum
869 4348 953 4396 cui
983 4346 1254 4408 contigere
1281 4346 1480 4397 barbae.

289 4436 421 4493 Fuit
450 4437 610 4493 enim
642 4436 792 4494 Nero
825 4454 893 4493 ex
924 4436 1383 4508 genteDomitia
1412 4442 1470 4492 et
1518 4435 1742 4492 familia
1772 4436 1947 4491 zEno-
1979 4441 2027 4508 D

292 4510 617 4567 barborum
652 4527 665 4566 :
700 4510 830 4566 vide
878 4507 1224 4565 Suetonium
1274 4509 1334 4564 in
1364 4508 1481 4565 vita
1511 4510 1639 4579 ejus
1670 4525 1795 4580 cap.
1832 4509 1857 4562 1
1892 4511 1950 4563 et

292 4596 422 4708 ἔθει.
460 4599 564 4655 per
594 4588 839 4639 matrem
868 4597 1005 4638 vero
1061 4580 1440 4651 Agrippinam
1487 4581 1708 4637 Drusos
1739 4580 1958 4653 attigit.

348 4670 440 4709 Αν.

372 4726 497 4798 (23)
516 4724 660 4791 Magi
686 4724 1078 4798 phantasmata
1096 4722 1585 4798 edunt.Quidquid
1605 4723 1703 4798 (illi
1739 4724 1964 4798 faciunt

297 4795 360 4851 id
379 4793 617 4851 faciunt
647 4793 1291 4869 potestateidaamonu‘m
1329 4793 1441 4850 sibi
1464 4793 1963 4869 ministrantium,

303 4873 527 4941 quanto
576 4866 774 4941 itaque
824 4868 1054 4924 facilius
1104 4866 1299 4923 simile
1338 4873 1670 4940 perpetrare
1702 4868 1846 4941 ipsis
1878 4868 1963 4922 dae

302 4940 584 5013 monibus
615 4940 944 5013 inproprie
980 4956 1168 5013 (causa
1211 4941 1592 5009 Operantibus
1617 4942 1644 4996 ?
1683 4940 1963 5013 Apuleius

2052 1783 2208 1829 munt
2234 1774 2490 1829 mallem.
2528 1774 2675 1828 Illud
2708 1776 2865 1829 enim
2898 1778 2987 1828 est
3035 1775 3310 1843 infamare
3351 1773 3578 1827 animas
3609 1772 3708 1826 de-

2054 1846 2654 1917 functorum,quando
2678 1845 2912 1901 fortium
2936 1851 2993 1900 et
3016 1843 3423 1917 praestantium
3450 1844 3709 1917 virorum

2054 1921 2275 1973 umbrae
2309 1918 2380 1973 ad
2426 1915 2658 1974 libitum
2694 1915 3111 1989 impurissime:
3160 1916 3424 1989 veneﬁca:
3459 1915 3711 1989 excitant

2053 1995 2169 2057 tur,
2204 1990 2289 2045 vel
2321 1990 2559 2045 excitari
2601 1985 3004 2057 simulantur;
3052 2005 3188 2044 nam
3238 1986 3383 2043 nihil
3425 1985 3713 2057 suntquisi

2054 2078 2226 2117 mere:
2260 2078 2429 2134 nugae
2468 2065 2533 2134 et
2568 2062 2829 2119 fallaciae.
2880 2056 3027 2116 Hinc
3069 2062 3231 2134 justa
3279 2058 3521 2134 fingitur
3566 2056 3715 2112 indi-

2053 2136 2253 2207 gnatio
2282 2130 2572 2189 Samuelis
2602 2135 2844 2189 Saulum
2894 2130 3254 2207 increpantis
3288 2149 3301 2187 :
3336 2131 3446 2186 Cur
3473 2145 3713 2207 commq-

2051 2203 2182 2261 ῦὶδεί
2229 2221 2334 2271 me,
2383 2207 2623 2261 excitari
2663 2221 2753 2260 me
2797 2203 3119 2275 faciensP'I
3167 2205 3325 2275 sam.
3366 2218 3587 2275 (xxvm,
3622 2203 3708 2275 15.

2050 2278 2581 2348 ApudEunapium
2626 2271 2973 2332 Sardianum
3022 2275 3183 2347 legas
3228 2274 3284 2348 in
3340 2271 3715 2348 Vila_AEde.s_ii,

2051 2345 2438 2417 Jamblicum,
2464 2345 3105 2426 Apollinem__exciente
3125 2347 3376 2426 quodam
3421 2345 3711 2426 Egyptio,

2052 2435 2243 2503 eoque.
2261 2417 2597 2503 apparente‘,
2622 2420 2888 2502 attonitis
2910 2420 3032 2501 viso
3053 2417 3710 2503 praesentib_us,di‘xis.se:

2053 2515 2082 2541 ‹‹
2118 2487 2391 2562 ﬁesinite,
2427 2491 2655 2547 sodales
2696 2492 2831 2559 mei,
2878 2487 3118 2562 mirari;
3151 2494 3239 2545 est
3285 2489 3440 2545 enim
3482 2487 3706 2560 gladia-

2050 2565 2217 2647 toris,
2238 2564 2350 2647 “qui
2373 2561 2669 2647 (singulari
2698 2562 3017 2619 certamine
3044 2561 3286 2647 interiit,
3331 2564 3707 2647 spectrum..»

2051 2636 2166 2692 Nec
2198 2630 2566 2708 plausibilior
2596 2652 2819 2691 merces
2851 2653 2883 2690 a
2914 2650 3086 2705 maga
3116 2630 3398 2689 Thessala
3428 2630 3707 2757 proponi-

2057 2712 2153 2757 tur
2182 2709 2428 2757 exciiato
2477 2708 2745 2757 cadaveri
2802 2706 2861 2757 in
2918 2706 3166 2757 gratiam
3213 2703 3377 2757 Texti
3472 2701 3707 2757 omneii.

2057 2712 2153 2763 tur
2182 2701 2428 2790 excitato
2477 2708 2746 2763 cadaveri
2799 2701 3166 2790 inngra'tiam
3213 2703 3377 2790 Teati
3428 2701 3709 2790 Pompeii,

2094 2797 2230 2836 uam
2265 2778 2410 2835 nulli
2444 2796 2713 2851 unquam
2763 2775 2945 2834 simili
2991 2776 3363 2834 infamationi
3392 2775 3709 2832 obnoxium

2052 2797 2194 2906 θοι-θ.
2229 2853 2383 2906 apud
2418 2852 2642 2906 Lucanr
2672 2850 2709 2906 l.
2746 2867 2820 2906 v1.
2842 2851 2967 2905 762.

2077 2850 2195 2923 'ore,
2229 2853 2383 2924 apud
2418 2850 2642 2907 Lucanr
2672 2850 2709 2906 l.
2746 2867 2820 2918 v1,
2842 2851 2967 2905 762.

2335 2975 2442 3035 Dic,
2475 2974 2652 3037 inquit
2679 2973 2947 3037 Thessala,
2982 2986 3180 3035 magna

2180 3037 2331 3095 Quod
2362 3032 2527 3100 jubeo
2554 3032 2812 3100 mercede
2829 3032 2963 3100 mihi
2994 3051 3006 3084 :
3036 3032 3161 3100 nam
3194 3047 3321 3083 vera
3340 3032 3578 3083 locutum

2180 3097 2479 3150 Immunem
2510 3103 2621 3148 toto
2650 3098 2839 3148 mundi
2867 3097 3237 3161 praestabimus
3266 3109 3382 3161 (evo

2176 3162 2389 3230 artibus
2418 3162 2749 3230 Haemonii‘s‘:
2781 3160 2883 3230 tua
2903 3160 3143 3209 membra
3170 3160 3439 3230 sepulcro,

2177 3225 2391 3274 Talibus
2420 3238 2642 3274 exuram
2673 3223 2853 3286 Stygio
2882 3237 3003 3272 cum
3032 3222 3269 3286 carmine
3299 3221 3484 3286 sylvis,

2178 3288 2244 3337 Ut
2275 3287 2451 3336 nullos
2480 3290 2691 3336 cantata
2724 3284 2907 3347 magos
2941 3284 3194 3335 exaudiet
3226 3284 3435 3347 umbra.

2180 3350 2256 3401 Sit
2283 3351 2416 3399 tanti
2446 3350 2639 3399 vixisse
2669 3343 2861 3398 iterum
2892 3361 2904 3398 :
2935 3362 3034 3397 nec
3062 3347 3241 3407 verba,
3273 3358 3373 3395 nec
3401 3343 3581 3394 herbas

2181 3413 2475 3464 Audebunt
2504 3413 2657 3475 longe
2687 3425 2934 3461 somnum
2963 3411 3059 3461 tibi
3089 3410 3296 3460 solvere
3325 3407 3499 3458 letbes

2178 3477 2220 3527 Α
2252 3489 2339 3525 me
2370 3480 2540 3525 morte
2571 3476 2712 3525 data.

2126 3585 2238 3654 (25)
2268 3585 2326 3638 1η
2373 3584 2657 3655 eloquium
2705 3583 2917 3655 oraculi
2964 3580 3194 3655 elidunt.
3254 3579 3323 3655 Et
3380 3577 3521 3655 beas
3542 3576 3707 3655 Junii

2054 3649 2190 3713 Cod.
2221 3649 2393 3712 Fuld.
2430 3649 2572 3711 mss.
2608 3653 2839 3709 Herald.
2898 3658 2960 3709 L.
3022 3653 3083 3707 Β.
3133 3656 3189 3707 et
3219 3649 3561 3723 Rigalectio
3593 3652 3703 3719 est,

2053 3728 2363 3784 verissima
2389 3753 2403 3794 ;
2432 3728 2528 3783 alii
2560 3727 2809 3795 eliciunt,
2840 3725 3052 3781 Junius
3084 3724 3155 3779 de
3196 3722 3500 3795 sacriﬁciis
3563 3738 3707 3792 pue-

2055 3817 2301 3873 rorum,
2329 3816 2458 3869 quae
2505 3798 2770 3873 divinitio
2798 3794 3336 3873 βρεφομαντεία-νςιῐ
3371 3794 3707 3873 paidpman:

2051 3873 2135 3927 tia
2164 3864 2486 3927 dicebatur.
2521 3870 2661 3925 Vide
2690 3864 3139 3924 Elimenborest.
3171 3868 3242 3922 ad
3273 3864 3711 3937 Gennad.p.195

2055 3949 2113 3998 et
2139 3945 2281 4009 210;
2315 3949 2371 3999 et
2405 3942 2785 4006 Bonifacium,
2818 3939 2920 3995 lib.
2954 3956 3032 3994 vn
3078 3942 3213 3994 Hist.
3269 3937 3542 4009 Ludicrae,
3574 3953 3703 4007 cap.

2054 4015 2119 4069 21
2150 4032 2163 4081 ;
2199 4008 2277 4068 La
2301 4016 2501 4079 Cerda,
2534 4013 2767 4068 Herald.
2801 4012 2853 4066 ei
2887 4011 3011 4081 Rig.
3062 4012 3135 4065 ad
3174 4008 3546 4065 vaticinantis
3578 4024 3704 4081 mo-

2056 4027 2119 4069 21
2150 4032 2163 4081 ;
2199 4027 2274 4068 La
2301 4027 2501 4079 uerna,
2534 4027 2767 4068 ueram.
2801 4027 2853 4066 81
2887 4027 2950 4067 ui
2999 4052 3011 4064 .
3062 4027 3135 4065 aa
3174 4027 3546 4065 vaticinantis
3578 4027 3704 4063 mo-

2056 4102 2176 4140 rem
2212 4091 2273 4140 ut
2302 4090 2597 4143 corrueret
2627 4085 2912 4141 referunt.
2955 4027 3294 4153 %trumque
3336 4095 3560 4153 verum.
3595 4078 3710 4134 Lu-

2057 4172 2165 4211 can
2200 4198 2212 4211 .
2249 4178 2271 4208 ι
2318 4156 2461 4214 ibid.
2518 4172 2693 4216 versu
2750 4156 2878 4225 554,
2933 4153 2995 4211 in
3046 4153 3251 4226 magiae
3308 4152 3473 4209 cultu
3532 4167 3713 4223 agno-

2060 4227 2171 4284 scit
2205 4245 2218 4284 :

2180 4335 2287 4383 Nec
2313 4334 2511 4397 refugit
2537 4336 2727 4397 caedes,
2756 4334 2941 4383 vivum
2970 4333 3013 4381 si
3042 4345 3192 4397 sacra
3219 4343 3486 4397 cruorem,

2179 4397 2415 4460 Extaque
2438 4394 2683 4448 funereae
2712 4394 2943 4461 poscunt
2973 4394 3295 4458 trepidantia
3327 4404 3555 4442 mensae.

2063 4494 2285 4550 Efficax
2344 4494 2541 4567 itaque
2594 4495 2781 4567 oratio
2836 4510 2955 4564 qua
3001 4493 3142 4548 deos
3185 4491 3405 4567 inferos
3452 4486 3720 4545 debitum

2070 4584 2242 4623 suum
2277 4564 2594 4639 agnoscere
2624 4566 2749 4621 vult
2778 4581 2993 4637 magna
3016 4580 3189 4619 versu
3209 4564 3314 4617 707
3348 4579 3361 4618 :
3634 4574 3635 4577 ‘

2413 4671 2465 4720 Si
2497 4682 2777 4733 nunquam
2816 4670 2931 4719 haec
2966 4668 3202 4719 carmina
3239 4667 3386 4733 fibris

2198 4731 2669 4798 llumanisjejuna
2700 4747 2864 4798 cano,
2885 4733 2928 4798 si
2960 4734 3174 4795 pectora
3204 4731 3368 4795 plena

2195 4799 2347 4861 Saepe
2380 4794 2614 4861 dedijet
2640 4797 2747 4861 lavi
2774 4795 2941 4845 calido
2962 4794 3219 4858 prosecta
3240 4794 3465 4861 cerebro
3497 4806 3510 4842 :

2195 4862 2247 4911 Si
2279 4854 2417 4923 quis,
2449 4854 2549 4924 qui
2570 4860 2760 4909 vestris
2789 4861 2950 4922 caput
2977 4854 3211 4922 extaque
3239 4858 3485 4924 lancibus
3513 4854 3692 4905 infans

2197 4922 2482 4987 Imposuit,
2503 4922 2740 4973 victurus
2770 4926 2899 4983 erat,
2926 4925 3107 4985 parete
3138 4922 3396 4985 precanti.

305 5012 378 5068 de
408 5011 527 5068 illis
567 5031 579 5069 :
634 5036 661 5063 «
694 5011 915 5070 Horum
960 5012 1030 5069 de
1081 5027 1324 5084 numero
1374 5017 1581 5069 curant
1633 5011 1870 5084 singuli,
1902 5015 1968 5068 ut

311 5087 403 5139 est
431 5085 644 5156 cuique
673 5087 895 5142 tributa
941 5080 1275 5156 provincia,
1308 5084 1395 5140 vel
1452 5086 1698 5141 somniis
1732 5080 1967 5141 Vconﬁr-

316 5154 576 5229 mendis,
617 5158 702 5213 vel
739 5158 886 5213 extis
917 5154 1337 5229 ﬁ’ssiculandis,
1360 5156 1451 5211 vel
1484 5157 1833 5229 praepetibus
1865 5174 1967 5229 gu-

306 5228 653 5296 bernandis,
685 5230 775 5284 vel
815 5229 1046 5283 vatibus
1086 5227 1968 5300 inspirandis,_vel'fulminibus

301 5300 667 5374 jacul‘andis,
699 5300 1044 5371 ceterisque
1075 5302 1240 5366 adeo,
1273 5317 1376 5372 per
1406 5317 1533 5369 quae
1584 5302 1781 5358 futura
1831 5319 1970 5374 prae-

308 5370 635 5428 noscimus.
672 5395 699 5423 »
734 5377 879 5427 Hav.

384 5443 497 5517 (24)
554 5446 941 5517 Defunctorum
992 5443 1301 5517 in/uman_t_
1336 5445 1576 5500 animas.
1640 5445 1972 5501 Pulcherri-

2144 5023 2439 5078 Posterius
2472 5025 2665 5094 tamen
2720 5021 2828 5075 hoc
2874 5019 3000 5076 loco
3033 5021 3238 5094 magis
3254 5018 3562 5094 convenire
3592 5020 3731 5089 puto

2075 5095 2365 5166 quomodo
2412 5090 2567 5166 apud
2617 5094 2891 5166 eumdem
2915 5090 3195 5166 poetam,
3227 5092 3327 5149 lib.
3362 5093 3415 5159 1,
3445 5090 3573 5159 695,
3605 5104 3732 5145 ma-

2078 5164 2243 5224 trona
2272 5164 2533 5223 Romana
2562 5164 2865 5221 vaticinari
2898 5164 3172 5221 desinens

2480 5273 2642 5323 Lasso
2674 5272 2845 5336 jacuit
2873 5272 3083 5321 deserta
3130 5271 3329 5321 furore.

2076 5374 2202 5445 lege
2233 5389 2299 5429 ex
2332 5389 2476 5429 mss.
2529 5371 2741 5427 deserta
2774 5372 2967 5445 furore
2999 5370 3217 5425 Elidere
3244 5384 3378 5445 vero
3430 5370 3519 5445 e_s_t
3565 5361 3745 5445 spiri-

2080 5436 2210 5503 tuum
2242 5446 2544 5501 suffocare.
2580 5436 2923 5499 Lactantius
2956 5459 3057 5496 seu
3096 5442 3392 5497 Luctatius
3443 5436 3744 5493 Placidus-

312 5505 415 5589 ςῐιὰ
444 5505 821 5589 lectio'quam
847 5505 1128 5589 _ex_Cod.
1161 5514 1328 5570 Fuld.
1373 5518 1809 5589 repraesentavit
1842 5518 1969 5586 Rig.
2082 5520 2141 5572 in
2174 5519 2424 5589 Epiloma
2471 5518 2685 5572 Metam.
2738 5515 2907 5589 Qvid.
2950 5514 3055 5589 lib.
3114 5532 3215 5589 Vll,
3260 5514 3466 5589 cap._2
3516 5526 3530 5565 :
3589 5531 3616 5557 ‹‹
3648 5505 3743 5589 ‘ut

318 5584 603 5645 laudante
633 5580 807 5663 etiam
839 5585 1031 5663 Junio.
1064 5589 1183 5663 Ego
1208 5580 1570 5663 eumipsam
1603 5592 1659 5645 in
1692 5607 1803 5663 ms.
1830 5590 1884 5645 L.
1909 5580 1977 5663 Β.
2082 5580 2682 5663 ίΕεοιιθιιιίβθιιροῐιιὶθ
2712 5586 2929 5663 elisum
2960 5584 3020 5640 in
3046 5580 3517 5663 adolescentiam
3551 5580 3739 5663 redun-

318 5673 558 5731 quoque
603 5657 983 5732 deprehendi,
1016 5661 1082 5712 ut
1105 5650 1163 5711 6t
1208 5650 1441 5732 Herald.
1476 5661 1533 5716 in
1566 5664 1713 5718 suis.
1747 5661 1875 5732 Ipse
1907 5659 1978 5716 ad
2086 5667 2261 5717 ceret.
2286 5683 2315 5711 ››
2335 5661 2568 5716 Flavius
2598 5659 2886 5732 Vopiscus
2909 5657 3093 5732 tensis
3125 5657 3407 5732 membris
3441 5652 3578 5732 fieri
3597 5650 3739 5732 dicit

320 5724 548 5804 Nation.
584 5749 622 5804 ι,
651 5724 695 5788 5’
728 5748 742 5787 :
778 5754 806 5784 «
860 5724 977 5795 Qui
1018 5729 1326 5804 superficie
1366 5733 1632 5789 vocabuli
1690 5724 1981 5789 infamant
2087 5734 2147 5787 in
2178 5733 2444 5789 Floriano
2478 5750 2491 5789 :
2538 5756 2557 5783 ι
2587 5724 2893 5804 Fanaticus
2925 5729 3180 5804 quidem
3187 5729 3257 5804 in
3287 5727 3506 5801 templo
3545 5724 3743 5798 Sylva-

320 5798 651 5863 veritatem.
678 5825 707 5857 »
730 5804 798 5861 Et
818 5818 883 5873 ιι,
904 5804 977 5858 7:
1001 5824 1029 5853 ‹‹
1056 5798 1351 5874 sepulcris
1374 5820 1621 5878 regnum
1650 5810 1980 5863 vestrorum
2090 5804 2151 5863 ni
2180 5804 2364 5863 tensis
2394 5804 2673 5862 membris
2701 5798 3065 5859 exclamavit.
3100 5824 3128 5854 »
3162 5803 3300 5862 Hav.
