4366 6354
348 368 463 427 4'13

1463 368 2051 431 APOLOGETICUS
2096 367 2273 427 ADV.
2322 366 2647 427 GENTES.

3638 360 3757 415 474

351 498 616 555 cinarum
647 500 1101 572 demonstrator,
1145 501 1259 557 alia
1305 501 1399 558 die
1430 504 1733 559 morituris
1758 504 1890 575 (33).
1924 503 1999 559 So
2029 504 2083 571 Α
2112 517 2318 557 monas
2348 516 2477 556 esse
2509 496 2882 571 cognoscitis.
2924 493 3137 549 Eadem
3187 508 3321 548 vero
3353 506 3528 563 opera
3560 492 3759 545 nostra

353 587 545 643 cordio
577 591 633 643 et
662 588 949 645 Thanatio
998 594 1055 643 et
1087 589 1493 661 Asclepiodoto
1522 592 1651 647 vita:
1684 592 1999 647 summini-

352 682 567 734 strator
598 694 610 735 :
649 678 759 733 nisi
785 695 846 734 se
877 679 1171 735 demones
1196 680 1443 736 confessi
1465 681 1697 749 fuerint,
1722 681 1999 736 Christia-

354 783 427 822 ne
462 766 695 821 mentiri
738 784 852 822 non
903 769 1206 838 audentes,
1240 770 1456 825 ibidem
1508 769 1666 827 illius
1697 769 2000 827 christiani

353 855 756 929 procacissimi
802 858 1153 929 sanguinem
1206 859 1450 915 fundite.
1504 860 1652 925 Quid
1685 860 1798 915 isto
1832 875 2004 931 opere

356 944 723 1001 manifestius
743 945 770 999 ?
797 945 935 1017 quid
970 946 1076 1002 hac
1100 948 1438 1019 probatione
1461 948 1693 1005 fidelius
1718 950 1745 1004 ?
1774 948 2003 1021 simpli-

352 1034 499 1090 citas
525 1033 788 1090 veritatis
808 1035 869 1090 in
895 1036 1085 1092 medio
1116 1042 1205 1092 est
1229 1055 1241 1105 ;
1274 1036 1458 1093 virtus
1481 1038 1567 1093 illi
1594 1056 1702 1093 sua
1732 1037 1960 1093 assistit
1987 1056 1999 1093 :

354 1121 500 1178 nihil
534 1123 826 1195 suspicari
868 1123 1080 1180 licebit.
1116 1125 1307 1198 Magia
1355 1130 1457 1182 aut
1486 1126 1683 1199 aliqua
1712 1126 2004 1199 ejusmodi

352 1210 583 1267 fallacia
614 1212 738 1267 fieri
770 1212 977 1269 dicetis
1000 1214 1065 1282 ⁸³,
1099 1214 1147 1270 si
1180 1214 1332 1271 oculi
1362 1215 1541 1271 vestri
1573 1220 1629 1271 et
1657 1232 1829 1271 aures
1875 1232 2003 1287 per-

356 1300 629 1356 miserint
657 1301 846 1358 vobis.
881 1302 1029 1368 Quid
1063 1308 1257 1359 autem
1309 1304 1480 1359 inniti
1511 1308 1700 1376 potest
1729 1306 2005 1360 adversus

354 1390 436 1458 id,
455 1390 609 1461 quod
628 1391 957 1446 ostenditur
974 1394 1132 1447 nuda
1150 1392 1530 1448 sinceritate?
1561 1394 1619 1449 Si
1641 1393 1820 1448 altera
1840 1398 2005 1465 parte

354 1479 399 1513 ⁸⁸
428 1493 558 1533 vere
607 1478 698 1534 dei
747 1483 909 1550 sunt,
957 1496 1061 1535 cur
1102 1497 1230 1535 sese
1260 1481 1547 1536 daemonia
1596 1479 2005 1537 mentiuntur?

357 1584 431 1623 an
464 1570 525 1623 ut
564 1568 735 1623 nobis
784 1568 1230 1641 obsequantur?
1274 1570 1407 1625 Jam
1440 1574 1594 1626 414
1625 1587 1760 1642 ergo
1810 1570 2006 1641 subje-

356 1661 449 1711 cta
473 1661 563 1712 est
593 1656 941 1714 Christianis
984 1658 1259 1714 divinitas
1289 1664 1514 1729 vestra;
1550 1676 1653 1715 nec
1686 1660 1886 1729 utique
1918 1659 2006 1713 di-

362 1745 539 1802 vinita
564 1746 907 1818 deputanda
958 1752 1066 1816 est,
1101 1765 1227 1820 quae
1276 1749 1514 1805 subdita
1540 1753 1630 1805 est
1676 1748 1920 1816 homini,
1952 1750 2009 1802 et

2110 591 2180 645 ab
2204 590 2424 645 eisdem
2444 588 2555 643 diis
2582 586 2788 642 vestris
2805 602 2917 641 non
2942 588 3173 639 tantum
3198 582 3306 636 hoc
3328 579 3758 651 detegentibus,

2111 680 2264 751 quod
2300 694 2488 749 neque
2517 676 2629 748 ipsi
2663 675 2739 730 dii
2772 676 2815 709 ⁸ο
2848 674 2965 729 sint
2996 689 3184 743 neque
3216 670 3319 726 ulli
3354 669 3448 724 alii
3475 670 3538 735 9°,
3580 666 3755 722 etiam

2111 768 2253 822 illud
2286 768 2345 822 in
2377 766 2699 823 continenti
2723 762 3094 836 cognoscitis,
3118 761 3218 833 qui
3250 760 3327 815 sit
3355 774 3485 814 vere
3507 758 3675 822 deus,
3702 759 3759 811 et

2112 873 2185 912 an
2212 856 2330 921 ille,
2364 861 2420 912 et
2451 873 2523 911 an
2570 855 2800 921 unicus,
2837 869 3010 924 quem
3042 849 3357 907 Christiani
3391 849 3754 920 profitemur,

2112 950 2168 1001 et
2200 964 2271 1001 au
2305 946 2380 1000 ita
2415 945 2739 1001 credendus
2785 942 3196 1012 colendusque,
3230 945 3293 994 ut
3343 939 3507 1001 fides,
3541 940 3604 991 ut
3634 936 3755 991 dis-

2111 1034 2329 1107 ciplina
2350 1033 2637 1106 disposita
2666 1038 2754 1089 est
2770 1032 3250 1087 Christianorum.
3276 1028 3480 1083 Dicent
3499 1026 3753 1080 ibidem:

2112 1124 2318 1194 Ecquis
2352 1123 2449 1179 ille
2479 1123 2746 1179 Christus
2797 1138 2929 1178 cum
2963 1137 3071 1175 sua
3102 1118 3346 1174 fabula?
3377 1117 3525 1173 415
3560 1114 3617 1169 Si
3649 1114 3754 1169 ho-

2115 1231 2208 1269 mo
2238 1214 2570 1269 communis
2601 1210 2973 1280 conditionis,
3008 1210 3055 1266 si
3090 1225 3319 1280 magus,
3352 1205 3400 1262 si
3440 1208 3573 1278 post
3603 1220 3757 1259 mor-

2112 1306 2233 1357 tem
2254 1304 2294 1337 ⁹¹
2330 1303 2400 1357 de
2430 1302 2695 1374 sepulcro
2728 1318 2761 1356 a
2793 1298 3099 1371 discipulis
3147 1298 3486 1368 subreptus,
3520 1293 3569 1351 si
3601 1308 3757 1349 nunc

2114 1392 2365 1463 denique
2396 1408 2571 1463 penes
2616 1391 2854 1457 inferos,
2886 1389 2935 1444 si
2967 1405 3081 1443 non
3115 1388 3170 1442 in
3202 1385 3361 1441 cmlis
3393 1384 3585 1456 potius
3607 1383 3669 1448 9',
3704 1385 3761 1437 et

2114 1480 2250 1535 inde
2273 1484 2552 1535 venturus
2574 1496 2708 1534 eum
2734 1478 2913 1534 totius
2937 1476 3140 1532 mundi
3166 1481 3347 1544 motu,
3368 1490 3501 1528 cum
3520 1473 3759 1526 horrore

2115 1568 2295 1637 orbis,
2325 1586 2456 1624 cum
2492 1569 2724 1641 planctu
2755 1568 3044 1637 omnium,
3068 1566 3165 1620 sed
3193 1582 3304 1620 non
3328 1565 3372 1599 ’3
3404 1562 3758 1617 Christiano-

2116 1676 2181 1713 ru
2194 1663 2341 1725 m,ut
2356 1658 2455 1713 Dei
2468 1658 2665 1713 Virtus
2679 1663 2734 1712 et
2748 1656 3110 1728 DeiSpiritus
3124 1659 3389 1710 etSermo
3404 1657 3459 1707 et
3476 1650 3765 1723 sapientia

2116 1753 2171 1803 et
2201 1747 2365 1803 Ratio
2396 1752 2453 1802 et
2485 1748 2580 1803 Dei
2614 1746 2816 1802 Filius.
2843 1747 3263 1815 Quodcumque
3287 1742 3510 1809 ridetis,
3534 1741 3765 1795 rideant

362 1835 410 1891 si
443 1836 584 1908 quid
637 1837 707 1890 ad
761 1838 1016 1893 dedecus
1060 1838 1218 1906 facit,
1266 1837 1494 1894 tumulis
1542 1839 1687 1895 suis.
1737 1838 1793 1892 Si
1826 1837 2007 1893 altera
2040 1880 2085 1908 η
2117 1840 2175 1893 et
2204 1836 2288 1890 illi
2324 1837 2666 1905 vobiscum;
2701 1839 2913 1908 negent
2943 1834 3242 1890 Christum
3274 1848 3505 1887 omnem
3543 1831 3615 1885 ab
3647 1846 3763 1884 aevo

2040 1880 2087 1945 Β

364 1928 527 1997 parte
574 1925 870 1981 daemones
918 1931 1056 1982 sunt
1102 1926 1189 1982 vel
1235 1927 1448 2000 angeli,
1481 1944 1585 1983 cur
1631 1944 1692 1984 se
1736 1927 1874 1984 alibi
1907 1942 2010 1998 pro
2042 1918 2087 1945 ”
2121 1925 2377 1981 animam
2410 1926 2679 1981 restituto
2701 1941 2939 1997 corpore
2962 1922 3389 1996 judicaturum.
3423 1921 3627 1976 Dicant
3657 1918 3766 1973 hoc

367 2012 481 2068 diis
511 2030 680 2080 agere
711 2015 1112 2087 respondent?
1142 2016 1289 2071 Nam
1337 2016 1491 2071 sicut
1521 2016 1627 2085 illi,
1660 2016 1758 2089 qui
1790 2015 1871 2071 dii
1902 2015 2011 2069 ha-

368 2102 583 2158 bentur
608 2104 673 2172 ”,
720 2104 1013 2161 daemones
1061 2122 1123 2161 se
1166 2105 1356 2162 dicere
1402 2105 1753 2173 noluissent,
1792 2105 1843 2161 si
1884 2120 2017 2160 vere

370 2190 451 2246 dii
482 2196 697 2262 essent,
731 2192 975 2262 scilicet,
1000 2210 1071 2251 ne
1096 2195 1166 2249 de
1193 2195 1499 2265 majestate
1528 2212 1589 2251 se
1618 2196 2013 2267 deponerent:

370 2279 451 2335 ita
480 2284 537 2336 et
566 2280 683 2349 isti,
718 2298 868 2353 quos
890 2282 1108 2338 directo
1132 2284 1428 2340 daemones
1459 2284 1666 2356 nostis,
1690 2300 1804 2340 non
1836 2285 2014 2339 aude-

369 2373 500 2424 rent
529 2368 666 2424 alibi
700 2388 803 2442 pro
820 2371 934 2427 diis
956 2388 1145 2443 agere,
1163 2372 1212 2427 ei
1245 2371 1426 2443 aliqui
1459 2374 1697 2428 omnino
1721 2374 1800 2427 dii
1821 2376 2018 2429 essent

369 2474 619 2529 quorum
648 2460 993 2515 nominibus
1023 2468 1300 2529 utuntur;
1324 2467 1656 2517 vererentur
1676 2462 1831 2517 enim
1856 2461 2017 2518 abuti

369 2548 673 2618 majestate
695 2549 1063 2619 superiorum
1086 2550 1131 2585 ⁸⁸
1163 2550 1290 2606 sine
1321 2550 1500 2606 dubio
1522 2556 1578 2607 et
1598 2552 2015 2606 timendorum.

371 2635 524 2691 Adeo
556 2635 717 2692 nulla
746 2641 835 2693 est
874 2637 1149 2694 divinitas
1183 2638 1297 2695 ista
1330 2656 1507 2709 quam
1538 2638 1768 2706 tenetis,
1799 2639 1940 2711 quia
1969 2638 2021 2695 si

368 2728 542 2792 esset,
577 2741 769 2795 neque
818 2742 851 2781 ι
904 2726 1213 2783 daemoniis
1260 2729 1714 2800 affectaretur",
1766 2744 1955 2800 neque
1988 2744 2021 2783 a

369 2814 485 2869 diis
525 2818 855 2886 negaretur.
906 2817 1050 2871 Cum
1081 2817 1235 2887 |ergo
1267 2822 1517 2889 utraque
1563 2834 1699 2889 pars
1731 2817 2023 2874 concurrit

373 2904 433 2959 in
463 2903 913 2974 confessionem,
937 2906 1077 2961 deos
1100 2921 1228 2962 esse
1252 2922 1494 2978 negans,
1518 2908 1815 2978 agnoscite
1837 2923 2021 2963 unum

372 2991 579 3063 genius
609 3008 759 3061 esse,
793 2992 850 3048 id
905 2998 996 3049 est
1045 2994 1363 3050 damonas.
1397 2995 1607 3051 Verum
1642 2996 1952 3067 utrobique
1979 2996 2023 3030 ⁸³

368 3082 492 3152 jam
526 3082 665 3137 deos
696 3082 939 3153 quaerite
965 3107 979 3152 ;
1011 3098 1159 3155 quos
1180 3083 1336 3139 enim
1360 3085 1887 3155 praesumpseratis,
1909 3085 2022 3139 dte-

2121 2032 2222 2088 pro
2243 2013 2603 2081 tribunali,si
2626 2013 3027 2083 forte,Minoen
3048 2017 3103 2068 et
3124 2008 3640 2067 Rhadamanthum
3656 2007 3768 2081 (34)

2124 2104 2448 2160 secundum
2480 2120 2833 2160 consensum
2855 2104 2900 2139 9‘
2928 2102 3187 2158 Platonis
3219 2106 3276 2157 et
3307 2104 3610 2173 poetarum
3642 2114 3771 2152 esse

2124 2193 2508 2261 sortitos;suaa
2522 2192 2731 2249 saltem
2747 2192 3080 2263 ignominia
3095 2188 3555 2247 etdamnationis
3570 2191 3770 2242 notam

2124 2282 2377 2337 refutent
2409 2298 2421 2337 :
2455 2286 2706 2337 renuant
2728 2298 2789 2337 se
2811 2281 3152 2336 immundos
3173 2279 3417 2351 spiritus
3438 2293 3586 2344 esse,
3612 2277 3767 2348 quod

2123 2370 2213 2426 vel
2244 2388 2313 2427 ex
2339 2370 2572 2443 pabulis
2616 2387 2816 2426 eorum
2850 2370 3133 2442 sanguine
3180 2373 3237 2424 et
3268 2368 3428 2423 fumo
3460 2371 3516 2422 et
3544 2364 3769 2438 putidis

2125 2460 2282 2532 rogis
2313 2477 2586 2532 pecorum
2620 2460 2732 2531 (35)
2764 2464 2820 2515 et
2849 2457 3334 2531 impuratissimis
3363 2454 3581 2528 linguis
3611 2455 3769 2525 ipso-

2128 2565 2260 2604 rum
2283 2555 2481 2603 vatum
2506 2548 2751 2619 intelligi
2775 2548 3013 2615 debuit;
3049 2550 3298 2601 renuant
3318 2546 3361 2581 "
3384 2546 3454 2601 ob
3480 2542 3767 2598 malitiam

2128 2639 2559 2712 praedamnatos
2581 2654 2643 2693 se
2662 2637 2720 2692 in
2741 2638 3011 2693 eumdem
3027 2636 3236 2707 judicii
3260 2635 3412 2690 diem
3434 2650 3567 2689 cum
3587 2631 3775 2687 omni-

2129 2728 2241 2783 bus
2271 2727 2593 2783 cultoribus
2622 2732 2678 2782 et
2707 2726 3111 2799 operatoribus
3134 2727 3176 2760 ⁹⁶
3208 2725 3351 2781 suis.
3382 2722 3557 2795 Atqui
3581 2719 3776 2777 omnis

2130 2816 2252 2871 haec
2283 2820 2485 2871 nostra
2514 2816 2574 2869 in
2623 2814 2757 2871 illos
2801 2814 3123 2870 dominatio
3169 2821 3222 2869 et
3266 2816 3524 2885 potestas
3569 2809 3639 2864 de
3669 2824 3775 2863 no-

2133 2904 2455 2960 minatione
2486 2903 2699 2959 Christi
2720 2903 3019 2976 valet(36),
3038 2908 3094 2959 et
3124 2904 3193 2959 de
3226 2899 3780 2959 commemoratione

2130 3010 2355 3063 eorum,
2425 3009 2551 3063 quae
2627 2992 2738 3046 sibi
2814 3009 2848 3048 a
2914 2993 3029 3047 Deo
3096 3008 3199 3063 per
3263 2990 3546 3046 arbitrum
3616 2986 3779 3042 Chri-

2132 3087 2290 3138 stum
2340 3080 2711 3137 imminentia
2757 3086 3111 3152 exspectant.
3162 3080 3458 3136 Christum
3506 3079 3781 3133 timentes

1769 3200 1973 3262 Variae
2014 3198 2337 3262 lectiones.

444 3313 619 3389 ζυιεηἶ
644 3315 901 3389 aliique:
932 3314 1149 3383 licebit,
1202 3315 1429 3389 magica
1460 3347 1531 3357 —
1574 3316 1719 3372 fieri.
1775 3315 1950 3372 Dictis
2002 3314 2361 3389 nonustetis,
2409 3312 2479 3389 si,
2513 3317 2625 3389 etc.
2653 3314 2771 3382 Rig.
2807 3323 2860 3369 et
2909 3314 3038 3389 flav.
3085 3316 3402 3389 receperunt
3430 3312 3783 3389 scripturam

372 3384 675 3459 cod._Fuidi.
700 3403 721 3459 ;
762 3384 897 3443 ἐρα.
944 3389 1244 3459 Bongarsii
1289 3384 1308 3445 ,³

373 3454 497 3510 ﬁeri
551 3458 766 3513 dicitis.
827 3464 947 3515 Non
1003 3454 1228 3528 dicetis,
1291 3461 1341 3515 sl
1397 3454 1505 3515 etc.

1356 3388 1552 3460 magia
1594 3419 1662 3460 έο
1709 3389 1831 3444 fieri
1880 3388 2073 3444 dictis.
2124 3387 2248 3442 Non
2300 3385 2526 3454 dicetis,
2578 3385 2662 3460 si,_
2701 3392 2838 3452 etc.,
2883 3386 3032 3440 codd.
3091 3382 3241 3455 PutI,
3289 3384 3458 3456 Lugd.
3519 3382 3569 3439 ct
3616 3382 3782 3460 Agob_.

1608 3459 1654 3494 ⁸⁸
1682 3462 1774 3515 Ms.
1832 3461 2006 3529 Lugd.
2068 3460 2193 3514 Bal.
2253 3463 2495 3525 naturae,
2550 3458 2695 3511 unde
2752 3463 2980 3513 Haverc.
3034 3460 3345 3529 suspicatur
3379 3455 3617 3529 natura,
3678 3455 3784 3523 vel,

370 3543 504 3604 vero
555 3536 786 3604 natura.
864 3532 908 3565 ⁸⁸
940 3530 1063 3587 Dici
1108 3535 1238 3587 Par.
1314 3533 1358 3566 ⁸⁸
1389 3533 1755 3603 Majestatem
1804 3528 2162 3604 superiorem
2214 3534 2392 3586 Fran.
2424 3546 2445 3590 ;
2494 3529 2801 3604 majestate
2849 3528 3149 3601 superiore
3200 3530 3376 3604 Paris.
3455 3528 3498 3562 ⁸⁷
3531 3528 3782 3604 Rhenan.

372 3598 635 3675 aliique“:
669 3602 1039 3658 aﬁ‘ectaretur
1070 3605 1127 3658 in
1156 3598 1541 3675 confession—6,
1593 3611 1727 3671 etc.,

1778 3602 1897 3675 qusi
1938 3607 2043 3659 duo
2091 3620 2175 3657 vv.
2226 3603 2695 3672 interpretationis
2725 3618 2889 3657 causa
2934 3605 3178 3675 ascripta
3223 3602 3541 3675 deleverunt
3568 3602 3698 3671 Rz’g.
3729 3607 3789 3653 et

372 3672 504 3745 (Iuv.
582 3673 626 3707 ⁸⁸
656 3678 750 3729 Fr.
782 3677 1009 3737 Junius,
1043 3677 1199 3741 Hav.,
1249 3681 1298 3730 et
1349 3672 1535 3733 Seml.
1567 3680 1619 3733 et
1665 3672 1800 3733 RittI
1843 3676 2189 3743 distinguunt
2235 3692 2255 3729 :
2305 3675 2624 3745 daemonas,
2657 3690 2885 3741 verum,
2920 3674 3252 3745 utrobique.
3299 3673 3431 3729 Jam
3473 3674 3633 3745 deos,
3668 3675 3779 3725 etc.

966 3748 1009 3780 9°
1037 3747 1143 3800 Sed
1175 3748 1299 3801 add.
1352 3749 1481 3802 Par.

660 3816 704 3850 9‘
738 3816 1094 3871 Renuntient
1136 3819 1300 3872 Fran.
1356 3820 1472 3889 Rig.

374 3741 419 3777 ⁸⁹
447 3748 595 3799 Sunt
620 3746 867 3799 Parisin.

371 3815 557 3869 Paris.

376 3886 574 3940 nibus.

1585 3749 1627 3784 ⁹¹
1662 3753 1903 3803 Crucem
1951 3749 2173 3802 Haverc.

1578 3820 1621 3855 ⁰⁶
1659 3820 1837 3877 Codd.
1900 3820 2028 3875 Put.
2073 3824 2131 3874 et
2187 3817 2395 3889 Lugd.,
2454 3816 2662 3886 Rhen.,
2714 3816 2851 3875 Ald.
2910 3822 2967 3874 et
3014 3818 3106 3873 Fr.
3165 3818 3375 3873 Junius
3427 3833 3440 3871 :

3461 3745 3504 3779 9‘
3532 3744 3781 3799 Sensum

3491 3814 3781 3888 operatio-

2277 3746 2321 3779 ⁹²
2353 3745 2526 3801 Ocius
2573 3744 2737 3800 Semt.
2840 3747 2883 3780 93
2921 3746 2977 3799 Si
3026 3744 3147 3801 non
3190 3747 3356 3800 Fran.

1813 3969 2334 4034 Commentarius.

379 4085 713 4159 ginensium
745 4087 971 4142 Numen
1004 4088 1392 4160 primarium,
1426 4091 1496 4147 de

377 4161 449 4215 ad
482 4176 609 4231 cap.
641 4161 728 4225 12,
761 4164 819 4215 et
848 4159 1118 4236 praeclare
1158 4162 1333 4218 etiam
1367 4159 1629 4236 disputat
1660 4166 1715 4222 la
1743 4159 2025 4223 Cerda'ad

1544 4109 1670 4168 quo
1710 4111 1817 4150 nos
1847 4113 2026 4168 supra
2056 4098 2099 4166 C

2138 4094 2310 4150 istam
2342 4094 2468 4149 vitae
2492 4093 2882 4165 largitionem,
2907 4111 3029 4165 quae
3061 4098 3258 4150 tamen
3294 4095 3463 4166 paulo
3496 4096 3626 4165 post
3648 4108 3781 4148 cum

2139 4173 2325 4223 morte
2356 4168 2502 4222 foret
2534 4168 2968 4222 commutanda.
3021 4167 3192 4239 Vulg.
3226 4167 3379 4222 Alias
3406 4166 3780 4239 demorituris.

376 4248 503 4303 cap.
539 4248 814 4317 sequens,
861 4232 1077 4317 docens
1123 4235 1411 4317 virginem
1443 4232 1607 4317 illam
1638 4238 1939 4317 appellari,
1971 4244 2029 4317 et
2138 4239 2321 4294 Aldus
2351 4244 2545 4317 tamen
2563 4240 2701 4317 _Alia
2731 4232 3207 4317 demorituris,__ut
3236 4249 3293 4317 et
3324 4239 3387 4293 L.
3422 4237 3776 4317 D._etAgo_b.

377 4320 493 4359 non
527 4305 780 4360 absurde
823 4304 1154 4382 pluviarum
1188 4304 1693 4382 hic__mentioneni
1716 4304 2024 4382 conjungi,

376 4392 502 4455 quae
538 4392 605 4431 ex
651 4393 785 4455 aere
830 4377 1216 4436 descendunt.
1268 4379 1412 4437 Hinc
1463 4387 1614 4439 certe
1662 4377 2026 4455 Orpheus'in

374 4448 594 4517 hymno
624 4449 695 4503 ad
728 4448 890 4504 illam
927 4466 941 4506 :

398 4568 636 4647 Ομϐρων
673 4572 767 4646 μὶν
798 4569 1015 4643 διερῶν,
1048 4573 1261 4648 ἀνέμων
1292 4576 1479 4654 τροφὲ,
1510 4577 1925 4653 παντογὲνεθλι.

499 4663 813 4714 Nimborum
838 4667 1024 4724 mater,
1054 4669 1470 4731 ventorumque,
1499 4669 1900 4732 omnigenitrix.

380 4808 452 4862 At
501 4806 794 4883 iunonem
841 4806 1143 4883 Virginem
1192 4809 1459 4867 fabulosa
1507 4811 1826 4883 antiquitas
1868 4812 2025 4868 haud

381 4878 699 4945 conticuit;
732 4879 898 4935 testis
933 4880 1077 4934 mihi
1110 4881 1426 4939 Pausanias
1456 4883 1516 4938 in
1549 4878 1935 4941 Corinthiacis
1966 4886 2025 4940 in

382 4952 536 5027 fine;
599 4949 703 5027 Kal
753 4950 906 5027 ¹τξηγὴ
958 4953 1196 5027 Κάναθος
1233 4952 1586 5027 καλουμένη,
1650 4954 1868 5011 ἐνταῦθα
1926 4957 2024 5025 τὴν

378 5022 552 5102 ’ᾘρακί
584 5020 737 5102 (paci!
772 5020 1189 5102 ’Apysi0t_x_a1d
1230 5022 1354 5102 ἔτος
1404 5020 2022 5102 Χουρμὲνηνῌπαρθὲνόν

378 5091 638 5176 γρύξις-Οαί·
676 5091 848 5176 ρῦςτοξ
1132 5118 1309 5176 ςφιμσιν
1338 5097 1397 5176 ἐξ
1442 5091 1678 5176 rel-etii:-
1720 5100 1781 5168 ἣν
1839 5091 2027 5176 ἄγουσι

375 5164 633 5247 «pa-"HM,
686 5164 851 5247 Myos
880 5164 994 5247 τῶν.
1019 5164 1345 5247 ἆὴορἐήτων
1378 5169 1539 5247 ἐστίν,
1574 5174 1611 5228 ί.
1645 5190 1693 5228 e.
1720 5164 1759 5247 ft
1794 5176 1862 5231 Et
1885 5164 2024 5231 'fons

376 5240 736 5319 cui_nomen
796 5240 1241 5319 Canathusﬁln
1294 5259 1359 5299 eo
1421 5240 1585 5319 fonte
1642 5245 1814 5319 vulgo
1869 5248 2025 5318 apud

374 5310 638 5393 Argivos,
675 5311 994 5393 proditum,
1025 5313 1342 5393 Juponem,
1374 5316 1473 5371 ubi
1504 5310 1839 5393 quotannis
1870 5310 2024 5393 lave-

373 5385 473 5451 rit,
520 5385 710 5438 denuo
762 5383 1045 5451 virginem
1100 5386 1243 5442 ﬁeri.
1295 5383 1557 5443 Manavit'
1591 5389 1685 5444 hic
1717 5406 1911 5445 sermo
1952 5392 2022 5446 ab

2137 4316 2201 4366 ut
2269 4316 2462 4382 pateat
2524 4308 2586 4362 τὸ
2653 4310 2954 4382 excidisse.
3026 4310 3341 4367 Sallustius
3417 4308 3671 4382 Sullam?
3715 4309 3776 4382 in

2176 4380 2410 4439 ericulis
2460 4381 2826 4453 imperritum
2880 4384 2985 4437 hoc
3038 4384 3211 4438 modo
3261 4380 3660 4453 argumentari
3704 4380 3776 4453 ad

2176 4401 2410 4439 ericuus
2460 4401 2826 4453 tmperrnum
2881 4401 2985 4437 noc
3038 4401 3211 4438 moao
3261 4401 3326 4437 ar
3371 4401 3660 4437 umentari
3704 4401 3776 4435 au

2132 4401 2406 4511 golocem
2457 4455 2616 4519 facit,
2664 4454 2722 4508 in
2754 4454 2905 4509 Bello
2932 4454 3052 4522 Jug.
3106 4471 3231 4525 cap.
3289 4401 3391 4507 1ἕὸ
3421 4470 3434 4510 :
3469 4476 3496 4503 «
3530 4451 3777 4508 Etiamsi

2136 4531 2293 4582 certa
2324 4527 2503 4598 pestis
2536 4526 2785 4593 adesset,
2820 4542 3174 4598 [ηδηεωπυω
3194 4526 3411 4597 potius,
3440 4540 3615 4597 quam
3649 4541 3776 4596 pro-

2134 4598 2272 4679 ditis
2304 4597 2750 4679 quosducebat,
2784 4597 2941 4679 turpi
2980 4597 3404 4679 fugahincerta,
3437 4614 3511 4679 ac
3534 4598 3781 4679 forsitan

2136 4669 2308 4741 paulo
2342 4674 2472 4740 post
2502 4670 2703 4723 morbo
2736 4669 3053 4741 interiturae
3098 4670 3224 4723 vitae
3259 4674 3540 4741 parceret.
3560 4687 3604 4741 γ»
3635 4669 3777 4741 Hav.

2207 4741 2318 4811 (34)
2376 4741 2587 4796 Minoen
2635 4744 2687 4794 et
2742 4740 3269 4796 Rhadamanthum.
3302 4741 3496 4798 Poetis
3554 4740 3614 4795 in
3672 4740 3781 4796 hoc

2136 4812 2468 4868 consentire
2527 4812 2818 4867 Platonem
2878 4812 2936 4867 in
2992 4813 3110 4867 haec
3169 4813 3343 4870 verba
3400 4816 3662 4869 recenset
3712 4812 3781 4868 D.

2134 4887 2283 4940 Just.
2329 4887 2562 4958 Martyr.
2609 4884 2780 4958 Apol.
2822 4901 2881 4939 11.
2933 4884 3107 4958 Plato,
3155 4886 3364 4958 inquit,
3416 4885 3785 4941 Rhadaman-

2134 4958 2302 5012 thum
2336 4962 2393 5011 et
2446 4956 2673 5011 Minoen
2721 4956 2921 5012 itidem
2967 4956 3343 5029 injustos'ad
3379 4974 3441 5014 se
3484 4958 3783 5014 venientes

2136 5030 2442 5115 plex‘ur-um
2474 5044 2602 5083 esse
2633 5029 2852 5115 docuit,
2875 5045 2991 5115 .nos
3025 5036 3222 5115 autem
3271 5032 3531 5115 idipsum
3561 5033 3781 5115 factum

2136 5099 2205 5157 iri
2239 5101 2511 5174 dicimus,
2566 5102 2663 5157 sed
2697 5118 2730 5155 a
2758 5100 3003 5174 Christo.
3050 5103 3246 5159 Addit.
3303 5099 3448 5159 or'at.
3497 5119 3598 5174 pro
3625 5099 3784 5174 Chri-

2136 5174 2345 5230 stianis
2385 5173 2785 5245 Athenagoras
2821 5191 2843 5245 :7
2865 5172 2981 5229 Nos
3030 5181 3251 5244 autem,
3283 5176 3401 5230 sive
3446 5172 3629 5230 Minos
3660 5172 3779 5227 sive

2136 5245 2624 5327 Rhadamanthus
2676 5246 2751 5300 sit
2800 5244 2919 5327 sive
2962 5245 3178 5327 aliquis
3227 5254 3655 5327 eoru_m_paler,
3686 5257 3783 5327 “ne

2135 5335 2269 5375 eum
2304 5318 2539 5389 quidem
2573 5317 2765 5386 ipsum
2800 5314 3177 5389 effugiturum
3205 5314 3648 5388 essejudicium
3684 5314 3782 5369 Dei

2136 5392 2409 5446 dicimus.
2446 5410 2473 5438 ››
2506 5390 2649 5442 ΡΑΜ.

374 5452 956 5539 arcanis‘ipitiorum,
978 5457 1365 5539 .qu§.JunOpi
1396 5458 1648 5539 solemni
1668 5461 1784 5539 ri_tu
1805 5462 2023 5539 ﬁunts»
2055 5475 2102 5539 D
2206 5462 2318 5533 (3‘3)
2347 5461 2567 5539 Putidis
2596 5460 2739 5529 regis
2778 5474 3061 5539 pecorum.
3113 5460 3380 5539 veterum
3400 5455 3781 5539 contumeliis

371 5528 509 5583 Cod.
559 5526 701 5601 Ald_._
738 5541 841 5580 v0.2:
891 5526 1121 5582 cwlestis
1169 5529 1443 5601 pessime,
1489 5538 1551 5586 ut
1599 5536 1657 5587 et
1706 5534 1892 5587 Rhen.
1941 5535 2025 5589 vis
2055 5526 2098 5539 ”
2136 5526 2405 5589 oneratos
2463 5526 3021 5601 daemonas'notum
3082 5536 3190 5586 est.
3251 5529 3535 5601 Sulpitius
3595 5530 3666 5585 de
3721 5530 3776 5584 S.

372 5600 620 5656 caelestis.
658 5597 796 5651 ΗΑν.
1169 5597 1189 5601 “
1430 5597 1437 5599 ’
1569 5641 1582 5651 .

449 5672 561 5743 (33)
592 5670 716 5750 Alia
734 5668 833 5750 die
861 5670 1178 5750 morituris.
1206 5672 1590 5750 Itapraeclare
1620 5673 1877 5750 restituit
1897 5674 2022 5746 Rig.

376 5739 812 5816 ex'ms.__Ful_d_.
863 5740 963 5816 qui
1010 5739 1187 5816 habet
1227 5739 1340 5799 alia
1372 5744 1464 5800 die
1507 5748 1828 5816 moriturus,
1872 5739 2026 5816 ut_ét

379 5761 449 5801 ex
481 5759 590 5799 ms.
644 5756 812 5796 r'uta.
863 5756 963 5868 (ΓΠ
1010 5756 1187 5797 Habet
1227 5756 1340 5799 alla
1372 5756 1464 5800 die
1507 5756 1828 5816 moriturus,
1872 5756 1938 5800 ut
1967 5756 2023 5801 et

379 5831 528 5873 mss.
586 5811 819 5870 Herald.
901 5829 937 5868 n
996 5812 1212 5885 quibus
1268 5816 1576 5873 morituris.
1636 5816 1811 5874 Ridet
1866 5814 2023 5874 enim

2136 5605 2385 5660 Martino
2449 5619 2462 5657 :
2526 5624 2551 5649 ‹‹
2609 5601 2756 5664 Quid
2808 5600 2921 5667 hic,
2980 5601 3193 5671 inquit,
3255 5600 3477 5669 adstas,
3537 5606 3781 5659 cruenta

2134 5676 2323 5732 bestia
2342 5676 2378 5747 ?_
2400 5673 2554 5747 Nihil
2583 5672 2645 5747 in
2678 5686 2788 5736 me,
2824 5671 3378 5747 funestetreperies.
3412 5680 3541 5731 Lac.

2207 5748 2316 5816 (36)
2344 5744 2689 5818 Omniath
2731 5747 2917 5818 nostra
2948 5744 3187 5818 in‘illos
3232 5747 3555 5816 dominatio,
3602 5755 3652 5803 et
3677 5762 3782 5818 po-

2135 5812 2388 5875 testas'de
2415 5814 2790 5874 nominatione
2834 5812 3041 5873 Christi
3068 5818 3231 5877 valet.
3282 5812 3567 5881 Notabilis
3611 5812 3702 5876 est
3723 5817 3785 5873 in
