4366 6356
524 348 637 408 481

520 477 831 545 Ancharia,
864 475 1325 533 Volsiniensium
1378 475 1580 531 Nortia
1623 474 1756 546 (51),
1788 473 2175 539 ,Ocriculano-
2202 483 2256 549 Α

521 586 649 625 rum
679 566 965 635 Valentia,
998 566 1371 622 Sutrinorum
1416 565 1618 621 llostia
1644 565 1782 637 (52),
1819 563 2176 619 Faliscorum

519 662 577 715 in
602 660 883 714 honorem
936 657 1116 729 patris
1148 657 1315 711 Curis
1348 656 1483 727 (53),
1520 655 1674 710 unde
1706 654 1933 725 accepit
1964 670 2175 725 cogno-

522 765 677 816 men,
711 747 886 803 Juno.
920 747 1028 801 Sed
1066 762 1170 801 nos
1203 745 1312 801 soli
1348 761 1617 800 arcemur
1647 762 1681 799 a
1715 743 2011 815 religionis
2046 759 2178 815 pro-

522 840 788 911 prietate.
816 836 1106 891 Lmdimus
1131 836 1443 906 Romanos,
1469 851 1571 890 nec
1600 834 1843 889 Romani
1869 834 2175 901 habemur,

522 928 664 1001 quia
694 943 808 982 non
857 929 1255 981 Romanorum
1288 924 1461 980 deum
1509 923 1777 979 colimus.
1816 928 1986 989 Bene,
2020 922 2175 993 quod

521 1017 788 1073 omnium
825 1016 974 1070 Deus
1007 1018 1117 1081 est,
1150 1015 1319 1085 cujus
1350 1013 1599 1069 velimus
1632 1016 1735 1068 aut
1763 1011 2019 1067 nolimus
2052 1027 2176 1065 om-

522 1124 627 1163 nes
676 1122 905 1161 sumus.
939 1104 1045 1160 Sed
1078 1105 1233 1176 apud
1284 1121 1383 1159 vos
1416 1102 1662 1175 quodvis
1712 1101 1900 1157 colere
1923 1101 2025 1172 jus
2064 1105 2173 1169 est,

522 1204 728 1270 praeter
757 1211 958 1251 verum
986 1194 1193 1259 Deum,
1217 1193 1384 1264 quasi
1415 1210 1529 1248 non
1563 1191 1655 1247 hic
1690 1190 1879 1262 magis
1911 1190 2175 1246 omnium

521 1287 601 1342 sit
630 1284 807 1351 Deus,
840 1284 1011 1355 cujus
1046 1298 1251 1338 omnes
1283 1299 1513 1337 sumus.

1129 1371 1359 1427 CAPUT
1398 1369 1562 1427 XXV.

516 1466 944 1521 ARGUMENTUM.
980 1492 1045 1503 —
1069 1463 1350 1516 Immerito
1381 1462 1567 1531 itaque
1593 1459 2034 1531 magnitudinem
2067 1458 2174 1511 im-

584 1536 732 1611 perii
759 1540 1132 1611 Romanorum
1165 1534 1408 1611 Δίηωιαιη
1451 1537 1781 1611 immensum
1829 1539 2048 1611 auctam
2078 1543 2174 1611 pro

588 1601 783 1663 merito
817 1606 1201 1677 religiositatis
1229 1605 1455 1659 illorum
1480 1606 1537 1677 in
1570 1603 1693 1659 deos
1721 1604 1956 1677 censeri,
1989 1601 2089 1677 qui
2117 1601 2173 1655 id

591 1678 719 1735 illis
776 1674 1023 1749 conferre
1073 1680 1369 1747 potuerint,
1408 1676 1817 1749 adeoqueuoli
1869 1674 1950 1749 dii
2004 1674 2169 1749 sint:

592 1768 721 1807 eum
767 1746 948 1805 tamen
997 1746 1087 1803 illi
1133 1753 1183 1804 et
1212 1748 1463 1814 ridiculi,
1489 1752 1541 1802 et
1569 1746 1837 1817 pudendi,
1868 1747 1951 1801 vel
1999 1746 2170 1800 etiam

585 1823 873 1894 peregrini
911 1822 1044 1887 sint,
1076 1822 1173 1890 qui
1221 1819 1383 1891 (quod
1434 1819 1604 1873 multo
1654 1835 1777 1874 cum
1823 1819 1944 1894 sale
1979 1832 2166 1894 prose-

595 1890 937 1966 quiturlsua
978 1896 1153 1966 potius
1180 1890 1376 1947 contra
1426 1894 1689 1966 Romanos
1720 1892 1885 1945 tutati
1914 1890 2168 1959 fuissent,

590 1964 775 2035 siqua
806 1965 919 2019 illis
965 1965 1047 2019 vis
1098 1966 1318 2018 inesset.
1366 1964 1672 2019 Nonnullos
1720 1976 1932 2035 quoque
1978 1976 2171 2015 eorum

589 2034 713 2094 deos
742 2051 895 2106 reges
930 2037 1105 2105 fuisse
1154 2036 1311 2103 dicit,
1344 2050 1447 2105 quo
1496 2042 1734 2105 tempore
1780 2034 1933 2089 422
1983 2037 2171 2087 tamen

1636 339 2232 405 APOLOGETICUS
2274 340 2461 405 ADV.
2506 341 2841 403 GENTES.

3813 342 3933 402 482

2357 473 2626 539 homines,
2657 482 2710 528 et
2740 474 2830 528 illi
2856 474 2971 545 ipsi
2996 489 3168 545 reges,
3198 474 3317 529 sine
3362 472 3469 527 diis
3499 489 3609 529 non
3652 474 3869 544 fuerint
3907 490 3922 528 :

2359 545 2491 600 olim
2520 546 2683 599 etiam
2713 561 2962 616 paupere
2988 545 3142 599 cultu
3184 545 3266 599 dii
3295 545 3661 606 haberentur;
3693 553 3753 600 ut
3783 545 3928 601 adeo

2357 633 2465 671 non
2498 619 2727 671 Romani
2753 618 2815 671 ob
2866 619 3286 684 religiositatem
3332 620 3544 686 magni,
3578 617 3670 671 sed
3700 618 3761 672 ob
3808 635 3928 671 ma-

2358 688 2703 761 gnitudinem
2738 690 2988 756 religiosi
3012 690 3153 761 facti
3182 698 3504 759 appareant.
3530 689 3791 756 Quinimo
3819 706 3931 743 non

2358 759 2651 828 religiosos
2682 762 2969 827 habendos,
3013 759 3117 831 qui
3155 762 3449 828 religiones
3503 760 3747 815 lzrdendo
3792 762 3931 831 facti

2356 834 2469 886 sint
2499 834 2708 902 magni,
2737 834 3169 903 quandoquidem
3212 849 3336 887 cum
3363 833 3582 902 papulis
3610 834 3777 887 etiam
3806 833 3929 887 deos

2356 920 2540 959 eorum
2596 904 2913 967 devicerinl,
2972 905 3304 974 illorumque
3369 906 3564 973 templa
3631 907 3925 970 vastarint,

2356 980 2565 1031 statuas
2606 975 2917 1045 dejecerint,
2946 992 3103 1031 sacra
3148 977 3520 1039 aboleverint;
3554 991 3720 1046 quum
3759 979 3926 1031 etiam

2358 1047 2450 1102 illi
2475 1049 2662 1117 populi
2690 1065 2799 1102 non
2816 1049 2998 1101 minus
3028 1048 3280 1113 religiosi
3299 1052 3356 1101 in
3389 1048 3510 1102 deos
3529 1063 3656 1102 suos
3683 1049 3924 1117 fuerint,

2355 1121 2457 1190 qui
2482 1125 2676 1175 tamen
2706 1137 2739 1173 a
2767 1120 3027 1174 Romanis
3074 1119 3288 1184 devicti,
3322 1120 3384 1173 in
3430 1120 3659 1174 illorum
3703 1122 3927 1192 imperii

2354 1208 2622 1246 summam
2649 1193 2874 1259 con/lati
2901 1200 3049 1246 sunt.

2354 1316 2505 1371 Satis
2536 1314 2677 1371 mihi
2729 1315 2967 1387 quidem
2998 1313 3197 1369 videor
3245 1313 3521 1385 probasse
3570 1315 3641 1369 de
3674 1314 3820 1370 falsa
3873 1318 3931 1371 et

2283 1420 2416 1461 vera
2444 1404 2767 1472 divinitate,
2800 1420 2933 1459 cum
2982 1403 3398 1469 demonstravi,
3434 1406 3927 1475 quemadmodum

2282 1494 2551 1565 probatio
2582 1492 2883 1561 consistat,
2920 1508 3035 1548 non
3068 1493 3241 1547 modo
3289 1492 3791 1563 disputationibus
3823 1511 3928 1550 nec

2283 1580 3022 1651 argumentationibus,sed
3058 1581 3320 1652 ipsorum
3344 1581 3518 1635 etiam
3546 1580 3929 1650 testimoniis,

2282 1687 2430 1741 quos
2460 1670 2599 1725 deos
2648 1670 2906 1739 creditis,
2942 1674 3007 1724 ut
3057 1669 3349 1740 nihiljam
3399 1670 3469 1725 ad
3504 1670 3651 1725 hanc
3691 1688 3925 1727 causam

2279 1758 2357 1814 sit
2410 1759 2868 1814 retractandum.
2924 1758 3209 1822 Quoniam
3243 1763 3436 1813 tamen
3469 1759 3712 1814 Romani
3746 1761 3931 1815 nomi-

2201 1852 2246 1916 B
2278 1848 2369 1903 nis
2425 1847 2657 1918 proprie
2708 1846 2928 1902 mentio
2978 1847 3255 1914 occurrit,
3289 1864 3405 1902 non
3466 1851 3732 1903 omittam
3789 1865 3929 1905 con-

2280 1935 2853 2008 gressionem,quam
2888 1940 3163 2008 provocat
3196 1935 3295 1991 illa
3325 1936 3700 2007 prasumptio
3733 1937 3928 1994 dicen-

2279 2025 2428 2081 tium
2496 2025 2786 2081 Romanos
2868 2041 2972 2096 pro
3060 2024 3267 2080 merito
3354 2024 3755 2097 religiositatis
3822 2026 3930 2099 (54)

1970 2131 2119 2191 Com
2129 2122 2492 2188 mentarius.

523 2231 847 2304 appellatos
878 2232 1142 2287 Ancarios
1171 2233 1340 2303 putat
1370 2228 1950 2300 TuraebusjAdvers.
1982 2227 2022 2285 l.
2056 2243 2168 2298 xvr,

523 2321 574 2361 θ’
731 2304 1175 2431 ιἐιὲιζὶηίεηιςίιινη
1203 2374 1411 2447 Nortia.
1447 2374 1530 2447 Ita
1560 2370 1741 2447 malui
1769 2370 2023 2447 scribere
2044 2385 2171 2447 cum

521 2443 659 2502 Cod.
685 2443 753 2502 'L.
809 2447 870 2502 B.
914 2451 979 2501 ut
1034 2450 1093 2501 et
1147 2446 1313 2500 Fuld.
1375 2444 1729 2515 astipulante
1792 2459 1937 2497 mss.
1984 2443 2168 2515 Agob.

523 2519 737 2573 Norsia.
792 2520 921 2572 Put.
982 2518 1196 2584 Nereia,
1230 2521 1287 2572 et
1341 2512 1557 2571 clarius
1612 2515 1740 2587 ipso
1799 2512 2172 2587 TertullQad

522 2591 752 2645 Nation.
798 2590 1236 2645 Vulsiniensium
1282 2589 1490 2643 Nortia.
1526 2584 1701 2659 quam
1735 2591 1799 2641 ut
1845 2587 2006 2659 Barr.
2040 2584 2169 2659 Ald.

524 2662 657 2717 Her.
708 2666 766 2717 et
813 2662 940 2732 Rig.
990 2662 1214 2718 Nursia.
1249 2667 1332 2732 rut
1378 2656 1778 2732 Pamflthen.
1826 2658 1966 2732 Jun.
2014 2660 2071 2710 et
2116 2656 2173 2711 la

523 2734 707 2790 Cerda
733 2729 1095 2788 Nersia.mss.
1132 2731 1360 2787 codices
1392 2731 1543 2804 apud
1583 2731 1802 2804 Livium
1835 2736 1891 2784 et
1916 2729 2170 2804 Juvena-

524 2805 641 2860 lem
672 2804 897 2860 variant
928 2804 986 2858 in
1019 2805 1246 2869 Nursia,
1280 2800 1479 2859 Nortia
1509 2806 1565 2857 et
1592 2803 1850 2870 Nurscia,
1888 2801 1987 2856 sed
2019 2800 2174 2855 clare

521 2876 824 2948 inscriptio
852 2881 1019 2931 vetus
1053 2875 1357 2930 Florentia:
1427 2878 1656 2948 reperta
1704 2889 1881 2944 quam
1934 2872 2174 2944 protulit

524 2945 847 3016 Reinesius,
874 2966 913 3015 ι,
938 2948 1061 3014 131,
1094 2948 1340 3002 Nortiam
1370 2945 1628 3017 appellat
1664 2961 1676 2999 :

1168 3068 1382 3107 MAGNE
1421 3067 1547 3106 DEE

1222 3140 1472 3179 MORTL‘E.

530 3235 648 3287 Hoc
680 3234 833 3287 certe
881 3230 1170 3303 peculiare
1220 3245 1436 3303 numen
1489 3226 2176 3303 Volsiniensiumfuisse

529 3306 696 3360 docet
726 3300 939 3367 Livius,
974 3303 1129 3375 apud
1164 3319 1339 3374 quem
1372 3301 1608 3357 Cincius
1640 3304 1926 3355 memorat
1957 3300 2014 3353 in
2046 3300 2174 3427 ejus
2206 3305 2247 3372 ί]

530 3375 747 3427 templo
778 3377 957 3427 clavos
988 3376 1194 3427 indices
1222 3376 1445 3427 numeri
1469 3389 1745 3427 annorum
1775 3373 1943 3427 ﬁxos.
1979 3372 2043 3426 Et
2110 3389 2174 3426 u-

2110 3389 2143 3426 υ

530 3375 747 3447 templo
778 3377 957 3431 clavos
988 3372 1197 3431 indices
1222 3376 1445 3431 numeri
1469 3389 1745 3429 annorum
1774 3373 1943 3444 ﬁxos.
1979 3372 2043 3426 Et

526 3447 768 3516 venalis,
792 3449 909 3503 Sat.
941 3464 977 3502 ι
1008 3464 1022 3503 :

899 3571 1040 3620 ldem
1076 3569 1402 3634 populus,rsi
1431 3568 1614 3619 Nortia
1641 3568 1812 3617 Tusco

672 3633 930 3693 Favisset,
964 3636 1007 3682 si
1041 3633 1300 3696 oppressa
1330 3633 1467 3696 foret
1495 3646 1688 3696 secura
1718 3633 1971 3680 senectus

666 3697 944 3757 Principis,
974 3695 1088 3744 hac
1108 3697 1223 3755 ipsa
1255 3695 1510 3756 Sejanum
1542 3695 1743 3745 diceret
1773 3696 1905 3743 hora

670 3760 975 3823 Augustum
1001 3772 1013 3809 :

505 3874 570 3925 ut
600 3868 929 3924 observavit
962 3864 1302 3942 Lip‘si‘usad
1338 3863 1973 3942 IVAAnnalTacitLqui
2004 3871 2168 3942 Seja-

502 3957 647 3997 num
679 3942 924 4007 genitum
960 3937 1239 3993 Vulsiniis
1267 3936 1465 3990 tradit.
1502 3936 1642 3991 HAV.

578 4012 689 4081 (752)
718 4010 1072 4067 Sutrinorum
1103 4011 1305 4063 Hostia.
1343 4008 1607 4081 Expressi
1639 4009 1988 4081 scripturam
2022 4010 2157 4067 Cod.

505 4080 770 4137 Fuldani.
824 4084 974 4137 Sunt
1022 4083 1175 4137 enim
1210 4080 1450 4135 nomina
1501 4081 1768 4150 quaedam
1816 4080 2160 4137 tutelarium

506 4153 748 4208 dearum
787 4156 1150 4225 Deorumque
1180 4155 1326 4208 satis
1369 4153 1568 4225 ignota
1600 4153 1788 4217 nobis,
1826 4150 1995 4225 quale
2028 4151 2158 4225 hoc.

503 4227 805 4289 Quomodo
839 4228 968 4299 ipsa
995 4222 1147 4280 Juno
1184 4222 1418 4280 Lucina'
1449 4226 1645 4279 forsan
1699 4222 1993 4351 agpellata
2030 4224 2159 4279 fuit.

505 4296 651 4351 Nam
685 4298 949 4351 quidam.
984 4298 1311 4351 secundum
1346 4297 1657 4351 lsidorum.
1692 4296 1730 4350 li
1781 4339 1792 4351 .
1828 4310 1947 4351 vm.
1984 4310 2033 4348 c.
2071 4296 2157 4351 11.

505 4296 651 4355 Nam
685 4296 950 4369 quidam,
984 4297 1657 4369 secundumlsidorum,
1692 4296 1792 4369 lib.
1828 4310 1947 4369 νιιι,
1984 4310 2033 4348 c.
2071 4296 2157 4365 11,

505 4390 533 4417 ‹‹
566 4367 859 4425 Junonem
915 4370 1121 4426 dicunt
1165 4367 1333 4441 quasi
1376 4369 1680 4439 janonem,
1718 4368 1755 4423 i.
1807 4367 2156 4437 e.januam,

503 4456 608 4511 pro
641 4442 1090 4514 purgationibus
1125 4441 1498 4514 feminarum,
1532 4457 1598 4496 eo
1631 4441 1785 4511 quod
1820 4443 1991 4514 quasi
2025 4455 2155 4514 por-

501 4520 588 4566 tas
640 4512 896 4569 matrum
950 4520 1217 4569 natorum
1272 4513 1510 4583 pandat,
1560 4515 1618 4568 id
1664 4518 1772 4573 est.
1806 4512 2155 4565 nubentium

503 4586 753 4641 maritis.
791 4607 819 4637 »
852 4587 1083 4653 Corrige
1118 4601 1130 4639 :
1165 4607 1191 4633 ‹‹
1226 4584 1457 4639 Naturae
1507 4585 1592 4639 vel
1627 4584 1781 4639 natis
1832 4583 2051 4654 pandat
2099 4588 2157 4637 et

502 4656 877 4747 nubentium‘
904 4657 1153 4747 maritis.
1186 4678 1221 4747 1):
1252 4657 1343 4738 Sic
1374 4658 1661 4747 Hostiaria
1708 4655 1793 4711 vel
1821 4654 2151 4747 .Iloth-iaﬂvel
2186 4682 2234 4747 Β

503 4727 689 4783 simili
720 4730 1001 4786 vocabulo
1033 4727 1315 4801 appellari
1337 4727 1564 4801 potuit,
1600 4726 1868 4799 quamvis
1900 4726 1953 4801 id
1991 4725 2151 4801 affirf

504 4815 665 4854 mare
697 4818 812 4856 non
867 4798 1345 4870 ausimeulgati
1380 4798 1731 4855 Sutrinorum
1781 4799 1996 4855 Nortia.
2047 4798 2157 4851 Sed

505 4887 610 4944 ego
643 4889 757 4927 non
794 4878 932 4944 puto
962 4872 1421 4928 Volsiniensium
1468 4874 1755 4927 Nursciam
1784 4872 2157 4925 Sutrinorum

504 4943 757 4999 Nortiam
787 4943 966 5002 fuisse
997 4946 1196 5009 Deam,
1230 4960 1363 4998 cum
1395 4944 1564 4998 varia:
1597 4945 1989 5015 apudiomnes
2021 4958 2152 5015 auc-

510 5022 663 5070 tores
730 5034 874 5073 mss.
950 5017 1227 5073 lectiones
1285 5016 1597 5071 ostendant
1640 5014 1808 5071 satis
1892 5014 2157 5068 eamdem

503 5086 699 5156 deam,
736 5089 992 5145 nominis
1040 5104 1173 5145 vero
1220 5087 1442 5143 variam
1504 5088 1687 5143 fuisse
1732 5087 2159 5157 pronuntiatio-

504 5175 661 5213 nem.
700 5162 835 5217 ΙΙΑν.

578 5231 691 5303 (53)
720 5234 781 5288 In
828 5234 1089 5288 honorem
1142 5231 1333 5286 Patris
1387 5229 1546 5284 Curis
1594 5233 1643 5284 et
1693 5246 1746 5283 a.
1799 5246 1847 5284 ο.
1878 5231 1925 5285 ,1.
1966 5230 2052 5285 Ita
2103 5236 2159 5287 et

502 5298 625 5357 haec
656 5298 785 5371 ipsa
816 5304 1163 5373 antiquitate
1196 5304 1313 5357 fere
1365 5303 1573 5357 obruta
1604 5317 1670 5357 ex
1704 5319 1849 5357 mss.
1886 5305 2156 5357 restitue-

503 5378 643 5446 runt
670 5374 808 5446 Jun.
844 5380 901 5430 et
934 5376 1081 5446 Big.,
1115 5375 1195 5430 ita
1225 5374 1399 5429 etiam
1433 5375 1569 5429 Cod.
1604 5375 1787 5445 Agob.
1839 5374 2048 5429 Junius
2091 5391 2159 5429 ex

501 5443 634 5519 Put_._
668 5444 830 5519 legit,
866 5450 925 5503 in
972 5443 1179 5501 honore
1216 5447 1405 5519 patris
1450 5443 1735 5519 Curisget
1779 5462 1832 5499 a.
1866 5463 1912 5519 e.
1946 5447 1992 5519 Ἴ1.
2046 5447 2155 5519 Sed

501 5516 957 5574 meliusvadhuc
992 5519 1185 5573 forsan
1216 5516 1348 5572 ’ms.
1385 5518 1567 5587 Lugd.
1619 5517 1743 5573 Cat.
1794 5517 1893 5589 qui
1950 5516 2007 5571 in
2059 5517 2153 5573 his

500 5589 845 5647 nominibus
905 5590 1179 5645 eximiam
1248 5588 1570 5645 bonitatem
1638 5588 1827 5644 suam'
1875 5589 2151 5644 ostendit.

503 5660 569 5714 In
602 5676 666 5715 eo
718 5663 799 5717 ita
855 5664 1140 5734 scriptum
1189 5661 1379 5716 inveni
1416 5677 1428 5715 :
1465 5685 1490 5710 ‹‹
1532 5660 1887 5717 Faliscorum
1946 5661 2001 5713 in
2050 5660 2152 5734 lio-

500 5748 645 5789 nore
710 5734 899 5793 Patris
976 5732 1179 5792 Curris
1245 5737 1301 5790 et
1348 5734 1613 5807 accepit
1655 5748 1978 5807 cognomen
2020 5732 2149 5807 ‘Ju-

501 5820 601 5864 no.
654 5827 684 5857 »
744 5808 967 5867 Passim
1025 5807 1181 5866 enim
1238 5807 1299 5864 in
1347 5805 1457 5864 hoc
1503 5804 2154 5879 scripto'cont‘undunt

2281 2219 2506 2295 librarii
2537 2221 2597 2275 in
2623 2220 2886 2295 honorem
2919 2224 2976 2275 et
3004 2221 3065 2273 in
3096 2219 3499 2295 honore.Apud
3532 2220 3666 2278 illos
3694 2238 3926 2295 quoque

2284 2292 2952 2375 Currishpronuntiatum-
2990 2296 3177 2375 credo,
3212 2294 3507 2375 quomodo
3556 2298 3612 2375 et
3660 2292 3725 2375 ini
3771 2292 3926 2375 testu

2281 2363 2519 2435 scripsit
2564 2365 2777 2435 Rigalt.
2826 2363 2962 2418 licet
3013 2364 3071 2417 in
3117 2363 3282 2419 Notis
3331 2366 3538 2419 edatur
3569 2365 3749 2420 Curis.
3804 2367 3925 2422 Nisi

2279 2436 2420 2491 velis
2450 2435 2533 2489 ita
2562 2435 2848 2507 explicare
2878 2452 3011 2489 cum
3043 2435 3255 2507 Junio:
3290 2438 3454 2507 Apud
3489 2437 3740 2492 Faliscos
3771 2437 3925 2493 Juno

2280 2508 2559 2562 honorem
2620 2506 2793 2562 habet
2849 2506 3039 2561 Patris
3096 2506 3285 2576 Curis,
3318 2506 3435 2562 imo
3491 2514 3547 2562 et
3602 2525 3925 2579 cognomen

2283 2580 2423 2651 inde
2468 2581 2710 2651 accepit.
2766 2580 2888 2649 Rig.
2921 2582 3096 2633 etiam
3148 2579 3286 2634 Cod.
3322 2580 3487 2634 Fuld.
3529 2581 3767 2651 adjutus
3816 2588 3923 2637 est.

2286 2651 2384 2721 qui
2416 2650 2638 2707 habet:
2672 2654 2733 2705 in
2780 2652 3036 2705 honorem
3081 2653 3257 2719 patris
3306 2651 3556 2719 Chumis,
3605 2650 3658 2707 et
3688 2670 3742 2706 a.
3794 2670 3841 2706 ε.
3872 2656 3922 2709 J.

2284 2722 2515 2793 Vulgati
2550 2738 2753 2777 omnes
2788 2738 2800 2775 :
2835 2722 2897 2775 In
2926 2722 3130 2793 honore
3157 2732 3233 2776 est
3277 2727 3431 2792 pater
3482 2723 3663 2787 Curis,
3693 2724 3839 2779 unde
3867 2742 3922 2780 a.

2281 2809 2327 2848 ε.
2359 2792 2546 2849 J.Sed
2574 2795 2717 2849 satis
2742 2798 2899 2865 patet
2919 2792 3345 2849 Tertullianum
3372 2796 3611 2849 innuere
3631 2796 3923 2851 Junonem

2280 2865 2641 2920 Faliscorum
2690 2864 2757 2919 in
2805 2864 3084 2920 honorem
3118 2865 3473 2921 successisse
3521 2866 3709 2922 Patris
3756 2870 3924 2923 Curis

2284 2936 2424 3009 [quo
2469 2938 2699 3009 Jupiter
2729 2938 2963 3009 nomine
3009 2936 3198 2991 dictus
3254 2942 3492 3009 putatur
3540 2942 3603 2992 ut
3648 2944 3921 2995 Curetum

2285 2955 2424 3009 [quo
2469 2955 2538 2992 au
2589 2955 2699 2992 iter
2729 2955 2963 2992 nomine
3009 2955 3198 2991 dlCLUS
3254 2955 3492 3009 putatur
3540 2955 3603 2992 ut
3648 2955 3921 2995 uuretum

2285 2955 2583 3080 princepsr]>
2613 3014 2669 3063 et
2698 3007 2887 3062 simile
2914 3024 3124 3062 nomen
3156 3009 3450 3080 adeptam.
3486 3009 3629 3064 Puto
3678 3027 3783 3080 ego
3828 3028 3927 3066 vo-

2286 3085 2477 3135 catam
2538 3080 2718 3135 luisse
2768 3081 3021 3144 Curilim,
3073 3081 3226 3149 quod
3279 3080 3430 3135 clare
3481 3082 3648 3135 docet
3696 3080 3923 3149 Festus,

2285 3150 2554 3222 quamvis
2575 3151 2751 3207 aliam
2775 3152 3267 3205 denominationis
3291 3154 3570 3207 rationem
3603 3153 3780 3208 addat
3800 3171 3926 3208 car-

2288 3224 2443 3277 nifex
2474 3224 2599 3292 ejus
2628 3222 2844 3277 Paulus
2876 3222 3187 3277 Diaconus.
3212 3224 3262 3277 ls
3288 3224 3347 3278 in
3378 3223 3464 3278 lit.
3496 3229 3539 3279 Ο
3572 3241 3582 3278 :
3620 3246 3646 3272 «
3682 3225 3924 3281 Curitim

2284 3295 2577 3371 Junonem
2610 3294 3469 3371 appellabant,quia‘eamdem
3518 3296 3666 3371 ferre
3696 3296 3927 3371 hastam

2288 3368 2590 3439 putabant.
2627 3365 2765 3439 ){De
2802 3365 3295 3439 Diistutelaribus
3342 3373 3394 3422 et
3425 3368 3634 3438 topicis
3686 3369 3927 3425 consule

2285 3437 2461 3493 etiam
2492 3440 2578 3493 Jo.
2610 3437 2734 3492 Alb.
2771 3437 2993 3492 Fabric.
3029 3438 3248 3509 Sciagr.
3283 3455 3337 3508 p.
3371 3437 3504 3493 256.7
3534 3440 3668 3493 Hsv.

2353 3511 2468 3581 (54)
2498 3511 2884 3580 Religiositatis
2913 3509 3370 3579 diligentissimae.
3409 3511 3491 3565 lta
3523 3516 3672 3566 recte
3712 3510 3836 3581 Rig.
3872 3514 3930 3565 et

2285 3579 2383 3636 alii
2412 3579 2480 3637 ex
2527 3579 2695 3648 mss.,
2726 3580 2899 3635 etiam
2934 3582 2995 3635 L.
3030 3585 3092 3634 B.
3128 3583 3229 3638 sic.
3263 3581 3537 3638 Nonnulli
3570 3587 3632 3637 ut
3685 3589 3741 3636 et
3788 3579 3928 3637 editi

2284 3653 2524 3723 quidam
2580 3673 2627 3707 r.
2663 3653 3100 3721 diligentissime.
3162 3653 3325 3708 Fuld.
3387 3654 3561 3709 etiam
3620 3655 3927 3723 religionis,

2282 3727 2450 3795 quasi
2486 3725 2566 3798 ita
2598 3725 2666 3780 ad
2701 3726 2839 3780 deos
2871 3725 3067 3796 potius
3098 3726 3296 3780 referri
3331 3727 3557 3794 debeat,
3587 3728 3682 3797 qui
3716 3730 3770 3780 in
3808 3726 3929 3798 pri-

2283 3798 2396 3851 mis
2428 3797 2571 3868 reip.
2608 3798 2769 3851 Rom.
2805 3814 3004 3851 curam
3032 3799 3341 3867 gesserint.
3380 3799 3439 3852 In
3473 3798 3572 3852 lib.
3606 3800 3675 3853 ad
3707 3797 3830 3854 Nat.
3863 3815 3926 3865 ιι,

2281 3884 2408 3939 cap.
2443 3870 2527 3935 17,
2564 3870 2662 3940 qui
2696 3886 2827 3940 cum
2863 3870 3191 3939 Augustino
3223 3870 3290 3924 de
3322 3872 3564 3924 Civitate
3608 3873 3727 3935 Dei,
3764 3888 3839 3935 ιν,
3873 3876 3930 3924 et

2278 3939 2685 4011 Cypriano’de
2731 3939 3000 3995 Idolorum
3054 3942 3298 3995 Vanitate
3347 3942 3593 3995 conferri
3637 3958 3768 3995 cum
3821 3942 3929 3996 hoc

2277 4014 2466 4083 capite
2498 4012 2688 4076 debet,
2724 4018 2812 4066 est
2842 4012 2983 4137 quod
3012 4012 3211 4092 ofﬁriis
3254 4012 3587 4081 religionum
3619 4016 3927 4067 meruerint

2277 4084 2619 4137 dominatum
2651 4084 2814 4137 orbis.
2880 4100 2975 4137 pse
3008 4082 3101 4137 hic
3136 4100 3267 4137 mox
3300 4085 3510 4137 repetit
3541 4084 3927 4137 religiositatis

2274 4082 2619 4138 dominatum
2651 4084 2814 4138 orbis.
2852 4082 2975 4153 Ipse
3008 4082 3101 4137 hic
3136 4100 3267 4137 mox
3300 4085 3510 4154 repetit
3541 4084 3930 4153 religiositatis

2276 4158 2490 4209 meritis
2516 4156 2797 4225 deputare.
2836 4157 2909 4209 De
2942 4154 3321 4225 religiositate
3370 4157 3764 4211 Romanorum
3815 4156 3925 4211 hac

2273 4231 2330 4279 et
2358 4227 2428 4281 ob
2463 4227 2612 4282 hanc
2654 4228 2865 4292 favore,
2901 4234 2965 4282 ut
2998 4228 3302 4297 putabant,
3329 4227 3590 4295 deorum,
3617 4234 3808 4283 exstat
3838 4228 3929 4281 lu-

2272 4300 2578 4353 culentum
2613 4299 2905 4355 Ciceronis
2954 4298 3383 4363 testimonium,
3416 4306 3560 4354 orat.
3594 4300 3681 4362 30,
3716 4301 3780 4354 de
3820 4302 3926 4354 lla-

2271 4371 2554 4437 ruspicum
2608 4374 2764 4441 Resp.
2819 4387 2947 4441 cap.
2984 4371 3092 4425 19:
3134 4392 3155 4421 ι
3202 4370 3426 4425 Etenim
3479 4370 3611 4442 quis
3665 4376 3753 4425 est
3802 4374 3924 4426 tam

2269 4454 2494 4509 vecors,
2530 4442 2629 4511 qui
2680 4446 2801 4507 aut,
2839 4460 2968 4497 cum
3025 4442 3354 4512 suspexerit
3402 4444 3460 4496 in
3499 4441 3742 4511 omium,
3786 4442 3925 4499 deos

2268 4526 2407 4584 esse
2448 4528 2563 4566 non
2614 4515 2852 4579 sentiat,
2885 4520 2941 4568 et
2988 4529 3074 4573 ea.
3126 4530 3255 4584 quae
3305 4520 3465 4568 tanta
3515 4520 3707 4569 mente
3754 4514 3921 4582 ﬁunt,

2268 4586 2330 4654 ut
2360 4582 2451 4637 vix
2481 4584 2798 4654 quisquam
2832 4590 2953 4640 arte
2983 4584 3100 4638 ulla
3131 4582 3392 4640 ordinem
3426 4602 3622 4641 rerum
3658 4602 3722 4640 ac
3751 4586 3925 4641 vicis-

2267 4652 2589 4739 situdinem
2637 4652 3167 4739 persequi-possit,
3202 4673 3340 4710 casu
3375 4656 3762 4739 fie‘rinputet?
3794 4662 3917 4725 aut,

2268 4742 2399 4780 cum
2425 4798 2433 4801 _
2461 4727 2596 4801 dees
2645 4743 2772 4782 esse
2806 4727 3173 4801 intellexerit,
3210 4745 3321 4783 non
3374 4727 3686 4801 intelligat,
3720 4747 3921 4785 eorum

2272 4798 2515 4852 numine
2547 4798 2656 4853 hoc
2706 4803 2934 4853 tantum
2968 4798 3279 4870 imperium
3316 4817 3441 4855 esse
3476 4798 3703 4863 natum.
3735 4808 3790 4855 et
3822 4819 3921 4856 au-

2270 4876 2428 4924 ctum
2462 4876 2519 4925 et
2550 4876 2843 4926 retentum
2871 4870 3099 4936 PQuam
3134 4873 3405 4928 volumus
3437 4874 3659 4941 licet,P.
3696 4876 3777 4940 C.,
3812 4874 3924 4945 ipsi

2272 4959 2377 5018 nos
2430 4959 2695 5018 amemus
2730 4960 2742 4998 :
2780 4948 2973 4998 tamen
3007 4961 3129 5018 nec
3171 4961 3416 5018 nurnero
3470 4946 3925 5018 Hispanos,nec

2271 5015 2476 5069 robore
2526 5014 2743 5083 Gallos,
2778 5031 2884 5070 nec
2934 5014 3252 5071 calliditate
3299 5016 3523 5085 Poenos,
3560 5014 3663 5074 nec
3695 5017 3922 5073 artibus

2271 5086 2523 5161 Qraacos,
2548 5103 2653 5142 nec
2682 5086 2934 5161 denique
2956 5087 3064 5142 hoc
3085 5088 3212 5156 ipso
3237 5088 3415 5161 hujus
3437 5091 3629 5161 gentis
3659 5107 3723 5145 ac
3755 5094 3921 5144 terra;

2270 5158 2591 5231 domestico
2619 5159 2925 5229 nativoque
2949 5175 3150 5224 sensu,
3187 5160 3361 5215 italos
3390 5158 3549 5231 ipsos
3576 5178 3642 5217 ac
3668 5162 3920 5227 Latinos,

2271 5230 2369 5284 sed
2390 5229 2643 5356 (pietate,
2677 5248 2742 5285 ac
2788 5231 3068 5303 religione
3102 5237 3276 5303 atque
3307 5229 3565 5289 hac—una
3610 5233 3919 5315 sapientia,

2271 5318 2382 5356 auo
2459 5302 2700 5356 deorum
2761 5301 3184 5356 immortalium
3244 5304 3487 5356 numine
3544 5322 3741 5356 omnia
3800 5304 3919 5356 regi

2270 5301 2422 5371 quod
2459 5302 2700 5375 deorum
2761 5301 3195 5359 immortalium
3244 5304 3487 5360 numine
3544 5301 3741 5360 omnia
3800 5304 3919 5375 regi

2268 5374 2704 5445 gubernarique
2730 5376 3153 5447 perspeximus,
3171 5392 3374 5430 omnes
3399 5380 3598 5447 gentes
3623 5376 3919 5431 nationes-

2268 5463 2381 5520 que
2424 5447 2915 5520 superavimus.»
2950 5448 3079 5502 Haec
3133 5452 3193 5501 ut
3233 5451 3427 5502 orator
3470 5448 3664 5503 Cicero
3699 5465 3710 5503 :
3748 5447 3916 5520 Poly-

2268 5518 2399 5591 bius
2431 5535 2564 5591 vero
2615 5519 3094 5589 superstitionem
3149 5520 3357 5590 magis,
3393 5523 3457 5574 ut
3486 5524 3629 5589 erat,
3659 5518 3918 5591 appella-

2265 5590 2363 5665 vit,
2418 5590 2615 5645 addita
2671 5590 2903 5665 politica
2953 5591 3059 5665 hac
3108 5591 3471 5665 excursione,
3522 5592 3623 5647 lib.
3678 5590 3752 5658 v1,
3788 5611 3914 5665 cap.

2264 5662 2536 5737 5i,quam
2574 5664 2831 5717 Latinam
2868 5663 3099 5718 dedisse
3136 5664 3390 5737 sufficiat
3423 5682 3434 5718 :
3471 5666 3669 5737 «Sed,
3704 5662 3917 5737 inquit,

2265 5735 2428 5818 nulla
2459 5750 2519 5790 re
2569 5752 2726 5807 eaque
2760 5735 3301 5818 prmstareﬂcwteris
3352 5736 3586 5818 populis
3633 5735 3918 5818 Rpmano,

2265 5807 2535 5877 arbitror,
2572 5824 2637 5864 ac
2685 5806 2957 5881 opinione
3006 5806 3107 5865 illa
3156 5806 3456 5881 quamde
3508 5809 3623 5866 diis
3674 5806 3914 5871 habent.
