4366 6348
461 410 581 471 483

982 402 1511 468 TERTULLIANI
1555 402 1882 468 OPERUM
1927 404 2128 467 PARS
2168 404 2216 468 Ι.
2241 439 2321 453 -
2349 408 2626 470 SERIES
2671 408 2720 482 Ι,
2763 406 3339 469 APOLOGETICA.

3740 402 3863 466 484

456 537 924 610 diligentissimae
954 537 1012 590 in
1043 539 1274 591 tantum
1306 534 1687 592 sublimitatis
1719 537 1872 593 428
1903 535 2097 604 elatio,
2128 551 2183 618 Α
2212 538 2325 594 diis
2359 541 2401 575 “
2434 555 2538 611 pro
2567 539 2752 613 gratia
2785 553 3038 610 expensa
3068 542 3179 604 est,
3201 537 3548 608 Sterculius,
3581 543 3640 592 et
3667 541 3862 592 Mutu-

456 632 523 684 ut
572 630 769 683 orbem
826 625 1167 697 occuparint
1195 625 1328 696 (55),
1361 628 1419 680 et
1466 625 1609 680 adeo
1667 625 1804 682 deos
1857 641 2004 693 esse,
2040 631 2104 682 ut

2213 643 2325 683 nus
2361 629 2488 696 “,et
2512 627 2862 684 Laurentina
2885 625 3494 698 provexitimperium.
3515 626 3860 698 Peregrinos

456 721 667 788 praeter
714 718 948 769 caeteros
995 714 1256 779 ﬂoreant,
1292 712 1392 783 qui
1427 712 1544 768 illis
1590 714 1848 769 ofﬁcium
1901 719 2105 786 praeter
2211 716 2367 771 424
2397 716 2552 771 enim
2601 717 2741 771 deos
2772 731 2886 770 non
2918 721 3119 786 putem
3165 719 3447 769 extranea:
3478 713 3641 786 genti
3674 713 3862 785 magis

453 810 689 861 caeteros
748 802 979 858 faciant.
1029 801 1258 857 Scilicet
1314 801 1429 857 ista
1469 817 1691 857 merces
1749 803 2028 859 Romanis
2068 820 2104 859 a
2211 805 2438 861 fautum
2473 807 2581 876 (56)
2609 804 2863 860 voluisse
2893 819 3068 875 quam
3105 819 3244 874 suae,
3269 809 3323 858 et
3353 802 3608 876 patrium
3642 800 3859 868 solum,

1861 902 2064 963 Variae
2093 902 2416 963 lectiones.

538 1001 578 1036 ίί
615 1002 702 1054 Fr.
735 1000 863 1055 Jun.
899 999 1016 1069 Rig.
1048 1005 1099 1053 et
1128 999 1264 1052 Hav.
1296 1016 1327 1052 ιι
1356 1001 1523 1070 Rom.
1559 997 1705 1066 diis;
1741 997 1863 1054 Cod.
1896 998 2052 1054 Fuld.
2086 997 2218 1053 Sci].
2252 998 2366 1054 ista
2414 1015 2635 1056 merces
2684 1000 2940 1056 Romano
2989 997 3212 1054 nomini
3243 1015 3276 1054 a
3307 998 3430 1055 deis
3483 997 3863 1070 pmrogativa

450 1085 575 1142 exp.
609 1075 716 1126 est.
794 1071 836 1105 ¹²
868 1069 952 1124 At.
988 1069 1310 1139 Sterculus,
1345 1069 1668 1126 Stercutius
1700 1101 1767 1110 --
1795 1070 2079 1140 Mutinus,
2114 1070 2450 1127 Mucunius.

1889 1167 2410 1229 Commentarios.

447 1265 633 1334 Atque
663 1263 827 1332 adeo,
861 1227 987 1333 quis
1019 1276 1111 1317 res
1136 1262 1296 1334 apud
1344 1260 1602 1332 reliquos
1646 1261 1923 1318 mortales
1948 1227 2094 1318 vitio

448 1333 711 1405 vertitur,
743 1351 812 1389 ea
839 1336 966 1406 ipsa
993 1333 1309 1406 continere
1326 1337 1503 1406 iRom.
1548 1349 1732 1406 remp.
1767 1333 1911 1388 mihi
1944 1335 2097 1406 vide-

450 1415 546 1462 tur
579 1424 591 1462 :
625 1404 1104 1478 superstitionem
1138 1405 1462 1478 dico._Nam,
1494 1405 1647 1475 quod
1675 1404 1891 1478 merito
1923 1404 2093 1460 multi

449 1475 758 1549 mirentur,
787 1493 974 1547 usque
1004 1492 1071 1532 eo
1110 1478 1263 1547 apud
1293 1476 1400 1531 hos
1431 1475 1772 1549 superstitio
1801 1477 1858 1530 in
1899 1479 2093 1547 majus

450 1555 540 1605 est
570 1547 995 1621 exaggerata,et
1014 1549 1231 1621 cumin
1255 1549 1536 1621 privatam
1562 1547 1866 1602 hominum
1889 1549 2089 1618 vitam,

447 1626 575 1676 tum
607 1619 934 1692 inpublica
961 1619 1205 1692 consilia
1234 1619 1325 1692 est
1369 1620 1627 1687 inducta,
1661 1623 1726 1673 ut
1770 1635 1883 1692 non
1916 1623 2093 1689 queat

448 1690 818 1764 magis,quod
847 1690 1116 1762 equidem
1150 1690 1548 1764 multitudinis
1570 1707 1750 1764 causa
1778 1690 1996 1764 factum
2018 1691 2090 1746 ab

449 1761 575 1819 illis
626 1761 914 1820 existimo:
949 1762 1351 1833 Enimverosi
1408 1780 1478 1818 ex
1529 1763 1668 1818 solis
1724 1761 2091 1833 sapientibus

448 1835 729 1890 constitui
784 1833 970 1906 possit
1025 1832 1371 1904 respublica.
1406 1846 1560 1890 esset
1609 1832 1855 1889 fortaSSe
1901 1840 2090 1888 totum

451 1905 594 1960 illud
627 1905 812 1977 genus
863 1921 976 1959 non
1011 1907 1403 1960 necessarium
1440 1921 1453 1959 :
1499 1922 1653 1959 nunc
1683 1921 1865 1977 quum
1898 1906 2090 1960 omnis

450 1976 762 2048 multitudo
793 1977 869 2032 sit
900 1977 1071 2048 levis,
1094 1977 1262 2048 plena
1294 1976 1631 2048 illicitarum
1674 1976 2087 2046 cupiditatum,

448 2049 536 2103 ira
565 2053 769 2103 aestuet
798 2047 1107 2119 praecipiti,
1132 2053 1188 2101 et
1218 2049 1285 2101 ad
1321 2047 1438 2103 vim
1487 2047 2089 2119 iracundiaimpella-

451 2129 580 2185 tur;
614 2121 735 2193 hoc
773 2118 1084 2193 rest_at,_’_ut
1135 2120 1456 2193 terroribus
1503 2135 1608 2193 nec
1659 2118 1985 2193 manifestis
2033 2123 2090 2174 et
2118 2123 2164 2187 B
2195 2122 2397 2191 gritas,
2432 2126 2496 2176 ut
2527 2122 2788 2190 disputat
2833 2118 3218 2193 Augustinus,
3250 2119 3354 2193 lib.
3384 2137 3417 2173 v
3447 2119 3513 2175 de

448 2191 737 2261 ejusmodi
759 2190 1118 2246 terribilibus
1139 2191 1432 2262 figmentis
1457 2190 1666 2262 vulgus
1689 2189 2086 2246 cohibeatur.»

448 2264 630 2318 Aliter
657 2280 788 2317 vera
837 2267 1064 2317 constat
1110 2263 1334 2333 religio,
1372 2279 1499 2333 quae
1530 2279 1645 2316 non
1702 2267 1859 2333 metu
1906 2278 2084 2333 poenae

441 2339 726 2405 tanquam
774 2349 970 2388 amore
1018 2332 1154 2388 boni
1207 2332 1398 2388 Deum
1433 2333 1629 2388 colens
1663 2332 1813 2388 ultro
1857 2332 2084 2388 Numen

443 2405 618 2461 habet
647 2405 986 2476 propitium.
1034 2405 1180 2459 Hinc
1210 2405 1421 2471 Moses,
1471 2405 1782 2476 Deuteron.
1836 2421 1909 2472 1v,
1941 2406 1994 2472 6,
2026 2405 2082 2471 7,

443 2481 496 2544 8,
531 2477 616 2532 vel
649 2474 854 2531 hostes
887 2477 1208 2548 preedicare
1231 2477 1367 2531 facit
1396 2477 1596 2531 Israeli
1629 2474 1983 2544 felicitatem,
2021 2479 2086 2530 ut

446 2549 692 2604 dicant:
728 2549 834 2602 Hic
880 2547 1002 2617 ipse
1042 2547 1275 2618 populus
1321 2549 1541 2617 sapiens
1585 2563 1708 2603 vere
1753 2555 1804 2602 et
1849 2563 2083 2618 magnus

438 2625 538 2703 est:
583 2618 831 2703 Scilicet,
864 2625 928 2672 ut
956 2617 1502 2703 ipSe.'addit':nQuis
1530 2617 2083 2703 .magnusaodeo‘pof

432 2691 619 2773 putus,
651 2691 743 2744 cui
770 2695 893 2745 tam
939 2691 1242 2760 propinqui
1286 2689 1370 2744 dii
1414 2693 1562 2758 sunt,
1610 2695 1729 2771 etc:
1771 2690 2084 2761 Disputant

432 2767 631 2833 itaque
659 2761 794 2833 licet
823 2761 893 2816 de
923 2777 1198 2833 successu
1229 2776 1424 2816 rerum
1467 2777 1536 2814 ex
1567 2759 2079 2833 religiositateJu-

435 2831 568 2900 disi,
600 2834 663 2888 Β.
699 2832 964 2903 Lipman.
997 2832 1054 2886 in
1098 2832 1200 2888 lib.
1237 2850 1292 2886 n.
1330 2834 1449 2898 122,
1487 2849 1541 2903 p.
1576 2833 1700 2902 158,
1733 2837 1790 2888 et
1820 2832 1886 2886 R.
1913 2831 2080 2900 Albo,

433 2922 560 2976 cap.
590 2906 679 2969 25,
712 2908 856 2976 orat.
889 2905 961 2970 3;
995 2903 1216 2974 Sepher
1245 2903 1434 2958 lkkar.
1468 2919 1525 2976 p.
1562 2903 1649 2976 14,
1681 2919 1748 2976 ex
1779 2919 1928 2958 vers.
1965 2903 2078 2958 Ge-

434 2975 559 3031 nes.
592 2993 604 3029 :
642 2998 671 3025 «
707 2975 851 3030 Vere
899 2991 1151 3046 magnus
1180 2981 1270 3030 est
1302 2975 1554 3046 populus
1603 2975 1705 3029 Dei
1748 2977 2081 3030 dominator

432 3048 613 3112 orbis,
659 3047 934 3130 quoniam
995 3047 1388 3130 subjiciantur
1442 3061 1680 3130 necesse
1736 3051 1826 3102 est
1881 3046 2080 3130 omnia

433 3135 611 3190 regna
660 3119 922 3187 Domino,
959 3120 1129 3188 cujus
1177 3124 1470 3189 sceptrum
1503 3134 1572 3172 ex
1601 3119 1774 3173 Sione
1826 3119 2077 3174 missum

435 3190 822 3272 Moabitarum
855 3190 1167 3272 populatur
1206 3189 1422 3272 limites
1454 3189 1722 3272 filiosque
1771 3189 1932 3272 Sethi
1983 3190 2077 3272 de-

435 3262 635 3318 bellat.
671 3287 692 3313 ι
730 3293 797 3302 -
830 3259 869 3311 ‹‹’
887 3259 987 3316 Hic
1031 3266 1193 3316 tanta
1239 3262 1478 3316 deorum
1528 3259 1632 3315 illa
1676 3260 1850 3316 turba
1888 3268 2075 3316 certo-

431 3351 562 3389 rum
624 3338 799 3404 atque
855 3332 1234 3396 incertorum,
1274 3349 1421 3404 quos
1477 3331 1658 3404 Varro
1715 3331 2074 3404 prodittilli

431 3407 608 3459 etiam
644 3402 907 3474 proceres
937 3410 995 3458 et
1013 3404 1180 3458 electi
1213 3402 1460 3459 dii'cum
1494 3402 1608 3472 ipsi
1640 3402 1771 3473 rege
1801 3421 1905 3457 suo
1935 3403 2075 3458 Jove

432 3473 680 3554 fulmina
715 3475 1004 3554 vibrante,
1038 3473 1280 3554 consilio
1329 3476 1726 3554 potentiaque,
1753 3480 1848 3554 ut.
1872 3491 2074 3554 eorum
2106 3488 2148 3554 ρ

429 3547 684 3602 cultores
715 3547 926 3612 ferunt,
960 3547 1278 3612 metuendi,
1304 3543 1939 3617 armisque—terribiles,
1974 3546 2068 3602 hic

429 3617 674 3688 aliquid,
708 3618 757 3671 si
790 3633 906 3672 non
940 3633 1042 3687 pro
1075 3617 1315 3684 mundo,
1349 3619 1553 3673 saltem
1588 3633 1690 3686 pro
1744 3632 1806 3671 se
1835 3623 2068 3687 oporte-

427 3690 528 3744 bat
564 3705 732 3760 agere
765 3703 776 3740 ε
815 3704 883 3742 ne
914 3688 1140 3744 scilicet
1179 3705 1332 3744 unus
1380 3705 1479 3743 eos
1527 3689 1792 3760 perderet
1839 3691 2068 3744 crucifi-

427 3778 555 3816 xus.
591 3760 831 3816 Periisse
868 3777 999 3816 vero
1029 3764 1085 3814 et
1115 3777 1219 3815 nos
1270 3760 1560 3823 novimus,
1601 3765 1658 3814 et
1705 3759 1884 3815 David
1943 3778 2070 3831 pro-

431 3833 603 3903 pheta
646 3832 974 3898 confirmat,
1031 3831 1277 3886 dicens:
1313 3832 1490 3885 Periit
1543 3832 1822 3885 memoria
1864 3849 2068 3888 eorum

431 3921 565 3960 cum
615 3904 884 3972 strepitu,
917 3909 975 3958 et
1025 3903 1309 3958 Dominus
1346 3903 1406 3957 in
1453 3906 1735 3957 aeternum
1787 3909 2003 3959 manet.
2034 3923 2060 3956 ιι

433 3977 616 4030 Verba
642 3984 777 4030 sunt
811 3976 1073 4047 Prosperi
1109 3972 1435 4046 Aquitanici
1471 3975 1540 4028 de
1576 3975 1762 4047 Prom.
1796 3983 1851 4028 et
1883 3976 2065 4031 Praad.

427 4047 523 4100 lib.
566 4047 659 4112 III,
712 4063 837 4118 cap.
871 4046 966 4101 38.
995 4046 1196 4116 Itaque
1239 4047 1310 4101 de
1353 4046 1819 4118 Romanisirecte
1861 4047 2070 4103 Noster

428 4119 581 4173 infra
613 4118 664 4171 h.
699 4135 748 4172 c.
785 4116 809 4165 in
851 4119 957 4172 Sed
993 4134 1170 4188 quam
1221 4133 1436 4173 vanum
1486 4122 1593 4180 est,
1631 4116 1926 4188 fastigium
1962 4120 2066 4174 Ro-

431 4189 589 4244 mani
649 4188 904 4244 nominis
962 4189 1360 4260 religiositatis
1416 4188 1639 4244 meritis
1695 4189 1993 4259 deputare.
2039 4211 2066 4239 »

426 4263 661 4334 Refutat
693 4262 845 4317 idem
895 4261 1098 4334 iaﬁne
1129 4278 1255 4334 cap.
1296 4280 1316 4307 α
1351 4263 1512 4334 Certe
1546 4277 1660 4315 non
1689 4261 2068 4334 potestﬁdei

425 4333 753 4398 convenire,
787 4338 850 4387 ut
881 4331 1180 4403 religionis
1201 4331 1456 4388 'meritis
1479 4331 1802 4386 excrevisse
1833 4333 2067 4389 videan-

425 4411 542 4468 tur,
576 4405 699 4475 qui,
732 4409 796 4457 ut
837 4408 1266 4476 suggessimus,
1303 4404 1645 4476 religionem
1689 4408 1789 4458 aut
1838 4405 2069 4459 videan-

424 4481 541 4539 tur,
577 4474 698 4546 qui,
733 4481 795 4530 ut
826 4474 1250 4547 suggessimus,
1283 4474 1622 4546 religionem
1676 4480 1776 4529 aut
1811 4476 2067 4532 lzedendo

421 4551 751 4613 creverunt,
778 4552 877 4602 aut
911 4549 1223 4602 crescendo
1253 4547 1550 4602 lmscrunt.
1588 4570 1608 4593 υ
1649 4547 1789 4603 ΗΑν.

496 4620 605 4689 (55)
639 4621 701 4682 Ut
728 4621 914 4674 orbem
962 4621 1334 4690 orcupparz'nl.
1382 4623 1624 4689 Propter
1672 4619 1845 4674 istam
1897 4635 2066 4674 suam

423 4690 644 4775 scilicet
702 4690 1162 4775 religiositatem.
1207 4691 1558 4775 fluoreifsrt
1612 4691 2068 4775 P‘Iavercampius

422 4761 763 4834 elegantem
806 4762 1190 4831 sculpturam,
1266 4762 1362 4816 ubi
1429 4763 1751 4834 zEneadum
1818 4761 2068 4834 genitrix

422 4833 573 4918 inter
604 4832 1279 4918 victriciajtomanoruui
1313 4833 1757 4918 suorum'signa
1788 4832 2070 4918 conspici-
2097 4853 2144 4918 D

423 4909 520 4958 tur
549 4904 824 4958 comitata
858 4905 994 4966 Diis,
1026 4909 1182 4970 Jove,
1214 4904 1501 4973 Neptuno,
1535 4903 1794 4960 Vulcano
1825 4911 1880 4958 et
1920 4906 2064 4960 Mcr-

425 4975 720 5044 curia,qui
757 4975 836 5028 illi
870 4976 1181 5046 imperium
1215 4977 1371 5032 orbis
1400 4983 1690 5032 terrarum
1721 4977 2069 5033 conﬁrmare

427 5048 725 5102 videntur.

497 5119 759 5174 Notanda
808 5132 1038 5190 quoque
1083 5117 1240 5172 venit
1288 5117 1529 5190 antiqua
1579 5119 1698 5173 haec
1744 5117 2070 5190 inscriptio,

422 5207 601 5262 quam
636 5195 963 5246 memorant
993 5189 1274 5262 Gruterus
1309 5207 1363 5260 p.
1396 5189 1486 5251 83,
1519 5207 1684 5245 num.
1718 5190 1786 5245 45
1815 5195 1873 5246 et
1912 5191 2072 5246 Bois-

421 5261 634 5319 sarius
666 5267 814 5335 part.
851 5278 935 5326 In,
979 5261 1161 5331 Antiq.
1215 5263 1364 5316 Rom.
1399 5262 1502 5316 120
1535 5278 1548 5316 :
1587 5278 1816 5317 sucum.
1869 5279 2067 5318 rsum.

421 5352 662 5391 PHISlAS.
707 5351 1011 5391 BACERDOS.
1073 5349 1227 5388 lSIDI.
1289 5349 1614 5389 SALUTARIS.
1657 5351 2068 5390 CONSECRATIO.

423 5423 759 5463 PONTIFICIS.
801 5421 982 5461 VOTIS.
1024 5421 1294 5460 ANNUANT
1347 5422 1446 5460 DII.
1488 5421 1741 5461 ROMANIS
1781 5423 1932 5462 REIP.
1972 5423 2071 5461 AB.-

421 5494 698 5539 CANAQUE.
733 5495 925 5533 URBIS.
959 5493 1252 5530 PRESIDIA.
1296 5493 1582 5531 ANNUANT.
1606 5493 2066 5539 QUORUM.NUTU.

423 5565 671 5603 ROMANO.
706 5565 964 5604 mrsmo.
997 5565 1481 5603 REGNA.CF.SSERE.
1516 5549 1583 5602 Et
1611 5548 1750 5602 hinc
1781 5553 1890 5614 est,
1913 5549 2067 5618 quod

421 5619 480 5672 in
523 5636 766 5689 operosa
820 5621 919 5674 illa
949 5618 1199 5688 epistola
1252 5635 1428 5690 quam
1490 5635 1591 5689 pro
1642 5623 1752 5673 Ara
1803 5619 2069 5674 Victoriae

423 5691 749 5745 dedicanda
779 5693 845 5745 ad
892 5691 1273 5761 imperatores
1321 5690 1573 5760 Valent,
1608 5690 1828 5747 Theod.
1863 5695 1917 5746 et
1963 5694 2068 5746 Ar-

425 5762 801 5832 cad.scripsit
831 5762 1239 5833 Symmachus,
1273 5761 1354 5818 ita
1385 5763 1632 5833 loquens
1663 5761 2070 5821 introducatur

425 5837 608 5891 Roma
634 5851 645 5889 :
681 5856 706 5885 ‹‹
738 5833 839 5890 Hic
865 5832 1058 5890 Cultus
1089 5833 1146 5889 in
1172 5833 1330 5904 leges
1362 5832 1523 5890 meas
1545 5835 1744 5892 orbem
1777 5836 2065 5909 redegit.»

2205 1267 2278 1318 At
2309 1280 2440 1321 vero
2487 1262 2645 1318 haud
2691 1262 2774 1317 ita
2823 1263 3096 1319 credulus
3139 1261 3513 1327 Plutarchus,
3563 1261 3855 1317 vicissitu-

2204 1336 2328 1390 dini
2375 1352 2570 1390 rerum
2621 1333 2864 1390 ascribit
2916 1340 2973 1389 et
3023 1339 3286 1389 Fortunas
3343 1333 3613 1406 imputat.
3648 1334 3854 1404 Itaque

2203 1406 2305 1460 lib.
2338 1423 2524 1479 1,cap.
2559 1407 2588 1460 4
2625 1423 2638 1462 :
2673 1428 2702 1457 «
2734 1407 2896 1470 Quod
2929 1406 3087 1461 enim
3118 1406 3311 1479 operis
3340 1405 3523 1461 noStri
3554 1406 3853 1479 proprium

2203 1483 2312 1542 est,
2365 1475 2686 1549 nostroque
2744 1482 3005 1548 tempore
3063 1475 3401 1532 mirandum
3459 1475 3691 1546 accidit,
3744 1475 3852 1532 hoc

2201 1549 2346 1621 illud
2392 1556 2480 1605 est
2511 1565 2524 1604 :
2560 1550 2717 1620 quod
2749 1549 2906 1605 sicut
2949 1565 3128 1621 prope
3159 1549 3461 1621 universas
3507 1549 3689 1621 totius
3739 1565 3853 1619 qua

2201 1620 2501 1677 habitatur
2529 1619 2710 1689 orbis,
2747 1621 2806 1677 in
2843 1619 3023 1677 unam
3055 1619 3280 1692 partem
3321 1619 3649 1686 inclinavit,
3675 1622 3853 1690 atque

2201 1694 2396 1764 omnia
2425 1695 2497 1749 ad
2531 1709 2714 1748 unum
2745 1694 3410 1764 eumdemqueiscopum
3442 1707 3680 1764 vergere
3711 1707 3846 1764 cce:

2199 1763 2285 1835 git
2318 1762 2348 1820 :V
2383 1765 2464 1820 ita
2514 1770 2572 1818 et
2611 1781 2727 1836 nos
2774 1762 3092 1836 scriptione
3139 1763 3249 1818 hac
3272 1762 3403 1818 *sub
3460 1762 3639 1818 unum
3674 1762 3846 1834 quasi

2199 1841 2577 1906 conspectum
2608 1835 2924 1891 lectoribus
2954 1836 3249 1906 ponimus,
3282 1850 3540 1906 quonam
3576 1850 3638 1889 se
3671 1835 3844 1889 modo

2200 1908 2270 1961 ad
2303 1908 2495 1977 operis
2527 1907 2705 1977 hujus
2743 1907 2996 1962 universi
3021 1906 3589 1960 consummationem
3623 1907 3752 1976 ipsa
3783 1923 3845 1960 se

2195 1981 2449 2050 Fortuna
2478 1978 2778 2049 gesserit.»
2813 1979 2953 2034 Cum
2980 1979 3173 2050 potius
3205 1978 3400 2033 studia
3429 1977 3566 2032 belli
3595 1981 3654 2032 et
3684 1979 3844 2050 pacis

2198 2049 2330 2105 illos
2370 2050 2430 2104 in
2463 2055 2584 2107 tam
2618 2050 2734 2105 alto
2765 2049 2995 2121 fastigio
3027 2049 3304 2121 locarint,
3326 2065 3672 2121 morumque
3701 2049 3843 2104 inte-

3605 2123 3674 2174 z'v.
3712 2122 3842 2189 Dei,

2200 2210 2326 2263 cap.
2361 2195 2412 2247 1.
2445 2193 2566 2247 lmo
2623 2193 2884 2248 sanctius
2913 2191 2971 2248 et
3000 2192 3195 2263 verius
3228 2192 3457 2260 judicat
3489 2191 3841 2247 Prudentius

2197 2262 2380 2319 Deum
2415 2265 2694 2319 barbaros
2726 2282 2825 2334 per
2854 2264 2985 2319 illos
3018 2262 3352 2332 emolliisse,
3391 2279 3715 2334 omnesque
3746 2279 3844 2334 po-

2194 2336 2362 2406 pulos
2396 2352 2511 2390 uno
2544 2337 2639 2390 illo
2687 2339 2962 2390 Romanae
2995 2336 3247 2406 ditionis
3283 2334 3511 2406 vinculo
3558 2335 3842 2406 illigasse,

2196 2405 2258 2461 ut
2305 2407 2482 2462 simul
2529 2407 2756 2462 Christo
2815 2406 3082 2470 Domino,
3138 2405 3314 2478 lapidi
3369 2405 3495 2460 sine
3550 2405 3837 2478 manuum

2193 2495 2368 2603 opera
2421 2479 2702 2543 abscisso,
2760 2477 3213 2549 subjicerentur,
3271 2477 3544 2548 fetusque
3597 2477 3840 2533 illorum

2193 2567 2222 2603 a
2297 2549 2396 2603 illo
2445 2553 2858 2603 contereretur.
2894 2548 3141 2603 Notandi
3190 2553 3330 2603 sunt
3373 2565 3576 2603 versus
3621 2550 3747 2603 eius
3778 2549 3838 2603 in

2192 2548 2396 2606 abillo
2445 2548 3141 2606 conterereturJNotandi
3190 2553 3330 2604 sunt
3373 2565 3576 2604 versus
3621 2550 3747 2620 ejus
3778 2549 3838 2603 in

2192 2621 2251 2677 S.
2280 2622 2577 2694 Laurentii
2612 2622 2896 2694 Passione
2926 2638 2959 2676 a
3005 2637 3176 2694 versu
3225 2621 3329 2694 419
3355 2625 3415 2694 et
3445 2619 3743 2694 deinceps,
3771 2625 3836 2675 ut

2191 2697 2248 2748 et
2278 2693 2336 2748 hi
2367 2697 2571 2749 contra
2600 2692 3044 2765 Symmachum,
3077 2691 3178 2748 lib.
3207 2709 3272 2763 ιι,
3305 2692 3412 2746 582
3449 2708 3462 2747 :

2311 2869 2400 2918 Vis
2430 2868 2626 2932 dicam,
2655 2883 2772 2932 quas
2807 2881 2969 2918 causa
2997 2871 3138 2932 tuos,
3171 2869 3432 2932 Romane,
3461 2867 3677 2932 labores

2314 2937 2372 2981 In
2407 2930 2618 2982 tantum
2644 2930 2937 2982 extulerit?
2967 2931 3118 2994 queis
3152 2931 3320 2994 gloria
3352 2930 3774 2994 fontibusiaucta

2313 2995 2396 3044 Sic
2425 2995 2586 3053 cluat,
2621 2995 2881 3056 impositis
2913 2993 3266 3043 ut’mundum
3301 2993 3492 3042 frenet
3526 2993 3791 3043 habenis?

2312 3055 2815 3120 Discordcslin’guis
2838 3056 3092 3120 populos,
3118 3061 3170 3106 et
3199 3056 3416 3120 dissona
3444 3055 3591 3105 cultu

2311 3121 2495 3180 Regna
2523 3118 2718 3168 volens
2738 3118 2940 3168 sociare
2971 3119 3127 3181 Deus,
3162 3118 3477 3181 subjungier
3508 3119 3600 3167 uni

2311 3156 2562 3245 imperio,
2590 3181 2848 3245 quidquid
2881 3156 3158 3245 tractabile
3191 3156 3433 3245 maribtiis
3463 3185 3622 3241 esset,

2308 3243 2676 3307 Concordique
2703 3243 2834 3307 jugo
2867 3243 3164 3307 retinacula
3199 3243 3373 3292 mollia
3390 3243 3543 3307 pferro

2307 3305 2609 3364 Constituit,
2636 3305 2743 3368 quo
2776 3305 2939 3356 corda
2970 3306 3249 3369 hominum
3281 3305 3566 3369 conjuncta
3595 3307 3804 3354 teneret

2309 3369 2599 3432 Religionis
2634 3383 2802 3429 amor,
2836 3382 2934 3418 nec
2965 3369 3108 3418 enim
3141 3368 3199 3417 ﬁt
3229 3368 3419 3430 copula
3440 3368 3650 3432 Christo

2314 3431 2498 3496 Digna,
2531 3431 2632 3481 nisi
2663 3431 2946 3496 implicitas
2977 3433 3143 3481 societ
3170 3445 3323 3482 mens
3358 3431 3514 3481 unica
3542 3432 3744 3494 gentes.

3626 3509 3767 3566 HAV.

2249 3686 2356 3757 (56)
2414 3687 2580 3758 Magis
2636 3688 2878 3757 fautum.
2941 3685 3129 3756 Digna
3185 3685 3401 3740 ascribi
3480 3688 3641 3755 sunt,
3692 3701 3841 3758 qua:

2178 3759 2536 3830 Pomponius
2571 3760 2752 3813 Laetus
2781 3775 2850 3812 ex
2881 3759 3175 3830 veteribus
3206 3758 3536 3830 observavit
3587 3758 3643 3830 in
3679 3757 3836 3830 Rom.

2176 3828 2698 3896 Ηιειξϐονηρϐηιίίο,
2725 3847 2853 3899 cap.
2891 3833 2960 3883 de
2991 3829 3185 3898 Magn.
3214 3828 3359 3900 Imp.
3391 3829 3562 3900 Rom.
3605 3829 3664 3883 in
3698 3828 3836 3884 ﬁne.

2179 3925 2205 3951 «
2261 3901 2416 3956 Bello
2469 3901 2684 3956 Punico
2741 3902 3000 3956 secundo
3058 3901 3134 3955 M.
3197 3899 3530 3969 Marcellus,
3590 3900 3836 3955 devictis

2177 3972 2503 4044 Syracusis,
2537 3973 2792 4029 ostendit
2813 3989 2973 4044 opes,
2995 3971 3238 4044 etsigna
3271 3971 3472 4027 intulit
3502 3971 3830 4044 etdeorum

2178 4041 2497 4101 simulacra
2545 4061 2558 4098 :
2607 4045 2667 4100 in
2717 4041 3273 4114 quo'reprehensus
3321 4049 3410 4098 est
3444 4060 3478 4099 a
3542 4041 3606 4105 Ο.
3638 4043 3832 4114 Ἐιιὺὶο

2179 4061 2495 4101 simniacra
2545 4061 2558 4098 :
2607 4062 2667 4100 1n
2761 4061 2833 4099 uo
2883 4061 3273 4114 reprenensus
3321 4061 3410 4098 eet
3444 4061 3478 4099 a
3542 4061 3606 4105 υ.
3657 4061 3832 4098 ramo

2179 4117 2451 4182 Maximo,
2485 4117 2639 4188 quod
2672 4061 3000 4187 reclinquere
3032 4115 3348 4188 debuisset
3377 4113 3684 4188 deos_suis
3713 4114 3832 4188 ira-

2176 4194 2287 4254 tos,
2325 4195 2387 4244 ut
2419 4185 2541 4257 ipse
2573 4187 2736 4260 prius
2769 4185 3082 4260 feceratgde
3111 4186 3469 4260 Tarentinis.
3498 4185 3707 4241 Verum
3742 4185 3834 4260 in-

2177 4260 2360 4315 valuit
2392 4257 2751 4315 consuetudo
2783 4257 3208 4330 Marcelli.Nam
3240 4257 3414 4330 longe
3444 4262 3616 4313 antea
3646 4258 3839 4328 captis

2175 4333 2356 4400 Veiis,
2388 4337 2459 4386 M.
2493 4332 2703 4387 Furius
2764 4331 3044 4386 Camillus
3099 4329 3479 4386 Veientanam
3539 4333 3830 4384 Junonem

2179 4404 2379 4458 intulit
2411 4403 2556 4458 urbi.
2596 4426 2623 4454 ‹‹
2656 4407 2722 4457 Et
2750 4404 2820 4457 ad
2878 4403 2936 4457 id
2982 4405 3139 4458 certa
3192 4401 3666 4473 interrogationis
3715 4402 3832 4455 for-

2180 4477 2340 4530 mula
2373 4476 2710 4539 utebantur,
2756 4480 2818 4528 ut
2847 4490 2915 4528 ex
2949 4473 3105 4527 Livio
3137 4477 3316 4542 patet,
3349 4472 3602 4545 qu’iilav,
3630 4487 3676 4528 c.
3709 4473 3779 4527 22
3815 4490 3827 4528 :

2180 4571 2206 4597 ‹‹
2240 4550 2382 4602 Cum
2411 4551 2532 4616 jam
2570 4548 2839 4600 humanae
2872 4561 3015 4616 opes
3066 4551 3272 4615 egesta:
3322 4544 3390 4599 ex
3420 4544 3578 4601 Veiis
3611 4549 3834 4616 essent,

2179 4615 2564 4673 amoliritum
2596 4620 2770 4672 deum
2805 4615 2959 4671 dona
2991 4616 3264 4687 ipsosijue
3309 4617 3470 4681 deos,
3504 4616 3605 4671 sed
3637 4615 3829 4671 colen-

2180 4691 2326 4745 tium
2363 4689 2549 4762 magis
2575 4705 2751 4760 quam
2779 4687 3129 4762 rapientium
3161 4689 3589 4759 modo,ccepere
3617 4705 3629 4753 ;
3667 4704 3831 4762 nam-

2180 4779 2292 4833 que
2323 4759 2529 4818 delecti
2579 4759 2645 4815 ex
2696 4760 2855 4816 omni
2905 4759 3469 4833 exercitunjuvenes,
3504 4775 3646 4833 pure
3692 4759 3828 4833 lotis

2177 4831 2542 4904 corporibus,
2577 4833 2828 4888 candida
2857 4835 3037 4896 veste,
3071 4831 3285 4902 quibus
3327 4831 3692 4904 deportanda
3724 4831 3829 4886 Bo-

2180 4901 2336 4960 mam
2370 4906 2570 4977 regina
2599 4904 2752 4977 Juno
2778 4901 3648 4977 assignataerat,venerabundi
3679 4907 3828 4956 tem-

2180 4978 2336 5046 plum
2395 4978 2567 5041 inire,
2612 4975 2797 5046 primo
2849 4975 3542 5046 religioseadmoventes
3595 4989 3828 5028 manus.

2185 5045 2404 5104 Deinde
2435 5065 2565 5103 cum
2601 5045 2837 5119 quidam
2869 5045 2977 5101 seu
3006 5045 3212 5117 spiritu
3249 5047 3444 5102 divino
3480 5050 3694 5119 tactus,
3718 5046 3827 5119 sed

2179 5121 2421 5190 juvenili
2466 5118 2628 5189 joco,
2656 5119 2830 5174 Visne
2881 5119 3122 5176 Romam
3173 5119 3277 5187 ire,
3308 5119 3462 5174 Juno
3490 5118 3517 5171 ‘I
3549 5118 3833 5190 annuisse

2183 5189 2370 5249 cinteri
2425 5193 2589 5246 deam
2642 5191 3196 5246 conclamaverunt:
3231 5190 3366 5246 inde
3413 5189 3619 5245 fabula
3661 5189 3821 5259 adje-

2183 5272 2338 5319 ctum
2398 5268 2506 5330 est,
2559 5277 2758 5318 vocem
2819 5277 3047 5330 quoque
3103 5261 3351 5317 dicentis
3386 5279 3398 5315 :
3431 5261 3614 5326 Velle,
3659 5260 3830 5316 audi-

2181 5341 2324 5391 tam.
2359 5358 2385 5385 »
2413 5335 2572 5401 Quod
2599 5333 2858 5405 quamvis
2891 5333 3132 5402 hicjoco
3161 5334 3242 5388 vel
3292 5335 3574 5388 divinitus
3607 5334 3823 5387 factum

2183 5413 2370 5478 putet,
2420 5412 2613 5462 tamen
2643 5405 2887 5478 exlib.i
2919 5405 3113 5475 colligi
3147 5412 3335 5478 potest
3369 5423 3470 5475 pro
3504 5408 3614 5459 ritu
3649 5405 3822 5478 etiam

2180 5476 2529 5540 obtinuisse.
2581 5477 2734 5546 quod
2777 5476 3025 5550 enimp.
3071 5479 3161 5542 55,
3215 5477 3674 5550 υδὶᾼβςὶῑωηᾱβ
3723 5476 3828 5531 deo

2178 5550 2434 5605 Termini
2490 5551 2622 5604 fano
2699 5565 2811 5601 non
2887 5548 3181 5610 addixere,
3247 5573 3266 5596 ι
3328 5548 3503 5614 id‘in
3563 5549 3830 5617 Epitome

2181 5621 2547 5692 simplicius:
2576 5642 2603 5669 ‹‹
2627 5619 2938 5692 Terminus
2968 5625 3021 5673 ct
3041 5625 3320 5675 Juventas
3351 5637 3462 5675 non
3497 5619 3824 5692 addixere.»

2178 5690 2340 5748 Unde
2375 5692 2646 5762 colligere
2678 5690 2810 5760 quis
2843 5692 3029 5762 possit
3058 5692 3216 5760 ipsas
3247 5691 3830 5758 Numinumel‘lligies

2181 5769 2412 5838 rogatas
2445 5764 2625 5838 fuisse
2657 5763 2964 5838 accedere
3014 5764 3251 5831 vellent,
3289 5782 3356 5820 ex
3389 5763 3650 5836 auguriis
3698 5779 3830 5820 vero

2183 5832 2584 5910 de‘responsis
2615 5832 2948 5894 ariolatum.
