4366 6356
367 305 491 367 489

1475 300 2068 365 APOLOGETICUS
2114 301 2294 363 ADV.
2343 301 2675 362 GENTES.

3665 308 3786 367 490

368 441 485 493 Nee
508 439 740 492 tantum
771 439 972 491 tamen
1004 435 1245 492 honoris
1276 434 1523 491 Romani
1554 433 1898 489 dicaverunt
1927 433 2018 487 fa-
2048 443 2101 511 Α
2133 432 2526 487 habebantur.
2554 433 2705 503 Ergo
2754 431 3001 487 alierum
3048 436 3137 488 est
3186 449 3430 505 regnum
3460 435 3620 506 dare,
3648 436 3788 507 quia

368 527 447 582 tis
477 526 586 599 (68)
618 526 969 582 dedentibus
1014 524 1124 581 sibi
1174 524 1580 595 Carthaginem
1611 525 1894 580 adversus
1923 524 2020 579 dc-

369 616 653 673 stinatum
685 620 1004 687 votumque
1033 615 1305 685 Junonis,
1337 620 1623 685 quantum
1656 612 2021 686 prostitutis-

368 702 596 757 simae“
628 701 777 773 lupa:
830 701 1177 757 Larentinae.
1228 701 1432 757 Plures
1482 702 1621 757 deos
1668 705 1889 757 vestros
1933 717 2021 755 re-

368 808 576 864 gnasse
603 796 825 845 certum
861 795 968 846 est.
1010 792 1195 863 Igitur
1226 790 1275 844 si
1307 792 1640 846 conferendi
1672 790 1901 862 imperii
1935 794 2020 844 te-

369 885 509 935 nent
538 884 909 953 potestatem,
944 896 1074 935 eum
1112 881 1262 935 4‘29
1299 880 1407 951 ipsi
1461 884 1793 951 regnarent,
1828 897 1861 934 a
1891 878 2019 950 qui-

368 971 479 1026 bus
512 974 856 1042 acceperant
894 986 1021 1024 eam
1072 970 1321 1041 gratiam
1345 970 1371 1023 ?
1417 986 1591 1041 quem
1624 968 1881 1024 coluerat
1913 969 2020 1023 Sa-

365 1064 577 1115 turnus
638 1063 695 1114 et
752 1058 1027 1130 Jupiter?
1086 1058 1343 1131 aliquem
1405 1058 1611 1129 epiner
1666 1056 2016 1112 Sterculium

365 1149 490 1221 [sed
537 1149 731 1204 Romae
789 1151 1016 1219 postea]
1073 1149 1204 1219 (69),
1259 1164 1393 1202 eum
1444 1146 1739 1217 indigenis
1787 1146 1911 1201 suis
1954 1147 2015 1199 1⁷.

366 1238 554 1293 Etiam
585 1236 632 1291 si
664 1237 765 1308 qui
800 1253 912 1291 non
945 1240 1290 1307 regnarunt,
1332 1239 1529 1290 tamen
1560 1234 1917 1307 regnabatur
1946 1234 2017 1289 ab

367 1324 498 1383 aliis
529 1325 792 1381 nondum
842 1323 1169 1380 cultoribus
1218 1323 1364 1391 suis,
1399 1327 1463 1379 ut
1511 1324 1611 1395 qui
1643 1323 1905 1378 nondum
1937 1322 2017 1377 dii

2134 521 2491 593 regnabatur
2524 521 2709 576 multo
2740 525 2874 577 ante
2906 538 3081 593 quam
3125 522 3223 577 isti
3256 524 3335 578 dii
3364 523 3785 584 inciderentur.

2132 610 2237 665 Sed
2273 627 2447 681 quam
2494 628 2707 665 vanum
2757 614 2844 666 est
2895 611 3195 683 fastigium
3252 612 3490 667 Romani
3532 614 3788 670 nominis

2132 699 2529 769 religiositatis
2589 700 2813 755 meritis
2874 702 3178 771 deputare,
3232 718 3365 756 cum
3419 707 3550 774 post
3602 703 3787 775 impe-

2132 789 2285 845 rium
2320 790 2439 844 sive
2468 790 2658 843 adhuc
2692 806 2935 860 regnum
2962 791 3321 861 [auetisjam
3356 792 3551 861 rebus]
3584 791 3786 865 religio

2108 878 2441 950 profecerit
2465 880 2524 933 ¹⁸.
2561 879 2705 933 Nam
2738 879 2843 933 etsi
2878 896 2909 932 a
2942 884 3133 933 Numa
3168 886 3447 952 concepta
3476 886 3565 936 est
3594 884 3785 938 curio-

2133 967 2275 1022 sitas
2299 968 2733 1039 superstitiosa,
2751 969 2903 1022 430
2923 970 3181 1023 nondum
3211 974 3404 1024 tamen
3427 975 3529 1024 aut
3549 972 3788 1026 simula-

2132 1057 2244 1112 cris
2275 1062 2377 1111 aut
2407 1056 2644 1128 templis
2679 1074 2772 1112 res
2804 1057 3000 1112 divina
3032 1060 3186 1128 apud
3224 1060 3519 1114 Romanos
3549 1065 3784 1117 consta-

2128 1146 2262 1214 bat;
2294 1146 2447 1218 frugi
2479 1146 2680 1217 religio
2712 1150 2767 1201 et
2794 1163 3080 1218 pauperes
3133 1148 3305 1215 ritus,
3338 1152 3395 1203 et
3425 1148 3588 1204 nulla
3618 1150 3785 1222 capi-

2130 1236 2270 1291 tolia
2300 1237 2584 1291 certantia
2634 1235 2799 1303 coelo,
2832 1236 2932 1290 sed
2983 1236 3294 1291 temeraria
3336 1237 3407 1291 de
3453 1237 3670 1309 cespite
3700 1238 3786 1294 al-

2129 1325 2298 1394 taria,
2332 1329 2389 1380 et
2416 1341 2555 1380 vasa
2598 1324 2791 1380 adhuc
2836 1323 3032 1380 Samia
3063 1325 3195 1397 (70),
3229 1330 3283 1380 et
3332 1325 3503 1381 nidor
3543 1342 3610 1381 ex
3641 1326 3784 1395 illis,

1792 1420 1994 1482 Variae
2037 1421 2358 1485 lectiones.

443 1523 486 1559 ¹⁶
516 1519 1015 1585 Prostratissimae,
1051 1522 1273 1578 Haverc.

367 1593 570 1666 religio
602 1593 930 1666 profecerit,
962 1598 1131 1650 Fran.

1353 1522 1394 1556 ¹⁷
1422 1520 1553 1577 Suis
1586 1520 1735 1575 abest
1764 1520 1995 1575 Haverc.
2075 1521 2119 1557 ¹⁸
2158 1522 2361 1577 Adhuc
2392 1534 2639 1592 regnum
2688 1520 2893 1593 religio
2924 1522 3280 1594 profecerit?
3309 1529 3431 1596 Age
3452 1524 3580 1596 jam
3609 1525 3786 1583 rebus

1809 1672 2334 1734 Commentarius.

369 1786 498 1845 eam
524 1769 781 1845 patriam
806 1768 1132 1845 rediturum
1155 1781 1367 1845 esse._»_
1388 1771 1459 1845 In
1479 1765 1639 1845 illam
1662 1767 2025 1845 sententiam
2058 1775 2102 1838 Β
2134 1769 2224 1823 dis
2256 1768 2369 1824 diis
2392 1767 2993 1845 immortalibus,ju_re
3023 1768 3321 1845 pontificio
3337 1773 3400 1845 e_t_
3423 1774 3786 1845 moremajo-

370 1838 600 1897 infinita
631 1841 799 1895 dicax
828 1841 1135 1896 Lucianus.
1160 1838 1393 1896 Herald.
1417 1841 1545 1894 Fato
1567 1838 1620 1893 S.
1647 1840 1695 1893 J.
1721 1854 1851 1894 esse.
1878 1838 2018 1894 HAV.

440 1914 552 1985 (68)
583 1916 735 1970 Fatis
767 1914 1000 1968 Romani
1027 1912 1369 1967 dicaverunt.
1396 1912 1482 1985 Ita
1504 1911 2019 1985 transposuitRig.

368 1981 503 2039 Alii.
535 1981 596 2040 Β.
650 1985 715 2040 de
758 1986 909 2055 fatis.
942 1985 1202 2056 Respicit
1239 2000 1371 2038 vero
1422 1982 1816 2056 Spanhemius
1864 1981 2021 2056 hunc

367 2056 587 2127 locum,
618 2054 1081 2112 eum’concludit
1120 2074 1188 2111 ex
1218 2056 1408 2111 verbis
1460 2054 1722 2125 Procopii
1756 2071 1882 2127 qua;
1914 2054 2019 2109 ad-

368 2130 547 2197 ducit,
568 2125 767 2183 fuisse
805 2134 1060 2184 erectum
1109 2128 1201 2181 his
1233 2128 1451 2183 deabus
1483 2127 1677 2181 Romae
1707 2125 2017 2196 templum,

366 2202 466 2256 sed
503 2207 633 2273 post
664 2200 1005 2255 Tertulliani
1058 2206 1343 2273 tempora,
1379 2200 1523 2273 forte
1575 2216 1608 2252 a
1642 2196 2015 2273 Diocletiano,

365 2269 537 2343 cujus
569 2288 877 2328 nummum
898 2269 1255 2342 singularem
1286 2270 1554 2343 explicat,
1577 2286 1708 2324 cum
1734 2269 2019 2343 singulari

364 2341 504 2401 item
562 2344 964 2416 inscriptione.
1003 2341 1385 2398 iiExhibentur
1432 2341 1511 2416 ibi
1564 2348 1681 2416 tres
1742 2341 2017 2397 mulieres

365 2417 590 2472 vestita:
623 2414 845 2472 facibus
878 2422 1132 2481 armatae,
1159 2431 1290 2470 cum
1319 2414 1698 2484 inscriptione
1729 2429 1883 2467 FATIS
1905 2430 2019 2467 VIC-

366 2505 667 2556 Tareisus;
719 2488 871 2543 victa
919 2486 1142 2542 scilicet
1173 2492 1229 2541 et
1277 2485 1567 2541 debellata
1616 2484 2018 2555 exstinctaque

370 2561 835 2616 Christianorum
870 2564 1059 2631 gente.
1090 2559 1359 2631 Censpici
1392 2562 1581 2631 potest
1609 2556 1669 2612 in
1712 2572 2015 2631 nunquam

370 2632 665 2687 laudando
697 2632 842 2686 satis
874 2628 1046 2703 opere
1075 2630 1141 2685 de
1176 2628 1281 2687 Usa
1310 2638 1362 2686 et
1389 2631 1482 2703 Pr.
1516 2630 1677 2703 Nam.
1704 2645 1774 2703 _p_._
1801 2628 1924 2681 838.

443 2704 553 2775 (69)
585 2703 686 2759 Sed
733 2701 928 2759 Romae
955 2710 1144 2775 postea
1169 2718 1310 2775 cum
1358 2701 1651 2775 indigenis.
1704 2701 1849 2756 Mira
1888 2715 2018 2771 per-

370 2772 629 2831 turbatio
658 2779 716 2829 et
746 2772 996 2830 varietas
1026 2774 1085 2828 iu
1116 2773 1289 2828 editis
1328 2777 1385 2827 et
1415 2789 1558 2827 mss.
1592 2772 1774 2842 Lugd.
1811 2776 1928 2826 Bat.
1963 2776 2020 2825 et

368 2848 554 2918 Agob.
594 2869 616 2898 ι
648 2848 754 2901 Sed
787 2852 990 2918 postea
1011 2846 1333 2901 Romanam
1357 2860 1489 2898 cum
1525 2844 1785 2918 indignis
1814 2843 2009 2918 suis._n

367 2913 537 2973 Fﬁld.
571 2941 598 2968 «
631 2918 741 2973 Sed
774 2913 977 2989 postea
1009 2918 1424 2989 apudRomam
1458 2931 1589 2970 cum
1613 2913 2015 2989 in'ditamentis

368 2990 512 3045 suis.
543 3010 568 3040 η
607 2986 897 3045 Heral'dus
929 2994 984 3044 et
1015 2986 1229 3060 Rigalt.
1263 2988 1457 3056 silent,
1491 2990 1547 3040 et
1594 2986 1753 3060 aliud
1786 2986 1907 3057 agit
1938 2986 2018 3060 La

366 3062 565 3128 Cerda,
600 3077 733 3116 cum
767 3063 824 3117 in
849 3057 1194 3133 paraphrasi
1226 3076 1354 3133 sua,
1392 3074 1568 3133 quam
1600 3057 1838 3113 editioni
1873 3058 2013 3111 sub-

361 3134 576 3214 junirit,
605 3134 800 3189 nescio
843 3129 1084 3214 Quid-de
1132 3129 1550 3214 aboriginibus,
1584 3145 1835 3214 quorum
1870 3144 2012 3183 non-
2046 3144 2090 3214 ρ

367 3200 531 3283 nulli
560 3200 953 3283 regnaverint,
1006 3203 1278 3283 nonnulli
1310 3219 1446 3283 non,
1496 3204 1732 3283 profert,
1765 3200 1964 3283 legens
1998 3216 2012 3282 ξ

368 3300 397 3328 ‹‹
429 3278 535 3333 Sed
586 3271 780 3333 Romae
831 3271 1028 3348 postea
1073 3292 1206 3333 cum
1255 3271 1547 3346 indigenis
1579 3273 1702 3348 suis
1751 3273 1931 3348 etiam
1966 3271 2016 3326 si

368 3349 466 3421 qui
519 3366 635 3405 non
684 3344 1028 3421 regnarunt,
1080 3354 1299 3421 tamen,
1350 3344 1538 3421 »'etc.
1570 3345 1767 3421 _Ald_us
1817 3344 2015 3421 habet,

369 3416 402 3471 «-
418 3421 525 3476 Sed
548 3416 780 3477 Romam
805 3416 1160 3492 postea—cum
1179 3418 1473 3490 indigenis
1494 3416 2014 3492 cultoribussuis,»

366 3496 527 3549 Pam.
562 3498 618 3549 et
661 3486 845 3548 Rheri.
880 3516 907 3543 ‹‹
940 3494 1049 3548 Sed
1099 3494 1292 3548 Romae
1311 3486 1525 3562 postea
1557 3506 1689 3545 cum
1723 3486 2017 3561 indigenis

366 3566 512 3637 suis.
544 3586 571 3615 »
616 3564 858 3637 Herald.
893 3569 959 3637 et,
1000 3564 1127 3637 Rig.
1182 3587 1210 3614 «
1243 3564 1353 3637 Sed
1404 3564 1597 3637 Romae
1643 3566 1843 3637 postea
1883 3576 2017 3637 eum

367 3636 681 3709 indigenis.
716 3662 738 3690 ι
798 3637 905 3709 Ms.
938 3632 1101 3709 Cod:
1123 3636 1293 3709 Fuld.
1340 3634 1575 3709 lectioni
1606 3632 2021 3709 adscripserat

361 3704 687 3780 Scioppius,
749 3707 1125 3780 indaamentis
1161 3722 1182 3766 ;
1222 3707 1397 3780 _lego_
1432 3706 1890 3780 indigitamentis,
1959 3704 2017 3759 id

363 3786 449 3853 est
480 3774 643 3835 libris
674 3774 1113 3853 pontificalibus
1145 3774 1400 3853 suis‘qu-i
1433 3774 1694 3853 Ster‘eulo
1718 3776 1974 3853 sein/iant
2004 3791 2017 3832 :

362 3852 519 3907 salse
549 3841 794 3905 dictum.
848 3841 1213 3900 Glossarium
1264 3845 1691 3913 indigitamenla
1720 3841 1913 3900 Βιϐλία
1942 3847 2019 3899 ἰε-

363 3922 575 3997 ρᾳτικά.
610 3922 695 3997 ita
745 3916 879 3997 1_ibr_i
920 3920 1000 3997 et_
1027 3916 1398 3997 interpretes,
1425 3931 1688 3997 quorum
1724 3923 1888 3973 tanta
1915 3935 2018 3972 va-

364 3984 544 4049 rietas
577 3989 811 4045 abunde
841 3988 1009 4043 docet
1035 3989 1159 4057 jam
1184 3984 1352 4041 iolim
1386 3984 1577 4057 locum
1611 3987 1793 4041 fuisse
1822 4005 2019 4044 corru—

366 4069 556 4134 ptum.
577 4061 724 4126 Quid
758 4056 1209 4134 igitur‘sentiam
1229 4056 1443 4134 quaeris
1463 4058 1489 4111 ?
1523 4057 1779 4134 Delenda
1810 4058 1910 4134 illa
1931 4060 2023 4134 sed

367 4128 551 4190 Romae
599 4128 810 4196 posteaw
832 4135 888 4187 et
945 4130 1008 4185 in
1067 4128 1432 4185 morbdniam
1492 4128 1822 4240 releganda.
1883 4131 2022 4194 Quis

367 4223 523 4240 nnlm
560 4221 671 4240 nnn
721 4203 871 4240 uiﬂol
924 4218 989 4240 av
1044 4202 1236 4240 alnum:
1284 4199 1591 4240 irranqiqnn
1684 4200 1911 4240 Qnilinpi
1944 4201 2017 4240 ifn

366 4223 526 4262 enim
560 4221 674 4260 non
721 4203 876 4259 videt
924 4218 994 4257 ex
1043 4202 1241 4274 glossa
1284 4199 1639 4273 irrepsisse?
1684 4200 1915 4274 Scilicet
1944 4201 2023 4255 ita

365 4278 679 4349 legendum
731 4275 994 4349 judice:
1050 4272 1415 4349 E<__A_liquem
1449 4274 1658 4349 opinor
1698 4272 2022 4349 Sterculum

368 4343 503 4406 etim
534 4343 831 4420 indigenis
865 4345 1007 4420 suis.
1036 4368 1063 4394 »
1096 4345 1192 4400 Vel
1224 4343 1439 4420 potius,
1465 4345 1515 4399 si
1546 4362 1661 4420 non
1690 4343 1907 4420 frustra
1935 4346 2022 4420 in:

368 4416 694 4477 dilamentii
718 4417 1201 4489 suppeditatms.
1235 4416 1400 4489 Fuld.
1435 4418 1587 4486 quod
1618 4432 1833 4489 vanum
1866 4416 2022 4470 haud

369 4510 518 4579 reor,
552 4492 663 4575 hoc
693 4487 928 4579 modo}.
949 4513 975 4538 ‹‹
1010 4487 1515 4579 Aliquemepinpr
1543 4487 1867 4579 Ste‘rciulu’m
1892 4505 2023 4579 cum
2058 4514 2104 4579 Β

372 4563 667 4637 indigenis
697 4568 754 4617 et
784 4560 1363 4637 inditamentissuis,
1390 4582 1416 4608 ››
1443 4560 1507 4637 In_
1539 4576 1604 4637 e9
1640 4560 1767 4614 falsi
1793 4560 2029 4615 fuerunt

370 4630 741 4707 interpretes,
793 4634 948 4707 quod
1002 4630 1062 4684 τὸ
1115 4630 1511 4707 ίηᾴίθεηιένθᾴ
1564 4632 1878 4707 Romanos,
1912 4649 2027 4707 non

371 4702 544 4775 vero;
562 4710 628 4763 ut
656 4702 849 4771 debet,
883 4705 952 4759 ad
984 4702 1312 4758 Sterculum
1336 4702 1671 4775 retulerint.
1704 4708 1850 4758 Sunt
1872 4704 2026 4758 enim

379 4772 665 4851 indigenae
695 4777 779 4831 illi
833 4776 931 4847 qui
986 4792 1288 4851 una_cum_
1324 4772 1590 4851 Sterculo
1638 4775 1932 4830 vernaculi
1979 4780 2035 4831 et

378 4847 597 4923 proprii
641 4850 1039 4923 Romanorum
1092 4847 1194 4912 dii,
1233 4848 1655 4923 ut__Mutunus,_
1681 4852 1949 4923 Tutunus
1981 4850 2036 4902 et

380 4915 626 4977 similes.
659 4926 776 4976 Hos
822 4919 1108 4986 indigenas
1160 4915 1456 4990 appellare
1503 4917 1705 4988 voluit,
1738 4936 1806 4974 ea
1850 4919 2036 4975 forma

379 5011 497 5067 qua
520 4993 684 5050 Ovid.
719 5008 774 5047 vr
805 4992 925 5046 Met.
960 4991 1063 5045 330
1097 5006 1110 5044 :

472 5100 729 5149 Naiadum
762 5097 1034 5159 Faunique
1065 5095 1203 5145 foret
1231 5098 1419 5145 tamen
1454 5108 1545 5143 ara
1572 5095 1846 5159 rogabam,

470 5162 810 5225 indigenaeve
842 5160 955 5208 Dei.

453 5259 584 5315 Jam
616 5273 758 5328 vero,
783 5255 1074 5328 glossator
1103 5253 1339 5324 aliquis,
1365 5254 1681 5328 observans
1712 5254 1820 5310 hos
1844 5255 2039 5310 Romae

387 5331 623 5386 demum
672 5325 860 5383 cultos
911 5325 1083 5399 longe
1112 5332 1429 5399 postquam
1474 5327 1783 5399 Jupiterga
1814 5328 1939 5399 suis
1980 5328 2039 5383 in

386 5404 628 5457 deorum
682 5414 995 5455 numerum
1027 5397 1268 5452 relatus
1319 5397 1415 5465 sit,
1468 5397 1768 5453 adnotavit
1816 5398 2040 5454 cultum

385 5473 553 5528 illum
585 5470 847 5528 Sterculo
880 5473 1081 5541 postea
1111 5468 1437 5539 praestitum
1464 5487 1476 5536 ;
1511 5470 1827 5542 ineptiores
1859 5470 1955 5526 alii
1980 5476 2044 5526 ut

390 5562 424 5600 a
446 5544 801 5600 Tertulliano
835 5542 1163 5615 profectum
1214 5546 1559 5613 receperunt
1590 5542 1649 5597 in
1682 5547 2038 5599 contextum.

384 5616 570 5759 Ηῖζὸ)
606 5687 740 5743 ιάδα
769 5682 947 5759 adhuc
998 5682 1208 5759 Samia.
1262 5681 1635 5759 Cicere,‘_l_ib,
1690 5683 1864 5759 inde
1913 5688 2039 5759 (Vat.

381 5753 618 5819 Debrtim
645 5775 664 5818 :
699 5780 727 5812 «
762 5755 989 5816 Docebo
1038 5753 1284 5814 meliora
1314 5771 1407 5815 me
1436 5754 1713 5816 didicisse
1744 5758 1815 5816 de
1846 5756 2042 5816 colen-

666 5888 933 5951 ΡΑτιοι..
980 5882 1032 5948 I.
1080 5926 1085 5931 ι

2134 1841 2711 1916 _rum,capeduneuli_s
2725 1857 2872 1912 quas
2895 1840 3090 1916 Numa
3106 1840 3280 1916 nobis
3302 1842 3555 1916 reliquit,
3577 1844 3647 1898 de
3665 1840 3789 1916 qni-

2133 1913 2244 1967 bus
2278 1915 2335 1986 in
2368 1914 2467 1967 illa
2498 1912 2735 1986 aureola
2764 1912 3133 1986 oratiuncula
3171 1913 3313 1986 dicit
3344 1912 3575 1981 Laelius,
3606 1912 3785 1986 quam

2132 1985 2457 2040 rationibus
2505 1985 2849 2039 Stoicorum.
2888 2006 2916 2033 »
2969 1985 3146 2053 Cujus
3193 1984 3458 2041 Laelianaa
3505 1984 3784 2044 orationis

2133 2058 2351 2113 mentio
2403 2057 2575 2113 etiam
2624 2056 2879 2111 occurrit
2910 2056 3061 2110 inter
3109 2058 3437 2126 fragmenta
3485 2059 3781 2116 Ciceronis

2130 2128 2217 2201 de,
2247 2131 2394 2199 Rep.,
2428 2130 2465 2201 l.
2499 2146 2554 2183 vr
2591 2144 2602 2181 :
2637 2129 2835 2183 Exstat
2882 2128 3064 2182 oratio
3116 2128 3288 2195 Laelii,
3349 2147 3525 2201 quam
3577 2148 3782 2187 omnes

2131 2200 2417 2283 habemus
2451 2200 2507 2283 in
2551 2201 2867 2283 manibus,‘
2904 2216 3081 2283 quam
3102 2200 3384 2283 sympina
3428 2203 3776 2283 pontiﬁcum

2128 2271 2240 2326 diis
2266 2271 2701 2327 immortalibus
2722 2270 2909 2340 gratia
2939 2270 3075 2325 sint.
3100 2270 3447 2343 samiaeque,
3472 2280 3535 2330 ut
3560 2275 3611 2330 is
3632 2276 3779 2337 scri-

2128 2343 2231 2411 bit,
2293 2343 2652 2413 capedines;
2713 2365 2742 2393 »
2802 2347 2865 2397 ut
2920 2343 3249 2399 emendavit
3304 2345 3479 2401 Hadr.
3537 2346 3775 2403 Junius.

2134 2417 2269 2470 Vasa
2299 2416 2493 2471 Samia
2542 2420 2681 2470 sunt
2710 2419 2868 2469 testae
2901 2414 3280 2487 ﬁctiles.lmo
3304 2433 3512 2487 usque
3562 2420 3633 2473 ad
3668 2421 3773 2474 de-

2129 2488 2338 2541 victam
2389 2487 2609 2553 Asiam,
2644 2503 2771 2556 quae
2816 2486 3155 2558 epessimul
3208 2492 3263 2541 et
3300 2486 3501 2543 luxum
3546 2490 3772 2558 intulit,

2126 2559 2253 2629 ipsa
2286 2559 2459 2614 etiam
2514 2559 2768 2630 deorum,
2809 2557 3125 2612 simulacra
3156 2558 3349 2630 lignea
3382 2567 3612 2616 tantum
3666 2557 3779 2617 Ro?-

2127 2632 2318 2685 manis
2350 2632 2438 2684 vel
2490 2630 2716 2697 fictilia,
2749 2629 2930 2685 fuisse
2962 2630 3176 2702 diserte
3209 2629 3472 2686 testatur
3524 2634 3780 2702 Plinius,

2126 2704 2252 2757 Nat.
2305 2704 2441 2757 Hist.
2499 2718 2687 2768 xxxrv,
2730 2702 2814 2773 77:
2863 2723 2890 2752 »
2949 2701 3286 2772 Mirumque
3338 2704 3482 2757 mihi
3534 2706 3785 2773 videtur,

2128 2791 2260 2849 cum
2294 2772 2817 2849 statuarum__erigo
2850 2778 2968 2827 tam
3004 2778 3168 2849 vetus
3201 2775 3260 2849 in
3295 2775 3461 2849 Italia
3490 2772 3789 2849 sit,lignea

2128 2846 2324 2917 potius
2371 2849 2470 2901 aut
2525 2845 2725 2900 fictilia
2773 2846 3017 2900 deorum
3051 2845 3369 2901 simulacra
3412 2847 3470 2901 in
3522 2845 3788 2904 delubris

2128 2920 2319 2972 dicata
2349 2933 2531 2985 usque
2579 2918 2651 2972 ad
2683 2917 2972 2971 devictam
3021 2917 3240 2981 Asiam,
3274 2919 3431 2974 unde
3463 2918 3724 2978 luxuria.
3756 2940 3787 2972 »

2126 2990 2205 3044 De
2236 2989 2391 3045 vasis
2422 2988 2636 3043 Samiis
2666 2988 2955 3055 Tibullus,
2990 2987 3091 3043 lib.
3125 3006 3143 3042 ι
3175 2990 3333 3061 Eleg.
3366 2990 3390 3045 4
3423 3007 3436 3046 :

2372 3086 2589 3147 Adsitis,
2624 3085 2758 3146 Divi,
2795 3099 2895 3134 nec
2929 3099 3025 3134 vos
3054 3098 3081 3134 e
3116 3100 3353 3148 paupere
3383 3100 3568 3137 mensa

2374 3150 2539 3207 Dona,
2571 3161 2672 3197 nec
2704 3161 2732 3197 e
2760 3148 2941 3210 parvis
2970 3150 3209 3211 spernite
3235 3149 3502 3201 ﬁctilibus.

2125 3237 2388 3312 Illustrat
2414 3236 2525 3291 hoc
2551 3234 2746 3312 Nostri
2777 3239 2941 3291 vetus
2973 3234 3070 3290 ille
3104 3252 3209 3291 nec
3240 3241 3407 3293 vetus
3430 3238 3629 3296 minus
3652 3255 3784 3312 pro-

2123 3308 2398 3366 verbialis
2428 3307 2756 3364 versiculus
2790 3324 2803 3362 :

2438 3407 2585 3455 Doen
2616 3405 2681 3453 de
2718 3404 2908 3470 kelken
2939 3417 3121 3470 waren
3154 3419 3261 3455 van
3292 3405 3444 3470 heat,

2436 3470 2585 3518 Doen
2614 3468 3185 3533 warendepriesters
3219 3483 3319 3517 van
3352 3468 3515 3533 geud.

2435 3533 2582 3581 Maar
2612 3546 2685 3580 nu
2717 3530 3005 3595 dekelken
3039 3544 3139 3593 zyn
3169 3545 3275 3580 van
3306 3530 3450 3595 goud

2435 3596 2516 3644 Nu
2548 3608 2609 3643 zo
2638 3608 2738 3658 zyn
2770 3593 2834 3643 de
2868 3595 3122 3657 priesters
3152 3608 3258 3644 van
3290 3593 3441 3646 hout.

2129 3692 2422 3758 Postquam
2446 3683 2666 3758 scilicet
2695 3685 2904 3739 munda
2949 3684 3144 3758 balnea
3173 3686 3405 3758 inventa
3441 3692 3586 3758 sunt,
3620 3702 3781 3758 spur-

2128 3756 2298 3815 ciorels
2324 3762 2452 3813 sunt
2503 3756 2599 3827 qui
2628 3758 2939 3829 lavant,__ut
2961 3756 3089 3826 jam
3136 3756 3274 3811 olim
3323 3756 3580 3827 Seneca,
3606 3756 3780 3829 epist.

2129 3833 2219 3885 25.
2255 3831 2364 3886 Sed
2415 3826 2979 3901 proverbiale‘illud
3043 3828 3425 3900 desumptum
3483 3826 3784 3886 observavi

2135 3919 2203 3958 ex
2251 3898 2736 3958 dicto'Bonifacii
2790 3898 2992 3969 (episc.
3028 3903 3086 3953 et
3135 3898 3356 3969 mart.),
3391 3902 3543 3971 quod
3595 3906 3785 3957 exstat

2132 3976 2341 4029 Deerat.
2377 3979 2537 4042 parte
2569 3989 2631 4027 III
2663 3973 2735 4027 de
2765 3970 3080 4024 Consecrat.
3133 3970 3467 4040 distinctfr,
3502 3988 3627 4027 can.
3662 3974 3729 4028 44
3764 3990 3778 4028 :

2134 4067 2161 4095 «
2193 4050 2357 4112 Cum,
2390 4043 2608 4114 inquit,
2640 4042 2849 4113 ligneis
2883 4047 3183 4114 uteremur
3231 4042 3533 4111 calicibus,
3570 4060 3780 4101 aureos

2132 4117 2461 4171 sacerdotes
2481 4113 2875 4170 habebamus.
2912 4113 3080 4168 Nunc
3112 4129 3318 4169 aureos
3363 4114 3650 4171 habemus
3682 4133 3781 4173 ca-

2132 4187 2294 4255 lices,
2328 4187 2551 4257 ligneos
2585 4187 2937 4241 sacerdotes.
2969 4204 2995 4236 »
3031 4188 3282 4240 Joannes
3322 4186 3784 4245 Saresberiensis

2132 4259 2191 4312 in
2242 4259 2610 4327 Polycratico,
2644 4258 2744 4313 lib.
2780 4274 2858 4323 v1,
2890 4273 3016 4327 cap.
3048 4258 3139 4324 24,
3174 4258 3455 4313 acerrime
3500 4260 3781 4315 saeculum

2134 4345 2308 4403 suum
2343 4331 2626 4403 increpat.
2663 4329 2746 4385 lbi
2800 4330 2868 4403 de
2901 4329 3303 4403 sacerdotibus
3334 4335 3390 4384 et
3424 4332 3785 4403 presbyteris

2134 4406 2189 4456 et
2219 4401 2333 4454 alia
2364 4405 2423 4455 et
2454 4401 2574 4456 haec
2609 4416 2621 4454 :
2658 4425 2685 4452 ‹‹
2718 4402 2929 4474 Sedent
2958 4401 3019 4474 in
3053 4418 3119 4474 e_a
3148 4402 3361 4474 Scriba;
3385 4406 3461 4474 et
3487 4401 3783 4474 Pharisaei,

2137 4474 2420 4544 ponentes
2448 4489 2625 4526 onera
2655 4471 3055 4544 importabilia
3084 4472 3140 4525 in
3165 4472 3430 4527 humeris
3452 4471 3781 4543 hominum,

2138 4542 2264 4613 quae
2295 4542 2476 4613 digito
2532 4560 2648 4597 non
2682 4542 3050 4614 contingunt.
3093 4545 3480 4598 Deminantur
3518 4545 3578 4600 in
3612 4542 3786 4615 clero,

2140 4632 2245 4669 nee
2280 4615 2463 4688 forma
2495 4614 2644 4667 ﬁunt
2673 4614 2851 4687 gregi,
2878 4614 2979 4684 qui
3011 4620 3167 4688 recte
3199 4614 3344 4671 calle
3376 4617 3563 4688 pergit
3596 4618 3665 4672 ad
3701 4614 3785 4673 vi?

2138 4691 2257 4741 tam
2290 4686 2457 4753 (forte
2484 4690 2677 4755 pergat
2709 4692 2764 4741 et
2790 4686 2959 4756 ’quaz):
2983 4687 3299 4756 pretiosam
3331 4686 3794 4759 suppellectilem

2142 4762 2489 4828 congerunt,
2524 4773 2691 4829 auro,
2714 4762 2769 4813 et
2801 4764 3041 4829 argento
3089 4762 3330 4813 onerant
3392 4776 3649 4829 mensas,
3681 4762 3795 4818 sibi

2142 4826 2319 4905 etiam
2372 4829 2443 4883 ab
2491 4826 2734 4884 avaritia
2771 4826 2963 4905 _nir_nis
3015 4829 3192 4900 parci.
3228 4831 3372 4905 Nam
3422 4826 3645 4905 pauper
3697 4838 3797 4889 aut

2144 4900 2342 4958 nullus
2376 4904 2473 4955 aut
2522 4917 2690 4955 rarus
2720 4900 3072 4968 admittitur,
3107 4918 3280 4971 quem
3327 4900 3625 4961 interdnm
3677 4923 3794 4961 non

2144 4978 2263 5029 tam
2297 4972 2771 5043 Christus,quam
2803 4988 2950 5027 vana
2981 4971 3167 5041 gloria
3195 4972 3534 5031 introducit.
3569 4982 3795 5033 Oeneu-

2144 5045 2301 5099 tiunt
2349 5044 2644 5109 ecclesias,
2677 5043 2810 5099 lites
2862 5043 3134 5110 excitant,
3170 5044 3456 5102 collidunt
3484 5049 3704 5105 clerum
3739 5054 3796 5105 et

2147 5115 2453 5190 populum,
2486 5115 2788 5191 laboribus
2820 5119 2876 5171 et
2906 5114 3160 5191 miseriis
3194 5117 3540 5191 afﬂictorum
3574 5137 3795 5191 nequa-

2149 5185 2324 5260 quam
2361 5189 2818 5259 compatiuntur,
2852 5185 3228 5263 ecclesiarum
3263 5188 3533 5246 laetantur
3569 5185 3797 5263 spoliis,

2149 5265 2206 5315 et
2232 5264 2519 5331 quaestum
2572 5276 2800 5315 omnem
2834 5263 3108 5330 reputant
3154 5260 3449 5329 pietatem,
3486 5284 3513 5311 ››
3544 5260 3651 5319 etc.
3686 5260 3799 5317 Ibi-

2151 5333 2283 5387 dem
2316 5331 2487 5402 paulo
2520 5336 2652 5401 post
2684 5332 3073 5405 ;_«7Praeterea
3103 5347 3306 5405 omnes
3338 5339 3614 5405 arguunt,
3641 5334 3796 5405 quod

2152 5404 2466 5488 ruentibus
2508 5408 2565 5488 et
2614 5402 3036 5488 collabantibus
3067 5402 3349 5468 ecclesiis,
3377 5402 3801 5488 .q'uasnpat—rum

2153 5474 2751 5550 construxit‘devetie,
2786 5474 3070 5530 altaribus
3104 5491 3334 5550 quoque
3374 5474 3614 5535 incultis
3645 5478 3806 5550 pala-

2152 5548 2235 5602 tia
2265 5546 2535 5620 exstruit,
2569 5551 2626 5601 et
2674 5548 2972 5620 ipseineng
2997 5547 3169 5620 modo
3205 5554 3584 5620 purpuratus,
3619 5546 3717 5605 sed
3753 5553 3811 5607 et

2126 5618 2759 5692 -deauratus_iincedit.
2796 5618 3015 5692 Palatia
3066 5618 3375 5692 splendent
3414 5623 3810 5692 sacerdotum,

2155 5694 2211 5747 et
2246 5690 2303 5746 in
2339 5690 2615 5748 manibus
2647 5707 2846 5751 eorum
2880 5688 3465 5752 Christi'sordidatur
3495 5688 3803 5756 Ecclesiaa'

2155 5763 2284 5821 Haec
2313 5761 2431 5821 ille.
2466 5765 2605 5821 HAV.

2207 5778 2284 5821 ωο
2313 5778 2431 5821 ιιιθ.
2466 5778 2605 5822 υΑν.

3445 5894 3522 5955 16
