4366 6348
585 331 698 393 491

1109 328 1636 389 TERTULLIANI
1681 326 2008 387 OPERUM
2053 327 2256 387 PARS
2303 326 2352 386 Ι.
2387 356 2464 372 -ι
2490 327 2767 388 SERIES
2811 330 2863 403 Ι,
2906 329 3479 394 APOLOGETICA.

3877 343 4002 403 492

582 469 642 523 et
668 466 825 522 Deus
850 465 974 536 ipse
1005 461 1606 535 nusquam.Nondum
1639 461 1795 516 enim
1826 465 1968 516 tunc
1998 460 2232 534 ingenia
2261 466 2313 530 Α
2342 460 2678 532 religionem
2725 466 2826 518 aut
2856 463 3122 520 laedendo
3170 471 3498 540 creverunt,
3533 473 3634 526 aut
3683 477 3998 533 crescendo

583 556 915 612 Graecorum
947 552 1056 625 (7t)
1091 559 1265 622 atque
1313 551 1638 606 Tuscorum
1675 551 1786 622 (72)
1827 549 2119 622 fingendis
2152 551 2230 605 si-

585 643 862 700 mulacris
911 642 1114 696 urbem
1148 639 1595 695 inundaverant.
1629 641 1776 711 Ergo
1826 656 1941 695 non
1976 644 2109 695 ante
2140 655 2232 694 re-

584 731 779 803 ligiosi
811 730 1080 798 Romani,
1117 745 1290 800 quam
1324 729 1556 800 magni;
1593 729 1842 800 ideoque
1873 745 1986 782 non
2022 729 2093 782 ob
2125 727 2234 782 hoc

587 819 806 891 magni,
839 819 977 886 quia
1025 818 1302 890 religiosi.
1338 819 1511 890 Atqui
1545 818 1838 889 quomodo
1887 817 1959 873 ob
2000 816 2235 888 religio-

585 925 716 964 nem
772 908 993 979 magni,
1054 908 1269 980 quibus
1329 907 1673 979 magnitudo
1747 907 1818 961 de
1891 905 2233 978 irreligiosi-

584 1001 703 1054 tate
733 998 777 1033 ¹⁹
815 998 924 1068 (73)
975 996 1292 1064 provenit?
1321 997 1390 1050 Ni
1441 996 1611 1051 fallor
1658 996 1838 1063 enim,
1891 1011 2059 1050 omne
2100 1011 2236 1068 reg-

586 1104 728 1143 num
760 1086 846 1142 vel
896 1085 1210 1156 imperium
1245 1087 1390 1140 431
1431 1084 1602 1139 bellis
1656 1084 1937 1155 qumritur
1968 1089 2024 1139 et
2051 1084 2232 1139 victo-

585 1176 690 1231 riis
719 1181 1092 1247 propagatur.
1127 1179 1302 1228 Porro
1355 1174 1505 1228 bella
1548 1180 1603 1228 et
1651 1174 1902 1227 victoriae
1946 1174 2131 1244 captis
2179 1178 2235 1227 et

583 1264 802 1321 eversis
851 1263 1172 1335 plurimum
1208 1263 1454 1317 urbibus
1503 1269 1791 1317 constant.
1828 1264 1888 1316 Id
1933 1261 2231 1332 negotium

581 1353 710 1410 sine
740 1353 978 1408 deorum
1032 1351 1252 1422 injuria
1279 1352 1392 1424 (74)
1429 1368 1541 1406 non
1592 1355 1698 1407 est.
1747 1350 1973 1405 Eaedem
2008 1355 2232 1421 strages

580 1441 865 1498 moenium
922 1445 979 1497 ct
1030 1440 1408 1512 templorum,
1444 1457 1612 1511 pares
1669 1440 1855 1494 caedes
1907 1438 2120 1494 civium
2177 1443 2234 1493 et

579 1531 974 1589 sacerdotum.
1007 1545 1114 1584 nec
1143 1528 1464 1583 dissimiles
1497 1530 1711 1599 rapinae
1741 1545 2039 1582 sacrarum
2082 1527 2232 1582 divi-

577 1619 794 1676 tiarum
826 1623 884 1674 et
915 1618 1442 1690 profanarum.‘[‘ot
1472 1617 1654 1689 igitur
1683 1616 1990 1687 sacrilegia
2020 1617 2229 1670 Roma-

579 1725 812 1775 norum,
845 1712 984 1780 quot
1031 1707 1329 1779 tropbaa;
1365 1711 1447 1761 tot
1480 1708 1548 1762 de
1597 1707 1728 1777 diis,
1780 1710 1922 1777 quot
1969 1707 2038 1761 de
2084 1722 2227 1778 gen-

581 1798 742 1854 tibus
771 1796 1055 1868 triumphi
1083 1814 1096 1863 ;
1127 1801 1211 1851 tot
1244 1795 1556 1862 manubiis,
1592 1799 1735 1866 quot
1765 1798 2006 1850 manent
2035 1795 2228 1850 adhuc

581 1885 902 1943 simulacra
925 1885 1283 1957 captivorum
1313 1887 1576 1940 deorum.
1611 1885 1679 1938 Et
1699 1885 1770 1939 ab
1789 1884 2060 1940 hostibus
2090 1899 2226 1956 ergo

582 1975 708 2032 suis
737 1975 1031 2030 sustinent
1077 1973 1325 2043 adorari,
1359 1977 1416 2028 et
1444 1972 1562 2028 illis
1591 1973 1905 2044 imperium
1957 1974 2081 2029 sine
2115 1973 2228 2028 ﬁne

584 2061 1196 2133 decernunt,quorum
1231 2062 1416 2132 magis
1449 2061 1696 2131 injurias
1727 2079 1902 2134 quam
1937 2062 2226 2118 adulatio-

581 2167 686 2208 nes
715 2152 760 2188 ³ο
793 2167 1198 2206 remunerasse
1247 2151 1588 2205 debuerant.
1621 2151 1730 2206 Sed
1765 2150 1867 2222 qui
1919 2151 2062 2206 nihil
2091 2168 2224 2207 sen-

577 2241 757 2307 tiunt,
788 2245 905 2295 tam
935 2239 1177 2310 impune
1208 2237 1522 2310 lazduntur,
1557 2255 1735 2310 quam
1769 2241 1984 2296 frustra
2022 2238 2224 2296 colun-

576 2333 696 2385 tur.
730 2330 892 2385 Certe
921 2345 1038 2384 non
1071 2332 1262 2399 potest
1301 2328 1437 2384 fidei
1470 2328 1797 2398 convenire,
1829 2332 1893 2384 ut
1923 2328 2223 2400 religionis

576 2417 803 2474 meritis
833 2417 1151 2474 excrevisse
1179 2417 1506 2490 videantur,
1540 2417 1660 2490 qui,
1697 2423 1759 2473 ut
1791 2418 2220 2490 suggessimus,

2342 551 2835 606 laeseruntEtiam
2869 552 3242 625 illi,quorum
3274 570 3455 628 regna
3485 559 3738 616 conflata
3767 568 3908 619 sunt
3935 564 3996 620 in

2342 639 2571 711 imperii
2602 640 2849 695 Romani
2875 658 3198 712 summam,
3229 659 3362 700 cum
3384 661 3453 700 ea
3475 647 3835 719 amitterent,
3869 653 3997 710 sine

2343 727 2726 801 religionibus
2757 746 2873 785 non
2908 732 3165 786 fuerunt.

2940 837 3176 894 CAPUT
3206 838 3393 896 XXVI.

2343 929 2785 1004 Anconsnrua_._
2806 956 2875 965 -—
2899 927 3068 1004 Deum
3094 929 3275 1004 potius
3296 930 3474 985 solum
3504 948 3754 1004 regnare,
3787 933 3856 990 de
3883 937 3993 991 im-

2411 999 2884 1075 periis,_urbibus,
2919 999 3257 1075 hominibus,
3290 999 3616 1073 temporibus
3649 999 3801 1075 ipsis,
3841 1013 3902 1062 ut
3929 1009 3999 1065 de

2413 1086 2534 1146 suo,
2567 1071 2887 1146 disponere;
2920 1073 3233 1146 quietiam.
3263 1071 3406 1128 ante
3420 1071 3696 1146 cognitam
3740 1079 3987 1146 Romam,

2417 1142 2764 1213 Babyloniis,
2805 1143 3094 1212 {Kay/uiis,
3148 1145 3392 1213 Assyriis
3421 1142 3856 1204 dominationem
3894 1142 3988 1204 de;

2413 1211 2553 1266 derit
2587 1212 2837 1291 intra
2886 1215 3022 1291 ipsis
3059 1211 3547 1291 etiamiincolume
3602 1219 3702 1273 diu
3760 1236 3990 1291 regnum

2408 1285 2743 1358 praestiterit,
2777 1284 3186 1340 destruentibus
3232 1289 3402 1358 etiam
3447 1304 3632 1344 omnes
3664 1291 3788 1346 illos
3819 1284 3981 1358 'deos,

2413 1371 2541 1435 quos
2563 1356 2806 1435 Romani
2833 1365 3125 1428 gentesque
3154 1364 3212 1412 ut
3242 1357 3464 1414 datores
3490 1376 3786 1431 regnorum
3813 1356 3991 1435 suspi-

2411 1428 2586 1481 ciunt.

2409 1531 2614 1588 Videte
2645 1531 2827 1604 igitur
2845 1549 2916 1587 ne
2934 1532 3030 1588 ille
3047 1550 3227 1606 regna
3257 1535 3559 1608 dispenset
3580 1539 3689 1610 (75)
3714 1539 3885 1610 cujus
3903 1543 3992 1596 est

2338 1623 2396 1673 et
2425 1620 2582 1676 orbis
2613 1621 2708 1691 qui
2739 1625 3035 1694 regnatur,
3068 1628 3124 1678 et
3144 1623 3320 1679 homo
3350 1625 3477 1697 ipse
3516 1627 3615 1696 qui
3641 1632 3884 1699 regnat;
3919 1642 3992 1681 ne

2338 1710 2491 1765 482
2524 1709 2620 1764 ille
2645 1711 2798 1766 vices
2843 1711 3313 1768 dominationum
3345 1713 3490 1784 ipsis
3521 1716 3890 1787 temporibus
3923 1716 3984 1771 in

2338 1797 2549 1853 saeculo
2571 1799 2988 1870 ordinarit,qui
3016 1805 3147 1856 ante
3169 1817 3340 1857 omne
3363 1806 3597 1874 tempus
3617 1805 3658 1838 ²¹
3683 1803 3793 1858 fuit
3809 1808 3866 1859 et
3886 1821 3987 1859 ste-

2336 1887 2534 1943 culum
2558 1888 2604 1922 ²²
2624 1889 2735 1960 (76)
2761 1904 2971 1960 corpus
3013 1892 3342 1961 temporum
3368 1890 3502 1946 fecit
3529 1909 3542 1959 ;
3568 1907 3640 1947 ne
3660 1891 3761 1946 ille
3784 1891 3989 1948 civita-

2339 1979 2427 2030 tes
2458 1975 2698 2031 extollat
2745 1981 2848 2031 aut
2876 1977 3188 2048 deprimat.
3219 1977 3338 2033 Sub
3369 1994 3486 2050 quo
3519 1979 3629 2034 fuit
3671 1978 3992 2051 aliquando

2339 2065 2466 2119 sine
2496 2064 2832 2118 civitatibus
2863 2080 3049 2134 genus
3080 2065 3384 2120 hominum
3417 2065 3508 2120 '3?
3539 2067 3686 2134 Quid
3732 2069 3992 2124 erratis?

2337 2153 2497 2224 prior
2525 2156 2614 2208 est
2644 2153 2997 2221 quibusdam
3042 2153 3156 2208 diis
3203 2153 3327 2208 suis
3359 2153 3404 2189 ²⁴
3429 2153 3717 2211 silvestris
3765 2155 3991 2227 Roma;

2338 2246 2470 2298 ante
2499 2241 2761 2312 regnavit
2791 2257 2969 2312 quam
3001 2245 3231 2297 tantum
3271 2243 3560 2298 ambitum
3594 2243 3864 2317 Capitolii
3889 2262 3993 2302 ex-

2336 2334 2591 2386 strueret
2619 2330 2688 2385 “.
2719 2333 3131 2402 Regnaverunt
3160 2335 3218 2386 et
3249 2330 3552 2404 Babylonii
3581 2337 3716 2389 ante
3747 2334 3985 2405 pontiﬁ-

2335 2434 2430 2476 ces
2462 2417 2598 2491 (77),
2629 2424 2683 2474 et
2714 2418 2866 2474 Medi
2897 2426 3029 2475 ante
3077 2418 3595 2491 quindecimviros,
3629 2425 3686 2478 et
3731 2422 3987 2496 Egyptii

1994 2562 2197 2622 Variae
2241 2561 2565 2624 lectiones.

646 2679 691 2752 {9
719 2677 799 2752 De
826 2677 1206 2752 religiositate
1235 2679 1400 2752 Fran.
1433 2677 1677 2752 De‘vera
1706 2675 2138 2752 irreligiositate
2161 2679 2295 2752 Jun.
2339 2677 2419 2752 '_’°
2449 2677 2827 2752 Adulationes
2874 2677 3061 2752 Paris.
3133 2677 3178 2713 ²¹
3209 2678 3356 2752 Ante
3385 2677 3584 2752 omnia
3616 2695 3720 2735 nec
3751 2684 3986 2752 tempus

574 2750 873 2824 cod._L._B.
894 2747 1083 2824 _Abob._
1147 2749 1331 2824 θοαί
1359 2747 1638 2824 saecnlum
1669 2749 1787 2804 cod.
1821 2748 2008 2824 Fuid.
2067 2749 2112 2783 ³³
2145 2750 2338 2804 Genus
2369 2748 2894 2824 humanumBhen.
2927 2750 3108 2804 Paris.
3139 2749 3632 2824 Qenshominum
3653 2752 3777 2808 cod.
3809 2747 3985 2824 Lugd.

574 2823 620 2857 ³³
652 2821 965 2894 Discipulis
996 2821 1120 2894 suis
1147 2821 1323 2894 Rhea.
1403 2821 1447 2854 π
1479 2820 1640 2876 Codd.
1674 2835 1861 2894 omnes
1889 2822 2328 2890 exstrueretur;
2359 2822 2529 2877 Rhea.
2561 2829 2614 2877 et
2643 2822 2760 2892 Rig.
2793 2823 3137 2877 exstrueret.
3159 2822 3345 2878 Nescio
3368 2839 3441 2878 an
3469 2824 3830 2880 scribendum
3857 2820 3932 2880 sit
3962 2841 3982 2880 :

577 2898 737 2950 tanto
768 2891 988 2950 ambitu
1019 2891 1370 2964 Capitolium
1403 2896 1798 2948 exstrueretur
1825 2893 1984 2963 Leop.

2011 3020 2533 3082 Commentarius.

644 3129 758 3201 (71)
791 3129 1042 3184 Nondum
1069 3130 1223 3184 enim
1253 3130 1480 3196 ingenia
1511 3127 1817 3184 ercorum
1846 3135 2008 3198 atque
2030 3129 2222 3201 Tusco-

573 3217 702 3257 rum
744 3199 1017 3272 ﬁngendis
1070 3202 1403 3256 simulacris.
1440 3201 1666 3255 Priscos
1718 3204 2009 3272 Romanos
2057 3199 2222 3271 plus-

575 3271 974 3359 quamvan’nos
1124 3278 1250 3359 sine
1282 3273 1595 3359 simulacro
1613 3273 1751 3326 deos
1769 3271 2021 3359 coluisse
2043 3275 2224 3359 Varro
2256 3292 2298 3359 α

575 3343 835 3398 tradidit.
863 3344 1024 3407 Quod
1057 3345 1105 3397 si
1137 3345 1350 3412 adhuc,
1385 3345 1602 3414 inquit,
1635 3343 1970 3407 mansisset,
2004 3344 2226 3414 castius

578 3415 660 3469 dii
687 3414 1154 3470 observarentur.
1178 3416 1315 3483 Ejus
1342 3413 1644 3468 sententiae
1672 3431 1788 3468 suae
1812 3419 2022 3468 testem
2054 3413 2226 3468 adhi-

579 3485 680 3539 bet
711 3485 863 3539 inter
891 3491 1098 3540 caetera
1126 3487 1300 3540 etiam
1332 3493 1566 3555 gentem
1597 3485 1880 3539 Judaeam.
1914 3485 2040 3555 Nec
2061 3483 2228 3538 dubi-

580 3561 688 3625 tat,
722 3555 914 3627 inquit
963 3554 1414 3627 Augustinusilv
1443 3556 1509 3611 de
1539 3555 1652 3627 Civ.
1701 3557 1815 3620 Dei,
1848 3572 1979 3610 eum
2031 3554 2226 3610 locum

583 3629 667 3710 ita
696 3626 1074 3710 concludere,
1101 3633 1164 3682 ut
1211 3628 1366 3682 dicat
1409 3643 1507 3710 eos
1535 3626 1639 3710 qni
1676 3627 1862 3710 ‘p‘rimi
1913 3627 2228 3710 simulacra

586 3699 830 3754 deorum
863 3699 1093 3770 populis
1122 3703 1464 3770 posuerunt,
1498 3699 1827 3753 civitatibus
1859 3700 1983 3754 suis
2013 3703 2071 3753 et
2100 3715 2227 3754 me-

586 3775 716 3842 tum
744 3769 1210 3842 ,dempsisse,’et
1244 3787 1510 3842 errorem
1559 3769 1880 3842 addidisse,
1912 3771 2230 3841 prudenter

584 3841 928 3898 existimans
958 3843 1096 3898 deos
1130 3841 1293 3898 facile
1324 3857 1494 3913 posse
1525 3841 1974 3898 simulacrorum
2008 3841 2229 3898 stolidi-

583 3917 700 3970 tate
732 3915 1046 3969 contemni.
1081 3913 1224 3968 PAM.

655 3986 767 4058 (72)
800 3987 1107 4058 Tuscorum.
1132 3988 1169 4040 Α
1205 3983 1424 4058 quibus
1446 3981 1505 4037 in
1539 3983 1723 4039 sacris
1753 3983 2227 4058 multa‘mutuati

580 4055 723 4128 sunt
751 4055 1019 4114 Romani.
1054 4057 1261 4112 Noster
1288 4055 1353 4128 de
1391 4055 1651 4126 Spectac.,
1688 4071 1740 4128 cf.
1766 4056 1806 4128 ,5
1840 4072 1852 4110 :
1889 4078 1915 4105 «
1952 4055 2134 4128 Igitur
2164 4056 2224 4110 in

577 4126 846 4183 Hetruria
869 4129 1020 4186 inter
1040 4133 1275 4184 caeteros
1297 4127 1446 4199 ritus
1470 4127 1960 4199 superstitionum
1985 4126 2223 4183 suarum

577 4200 912 4274 spectacula
969 4217 1201 4274 quoque
1235 4198 1556 4274 religionis
1592 4198 1826 4254 nomine
1884 4199 2220 4255 instituunt.

499 4327 510 4344 ι
577 4272 718 4327 Inde
750 4270 1003 4328 Romani
1032 4270 1630 4344 arcessitosartilices
1673 4275 2037 4344 mutuantur,
2071 4276 2222 4344 tem-

501 4340 508 4348 ⁷
575 4359 706 4413 pus,
737 4345 1263 4401 enuntiationem.»
1304 4340 1526 4396 Plinius
1560 4342 1731 4396 etiam
1767 4343 1838 4397 de
1867 4341 2222 4409 simulacris,

625 4416 713 4469 ist.
746 4420 875 4471 Nat.
909 4417 1010 4472 lib.
1045 4433 1236 4481 xxxrv,
1266 4415 1300 4466 7
1336 4431 1381 4468 ;‹‹
1421 4413 1599 4485 Signa
1632 4430 1865 4485 quoque
1895 4416 2224 4470 Tuscanica

573 4501 678 4556 per
706 4491 888 4560 terras
931 4490 1218 4560 dispersa,
1251 4501 1374 4556 quae
1405 4485 1464 4538 in
1512 4485 1781 4541 Hetruria
1813 4485 2074 4542 factitata
2103 4503 2219 4542 non

572 4561 663 4611 est
692 4559 956 4615 dubium.
992 4559 1186 4614 )rHAV.

643 4628 755 4698 (73)
787 4632 861 4685 De
908 4631 1342 4698 irreligiositate.
1396 4625 1479 4699 Ita
1529 4643 1640 4681 ms.
1692 4627 1748 4682 L.
1803 4627 1860 4681 Β.
1911 4627 2040 4699 Rig.
2094 4628 2216 4686 Ald.

572 4684 803 4757 He‘ral’d.
838 4684 921 4756 iLa’
958 4684 1141 4756 Corda
1171 4701 1254 4754 ita
1301 4698 1540 4753 omnino
1587 4684 2125 4753 scribendum.UAlii
2155 4684 2220 4756 de
2247 4684 2294 4748 D

570 4770 948 4838 religiositate.
1001 4774 1135 4828 Cod.
1179 4770 1333 4825 Pith.
1367 4769 1541 4822 etiam
1591 4769 1657 4840 de
1707 4785 1838 4822 vera
1890 4771 2216 4840 irreligiosi-

573 4847 816 4915 ta_te,pro
849 4861 962 4915 quo
996 4846 1142 4900 forte
1177 4841 1394 4915 melius
1418 4839 1749 4915 substituas
1794 4857 1981 4915 revera
2010 4839 2074 4898 de
2095 4844 2212 4915 ⁸ἰντ.

567 4910 932 4986 Mithridates
964 4915 1020 4970 in
1051 4913 1296 4986 cpistola
1327 4911 1397 4986 ad
1421 4913 1670 4986 A_r_sacen
1694 4911 1793 4966 lib.
1827 4929 1881 4986 ιγ
1913 4914 2049 4986 Hist.
2085 4913 2213 4986 sale

568 4981 731 5049 lusti,
767 4986 1060 5042 Romanos
1088 4981 1281 5056 negat.
1303 5006 1329 5033 ‹‹
1364 4983 1691 5056 Quidquam
1724 5001 1756 5038 a
1787 4983 2072 5055 principio
2097 4985 2213 5040 nisi

568 5060 803 5136 raptum
856 5058 1090 5138 habere,
1125 5055 1387 5138 domnm,
1441 5055 1744 5138 conjuges.
1795 5072 1984 5126 agros,
2024 5056 2210 5138 impe-

566 5126 790 5200 rium...
824 5153 838 5196 ;
872 5131 1088 5200 quibus
1139 5145 1251 5184 non
1285 5126 1545 5200 humana
1594 5125 1739 5200 ulla,
1781 5125 1967 5197 neque
2013 5125 2210 5184 divina

561 5197 970 5271 obstant,quin
1002 5199 1460 5271 socios,amicos,
1492 5197 1691 5271 procul
1716 5197 2007 5270 juxtaque
2038 5200 2204 5270 sitos,

561 5267 769 5341 inopes
806 5267 1207 5343 potentesque
1236 5270 1473 5326 trahant
1500 5267 1944 5343 excidantque';
1978 5267 2205 5326 omniai-

603 5340 676 5397 ue
705 5340 1038 5415 non—serva,
1068 5340 1126 5401 et
1157 5343 1405 5399 maxime
1435 5356 1635 5410 regna,
1665 5340 1902 5397 hostilia
1931 5343 2202 5398 ducant.»

610 5430 699 5468 AV.

629 5485 740 5555 (74)
775 5492 1016 5543 Deorum
1071 5488 1300 5559 injuria.
1356 5482 1545 5537 Livius
1593 5481 1984 5559 denltlarcello
2034 5484 2200 5559 Syra-

559 5551 732 5621 cusas
761 5551 1198 5616 debellatore'et
1249 5559 1630 5617 destructore,
1679 5551 1781 5607 lily.
1834 5570 1962 5622 xxv,
1996 5570 2045 5608 c.
2074 5551 2152 5609 ’40
2185 5574 2199 5614 :

557 5643 589 5700 (ς
619 5623 975 5700 Οτηιξῐῃοῃίει
998 5624 1979 5700 urbis,signatabulasqn_e,quibus
2010 5628 2199 5700 abun-

556 5694 700 5750 dant
747 5697 784 5750 S
829 5716 1044 5757 racusaa
1103 5694 1344 5756 Kcmam
1378 5698 1625 5753 devexit.
1660 5695 1923 5751 Hostium
2001 5698 2198 5755 uidem

556 5765 655 5826 illa
683 5715 894 5828 scolis.
925 5778 982 5828 et
1010 5747 1176 5828 narta
1205 5770 1342 5828 belli
1366 5771 1500 5828 iure
1535 5786 1547 5827 :
1579 5770 1850 5827 caeterum
1900 5714 2034 5828 inde
2084 5771 2198 5828 nri-

554 5765 655 5826 illa
683 5765 894 5844 spolia,
925 5778 982 5834 et
1009 5765 1176 5846 parta
1205 5770 1342 5832 belli
1366 5771 1500 5843 jure
1535 5786 1547 5827 :
1579 5770 1850 5827 caeterum
1900 5765 2034 5828 inde
2083 5771 2201 5844 pri-

2334 3142 2495 3182 mum
2529 3124 2763 3181 initium
2798 3125 3053 3182 mirandi
3083 3126 3415 3183 Graecarum
3450 3127 3668 3182 artium
3700 3144 3894 3198 opera,
3914 3127 3985 3183 li-

2333 3199 2657 3272 cientieeque
2688 3198 2825 3252 hinc
2857 3215 3023 3253 sacra
3046 3200 3407 3271 profanaque
3431 3200 3630 3272 omnia
3659 3198 3833 3271 vulgo
3856 3217 3984 3272 spo-

2337 3271 2540 3337 liandi,
2565 3271 2785 3340 factum
2816 3275 2924 3339 est,
2960 3286 3074 3340 qua
3107 3276 3400 3340 postremo
3432 3271 3492 3326 in
3525 3275 3815 3326 Romanos
3845 3271 3984 3328 deos

2337 3340 2623 3411 templum
2654 3339 2921 3413 idipsurn
2946 3339 3382 3413 primum,quod
3418 3359 3450 3396 a
3483 3342 3755 3398 Marcello
3775 3343 3986 3399 eximie

2335 3417 2607 3468 ornatum
2640 3411 2757 3477 est,
2782 3411 2973 3466 vertit.
3005 3411 3360 3468 Visebanlur
3405 3413 3560 3469 enim
3610 3414 3681 3468 ab
3730 3415 3986 3471 externis

2336 3486 2408 3540 ad
2442 3487 2667 3554 portam
2711 3487 3001 3558 Capenam
3031 3483 3314 3558 dedicata
3343 3502 3378 3558 a
3408 3485 3679 3541 Marcello
3735 3485 3977 3558 templa,

2336 3553 2573 3628 propter
2601 3553 2944 3630 excellentia
2992 3555 3120 3624 ejus
3160 3557 3388 3623 generis
3435 3561 3798 3630 ornamenta,
3833 3553 3986 3630 quo-

2337 3626 2465 3699 rum
2495 3626 2807 3698 perexigua
2854 3641 2990 3699 pars
3019 3633 3339 3699 comparet.
3375 3651 3402 3677 ››
3433 3629 3520 3684 Ita
3562 3630 3720 3684 enim
3751 3626 3984 3685 videtur

2334 3697 2818 3770 legendumtnon
2867 3697 3082 3753 videtur
3131 3697 3300 3766 enim,
3332 3703 3441 3756 etc.
3471 3701 3609 3757 Vide
3657 3701 3730 3756 de
3776 3701 3982 3758 eodem

2337 3767 2606 3828 Marcello
2636 3767 3036 3824 Plutarchum.
3072 3771 3206 3826 ΗΑν.

2405 3843 2520 3923 (75)
2550 3842 2740 3923 Regna
2787 3841 3078 3912 dispenset.
3124 3843 3299 3923 Quod
3334 3845 3393 3923 et
3443 3841 3555 3914 ipsi
3599 3839 3989 3923 imperat-ores

2335 3913 2693 3968 intellexisse
2723 3927 2784 3968 se
2807 3919 3171 3984 agnoverunt
3203 3914 3260 3969 in
3285 3917 3372 3969 tot
3402 3913 3662 3968 nummis
3683 3913 3988 3985 inscriptis

2336 3999 3011 4057 paovrnsnriansoaum,
3051 3989 3116 4040 ut
3145 3990 3327 4057 patet,
3352 4001 3420 4040 ex
3446 3985 3587 4057 illis
3637 3984 3983 4055 Pertinacis,

2332 4057 2546 4124 Severi,
2579 4054 2804 4110 Balbini
2855 4055 3123 4126 Pupieni,
3145 4054 3458 4113 'Aureliani
3511 4057 3687 4112 etiam
3721 4061 3778 4112 et
3804 4054 3982 4112 Antoé

2333 4127 2456 4200 nini
2501 4127 2609 4200 Pii.
2644 4130 2718 4200 Ut
2749 4127 2884 4183 inde
2933 4127 3112 4200 etiam
3161 4128 3220 4184 in
3268 4144 3508 4184 nummo
3555 4127 3769 4198 Severi,
3803 4144 3980 4200 quem

2331 4198 2600 4272 vulgavit
2616 4197 2946 4264 Tristanus,
2979 4198 3210 4272 legatur
3235 4201 3450 4270 Jupiter
3479 4197 3982 4272 imperator,quasi

2331 4271 2414 4326 illi
2438 4269 2555 4325 soli
2588 4269 2696 4324 hoc
2728 4287 2938 4325 nomen
2970 4269 3340 4342 competeret.
3375 4272 3514 4326 ΗΑν.

2401 4343 2512 4413 (76)
2563 4341 2666 4408 Qui
2719 4342 3005 4413 saeculum.
3069 4340 3154 4397 Ita
3214 4342 3366 4398 malo
3426 4358 3560 4397 cum
3605 4340 3784 4413 ,Fuld.
3838 4340 3976 4413 Cod.

2330 4411 2505 4483 quam
2530 4429 2671 4486 cum
2706 4412 2837 4468 aliis
2867 4415 3228 4486 etgsazculum.
3261 4413 3559 4486 Zephyrus
3599 4411 3976 4486 intelligitnde

2329 4490 2496 4540 (etate
2527 4483 2626 4556 illa
2654 4484 2896 4549 incerta,
2930 4485 2986 4539 in
3022 4503 3139 4556 qua
3179 4502 3281 4541 nec
3333 4483 3497 4556 prius
3529 4501 3634 4540 nec
3683 4483 3978 4556 posterius

2328 4555 2800 4626 dignoscebatur,
2852 4559 2908 4611 in
2960 4555 3223 4612 ordinem
3282 4555 3549 4626 vicesque
3609 4555 3864 4612 redacta.
3899 4555 3980 4612 De

2328 4629 2545 4682 mundo
2576 4632 2771 4682 tamen
2799 4627 3022 4683 mavult
3050 4628 3336 4683 Heraldus
3364 4647 3376 4696 ;
3412 4628 3508 4685 ille
3538 4627 3693 4683 enim
3725 4631 3815 4684 est
3845 4643 3978 4682 cor-

2327 4716 2435 4770 pus
2485 4704 2818 4772 temporum
2870 4716 2902 4752 a
2951 4702 3122 4772 cujus
3172 4699 3461 4772 creatione
3513 4716 3719 4772 aevum,
3767 4714 3976 4766 annos,

2329 4769 2581 4838 menses,
2604 4769 2740 4843 dies
2787 4769 3205 4839 numeramus;
3239 4770 3392 4826 ultra
3437 4788 3611 4843 quem
3642 4771 3797 4843 vices
3827 4774 3974 4825 tem-

2328 4858 2538 4923 porum
2587 4840 2948 4923 distinguere
2999 4860 3114 4923 non
3165 4840 3658 4923 possumus,_sed
3709 4842 3840 4923 ipsa
3889 4843 3978 4896 est

2322 4911 2636 4987 azternitas,
2672 4911 2795 4982 ipse
2825 4917 2989 4987 Deus
3012 4914 3115 4987 sibi
3140 4911 3469 4987 ettempus
3494 4919 3552 4987 et
3582 4911 3780 4968 omnia
3812 4913 3976 4968 inve-

2323 4983 2502 5038 nitur.
2535 4987 2730 5038 Potest
2759 4985 2933 5039 etiam
2981 4985 3328 5057 simpliciter
3360 4983 3655 5041 saeculum
3688 5000 3791 5056 pro
3847 5000 3974 5057 cor-

2321 5071 2458 5125 pore
2489 5059 2723 5110 centum
2759 5071 3046 5112 annorum
3075 5054 3223 5128 capi.
3254 5089 3325 5098 —
3354 5058 3488 5113 Hav.
3523 5080 3550 5107 ‹‹
3583 5057 3653 5111 Et
3683 5054 3970 5110 saeculum

2319 5143 2536 5201 corpus
2580 5133 2912 5198 temporum
2960 5129 3113 5201 fecit.
3151 5151 3178 5178 »
3228 5129 3450 5201 Corpus
3500 5133 3833 5200 temporum
3886 5130 3976 5182 est

2318 5197 2577 5254 collectio
2607 5197 2723 5273 seu
2758 5200 3204 5273 comprehensio
3231 5197 3970 5273 complurium'annorum,

2318 5276 2418 5352 aut
2450 5268 2815 5352 smculornm.
2850 5268 2943 5326 Sic
2973 5289 3186 5352 corpus
3212 5268 3470 5352 Homeri,
3503 5271 3704 5352 omnia
3751 5268 3974 5352 sonipta

2316 5341 2570 5418 Homeri.
2620 5340 2667 5410 (ι
2701 5341 2912 5418 Libror.
2968 5343 3032 5398 de
3060 5340 3207 5418 gLeg.
3252 5347 3365 5418 III).
3404 5340 3771 5418 Augustinus
3822 5340 3972 5418 dixit

2315 5415 2578 5486 ordinem
2613 5412 2961 5468 saeculorum
2997 5432 3030 5470 a
3058 5411 3174 5472 Deo
3201 5411 3808 5486 conditum‘tanquam
3843 5411 3972 5486 pulf

2313 5485 2683 5560 cherrimum
2723 5501 2980 5554 carmen,
3015 5503 3084 5542 ex
3139 5489 3495 5560 quibusdam
3555 5483 3762 5560 etiam_
3793 5483 3967 5560 quasi

2311 5557 2615 5698 gntjthletis
2669 5552 3064 5614 honestatum.
3112 5552 3271 5633 (Cap.
3326 5562 3414 5628 48,
3447 5560 3548 5614 lib.
3594 5573 3674 5621 x1,
3730 5552 3963 5612 de_Civ.

2357 5646 2448 5684 ei.
2527 5643 2614 5682 ac.

2357 5631 2448 5684 ei).
2487 5633 2614 5682 Lac.

2381 5694 2492 5771 (77)
2557 5697 2873 5774 Babylonii
2932 5709 3077 5774 ante
3131 5703 3439 5774 pontiﬁces.
3501 5695 3706 5774 LDicti,
3767 5694 3964 5774 inquit

2307 5766 2514 5843 varro,
2545 5770 2609 5829 de
2654 5766 2812 5845 Ling.
2845 5772 2970 5831 Lat.
3021 5766 3256 5848 libeV,
3289 5766 3352 5830 ut
3383 5773 3447 5841 Q.
3494 5766 3750 5829 Scaevola
3796 5766 3960 5840 pcnti
