4264 6364
416 356 542 418 509

1532 348 2121 412 APOLOGETICUS
2170 349 2350 409 ADV.
2399 348 2724 410 GENTES.

3706 350 3827 410 510

422 487 768 546 acerbitates
803 486 1125 543 horrendas
1166 484 1624 542 comminantem
1675 482 1922 539 Romani
1956 482 2067 537 im-
2096 485 2150 551 Α
2252 482 2452 550 sciant,
2484 480 2719 552 adeoque
2746 496 2875 536 vere
2903 497 3065 536 suum
3098 480 3323 537 ducant.
3376 484 3545 549 Quem
3571 481 3625 536 si
3655 484 3829 537 Deum

421 576 569 647 perii
598 580 930 632 commeatu
987 575 1101 648 (12)
1159 576 1382 631 scimus
1441 574 1747 631 retardari.
1804 575 1890 629 Ita
1947 588 2072 643 quas

422 666 701 722 nolumus
733 665 1001 736 experiri,
1037 682 1105 720 ea
1134 666 1273 720 dum
1308 682 1617 737 precamur
1659 663 1877 719 differri
1910 679 1923 717 :
1961 663 2069 717 Ro-

422 771 609 810 manis
640 753 1017 808 diuturnitati
1050 752 1330 808 favemus.
1376 754 1485 808 Sed
1531 758 1588 808 et
1630 754 1904 823 juramus
1935 750 2069 822 (13),

426 842 578 898 sicut
611 858 722 896 non
756 856 857 912 per
887 841 1089 913 genios
1120 839 1528 909 Cissarum,ita
1560 856 1662 911 per
1691 838 1939 895 salutem
1964 839 2072 908 (14)

425 946 652 999 eorum,
686 946 813 1001 quae
847 934 936 985 est
962 930 1269 1001 augustior
1299 929 1575 985 omnibus
1606 926 2075 1001 geniis.Nescitis

424 1018 625 1090 genios
676 1018 974 1073 daemonas
1026 1017 1163 1089 dici,
1223 1023 1280 1074 et
1342 1018 1477 1074 inde
1532 1016 1885 1073 diminutiva
1940 1030 2078 1071 voce

422 1106 715 1163 damonis
744 1106 772 1160 ?
803 1106 920 1161 Nos
942 1106 1237 1176 judicium
1271 1107 1371 1162 Dei
1398 1107 1759 1178 suspicimus
1798 1106 1857 1160 in
1888 1106 2075 1176 impe-

424 1194 744 1262 ratoribus,
775 1194 877 1267 qui
926 1194 1198 1267 gentibus
1258 1195 1392 1251 illos
1445 1196 1723 1268 praefecit.
1776 1195 1836 1249 Id
1889 1194 1945 1248 in
1991 1193 2075 1249 eis

421 1281 649 1338 scimus
679 1299 832 1354 esse,
863 1284 1020 1355 quod
1056 1284 1206 1340 Deus
1236 1284 1438 1356 voluit,
1472 1284 1721 1355 ideoque
1751 1288 1808 1339 et
1846 1281 2073 1339 salvum

422 1369 698 1428 volumus
728 1388 859 1428 esse
887 1371 953 1439 ⁸ο,
987 1373 1141 1444 quod
1191 1378 1344 1429 Deus
1391 1373 1576 1429 voluit
1626 1373 1691 1443 ⁸ο,
1724 1378 1781 1428 et
1812 1390 1914 1444 pro
1947 1388 2073 1428 ma-

417 1476 533 1532 gno
566 1460 625 1516 id
672 1463 1013 1531 juramento
1064 1462 1373 1518 habemus.
1426 1462 1705 1518 Caeterum
1754 1462 2071 1529 daemonas,

418 1550 571 1606 448
603 1549 661 1605 id
691 1556 781 1606 est.
809 1550 1032 1623 genios,
1063 1551 1335 1622 adjurare
1367 1551 1799 1618 consuevimus,
1849 1557 1915 1607 ut
1943 1550 2077 1606 illos

425 1640 497 1696 de
526 1638 867 1696 hominibus
898 1640 1223 1713 exigamus,
1257 1657 1372 1697 non
1406 1642 1686 1713 dejerare,
1723 1646 1786 1697 ut
1813 1639 1929 1697 illis
1978 1640 2079 1697 ho-

423 1746 626 1786 norem
659 1729 987 1786 divinitatis
1019 1730 1414 1787 conferamus.

1021 1872 1204 1929 CAUT
1250 1872 1490 1929 XXXIII.

2251 569 2363 608 non
2394 558 2604 619 vocent,
2636 555 2769 624 quia
2797 555 3027 609 mentiri
3056 554 3288 608 illumve
3331 552 3582 607 deridere
3608 554 3823 617 nolunt,

2242 625 2300 679 id
2346 628 2558 694 faciant
2615 629 2757 694 quia
2816 628 2936 689 ipse
2991 630 3103 680 Deo
3175 627 3465 695 subjectus,
3552 625 3650 679 sub
3722 625 3826 679 illo

2252 699 2508 767 imperat,
2541 698 2695 766 cujus
2726 698 2892 751 etiam
2944 701 3161 752 intersit
3212 698 3317 750 Deo
3367 699 3575 762 cedere,
3628 699 3827 767 quique

2254 772 2310 822 ut
2332 766 2397 821 id
2426 770 2597 837 faciat
2648 770 2705 823 in
2760 770 3026 838 triumphi
3073 768 3346 823 invidioso
3385 769 3591 822 honore
3628 766 3825 821 admo-

2252 846 2471 904 neatur,
2494 844 2650 895 tanta
2679 856 3001 895 corruscans
3029 842 3207 910 gloria
3238 843 3295 894 ut
3327 842 3585 906 reuocari,
3620 856 3687 895 ne
3713 839 3827 909 [al-

2251 927 2307 966 so
2336 928 2393 967 se
2423 914 2594 967 Deum
2618 914 2924 983 existimet,
2953 928 3168 967 necesse
3196 912 3412 966 habeas.

2254 1002 2363 1056 Sed
2399 1000 2540 1072 quid
2574 1016 2679 1072 ego
2709 1000 2968 1073 amplius
3000 1002 3069 1056 de
3102 1000 3377 1072 religione
3409 1004 3584 1073 atque
3616 1000 3831 1071 pietate

2184 1089 2513 1145 Christiana
2542 1089 2602 1144 in
2635 1090 3046 1161 imperatorem
3076 1090 3102 1144 ‘i
3138 1107 3309 1161 quem
3344 1104 3578 1145 necesse
3607 1092 3697 1143 est
3728 1105 3831 1143 su-

2185 1178 2506 1249 spiciamus
2541 1184 2603 1234 ut
2621 1195 2959 1250 eum,quem
2985 1180 3268 1234 Dominus
3288 1184 3487 1233 noster
3513 1178 3829 1248 elegerit“.

2186 1267 2252 1322 Et
2283 1267 2491 1323 merito
2523 1267 2790 1334 dixerim,
2848 1273 3047 1323 noster
3076 1272 3166 1323 est
3216 1266 3403 1339 magis
3451 1267 3662 1333 Caesar,
3698 1270 3765 1321 ut
3796 1283 3830 1321 a

2186 1360 2386 1413 nostro
2419 1362 2532 1412 Deo
2562 1356 2942 1412 constitutus.
2980 1358 3177 1428 Itaque
3208 1363 3266 1411 et
3297 1357 3355 1412 in
3388 1373 3454 1412 eo
3485 1356 3530 1390 ⁸³
3562 1355 3694 1427 plus
3722 1371 3828 1426 ego

2184 1445 2268 1500 illi
2295 1462 2504 1517 operor
2534 1446 2593 1500 in
2625 1445 2899 1515 salutem,
2934 1450 3049 1500 non
3081 1444 3273 1501 solum
3304 1446 3461 1517 quod
3508 1461 3636 1500 eam
3669 1444 3740 1499 ab
3763 1460 3829 1499 eo

2185 1534 2437 1606 postulo,
2468 1534 2569 1607 qui
2600 1534 2645 1569 ³³
2675 1539 2866 1606 potest
2897 1538 3193 1606 praestare.
3225 1539 3326 1589 aut
3372 1534 3524 1605 quod
3562 1532 3696 1589 talis
3729 1550 3830 1604 po-

2187 1622 2360 1690 stulo,
2394 1623 2489 1694 qui
2524 1640 2747 1679 merear
2778 1626 3112 1695 impetrare,
3146 1625 3247 1679 sed
3281 1623 3458 1678 etiam
3496 1622 3650 1695 quod
3682 1626 3831 1678 tem-

2186 1728 2397 1785 perans
2422 1714 2786 1783 majestatem
2804 1712 3047 1770 Caesaris
3075 1712 3216 1767 infra
3246 1712 3428 1768 Deum
3446 1711 3634 1784 magis
3662 1711 3828 1767 illum

2192 1801 2537 1857 commendo
2571 1802 2705 1867 Deo,
2739 1801 2832 1857 cui
2862 1800 3003 1857 solis
3036 1800 3302 1871 subjicio.
3331 1801 3589 1871 Subjicio
3612 1806 3828 1868 autem,

2106 1861 2279 1946 Bcui
2314 1906 2429 1945 non
2481 1891 2749 1962 adaequo.
2804 1890 2930 1945 Non
2983 1890 3139 1945 enim
3196 1890 3371 1945 deum
3417 1889 3832 1961 imperatorem

425 1999 856 2054 ARGUMENTUM.
886 2027 957 2037 -
985 1997 1099 2052 Ima
1140 2013 1447 2053 necessario
1504 1997 1637 2054 illos
1684 1999 2065 2067 imperatorem

2189 1980 2399 2047 dicam,
2430 1980 2518 2034 vel
2552 1981 2692 2051 quia
2721 1980 2874 2035 449
2910 1979 3142 2035 mentiri
3175 1978 3372 2035 nescio
3401 1978 3536 2051 (15),
3570 1978 3657 2034 vel
3700 1978 3837 2049 quia

502 2071 799 2141 suspicere,
860 2074 1042 2140 utpote
1095 2086 1255 2141 quem
1310 2087 1344 2126 α
1399 2071 1507 2126 Deo
1571 2086 1670 2127 suo
1726 2070 1837 2127 sibi
1884 2070 2081 2126 datum
2189 2068 2359 2123 illum
2388 2068 2652 2125 deridere
2683 2085 2797 2125 non
2828 2068 3013 2125 audeo
3042 2068 3177 2141 (16),
3230 2067 3319 2123 vel
3367 2068 3507 2140 quia
3555 2084 3661 2124 nec
3708 2069 3836 2140 ipse

1951 2169 2057 2228 ria:
2086 2166 2407 2228 lectiones.

1951 2171 2057 2228 r'm
2086 2171 2315 2228 lection
2356 2186 2407 2228 s.

499 2264 545 2339 7°
569 2267 731 2339 Esse,
765 2264 915 2339 abest
943 2266 1061 2321 cod.
1094 2266 1257 2339 βαιά.
1335 2266 1380 2339 ἕο
1415 2268 1501 2323 νυ.
1534 2266 1781 2339 ideoque
1804 2171 2103 2333 —v:olluit,
2136 2185 2353 2335 Pamele,
2382 2282 2413 2319 e
2442 2264 2597 2320 codd.
2629 2273 2683 2320 et
2709 2262 2915 2335 Rigalt.
2947 2264 3197 2339 exFuld-
3221 2248 3425 2339 recepit
3458 2281 3471 2332 ;
3506 2264 3832 2339 inretiquis

434 2334 604 2391 libris
634 2345 684 2392 et
709 2338 932 2408 scriptis
960 2342 1013 2393 et
1042 2337 1159 2393 edd.
1195 2338 1600 2395 desiderantur.

1701 2340 1741 2374 ⁸¹
1776 2337 1978 2409 Elegit,
2011 2338 2237 2393 Semler.
2314 2338 2359 2371 ⁸³
2395 2342 2664 2393 Wouwer.
2697 2353 2749 2409 e7
2778 2353 2879 2391 ms.
2940 2342 2998 2392 et
3029 2336 3086 2409 in
3139 2353 3204 2409 eo
3231 2361 3244 2403 ;
3276 2337 3468 2407 Ehem,
3517 2335 3638 2391 Ald.
3685 2339 3830 2390 Gan-

428 2422 625 2476 θῆκαι
654 2423 671 2465 :
705 2414 769 2463 ut
793 2408 853 2463 in
883 2424 991 2479 eo;
1021 2412 1241 2466 caeteri:
1276 2414 1341 2466 ut
1370 2427 1518 2467 meo.
1596 2411 1641 2445 ⁸⁸
1671 2408 1970 2483 Siquidem
2001 2426 2116 2465 non
2144 2409 2331 2465 tolum
2362 2410 2433 2465 ab
2464 2426 2529 2465 eo
2560 2408 2793 2481 postulo
2813 2424 2941 2464 eam
2968 2408 3088 2480 qui,
3119 2408 3287 2464 Fran.

1864 2508 2389 2570 Commentarius.

423 2618 552 2675 esse
582 2606 645 2657 ut
676 2619 861 2659 annos
893 2603 1135 2675 mille,et
1162 2603 1325 2660 mille
1357 2610 1642 2675 annos,ut
1672 2606 1830 2661 diem
1865 2622 2071 2661 unum.

424 2673 681 2747 Venerit
716 2677 886 2730 homo
940 2673 1509 2747 ille—nequissimus,
1558 2673 1700 2734 sive
1764 2679 2073 2733 hominum

421 2746 926 2820 nequissimorum
958 2746 1328 2815 numerus,et
1348 2751 1476 2819 jam
1505 2751 1642 2805 anni
1676 2767 1855 2820 supra
1886 2750 2073 2805 mille-

424 2818 652 2899 simum
678 2824 944 2899 surgant.
978 2820 1124 2885 Quid
1157 2820 1296 2899 anni
1327 2818 1511 2899 mille,
1542 2818 1808 2899 millibus
1854 2822 2074 2899 centies

422 2892 689 2945 centenis
756 2892 815 2946 in
848 2892 1201 2947 immensam
1235 2893 1617 2948 aeternitatem
1657 2893 2073 2949 continuandis

425 2960 753 3035 comparati
784 2962 813 3016 ‘I
843 2963 901 3035 Si
932 2962 1072 3034 quid
1105 2963 1213 3018 hac
1239 2963 1297 3018 in
1332 2981 1392 3020 re
1423 2965 1705 3035 temporis
1750 2964 1925 3020 etiam
1960 2964 2072 3019 hu-

429 3051 602 3089 mana
630 3032 981 3104 cagitatione
1023 3035 1352 3090 brevissimi
1405 3032 1795 3105 promiserant
1842 3035 1954 3091 sibi
1985 3052 2073 3091 ve-

427 3111 601 3189 teres.
640 3106 789 3186 bene
814 3122 879 3159 ac
907 3105 1447 3189 sapienter-iuerint
1496 3108 1753 3189 decepti:
1806 3107 2074 3189 Eubene

431 3176 713 3250 fallimur,
744 3174 1150 3250 siesecundum
1183 3177 1322 3250 illos
1347 3196 1581 3250 quoque
1610 3174 1693 3234 sic
1722 3178 2069 3249 decipimur,

2184 2607 2515 2665 rentianum
2550 2604 2692 2660 illud
2738 2620 3025 2676 usurpare
3071 2608 3303 2675 potest:
3370 2602 3679 2676 «_Mentiri
3712 2619 3828 2659 non

2183 2688 2275 2733 est
2305 2695 2523 2748 meum,
2560 2699 2587 2726 ››
2620 2682 2677 2732 et
2700 2674 3019 2748 Septimius
3050 2674 3306 2731 indicare
3335 2674 3481 2741 vult,
3512 2676 3586 2730 ad
3626 2691 3828 2748 assen-

2183 2750 2462 2805 tationem
2497 2747 2558 2805 se
2586 2766 2700 2804 non
2734 2747 2862 2804 esse
2893 2754 3316 2820 netum,neque
3346 2763 3518 2819 posse
3548 2769 3577 2797 ς‹
3611 2747 3828 2801 ridicu-

2182 2820 2276 2905 lus
2308 2838 2456 2891 esse,
2492 2837 2681 2892 neque
2698 2821 2910 2945 glagas
2944 2820 3185 2902 perpeti,
3222 2842 3248 2869 »
3282 2824 3345 2874 ut
3367 2820 3522 2891 apud
3552 2820 3827 2874 eumdem

2182 2891 2280 2945 ille
2312 2894 2575 2945 Eunuch.
2605 2910 2668 2945 ιι.
2740 2932 2753 2945 .
2785 2893 3088 2945 Juvenalis
3118 2892 3239 2945 Sat.
3270 2908 3355 2945 in.
3388 2906 3561 2945 versu
3594 2891 3655 2945 41
3692 2907 3706 2945 :

2182 2891 2280 2949 ille
2312 2891 2668 2960 EunuchJI,
2698 2891 2753 2956 2,
2785 2893 3088 2948 Juvenalis
3118 2892 3239 2947 Sat.
3270 2908 3355 2957 in,
3388 2906 3561 2945 versu
3594 2891 3655 2945 41
3692 2907 3706 2946 :

2273 3005 2409 3062 Quid
2440 3006 2620 3055 Romae
2649 3005 2878 3054 faciam?
2909 3006 3124 3055 mentiri
3158 3006 3357 3068 nescio,
3388 3004 3582 3055 librum

2275 3068 2326 3117 Si
2355 3068 2525 3117 malus
2553 3074 2650 3130 est,
2682 3082 2894 3132 nequeo
2924 3068 3165 3118 laudare.

2179 3174 2558 3246 Splendidam
2590 3181 2745 3231 certe
2776 3175 2963 3230 Ovidii
2997 3175 3366 3230 mendacium
3401 3192 3414 3239 ;
3449 3174 3593 3229 nihil
3625 3177 3820 3229 tamen

430 3253 495 3304 ut
525 3248 815 3323 simusad
848 3248 1003 3304 diem
1044 3249 1211 3323 illum
1244 3246 1400 3306 velut
1429 3246 1661 3323 semper
1705 3246 2064 3307 instantissié
2098 3252 2140 3319 ρ
2179 3247 2415 3323 domino
2445 3264 2552 3302 suo
2583 3249 2958 3319 profuturum
2991 3248 3103 3303 tale
3132 3252 3338 3303 exstat.
3364 3247 3530 3302 lib.iv
3558 3246 3623 3301 de
3650 3250 3824 3302 Ponto

429 3336 593 3375 mum
624 3318 851 3394 vigiles,
884 3321 1247 3394 quemsolus
1271 3326 1449 3394 Pater
1478 3318 1655 3387 novit,
1703 3328 1768 3377 ut
1813 3323 2070 3394 pendula

428 3391 858 3467 exspectatione
889 3392 1225 3449 sollicitudo
1256 3393 1389 3449 ﬁdei
1422 3396 1717 3467 probetur.
1753 3391 1878 3450 Bia.

497 3464 609 3534 (I2)
648 3464 916 3539 Romanni
946 3466 1083 3539 imp.
1108 3464 1439 3522 commeatu:
1458 3468 1531 3522 De
1560 3468 1791 3539 imperii
1821 3465 2069 3522 Romani

424 3533 812 3610 diuturnitate
845 3533 1107 3610 loquitur
1135 3541 1416 3609 tanquam
1450 3539 1521 3593 de
1552 3533 1737 3610 spatio
1785 3539 2068 3610 temporis

425 3622 540 3676 quo
571 3606 858 3680 triumphi
893 3624 1107 3680 pompa
1138 3606 1486 3666 traducitur.
1520 3606 1615 3665 Sic
1640 3610 1741 3666 lib.
1773 3611 1839 3665 de
1868 3606 2066 3668 Plenit.

427 3695 483 3749 p.
536 3680 660 3754 143,
705 3678 1085 3754 delinquendi
1151 3686 1544 3737 commeatum
1616 3682 1782 3752 dixit,
1833 3687 2069 3754 tempus

426 3752 578 3827 quod
607 3751 897 3827 peccando
929 3752 1153 3827 ducunt
1181 3753 1583 3827 catechumeni
1614 3751 1774 3810 inter
1806 3751 2066 3827 agnitam

425 3822 559 3898 fidei
591 3821 890 3878 veritatem
934 3823 1491 3898 etobsignationem
1545 3827 1819 3897 baptismi
1843 3821 1873 3882 ἶ
1897 3826 2067 3898 quasi

424 3893 769 3950 delictorum
799 3894 1015 3959 agmini
1044 3897 1495 3952 transvehendo.
1527 3893 1656 3952 R16.

497 3966 605 4037 (13)
653 3965 755 4038 Sed
802 3975 857 4021 et
885 3968 1161 4037 juramus.
1217 3968 1490 4031 Quamvis
1539 3968 1651 4023 sibi
1702 3967 1860 4023 omni
1899 3968 2066 4038 jura-

429 4043 623 4093 mento
678 4037 1052 4094 interdictum
1105 4055 1233 4095 esse
1300 4037 2064 4111 agnoscerentChristiani,

426 4124 543 4179 prae
574 4111 793 4183 caeteris
823 4115 1016 4183 tamen
1050 4110 1433 4180 cavebant,ne
1464 4128 1566 4183 per
1588 4110 1787 4183 genios
1818 4116 1920 4166 aut
1950 4113 2063 4167 for-

428 4184 636 4254 tunam
682 4182 966 4254 principis
1008 4183 1300 4253 jurareut,
1352 4181 1508 4239 unde
1562 4181 1616 4237 in
1687 4181 2064 4254 celeberrimo

427 4251 489 4306 B.
544 4251 843 4325 Polycarpi
876 4251 1194 4327 'martyrio,
1242 4251 1415 4327 apud,
1444 4253 1937 4327 Eusebiumtlib.
1986 4271 2066 4325 iv,

420 4322 737 4397 proconsul
785 4322 1018 4397 cumiei
1052 4322 1335 4393 vdixisse—t,
1386 4322 1590 4397 ὄμοσον
1656 4325 1754 4393 τὴν
1799 4322 2066 4395 Καίσαροξ

417 4393 597 4470 ’ὶύχην
633 4421 646 4464 ;
678 4396 983 4464 respondit
1014 4393 1497 4455 constantissime
1539 4398 1748 4453 beatus
1802 4393 2017 4469 Martyr
2048 4414 2061 4453 :

417 4464 481 4520 Et
528 4464 851 4542 xevaogeiq,
903 4467 1086 4542 φησὶν,
1126 4466 1448 4542 ’ἱνα-ὀμόσω
1475 4468 1602 4542 -τὴν
1656 4467 1925 4542 Κᾳᾼίσαρος
1953 4466 2061 4542 ⁸ἰςύ-

419 4489 481 4520 m
528 4489 851 4539 κενοοοξεις,
903 4489 1086 4545 φησιν,
1137 4489 1217 4523 ινα
1260 4489 1448 4541 ομοσω
1503 4489 1602 4537 την
1656 4489 1925 4542 Άαισαρος
1966 4489 2059 4522 τυ-

417 4557 553 4615 χηνᾼ,
601 4539 1418 4615 ὡςῌλέγεις-ςπροσποιούμινος
1464 4540 1671 4615 ἀγνοιῖν
1718 4538 1865 4601 ὅστις
1924 4538 2059 4614 εἰμι,

420 4608 885 4688 μίῙὰ-ξπαρῥησῖᾳς
916 4608 1095 4666 ἄκὸυε·
1129 4608 1448 4688 Χριςίηανός
1475 4608 1612 4684 εἶμι.
1646 4614 1715 4688 La
1749 4617 1846 4667 PR.

478 4683 590 4758 (14)
625 4683 732 4758 Per
757 4686 990 4741 salutem
1020 4683 1229 4741 eorum.
1264 4683 1537 4758 Elegans;
1561 4689 1650 4741 est
1694 4684 1855 4758 locus
1907 4684 2062 4758 apud

416 4749 659 4827 Epicteti
695 4761 1090 4827 enarratorem
1124 4749 1458 4827 Arrianum,
1491 4756 1593 4812 lib.
1630 4774 1667 4825 ι,
1701 4773 1750 4811 c.
1780 4757 1849 4810 14
1878 4772 1891 4811 :
1924 4749 2062 4810 Τού-

414 4823 499 4903 τῴν
522 4830 601 4899 τῷ
627 4833 741 4901 Θεῷ
772 4823 885 4903 ἔδειΔ
904 4827 993 4881 καὶ
1026 4828 1173 4903 ὑμᾶς
1197 4826 1417 4903 ῥμεζύειν
1447 4827 1618 4903 ὅρκονΔ
1642 4823 1765 4903 ὸῖςινΔ
1787 4826 1837 4881 οἱ
1897 4846 2057 4903 στρα-

412 4897 1033 4975 τεῶτοίιιτῷΑΚαίσαρι.
1063 4897 1247 4975 ’,Ἀλλ’
1296 4897 1491 4975 ὶκεῖνοηί
1568 4898 1663 4971 μὶν
1708 4898 1807 4966 τὴν
1867 4897 2058 4975 piceo-

419 4968 537 5045 ptav
614 4966 992 5045 λαμϐάνοντές
1070 4970 1332 5045 ὀμνύουσι
1404 4966 1617 5045 «siver
1693 4966 2053 5045 προτιμήσειν

413 5041 512 5107 τὴν
544 5044 641 5118 τῷ
672 5041 1257 5118 Καίσαροςῗσωτήρίαν,
1310 5045 1347 5101 l.
1380 5061 1429 5101 e.
1464 5066 1493 5094 «
1541 5041 1766 5118 Etenim
1800 5059 1906 5115 par
1935 5047 2059 5098 erat

412 5127 515 5187 ves
546 5115 719 5187 etiam
752 5115 1205 5187 Deoiobstrictos
1234 5132 1363 5173 esse
1404 5116 2052 5187 jurejurandokquem-

414 5181 731 5263 admodum
789 5186 1005 5263 milites
1049 5193 1191 5263 sunt
1238 5181 1471 5263 Caesari.
1505 5181 1592 5263 At
1634 5203 1768 5263 vero
1799 5181 1901 5240 illi
1951 5188 2054 5263 sit-

411 5255 692 5329 pendium
726 5258 1021 5328 capientes
1045 5261 1274 5329 jurant,
1307 5258 1551 5317 Caesaris
1584 5259 1832 5315 salutem
1865 5257 2055 5329 omni-

405 5326 519 5402 bus
551 5327 724 5402 rebus
756 5326 1065 5402 anteferre:
1117 5353 1145 5381 »
1193 5326 1527 5388 FOrmulam
1584 5332 1768 5402 ipsrm
1820 5328 2056 5385 exhibet

403 5399 642 5454 Sueton.
678 5399 737 5472 iu
793 5401 971 5472 Calig.
1022 5418 1071 5456 c.
1126 5403 1192 5456 15
1224 5420 1236 5457 :
1268 5405 1339 5458 De
1382 5399 1659 5459 sororibus
1707 5405 1904 5457 auctor
1945 5403 2055 5472 fuit

403 5479 469 5525 ut
514 5471 767 5526 omnibus
817 5471 1193 5529 sacramentis
1238 5475 1576 5543 adiiceretur
1625 5491 1637 5529 :
1688 5490 1894 5536 NEQVE.
1947 5471 2050 5529 ME.

405 5558 768 5608 LIBEROSQVE.
802 5560 971 5601 Μεοε.
1004 5560 1333 5601 CHARIORES.
1366 5562 1609 5601 HABEBO.
1645 5562 1820 5607 QVAM.
1853 5560 2051 5602 CAIVM.

406 5630 493 5684 ετ,
534 5631 810 5674 soaoaas.
850 5633 995 5673 mvs.
1028 5613 1212 5688 Unde,
1239 5621 1396 5688 patet
1444 5617 1698 5688 militare
1746 5616 1931 5688 fuisse
1959 5632 2052 5672 sa-

408 5690 774 5813 elrfmentum
818 5690 1079 5761 adeoque
1138 5687 1317 5745 etiam
1386 5687 1735 5746 Christianis
1800 5687 2051 5745 licitum.

498 5773 555 5813 v.

462 5772 555 5814 Δν.

482 5827 597 5903 (45)
637 5828 860 5890 mntiri
914 5828 1118 5893 nescio.
1165 5832 1340 5893 Prout
1389 5827 1748 5895 christianus
1789 5828 1905 5895 sibi
1951 5830 2053 5893 Te-

2178 3319 2337 3392 Eleg.
2362 3335 2419 3374 1x
2453 3336 2466 3375 :

2268 3444 2376 3492 Nec
2405 3443 2575 3506 pietas
2604 3443 2780 3505 ignoia
2809 3457 2927 3491 mea
2956 3446 3054 3504 est,
3084 3442 3231 3491 videt
3258 3442 3470 3505 hospita
3503 3445 3648 3492 terra

2332 3507 2391 3555 In
2423 3510 2606 3555 nostra
2634 3520 2843 3555 sacrum
2874 3506 3095 3555 Caesaris
3124 3519 3238 3555 esse
3267 3506 3445 3555 domo.

2270 3568 2424 3619 Stant
2453 3570 2653 3632 pariter
2682 3574 2945 3632 natusque
2975 3570 3095 3632 pius
3124 3568 3427 3631 conjuxque
3457 3566 3725 3628 sacerdos,

2331 3632 2565 3682 Numina
2589 3633 2702 3695 jam
2732 3632 2871 3682 facto
2902 3646 3011 3681 non
3043 3633 3246 3681 leviora
3278 3632 3396 3681 deo.

2178 3747 2376 3802 innuit
2403 3749 2733 3819 Augustum
2765 3752 2822 3802 et
2853 3746 3069 3803 Liviam
3103 3748 3213 3804 sibi
3244 3746 3369 3803 vivo
3398 3747 3641 3802 numina
3669 3745 3816 3817 viva,

2177 3836 2283 3874 nec
2315 3820 2540 3876 minore
2570 3820 2789 3875 honore
2821 3836 2997 3891 quam
3039 3821 3165 3892 ipse
3214 3820 3383 3875 divus
3414 3819 3609 3874 Julius
3639 3819 3813 3874 culta.

2174 3895 2316 3945 ΗΑν.

2246 3962 2360 4033 (16)
2392 3961 2651 4018 Deridere
2677 3976 2786 4016 non
2817 3962 3008 4018 audeo.
3057 3962 3201 4017 Tam
3246 3961 3402 4016 enim
3455 3960 3818 4033 hoceahsur-

2175 4031 2349 4099 dum,
2374 4039 2437 4088 ut
2467 4034 2591 4105 ipse
2621 4033 2730 4095 hoc
2762 4041 2928 4105 pacto
2962 4035 3095 4088 fiam
3130 4033 3416 4088 ridiculus
3446 4037 3501 4087 et
3539 4031 3706 4105 illum
3738 4032 3817 4087 si-

2176 4104 2299 4159 mul
2331 4110 2387 4161 et
2415 4104 2610 4176 palam
2633 4110 2689 4159 et
2718 4104 2879 4159 intus
2901 4105 3164 4160 deridere
3194 4105 3586 4159 videar.Justa
3616 4104 3818 4174 itaque

2173 4175 2539 4249 addubitatio
2570 4175 2789 4248 Apellis
2819 4177 3061 4248 tragmdi
3095 4176 3235 4247 quid
3274 4176 3547 4249 Caligula:
3580 4192 3817 4249 respon-

2176 4248 2359 4313 deret,
2391 4250 2461 4303 de
2489 4266 2603 4319 quo
2633 4249 2869 4304 Sueton.
2906 4249 3108 4319 cap.33
3140 4265 3151 4302 :
3188 4248 3396 4303 «Inter
3426 4248 3815 4318 variosjocos,

2175 4336 2309 4375 cum
2341 4319 2624 4375 assistens
2655 4321 2971 4375 simulacro
3001 4321 3158 4375 Jovis
3187 4320 3441 4390 Apellem
3462 4322 3815 4391 Tragmdum

2174 4392 2586 4457 consuluisset,
2619 4398 2749 4447 uter
2779 4392 2862 4446 illi
2894 4393 3081 4462 major
3103 4391 3411 4459 videretur,
3443 4396 3814 4447 cunctantem

2176 4463 2422 4535 ﬂagellis
2454 4463 2709 4519 discidit.
2743 4485 2771 4513 «
2805 4465 2966 4528 Quod
2990 4462 3100 4519 sibi
3120 4462 3395 4535 similiter
3425 4480 3495 4519 ne
3527 4463 3816 4535 accideret

2174 4533 2383 4605 arguto
2434 4552 2715 4607 responso
2763 4538 2970 4607 avertit
3024 4533 3516 4607 Vitellius,_apud
3566 4534 3812 4607 Dionem

2096 4626 2142 4690 D
2178 4604 2440 4690 Cassium}
2477 4606 2591 4690 llib.
2646 4624 2755 4673 LIX,
2790 4606 2893 4690 ,θεαί
2942 4626 3072 4659 ποτε
3100 4608 3198 4690 τρξ
3246 4604 3416 4690 Γαίος
3458 4605 3809 4690 σὲγγινέσθαι

2172 4697 2229 4731 τε
2256 4681 2323 4750 τῇ
2358 4676 2578 4750 σελήνῃ,
2622 4686 2753 4743 etc.,
2786 4677 2844 4732 id
2875 4683 2985 4746 est,
3037 4702 3065 4729 ‹‹
3113 4677 3441 4749 Aliquando
3483 4676 3656 4734 Gaius
3688 4695 3810 4735 rem

2172 4751 2285 4822 sibi
2314 4767 2441 4807 esse
2472 4766 2604 4804 cum
2640 4751 2798 4805 Luna
2828 4750 2993 4818 dixit,
3038 4754 3530 4822 percontatusque
3578 4754 3669 4807 est
3710 4751 3816 4805 Vi-

2166 4821 2752 4895 tellium,vid_i_ssetne
2782 4837 2844 4877 se
2872 4838 3006 4877 cum
3041 4821 3175 4895 ’dea
3210 4821 3483 4895 congredi
3516 4840 3527 4877 :
3562 4827 3688 4878 tum
3718 4823 3813 4877 Vi-

2166 4894 2386 4962 tellius,
2418 4893 2602 4950 oculis
2644 4894 2704 4949 in
2756 4898 2973 4948 terram
3025 4893 3344 4963 demissis,‘
3378 4899 3657 4958 tremens,
3686 4895 3811 4950 exi-

2164 4982 2465 5039 guumque
2496 4965 2637 5038 quid
2666 4982 2881 5039 sonans
2916 4982 2929 5020 :
2961 4965 3130 5033 Solis,
3164 4966 3809 5039 inqui_t,domine,vohis

2166 5039 2280 5095 diis
2312 5037 2448 5093 licet
2478 5038 2725 5093 invicem
2763 5037 2979 5093 videre.
3032 5058 3061 5088 »
3097 5037 3281 5103 Quam
3330 5037 3680 5094 locutionem
3727 5037 3813 5093 in-

2162 5112 2673 5183 venigexpressam
2719 5124 2847 5183 esse
2893 5108 2982 5183 vel
3000 5111 3217 5183 potius
3275 5115 3740 5181 transsumptam
3774 5126 3807 5165 a

2162 5181 2423 5238 Martiale
2461 5181 2563 5237 lib.
2616 5198 2716 5245 vu,
2767 5182 2857 5246 60,
2911 5181 3028 5236 ubi
3059 5182 3454 5238 Domitianum
3505 5200 3636 5238 cum
3667 5182 3807 5237 Jove

2165 5259 2466 5327 comparat
2492 5254 2579 5309 his
2609 5251 2800 5308 verbis
2839 5268 2853 5309 :

2317 5372 2445 5421 Cum
2475 5370 2612 5420 votis
2640 5369 2741 5419 sibi
2771 5368 2995 5432 quisque
3010 5370 3073 5432 te
3108 5367 3307 5432 fatiget,

2316 5435 2379 5484 Et
2407 5437 2597 5497 poscat
2624 5433 2767 5493 dare,
2788 5430 2919 5495 qum
2949 5430 3022 5479 dii
3049 5430 3288 5494 potestis,

2163 5541 2257 5599 Sic
2287 5542 2443 5600 enim
2475 5544 2629 5596 recte
2662 5539 2843 5611 Paris.
2898 5537 3074 5593 editio
3121 5536 3360 5593 Colinzei
3413 5540 3470 5593 et
3500 5537 3643 5607 aliae,
3694 5554 3799 5611 pro

2162 5631 2277 5685 quo
2329 5614 2659 5669 Hadrianus
2708 5609 2929 5685 Junius
2968 5614 3252 5685 potestas;
3302 5632 3331 5660 «
3366 5611 3487 5685 _Sed
3535 5616 3594 5668 et
3642 5609 3800 5685 idem

2159 5680 2425 5756 Caligula
2456 5702 2568 5756 pris
2602 5688 2761 5739 metu
2794 5680 3157 5756 crudelitatis
3187 5682 3336 5756 ejus,
3366 5681 3547 5740 haeres
3595 5699 3629 5739 a
3671 5684 3800 5756 qui-

2160 5702 2279 5741 Uall
2328 5702 2425 5741 Illa
2456 5702 2568 5756 praa
2602 5702 2761 5739 metu
2794 5702 3157 5738 οΓυαθιηειῐιε
3187 5702 3217 5737 Β
3247 5702 3336 5751 UB,
3366 5702 3547 5740 DEI‘BS
3595 5702 3629 5739 Β.
3712 5702 3800 5740 111·-

2160 5702 2411 5814 busgam
2440 5758 2792 5814 testamento
2818 5752 3172 5826 appellatus,
3207 5702 3494 5812 derisores
3534 5702 3800 5823 voca%at,

2160 5828 2317 5904 quod
2346 5832 2481 5902 post
2508 5824 3006 5900 nuncupationem
3035 5824 3224 5889 vivere
3256 5833 3712 5903 perseverarent,
3743 5832 3802 5887 et
