4264 6410
455 390 580 453 515

979 387 1506 453 TERTULLIANI
1548 385 1880 453 OPERUM
1920 384 2123 450 PARS
2161 385 2214 452 Ι.
2241 417 2319 432 ——
2355 385 2631 450 SERIES
2672 386 2730 463 Ι,
2776 387 3346 452 APOLOGETIGA.

3747 393 3878 456 5i6

453 521 564 588 Qui
611 520 920 578 observant
964 519 1336 593 disciplinam
1391 521 1464 576 de
1511 520 1754 578 Caesaais
1801 521 2090 593 respectu,
2119 528 2176 596 Α
2203 518 2364 592 gium
2395 519 2784 576 convenimur
2827 519 3171 593 Christiani,
3206 537 3321 577 non
3367 521 3722 580 celebrando
3775 542 3876 585 vo-

454 610 515 666 hi
545 627 673 667 eam
705 613 940 681 propter
980 610 1264 666 Caesarem
1306 609 1582 665 deserent
1608 613 1676 682 πί,
1707 614 1765 665 et
1807 609 2097 666 malorum

457 717 689 756 morum
719 699 957 755 licentia
986 699 1172 771 pietas
1206 699 1336 767 erit,
1371 699 1596 755 occasio
1627 697 1870 755 luxuria:
1899 697 2100 770 religio

452 788 870 860 deputabitur?
898 791 944 843 Ο
975 805 1080 844 nos
1128 787 1334 844 merito
1365 789 1731 845 damnandos
1757 788 1768 843 !
1803 792 1916 844 Cur
1943 787 2100 844 enim

451 881 582 935 vcta
617 882 675 933 et
703 877 915 948 gaudia
972 877 1265 933 Cassarum
1315 878 1461 935 casti
1509 882 1566 934 et
1622 877 1801 934 sobrii
1847 881 1904 933 et
1933 876 2101 949 probi

451 966 842 1038 expungimus
870 967 897 1022 ‘I
925 967 1040 1022 Cur
1091 967 1182 1022 die
1217 966 1345 1022 laeto
1380 984 1493 1023 non
1523 967 1739 1023 laureis
1769 971 1965 1039 postes
1996 965 2098 1022 ob-

451 1057 799 1111 umbramus
829 1055 872 1090 ⁹²
900 1056 1013 1126 (26)
1055 1071 1160 1111 nec
1190 1055 1445 1111 lucernis
1475 1055 1628 1111 diem
1661 1055 2038 1127 infringimus
2069 1054 2096 1110 ?

447 1148 705 1200 Honesta
736 1160 828 1199 res
874 1150 962 1199 est
1009 1143 1380 1200 solemnitate
1425 1144 1660 1216 publica
1722 1143 1984 1216 exigente
2013 1143 2096 1198 iu-

449 1234 626 1290 duere
657 1235 702 1268 ⁹³
733 1232 934 1288 domui
966 1238 1078 1288 tuae
1110 1233 1381 1290 habitum
1414 1233 1662 1305 alicujus
1693 1233 1822 1290 novi
1855 1233 2100 1304 lupana-

447 1323 550 1379 ris.
583 1321 771 1378 Velim
827 1323 983 1378 454
1042 1329 1234 1378 tamen
1277 1321 1338 1378 in
1391 1322 1500 1379 hac
1545 1339 1776 1395 quoque
1823 1321 2100 1393 religione

446 1411 1102 1483 secundae-majestatis,
1134 1412 1206 1467 de
1236 1429 1349 1482 qua
1387 1411 1444 1467 in
1490 1413 1814 1468 secundum
1865 1409 2100 1468 sacrile-

2209 609 2440 665 biscum
2497 608 2785 666 solemnia
2841 611 3155 682 Cmsarum,
3199 627 3315 682 quo
3366 627 3527 667 more
3585 612 3874 680 celebrari

2210 714 2315 754 nec
2347 697 2633 754 modestia
2664 715 2770 755 nec
2799 699 3147 756 verecundia
3167 717 3272 756 nec
3302 700 3590 772 pudicitia
3621 704 3861 775 permit-

2209 792 2363 855 tunt,
2393 789 2493 844 sed
2525 788 2753 844 occasio
2787 786 3104 861 voluptatis
3137 789 3325 861 magis
3359 805 3532 862 quam
3565 790 3743 864 digna
3767 811 3863 849 ra-

2209 876 2291 932 tio
2322 876 2633 948 persuasit,
2670 877 2846 933 ﬂdem
2877 877 2930 933 ei
2961 877 3267 935 veritatem
3314 883 3568 934 vestram
3619 880 3863 938 demon-

2208 969 2429 1033 strare;
2484 982 2555 1022 ne
2605 966 2749 1021 forte
2804 969 2862 1021 et
2913 965 3084 1021 isthic
3144 966 3460 1022 deteriores
3514 967 3867 1027 Christianis

2209 1053 2741 1126 deprehendantur,
2788 1053 2891 1125 qui
2922 1069 3028 1110 nos
3059 1053 3268 1110 nolunt
3315 1055 3608 1112 Romanos
3637 1056 3864 1127 haberi,

2209 1144 2310 1198 sed
2341 1143 2539 1198 hostes
2571 1141 2905 1216 principum
2938 1142 3362 1199 Romanorum.
3400 1144 3558 1216 Ipsos
3588 1144 3863 1219 Quirites,

2205 1231 2396 1303 ipsam
2429 1231 2797 1288 vernaculam
2829 1236 3053 1303 septem
3100 1230 3336 1287 collium
3382 1231 3612 1303 plebem
3652 1249 3864 1291 conve-

2208 1322 2326 1387 nio,
2358 1338 2431 1376 an
2484 1319 2659 1376 alicui
2712 1320 2919 1376 Caesari
2949 1337 3056 1377 suo
3108 1324 3312 1393 parcat
3353 1319 3456 1376 illa
3505 1321 3712 1395 lingua
3772 1325 3867 1396 (27

2206 1409 2515 1466 Romana?
2544 1411 2693 1467 455
2728 1409 2916 1466 Testis
2955 1414 3047 1466 est
3094 1409 3317 1467 Tiberis
3366 1410 3497 1483 (26),
3541 1418 3600 1468 et
3650 1411 3865 1470 schola

1870 1537 2073 1598 Variae
2103 1534 2426 1597 lectiones.

517 1645 561 1682 ⁰ί
589 1647 875 1701 Deserunt
900 1646 923 1699 ἓ
947 1645 1114 1700 Fran.
1190 1643 1236 1680 ⁹²
1259 1645 1718 1715 Adumbramus,
1749 1645 1934 1701 Paris.
2011 1644 2055 1679 ⁹³
2086 1643 2390 1714 Inducere,
2421 1643 2604 1699 Paris.

1889 1759 2408 1822 Commentarius.

444 1867 592 1925 alios
631 1885 748 1943 non
795 1867 1030 1943 dicent;
1066 1889 1088 1920 ι
1125 1885 1240 1940 quo
1286 1886 1386 1940 pro
1418 1869 1624 1925 ultimo
1663 1868 1977 1943 legendum
2006 1868 2094 1943 de-
2123 1878 2169 1943 Β
2199 1869 2240 1923 Ι.
2277 1883 2327 1943 _e.
2362 1888 2389 1915 ‹‹
2423 1865 2879 1943 Ιξῑιαωιιυωίιυθ
2908 1867 2966 1921 et
2992 1863 3143 1920 lauri
3175 1881 3406 1922 ramum
3431 1866 3632 1937 janum
3661 1867 3858 1941 impo-

444 1945 588 1997 cent.
621 1941 967 2012 Principium
986 1943 1172 1996 dicere
1205 1947 1295 1997 est
1350 1959 1518 1998 omen
1551 1943 1622 1997 de
1670 1940 1911 2012 reliquis
1940 1941 2080 1996 sub-

442 2012 819 2084 ministrare;
850 2011 1066 2067 fiebant
1095 2013 1250 2067 enim
1278 2013 1396 2068 haec
1419 2019 1546 2068 vota
1565 2011 1851 2084 praecipue
1881 2011 2085 2067 Kalen-

439 2083 532 2138 dis
562 2083 876 2150 Januariis,
911 2089 973 2138 ut
1018 2085 1102 2138 sic
1133 2085 1203 2139 ad
1237 2090 1424 2139 totum
1455 2083 1675 2140 annum
1709 2085 2085 2139 extenderen-

441 2159 558 2210 tur.
621 2154 874 2220 Tacitus,
935 2154 1032 2208 lib.
1095 2171 1149 2208 1v
1212 2157 1409 2212 Annal.
1471 2177 1500 2206 «
1557 2160 1745 2211 Caesar
1801 2155 2086 2211 solemnia

438 2225 772 2298 incipientis
798 2226 938 2298 anni
971 2224 1252 2280 Kalendas
1283 2228 1590 2283 ianuarias
1615 2226 1862 2298 epistola
1885 2244 2082 2297 preca-

439 2304 557 2363 tus,
597 2320 617 2346 σι
652 2297 746 2351 cui
795 2297 919 2351 loco
975 2299 1272 2367 geminum
1324 2315 1393 2353 ex
1438 2299 1572 2353 Caio
1619 2297 1754 2355 JCio
1811 2299 1952 2353 citat
2013 2303 2086 2352 La

444 2368 646 2442 Gerda.
685 2369 1216 2442 begiturqueapud
1264 2369 1504 2426 Dionem
1538 2370 1641 2442 lib.
1672 2387 1782 2434 ιιι,
1818 2387 1928 2442 pag
1978 2370 2086 2442 742

436 2441 529 2514 ed.
561 2439 848 2514 Step_h.’in
880 2439 1209 2514 principatu
1262 2442 1379 2496 Caii
1429 2441 1698 2514 Caligulae
1727 2439 1918 2514 prima
1947 2441 2085 2514 anni

435 2512 529 2584 die
561 2511 937 2584 Machaonem
969 2512 1289 2584 quemdam
1315 2511 1650 2569 servum'ad
1692 2511 1960 2584 pulvinar
1984 2512 2083 2568 Jo-

435 2583 524 2639 vis
554 2582 858 2653 Capitolini
889 2583 1246 2654 ascendisse,
1277 2583 1476 2654 ibique
1509 2582 1708 2639 multa
1744 2589 1800 2640 et
1837 2585 1965 2639 dira
1995 2600 2086 2638 va-

437 2652 770 2721 ticinatum,
803 2652 1075 2726 catellum
1102 2670 1278 2723 quem
1309 2652 1507 2711 secum
1538 2654 1834 2724 attulerat,
1857 2672 1923 2711 ac
1953 2661 2086 2726 post

439 2741 503 2798 se
534 2727 729 2795 ipsum
754 2724 1055 2798 occidisse.
1089 2726 1252 2790 Quod
1295 2727 1548 2797 profecto
1592 2727 1772 2782 futuri
1801 2724 2081 2798 temporis

441 2797 636 2851 dirum
660 2800 784 2869 erat
807 2796 1157 2869 principium
1181 2803 1238 2852 et
1259 2796 1865 2869 praesagium,quando
1886 2796 2081 2867 Caius,

440 2869 541 2938 qui
574 2873 647 2940 uti
670 2867 861 2940 bonus
888 2868 1154 2940 medicus
1200 2867 1627 2924 vulneraﬁRom.
1658 2869 1822 2940 Reip.
1853 2887 1888 2924 a
1916 2869 2082 2924 Tibe-

441 2940 526 2994 rio
559 2938 780 2993 inilicta
809 2939 1089 2994 debuerat
1117 2956 1344 2995 sanare.
1373 2938 1814 3011 signiﬁcabatur
1842 2945 1901 2996 et
1930 2957 2082 2994 rem-

439 3011 604 3083 pubi.
641 3011 1000 3084 perditurus,
1016 3013 1083 3084 _et
1122 3012 1264 3084 ipse;
1295 3018 1533 3068 cruenta
1582 3029 1719 3068 nece
1767 3013 2080 3084 periturus.

437 3081 687 3151 Eratque
735 3083 815 3136 ita
843 3081 942 3136 ille
971 3082 1094 3136 dies
1125 3081 1330 3138 titulus
1358 3084 1516 3150 anni,
1551 3089 1612 3138 ut
1649 3081 1784 3139 cum
1816 3085 2083 3139 Petronio

439 3152 666 3224 loquar,
702 3153 854 3226 apud
889 3169 1064 3223 quem
1095 3154 1215 3208 avis
1248 3155 1494 3226 ciconia
1540 3160 1630 3210 est
1675 3155 1873 3210 titulus
1901 3157 2087 3226 tepidi

2197 1939 2338 1996 suit.
2374 1960 2402 1988 »
2436 1941 2575 1992 HAV.

2267 2011 2380 2137 (27)
2424 2011 2626 2064 Pareat
2675 2008 3021 2089 iltajingua
3076 2008 3337 2091 Romana.
3401 2009 3565 2074 Quod
3627 2024 3780 2092 cum.
3824 2027 3859 2066 a

2293 2098 2361 2137 ao
2393 2086 2449 2136 et
2485 2081 2618 2136 fence
2648 2079 2976 2137 hominum.
3011 2095 3112 2137 qui
3146 2095 3249 2135 nec
3281 2097 3338 2134 in
3371 2079 3527 2135 fama
3569 2081 3725 2137 quod
3764 2097 3855 2137 1n-

2192 2078 2370 2153 vulgo'
2393 2086 2449 2136 et
2485 2079 2976 2153 fasceihominum,
3011 2078 3113 2153 qui
3146 2095 3249 2135 nec
3281 2079 3338 2153 in
3371 2079 3527 2153 fama
3569 2081 3725 2152 quod
3764 2080 3855 2138 in-

2194 2149 2460 2224 quinent,
2493 2168 2596 2207 nec
2629 2152 2687 2206 in
2721 2167 2781 2208 re
2812 2151 2966 2223 quod
2998 2149 3273 2224 amittant
3303 2149 3542 2224 habent,
3567 2149 3742 2208 facile
3772 2153 3851 2209 sit

2193 2222 3070 2307 exspectandummtumscurris
3101 2222 3200 2307 isti
3252 2223 3397 2278 satis
3423 2224 3660 2306 .docent
3691 2225 3846 2307 apud

2193 2293 2548 2353 Trebellium
2580 2294 2898 2351 Pollionem
2932 2293 2991 2348 in
3022 2293 3305 2366 Gallieno,
3339 2294 3436 2365 qui
3473 2293 3848 2366 uniuscujus-

2193 2385 2308 2440 que
2362 2368 2590 2422 vultum
2645 2367 2794 2422 mira
2860 2366 3182 2440 inhiatione
3238 2365 3541 2435 rimantes,
3600 2365 3846 2440 Patrem.

2189 2437 2459 2512 principis
2490 2455 2746 2512 queat-ere
2775 2453 2838 2494 se
2860 2437 3148 2512 dicebant.
3172 2508 3182 2512 _
3203 2441 3258 2512 is
3289 2442 3656 2512 autemuerat
3685 2438 3846 2494 Vale-

2192 2507 2394 2567 rianus
2424 2527 2458 2566 a
2486 2507 2679 2566 Persis
2707 2515 2933 2581 captus,
2953 2509 3106 2581 quod
3139 2508 3380 2565 ridicule
3412 2507 3712 2581 Gallienus
3735 2526 3843 2581 ne-

2230 2583 2379 2639 lecta
2406 2581 2656 2654 vindicta
2683 2580 2964 2654 genitoris
2993 2580 3053 2636 in
3083 2596 3298 2654 pompa
3319 2581 3678 2654 traducebat.
3702 2580 3838 2637 Nul-

2233 2599 2379 2639 lecta
2406 2599 2656 2638 Vindicta
2683 2599 2964 2654 genitoris
2993 2599 3053 2636 in
3083 2599 3298 2653 pompa
3319 2599 3678 2637 traducebat.
3702 2599 3838 2637 1ND!-

2191 2599 2286 2735 fus
2316 2653 2626 2735 descripsit
2670 2653 3000 2735 accuratius
3051 2669 3230 2735 quam
3263 2653 3372 2735 ista
3419 2653 3516 2735 qui
3551 2653 3842 2735 Caasarum

2193 2726 2343 2806 ritus
2372 2723 2652 2806 pigri—qua
2680 2724 2948 2806 vixerunt
2979 2723 3093 2806 ipsi
3122 2723 3390 2806 libertate
3432 2723 3643 2780 litteris
3680 2741 3840 2806 sgm-

2196 2794 2722 2853 misit'Suetonius
2779 2794 3156 2868 Tranquillus
3216 2796 3275 2850 in
3333 2798 3581 2868 Nerone,
3630 2796 3836 2868 c.739:

2197 2890 2224 2917 ‹‹
2253 2870 2674 2924 Trauseuntem
2720 2883 2855 2922 eum
2906 2865 3164 2924 Isidorus
3219 2867 3472 2938 Cynicus
3514 2865 3574 2921 in
3596 2866 3842 2938 publico

2191 2941 2350 2996 clara
2395 2955 2531 2995 voce
2575 2939 2954 3010 corripuerat,
2994 2939 3164 3010 quod
3213 2937 3441 3009 Nauplii
3493 2937 3650 3010 mala
3680 2938 3847 3010 bene

2192 3012 2522 3077 cantitaret,
2553 3028 2663 3066 sua
2700 3009 2853 3066 bona
2894 3009 3045 3066 male
3095 3011 3452 3082 disponeret.
3488 3030 3518 3060 »
3548 3009 3792 3082 ibidem
3829 3025 3845 3064 :

2192 3083 2391 3140 «Datis
2404 3083 2803 3154 Atellanarum
2844 3081 3050 3138 histrio
3091 3082 3151 3138 in
3169 3078 3394 3139 cantico
3411 3080 3665 3152 quodam
3682 3078 3852 3154 ὑγιαι-

2189 3174 2263 3222 νε,
2318 3154 2506 3225 πάτερ,
2568 3153 2792 3227 ὑγίαινε,
2853 3159 3047 3226 μῆτερ,
3106 3154 3188 3209 ita
3227 3153 3747 3227 demonstraverat.
3784 3154 3858 3207 ut

439 3223 753 3308 temporis.’
778 3225 1206 3308 Dicebaturqus
1241 3225 1556 3308 imperator
1593 3229 1817 3308 aperire
1851 3223 2080 3283 annum.
2114 3237 2158 3306 α
2195 3223 2490 3308 bibentem
2523 3223 2964 3308 natantemque“
2988 3223 3229 3308 faceret,
3250 3225 3474 3308 exitum
3515 3223 3639 3308 Caii
3666 3223 3846 3308 Cl‘au-

440 3297 660 3351 Statius
692 3313 748 3351 1v
776 3295 927 3368 Sylv.
959 3295 1147 3352 Carm.
1180 3299 1229 3365 1,
1261 3301 1314 3366 2,
1332 3295 1418 3353 'de
1440 3298 1770 3354 Domitiano
1804 3315 1817 3353 :

666 3402 1044 3466 Insignemque
1074 3403 1244 3466 aperit
1271 3404 1614 3454 Germanicus
1644 3417 1868 3454 annum.

440 3516 510 3572 Et
538 3515 756 3572 ibidem
786 3533 956 3574 versu
986 3518 1058 3572 20
1089 3534 1102 3572 :

906 3622 991 3673 Sic
1018 3636 1186 3675 annos
1217 3625 1417 3677 intrare
1448 3625 1617 3676 decet.

440 3736 867 3812 peuquo‘ritu
933 3739 1157 3812 consuli
1209 3744 1398 3812 potest
1448 3742 1714 3798 eruditus
1776 3741 1886 3797 Joh
1934 3741 2084 3797 Petri

439 3808 668 3884 Bellorii
701 3807 1227 3884 Commentariolus
1257 3813 1328 3867 de
1358 3813 1488 3868 novi
1523 3814 1657 3868 anni
1703 3814 1982 3884 auspiciis
2013 3814 2085 3869 ad

437 3880 793 3945 singularem
821 3881 1100 3938 Antonini
1131 3883 1213 3940 Pii
1247 3901 1557 3940 nummum
1589 3880 1937 3945 inscriptum
1973 3902 2083 3941 s.p.

436 3968 495 4015 ο.
529 3969 583 4006 n.
611 3971 664 4006 A.
697 3969 754 4006 N.
785 3969 834 4007 ιε’.
868 3969 918 4006 F.
953 3970 1164 4009 op'rmo
1191 3972 1444 4011 PRINCIPI
1468 3973 1580 4020 pio,
1602 3957 1642 4012 i.
1665 3973 1715 4012 θ.
1749 3957 1968 4011 Annum
1985 3973 2086 4013 ηο-

435 4039 585 4099 cant,
615 4025 888 4099 faustum,
919 4026 1157 4099 laticem.
1200 4028 1400 4082 Editus
1441 4033 1529 4082 est
1572 4029 1829 4099 primum
1872 4029 2085 4094 Romae,

435 4095 692 4171 indead
741 4095 957 4171 calcem
1007 4096 1206 4171 Select.
1260 4099 1529 4171 Numism.
1575 4095 1702 4154 Car.
1752 4103 2085 4171 Carpegnaa,

437 4169 624 4235 Amst,
648 4167 799 4237 apud
833 4169 1245 4224 Wetstenium.
1269 4170 1594 4226 Lectionem
1628 4176 1822 4226 tamen
1858 4167 2088 4226 imitare

438 4253 558 4364 Sper;
601 4253 732 4363 56m:
781 4255 961 4294 ausus
1005 4256 1116 4296 ms.
1168 4243 1344 4314 Agob.
1376 4260 1427 4315 q.
1461 4243 1600 4298 alios
1634 4258 1746 4299 non
1793 4243 1847 4298 ά.
1899 4243 2088 4299 deleto

567 4351 577 4362 .
664 4327 690 4363 Α
733 4350 744 4362 .

477 4325 577 4363 288.
618 4325 744 4363 υΑν.

508 4380 618 4451 (26)
653 4382 878 4435 Laurcis
904 4390 1083 4452 postes
1131 4383 1532 4438 obumbramus.
1586 4383 1850 4440 Rhenan.
1891 4383 2088 4439 adum-

439 4450 679 4525 bransns.
715 4450 915 4525 minus
944 4458 1119 4508 recte.
1169 4455 1405 4511 Tacitus
1453 4455 1853 4525 conjuratione
1900 4454 1959 4509 in
1994 4472 2084 4510 ca-

441 4528 548 4594 put
575 4523 822 4578 Neronis
853 4524 1082 4579 detecta
1127 4527 1330 4581 scribit
1376 4527 1478 4581 lib.
1528 4523 1600 4580 xv
1628 4527 1828 4582 Annal.
1884 4543 1934 4582 c.
1972 4529 2038 4582 17
2071 4542 2084 4580 :

442 4594 611 4672 «Sed
645 4594 923 4672 complsri
954 4596 1199 4672 interimi
1221 4599 1361 4653 urbs
1392 4598 1716 4672 funeribus,
1740 4597 2087 4670 Capitolium
2121 4607 2166 4672 Ι)

435 4664 706 4742 victimis
731 4683 743 4720 :
783 4664 798 4666 ⁷
822 4666 1146 4742 aliusjilic,
1178 4671 1355 4724 fratre
1386 4670 1567 4742 alius,
1589 4664 1712 4725 aut
1741 4664 2085 4742 propinquo,

443 4740 546 4814 aut
592 4737 779 4814 amico
829 4737 1375 4814 interfectis,sagere
1423 4741 1645 4814 gratias
1700 4737 2088 4807 deisforiiara

442 4806 908 4888 laurudgm'um;
937 4825 1128 4888 genus
1184 4806 1383 4888 ipsius,
1425 4806 1652 4888 advolvi
1709 4814 2084 4888 etudextram

442 4878 660 4932 osculis
691 4878 964 4950 fatigare.—
1007 4903 1034 4931 »
1075 4878 1301 4950 Noster,
1345 4885 1413 4938 de
1459 4884 1615 4948 Idot.,
1665 4899 1715 4938 c.
1752 4885 1818 4938 15
1867 4900 1880 4939 :
1944 4907 1971 4933 ‹‹
2027 4885 2086 4940 Si

441 4957 637 5025 autem
669 4965 868 5004 eorum
903 4957 1043 5025 sunt
1083 4970 1209 5025 quae
1240 4955 1298 5011 in
1329 4954 1495 5011 ostiis
1527 4956 1861 5022 adorentur,
1895 4955 1964 5009 ad
1989 4971 2087 5011 eos

441 5023 497 5074 et
529 5019 800 5100 “lucernis
852 5025 906 5100 et
955 5019 1162 5100 lsurém
1210 5027 1606 5100 pertinebunt,
1651 5027 1809 5100 Idolo
1848 5019 2085 5100 feceris,

442 5093 727 5163 quidquid
780 5093 929 5148 ostio
977 5093 1260 5153 fecerisf»
1293 5098 1678 5155 Commendat
1708 5098 1812 5153 hoc
1853 5099 2089 5154 nomine

439 5161 671 5218 laurum
731 5163 976 5232 Plinius,
1039 5170 1174 5224 Hist.
1235 5172 1357 5226 Nat.
1401 5186 1517 5234 xw,
1570 5170 1638 5223 3O
1699 5184 1712 5222 :
1776 5194 1798 5222 ι
1864 5174 2089 5226 Laurus

439 5235 756 5319 triumphis
789 5237 1020 5309 proprie
1042 5240 1288 5319 dicatur,
1321 5241 1406 5297 vel
1448 5238 1786 5312 gratissima
1815 5241 2088 5319 domibus

432 5311 680 5378 janitrix
709 5311 998 5364 Caesarum
1051 5311 1511 5383 pontificumque
1545 5329 1557 5367 :
1591 5328 1716 5381 quze
1747 5311 1871 5366 sola
1900 5317 1958 5368 et
1986 5314 2088 5368 do-

437 5395 566 5434 mos
597 5385 858 5451 exornat,
903 5386 961 5437 et
1008 5389 1141 5440 ante
1199 5384 1408 5440 limina
1453 5383 1717 5440 excubat.
1767 5405 1788 5431 ι
1845 5385 1904 5439 In
1936 5385 2087 5442 votis

437 5466 669 5528 quoque
700 5451 841 5508 deos
860 5453 1139 5528 placandi
1178 5457 1369 5528 gratia
1422 5455 1920 5512 incantationibus
1951 5474 2087 5528 ope-

438 5538 575 5600 ranl
591 5523 821 5600 dantes,
858 5525 1087 5600 laurum
1106 5523 1375 5600 postibus
1410 5528 1804 5600 applicabant,
1837 5532 1902 5582 ut
1931 5523 2090 5600 patet

440 5607 507 5646 ex
539 5593 808 5672 Diogenis
858 5595 1068 5672 Laertii
1099 5593 1158 5654 in
1210 5593 1462 5656 Bionem'
1487 5593 2086 5672 Borysthentem'epi-

439 5670 784 5734 grammate,
816 5668 911 5735 qui
945 5668 1004 5723 in
1035 5672 1240 5728 morbo

721 5769 951 5897 ξΡάξνον
983 5795 1039 5830 τε
1068 5776 1157 5830 καὶ
1187 5773 1389 5834 κλάδον
1424 5772 1629 5853 δάφνης

739 5847 819 5897 Υπ
849 5862 877 5897 ο
909 5844 1075 5897 Θῦογιν
1099 5843 1307 5897 ἕθῇκεν-

739 5843 877 5920 Υπὲρ
909 5844 1075 5923 θύρην
1099 5843 1307 5924 ἔθηκεν.

2193 3297 2743 3425 diilAgrippinisque
2772 3293 3112 3369 signiﬁcans
3136 3315 3150 3366 ;
3181 3293 3239 3353 et
3266 3297 3326 3353 in
3347 3294 3667 3353 novissima
3689 3293 3852 3351 clau-

2194 3387 2263 3425 su
2292 3387 2324 3425 a
2357 3387 2369 3425 :
2403 3391 2433 3420 »

2194 3387 2324 3427 δυ.ίᾶ
2357 3387 2369 3425 ζ
2403 3391 2433 3420 ι)

2564 3475 2730 3523 Orcus
2756 3473 2912 3523 vobis
2939 3473 3088 3523 ducit
3116 3471 3298 3535 pedes,

2566 3538 2820 3587 Senatum
2853 3540 3005 3598 gestu
3035 3538 3263 3584 notaret.

2195 3636 2304 3693 Ubi
2334 3633 2762 3691 famosissimos
2794 3633 2971 3689 etiam
3009 3649 3222 3688 versus
3273 3631 3334 3686 in
3385 3629 3551 3686 illum
3593 3629 3855 3702 prcposi-

2193 3714 2286 3764 tos
2317 3706 2574 3777 adducit,
2611 3705 2768 3777 sicut
2816 3708 2874 3760 et
2923 3708 3059 3777 ante
3105 3702 3388 3777 Claudius
3419 3707 3476 3758 et
3506 3707 3639 3777 post
3667 3701 3856 3777 Domi-

2193 3781 2392 3836 tianus
2424 3772 2646 3849 passim
2677 3776 2834 3849 idem
2867 3775 3026 3849 passi
3061 3779 3229 3849 sunt._
3245 3775 3356 3830 Sed
3389 3779 3446 3829 et
3468 3772 3726 3849 optimus
3747 3772 3858 3849 im-

2195 3844 2527 3923 peratorum
2559 3844 2957 3923 Vespasianus
2988 3847 3114 3918 ipse
3143 3847 3408 3923 urbanus
3443 3844 3615 3900 statis
3639 3845 3855 3923 dicaci-

2194 3916 2375 3978 tatem
2407 3921 2580 3976 istius
2609 3916 2819 3990 linguzs
2855 3935 2970 3990 non
3003 3916 3208 3989 evasit,
3228 3919 3324 3990 qui
3351 3934 3481 3990 cum
3502 3920 3657 3990 esset
3691 3916 3857 3990 vultu

2197 3995 2448 4050 adducto
2496 3987 2736 4046 nitentis
2787 3991 2824 4045 i.
2875 3989 2928 4046 ei
2985 3987 3420 4057 cacaturientis,
3461 3987 3752 4057 velletque
3783 3988 3856 4042 ab

2197 4067 2420 4122 urbano
2452 4064 2701 4134 quodam
2733 4061 2929 4134 facetae
2961 4062 3194 4134 linguae,
3222 4083 3250 4112 «
3274 4066 3338 4117 ut
3356 4066 3414 4117 et
3441 4061 3500 4115 in
3534 4075 3598 4115 se
3627 4058 3853 4130 aliquid

2196 4133 2481 4205 diceret,>{
2494 4135 2695 4189 audire
2725 4133 2944 4200 debuit,
2973 4155 2996 4186 ‹‹
3023 4133 3150 4189 dico
3181 4151 3313 4190 cum
3345 4135 3607 4188 ventrem
3639 4145 3852 4186 exone-

2198 4225 2326 4289 rare
2351 4207 2650 4289 desieris.»
2676 4206 2796 4289 [mo
2817 4205 2902 4261 vel
2927 4205 3210 4289 innfunere
3233 4205 3419 4289 ipsius
3437 4219 3571 4289 cum
3593 4218 3661 4289 sx
3691 4216 3855 4284 more

2199 4282 2363 4336 mimi
2397 4279 2831 4340 adhiberentur,
2853 4280 3083 4332 mortuo
3107 4275 3273 4348 parci
3297 4293 3413 4331 non
3445 4275 3657 4346 potuit,
3677 4275 3847 4343 quin,

2198 4357 2263 4409 ut
2295 4355 2457 4408 notat
2485 4352 2716 4404 Sneton.
2751 4366 2801 4404 c.
2837 4348 2902 4402 19
2935 4367 2948 4405 :
2986 4370 3014 4398 ‹‹
3042 4353 3189 4404 Favo
3220 4348 3604 4403 archimimus
3634 4359 3848 4415 perso-

2197 4441 2333 4498 nam
2383 4424 2538 4498 ejus
2558 4421 2771 4498 ferens,
2803 4419 3160 4498 imitansque
3191 4425 3256 4475 ut
3293 4423 3560 4498 estmos,
3588 4416 3742 4470 facta
3773 4415 3846 4498 ad

2198 4497 2355 4552 dicta
2382 4489 2896 4563 vivi,interrcgatis
2917 4489 3109 4562 palam
3139 4489 3850 4563 procuratoribusiquanti

2201 4582 2411 4624 sumus
2441 4569 2499 4620 et
2530 4559 3078 4635 pompa'cons'taret~
3109 4559 3242 4619 {ut
3271 4561 3494 4635 audivit
3521 4559 3590 4635 ῌ.
3621 4562 3679 4612 S.
3713 4573 3852 4614 cen-

2198 4639 2330 4703 ties,
2358 4631 2727 4710 exclamarit,
2756 4639 2993 4710 centum
3035 4633 3145 4691 sibi
3201 4633 3468 4710 sestertia
3527 4631 3755 4710 darent,
3786 4644 3851 4710 ac

2197 4727 2258 4766 se
2288 4708 2375 4765 vel
2433 4707 2491 4762 in
2532 4706 2797 4778 Tiberim
2823 4705 3216 4778 sprojicerent.
3251 4726 3276 4757 υ
3312 4704 3421 4760 Ubi
3472 4717 3681 4778 scuara
3726 4704 3850 4778 Aiste

2195 4783 2424 4838 videtur
2445 4777 2586 4833 mihi
2612 4771 2932 4848 respexisse
2948 4771 3033 4832 'ad
3056 4777 3200 4833 illud
3229 4774 3606 4848 Vespassiani
3624 4771 3850 4848 dictum

2200 4855 2535 4924 factumque
2564 4844 2724 4924 quod
2747 4849 2902 4924 idem
2935 4849 3171 4924 Sueton.
3205 4844 3403 4924 narrat
3433 4845 3556 4900 0.23
3588 4860 3601 4900 :
3634 4865 3662 4893 α
3691 4844 3851 4924 Nun-

2195 4913 2480 4981 tiantibu's
2511 4913 2741 4992 legatis,
2772 4921 3068 4996 decretum
3098 4921 3149 4976 ei
3183 4919 3578 4996 publice__non
3622 4913 3847 4996 medio-

2197 4996 2309 5052 cris
2341 4987 2599 5050 summai
2618 4987 2875 5048 statuam
2900 4987 3220 5048 colosseam
3254 5007 3267 5046 :
3287 4987 3464 5061 jussit
3483 4993 3548 5043 ut
3567 4987 3846 5042 continuo

2237 5069 2498 5134 onerent,
2549 5080 2746 5120 cavam
2800 5081 3042 5120 manum
3100 5067 3424 5131 ostentans,
3464 5064 3523 5116 et
3581 5061 3847 5131 paratam

2237 5085 2498 5134 onerent,
2549 5085 2746 5120 cavam
2800 5085 2882 5119 ma

2196 5085 2386 5196 gasim
2419 5137 2637 5204 dicens,
2674 5157 2701 5185 »
2745 5135 2882 5190 Hav.

2265 5212 2379 5284 (28)
2422 5197 2708 5284 (esttest
2743 5207 2965 5284 Tibsris.
3023 5206 3098 5284 Μ.
3125 5197 3716 5284 -ΡιιιρκςῐηΗθιιρξᾲε
3769 5198 3848 5284 est

2197 5266 2300 5354 pri)
2331 5266 2399 5339 et.
2441 5281 2542 5354 Yir
2571 5277 2798 5354 clariss.
2830 5276 3222 5354 Gothofredus
3254 5277 3313 5332 in
3335 5273 3520 5354 lictis
3538 5272 3610 5328 ad
3643 5269 3745 5324 lib.

2195 5345 2324 5410 Nat.
2358 5370 2396 5418 1,
2432 5351 2502 5406 l7
2536 5350 2711 5404 refert
2755 5348 2865 5406 hoc
2923 5349 2995 5403 ad
3043 5349 3284 5406 domum
3333 5345 3703 5420 Tiberianam
3739 5353 3849 5420 seu

2197 5412 2826 5496 palatiumpaesarum.
2862 5420 2972 5475 Sed
3007 5420 3169 5496 olim,
3204 5427 3270 5477 ut
3312 5425 3475 5493 puto,
3518 5412 3852 5496 ﬂuvii‘ripis

2197 5481 2407 5569 vulgus
2429 5481 3444 5569 adhabitabat,potenjiores_montes
3461 5481 3849 5569 'occupab‘ant,

2197 5551 2409 5625 tutiuab
2442 5551 2948 5639 inundationibus.
2989 5563 3130 5620 Cum
3191 5565 3391 5639 itaque
3447 5560 3516 5639 de
3571 5551 3739 5639 plebe
3770 5551 3851 5639 lo-

2199 5623 2596 5712 quatur,nibil
2623 5635 3018 5712 commpdius,
3037 5652 3211 5712 quam
3246 5623 3623 5712 habitationis
3651 5623 3848 5712 locum

2198 5695 2512 5782 indigitars
2535 5705 2765 5782 potuit.
2799 5695 3011 5782 Gallus
3041 5695 3328 5782 interpres
3359 5703 3493 5782 Giry
3525 5695 3721 5782 nescio
3779 5695 3851 5782 de

2198 5767 2643 5876 quaUTybridis
2701 5781 2898 5834 statua
2975 5767 3228 5866 somniat
3284 5779 3359 5834 tes
3421 5767 3682 5859 placards
3725 5781 3850 5850 .quc

2197 5856 2308 5913 ton
2333 5852 2546 5913 attacks
2572 5852 2611 5911 ὰ
2638 5851 2694 5912 ια
2719 5853 2906 5912 statue
2949 5850 3025 5910 du
3071 5853 3243 5913 szrc.
3293 5850 3558 5913 Denique
3605 5841 3847 5902 tertium

2237 5837 2312 5914 cn
2333 5837 2546 5914 attacks
2572 5852 2611 5911 ὰ
2638 5851 2694 5912 ια
2719 5853 2906 5912 statue
2949 5850 3025 5910 du
3048 5837 3243 5913 *Tz'brc.
3293 5837 3558 5924 Denique
3605 5837 3847 5902 tertium
