4264 6350
374 325 489 385 821

372 550 538 604 simis
570 549 684 616 (39)
743 550 799 601 et
856 543 1277 599 ramosissimis
1332 544 1549 599 laureis
1608 543 1760 599 459
1822 546 2020 613 postes

372 634 840 710 praestruebant?
865 648 1040 703 quam
1071 632 1414 687 elatissimis
1448 633 1556 702 (40)
1590 635 1646 686 et
1676 630 2025 685 clarissimis

370 727 627 782 lucernis
678 722 967 777 vestibula
1020 720 1402 776 enubilabant
1432 719 1518 774 '9?
1552 738 1727 791 quam
1773 718 2026 774 cultissi-

374 816 488 870 mis
519 816 577 867 et
623 809 1069 883 superbissimis
1100 809 1243 863 toris
1280 810 1385 879 (41)
1420 808 1611 863 forum
1658 809 1767 863 sibi
1801 808 2023 862 divide-

375 901 563 959 bant?
596 917 709 956 non
759 904 823 954 ut
852 898 1070 969 gaudia
1121 897 1355 967 publica
1403 897 1783 958 celebrarent.
1819 899 1916 951 sed
1962 899 2025 950 ut

374 998 508 1048 vota
541 989 774 1063 propria
796 989 920 1058 jam
970 987 1305 1040 edicerent‘
1350 990 1405 1040 et
1438 987 1495 1040 in
1530 985 1718 1040 aliena
1750 985 2024 1040 solemni-

378 1086 494 1137 tate
516 1077 843 1149 exemplum
868 1075 1372 1146 atqueimaginem
1398 1074 1519 1146 spei
1553 1090 1672 1129 suis
1703 1074 2023 1145 inaugura-

377 1174 744 1238 rent,nomen
773 1164 1056 1237 principis
1088 1165 1143 1218 in
1178 1164 1349 1219 corde
1382 1168 1673 1218 mutantes
1704 1164 1723 1196 ²
1757 1164 1889 1233 (42).
1917 1164 2021 1218 Ea-

379 1261 509 1313 dem
543 1256 734 1312 ofﬁcia
764 1254 1105 1325 dependunt
1133 1258 1189 1307 et
1219 1252 1318 1325 qui
1352 1252 1676 1323 astrologos
1707 1258 1762 1307 et
1792 1253 2020 1323 aruspi-

377 1363 473 1403 ces
497 1350 553 1401 et
575 1359 827 1415 augures
856 1346 912 1397 et
937 1358 1138 1412 magos
1161 1342 1231 1396 de
1257 1342 1552 1397 Caesarum
1576 1342 1764 1413 capite
1788 1342 2020 1397 consul-

374 1439 521 1503 tant,
556 1450 703 1505 quas
726 1436 881 1489 artes
904 1434 970 1487 ut
993 1432 1062 1486 ab
1090 1429 1314 1503 angelis
1337 1430 1738 1486 desertoribus
1760 1430 2021 1502 proditas

378 1531 434 1581 et
455 1542 487 1580 a
512 1530 621 1579 Deo
644 1522 986 1577 interdictas
1016 1537 1084 1575 ne
1107 1521 1231 1576 suis
1256 1520 1495 1591 quidem
1526 1521 1718 1575 causis
1742 1520 2024 1575 adhibent

377 1613 710 1670 Christiani.
744 1611 846 1666 Cui
899 1614 1094 1665 autem
1128 1626 1275 1679 opus
1308 1612 1397 1664 est
1445 1609 1800 1679 perscrutari
1850 1625 2025 1679 super

376 1703 615 1760 Caesaris
667 1700 875 1766 salute,
908 1699 1021 1753 nisi
1054 1716 1087 1753 a
1119 1715 1234 1769 quo
1292 1697 1513 1770 aliquid
1549 1699 1829 1752 adversus
1861 1697 2021 1752 illam

377 1793 668 1865 cogitatur
696 1788 779 1845 vel
815 1792 1069 1861 optatur,
1103 1791 1203 1843 aut
1251 1791 1383 1859 post
1413 1784 1574 1841 illam
1622 1791 1889 1858 speratur
1919 1788 1939 1821 ³
1971 1791 2027 1841 et

378 1879 893 1938 sustinetur?Non
926 1876 1081 1933 enim
1116 1892 1183 1932 ea
1214 1880 1409 1931 mente
1441 1876 1510 1931 de
1544 1875 1739 1932 charis
1773 1874 2027 1931 consuli-

379 1976 496 2037 tur,
531 1986 645 2042 qua
674 1969 744 2024 de
776 1966 1052 2023 dominis.
1085 1966 1266 2021 Aliter
1297 1965 1529 2022 curiosa
1560 1971 1650 2021 est
1696 1964 2027 2022 sollicitudo

379 2059 707 2132 sanguinis,
741 2056 905 2112 aliter
936 2055 1258 2111 servitutis.

1486 316 2079 382 APOLOGETIGUS
2117 315 2298 378 ADV.
2344 315 2673 377 GENTES.

371 458 793 530 parricidarum
826 456 1144 512 racematio
1174 458 1497 527 superstes,
1533 470 1707 524 quam
1747 452 2018 508 recentis-
2046 454 2103 520 Α

3664 317 3787 378 522

2701 448 2934 504 CAPUT
2973 447 3212 504 XXXVI.

2137 540 2571 611 Anaumsurum.
2603 565 2673 577 —
2704 539 2887 592 Hostes
2914 540 3089 608 igitur
3114 537 3302 592 haberi
3325 553 3499 608 posse,
3532 540 3631 611 qui
3662 538 3789 594 hos-

2207 610 2308 665 tile
2338 610 2482 664 nihil
2513 611 2776 664 adversus
2800 612 3095 665 Romanum
3130 611 3211 664 vel
3233 610 3645 680 imperium’vel
3676 613 3786 666 im-

2201 690 2511 753 peratorem
2562 683 2789 753 spirent,
2822 684 2931 735 imo
2980 682 3247 753 quiquod
3286 684 3614 753 imperatori
3640 691 3791 750 sunt,

2205 752 2378 807 etiam
2406 756 2516 807 sint
2562 754 2714 826 aliis.
2748 753 2942 823 quibus
2985 752 3135 807 male
3168 754 3320 821 uelle,
3354 752 3509 808 inale
3546 756 3794 826 cogitare

2204 841 2309 879 non
2344 826 2505 880 liceat
2536 825 2599 879 de
2629 826 2779 891 aliis,
2810 826 2981 879 multo
3010 827 3197 878 minus
3226 826 3291 879 de
3322 825 3675 897 imperatore,
3696 831 3795 897 qui

2204 897 2274 951 ad
2306 899 2419 951 tale
2445 899 2734 968 fastigium
2764 913 2795 950 (ι
2823 898 2927 951 Deo
2956 902 3163 951 evectus
3194 902 3292 951 est.

2204 986 2263 1040 Si
2295 986 2413 1040 haec
2446 986 2528 1040 ita
2560 990 2720 1052 sunt,
2757 990 2819 1040 ut
2868 986 3066 1040 hostes
3115 986 3649 1057 deprehendantur,
3682 988 3785 1058 qui

2135 1074 2380 1129 Romani
2414 1076 2799 1141 vocabantur,
2836 1091 2942 1129 cur
2972 1090 3099 1140 nos,
3134 1074 3234 1145 qui
3267 1075 3463 1130 hostes
3492 1076 3785 1131 existima-

2134 1180 2281 1224 mur.
2341 1164 2587 1218 Romani
2634 1163 3013 1235 negamur“?
3046 1180 3159 1218 non
3196 1180 3513 1234 possumus
3563 1172 3619 1221 et
3670 1170 3784 1221 Ro-

2133 1253 2291 1306 mani
2325 1254 2479 1307 460
2509 1268 2658 1318 esse,
2691 1257 2748 1307 et
2797 1254 2995 1307 hostes
3028 1268 3140 1307 non
3174 1269 3303 1307 esse
3334 1253 3373 1320 ⁸,
3408 1270 3536 1309 cum
3585 1255 3785 1311 hostes

2133 1341 2503 1413 reperiantur
2544 1342 2641 1412 qui
2676 1341 2920 1397 Romani
2972 1341 3362 1397 habebantur.
3397 1344 3548 1398 Adeo
3597 1344 3787 1415 pietas

2132 1437 2188 1487 et
2219 1430 2418 1503 religio
2452 1432 2566 1501 (44)
2598 1436 2655 1485 et
2682 1431 2827 1487 ﬁdes
2861 1430 3316 1501 imperatoribus
3347 1432 3545 1488 dedita
3578 1449 3693 1489 non
3726 1433 3788 1489 in

2132 1519 2474 1590 huiusmodi
2528 1519 2737 1575 ofﬁciis
2786 1519 3080 1586 consistit,
3113 1520 3329 1591 quibus
3388 1524 3446 1575 et
3489 1520 3792 1579 hostilitas

2133 1609 2316 1681 magis
2349 1609 2419 1664 ad
2471 1608 2868 1665 velamentum
2903 1608 2995 1664 sui
3044 1613 3233 1681 potest
3264 1608 3453 1682 fungi,
3484 1612 3585 1666 sed
3621 1611 3681 1667 in
3715 1611 3788 1669 iis

2136 1698 2421 1765 moribus,
2481 1697 2700 1769 quibus
2773 1696 3021 1753 civilitas
3080 1697 3140 1752 in
3196 1698 3609 1769 imperatorem
3668 1704 3797 1758 tam

2135 1803 2266 1842 vere
2295 1788 2336 1854 ‘,
2370 1804 2549 1858 quam
2582 1786 2735 1842 circa
2771 1803 2977 1842 omnes
3001 1804 3239 1843 necesse
3262 1788 3477 1844 habet"
3509 1788 3794 1845 exhiberi.

2139 1876 2336 1949 Neque
2369 1876 2526 1931 enim
2566 1875 2687 1931 haec
2718 1893 2892 1948 opera
2925 1877 3091 1933 bona:
3125 1876 3338 1931 mentis
3373 1876 3513 1932 solis
3545 1878 3799 1950 impera-

2139 1967 2366 2022 toribus
2389 1966 2676 2022 debentur
2698 1984 2731 2023 a
2751 1966 2941 2022 nobis.
2969 1965 3208 2021 Nullum
3237 1966 3459 2022 bonum
3493 1966 3603 2022 sub
3635 1983 3800 2023 exce-

2140 2056 2337 2128 ptione
2392 2072 2775 2128 personarum
2854 2054 3367 2127 administramus,
3426 2056 3567 2128 quia
3623 2056 3797 2113 nobis

1810 2206 2013 2268 Variae
2043 2206 2367 2269 lectiones.

452 2336 496 2370 9°
527 2337 657 2390 Hau.
692 2349 721 2388 e
750 2333 866 2389 cod.
900 2332 1052 2387 Fuld.
1090 2329 1478 2403 nubi‘labant;
1512 2333 1631 2400 Ilia.
1664 2340 1716 2388 et
1742 2333 1870 2388 Jun.
1898 2348 1927 2387 e
1957 2332 2073 2388 cod.
2107 2337 2240 2388 Put.
2275 2330 2653 2387 nebulabant.
2678 2332 2739 2386 In
2768 2331 2885 2385 cod.
2918 2332 3090 2402 Lugd.
3118 2331 3311 2386 desunt
3332 2347 3415 2387 vv.
3450 2347 3628 2403 quam
3660 2330 3797 2388 elat.

382 2408 785 2463 enubilabant.
866 2406 879 2438 ί
914 2406 1031 2476 Rig.
1059 2409 1109 2459 et
1142 2409 1280 2459 Hau.
1315 2402 1608 2476 edicerent
1639 2404 1694 2458 in
1729 2405 1803 2459 al.
1839 2403 1942 2459 sol.
1977 2410 2033 2460 et
2063 2404 2396 2475 exemplum
2427 2414 2528 2459 cet.
2561 2403 3043 2476 ALediscerent;
3074 2404 3191 2459 cod.
3242 2405 3413 2471 Lugd.
3446 2402 3514 2459 Π.
3565 2404 3798 2459 edisse-

380 2485 532 2546 rent,
566 2497 635 2533 ne
670 2478 726 2530 in
761 2476 834 2531 al.
870 2475 992 2531 sol.
1012 2481 1068 2531 et
1114 2475 1444 2545 exemplum
1478 2483 1587 2531 cet.

1693 2478 1713 2511 ²
1748 2477 1911 2531 Rhea.
1942 2481 1992 2531 et
2025 2476 2135 2532 Gel.
2166 2493 2184 2532 :
2218 2479 2537 2545 imitantes,
2571 2475 2687 2530 cod.
2740 2476 2916 2547 Lugd.
2968 2476 3301 2529 invitantes.

3403 2476 3425 2509 ⁸
3461 2477 3736 2546 Separatu
3749 2493 3797 2541 r,

382 2554 514 2605 Hau.
590 2552 613 2583 ⁴
643 2554 952 2619 Negemur,
987 2550 1114 2602 Par.
1190 2547 1210 2581 ⁵
1246 2550 1457 2602 Pamet.
1491 2550 1701 2616 aliique
1730 2560 1783 2603 et
1816 2549 2063 2603 Romani
2097 2565 2213 2602 non
2247 2564 2376 2602 esse
2406 2555 2463 2603 et
2492 2548 2690 2603 hostes
2722 2564 2868 2601 esse.
2944 2548 2965 2581 ⁸
2999 2552 3162 2602 Hauc
3211 2548 3500 2602 lectionem
3548 2549 3795 2603 restituit

382 2626 603 2677 IVouw.
630 2636 659 2676 e
690 2638 813 2686 ms.,
844 2623 937 2675 cui
967 2620 1179 2675 assensi
1208 2625 1339 2673 sunt
1368 2620 1508 2689 ltig.,
1550 2622 1683 2674 llav.
1718 2621 1925 2690 aliique
1946 2637 1965 2681 ,·
1987 2620 2110 2674 edd.
2141 2624 2355 2691 priores
2389 2637 2400 2675 :
2431 2621 2653 2683 Quibus
2682 2620 2959 2674 divinitas
2992 2619 3261 2689 imperat,
3287 2624 3405 2673 tam
3439 2636 3589 2688 vers,
3621 2634 3795 2690 quam

379 2699 490 2749 cet.
523 2698 677 2750 Hau.
708 2696 891 2747 autem
918 2696 969 2747 et
1000 2692 1177 2747 Ritter
1205 2695 1667 2760 transposuerunt
1697 2710 1781 2748 υυ.
1818 2692 2065 2748 civilitas
2098 2697 2216 2747 tam
2250 2708 2379 2747 vere
2411 2693 2469 2747 in
2502 2694 2670 2763 imp.,
2694 2707 2873 2762 quam
2904 2695 3013 2747 cet.
3090 2692 3109 2726 ⁷
3142 2691 3388 2747 Necesse
3419 2691 3618 2760 habet,
3647 2693 3801 2748 abest

378 2773 515 2823 Par.

1822 2862 2342 2923 Commentarius.

381 2997 651 3071 cognosci
686 3012 700 3052 :
734 3018 754 3045 ι
792 2996 981 3071 Hujus
1006 2994 1150 3071 illud
1180 2997 1344 3066 pueri
1374 2996 1560 3071 fertur
1588 2996 1838 3071 insigne,
1875 2997 2031 3071 quod

380 3066 512 3126 cuin
542 3068 711 3125 vellet
741 3069 997 3139 partium
1022 3067 1385 3123 diversarum
1422 3066 1575 3122 viros
1606 3066 1847 3123 Severus
1882 3066 2031 3123 ecci-

383 3145 540 3210 dere,
591 3147 648 3196 et
701 3141 852 3196 inter
899 3156 1040 3194 suos
1083 3141 1320 3207 diceret,
1372 3139 1569 3194 hostes
1610 3140 1771 3195 vobis
1825 3140 2029 3210 eripio,

380 3214 852 3284 consentiretque
913 3212 1075 3284 adeo
1114 3228 1301 3282 usque
1332 3212 1672 3284 Bassianus,
1708 3217 1773 3267 ut
1827 3229 2030 3267 eorum

384 3287 561 3343 etiam
612 3282 848 3353 liberos,
883 3288 939 3337 et
969 3282 1080 3338 sibi
1125 3284 1479 3351 consuleret,
1514 3283 1730 3339 diceret
1760 3285 2029 3339 occiden—

378 3361 513 3425 dos,
543 3358 685 3414 Geta
716 3358 1110 3427 interrogasse
1139 3359 1340 3422 fertur,
1373 3362 1630 3428 quantus
1661 3361 1816 3411 esset
1854 3356 2031 3411 inter-

381 3431 767 3487 ﬁciendorum
816 3444 1119 3497 numerus,
1154 3427 1407 3499 cumque
1438 3427 1677 3483 dixisset
1720 3433 1906 3499 pater,
1937 3429 2033 3484 ille
2064 3428 2106 3496 C

380 3502 765 3574 interrogavit
798 3518 810 3555 :
846 3500 943 3555 Isti
968 3500 1186 3555 habent
1208 3506 1501 3574 parentes,
1536 3500 1754 3555 habent
1787 3501 2029 3573 propin-

383 3574 582 3646 quos?
612 3572 745 3629 cum
798 3588 1146 3646 responsum
1180 3577 1355 3636 esset,
1390 3572 1603 3627 habere
1647 3573 2025 3646 complures:

380 3643 585 3703 Plures
625 3661 761 3716 ergo
806 3646 863 3699 in
903 3643 1146 3700 civitate
1195 3646 1413 3717 tristes,
1440 3650 1613 3699 erunt
1662 3643 1837 3717 quam
1888 3645 2026 3712 lasti,

382 3720 535 3791 quod
569 3718 839 3791 vicimus.
876 3737 903 3765 ››
936 3750 943 3753 -
976 3747 1004 3759 ~
1038 3739 1066 3791 ᾳ
1103 3722 1166 3770 Et
1188 3716 1541 3791 obtinuisset
1593 3716 1777 3788 (addit
1810 3718 2027 3791 ibidem

384 3788 602 3863 Spart.)
636 3791 773 3863 ejus,
812 3789 1122 3863 sententia,
1164 3788 1276 3844 nisi
1329 3788 1671 3863 Plautianus
1714 3790 2029 3863 praefectus

381 3860 468 3920 vel
510 3860 809 3916 Juvenalis
858 3861 1212 3916 institissent
1257 3876 1359 3930 spe
1418 3860 1911 3931 proscriptionum
1961 3875 2031 3915 ex

385 3934 601 4006 quibus
632 3934 796 3988 ditati
830 3938 991 4006 sunt.
1036 3951 1060 3983 ι
1099 3932 1159 3986 In
1182 3930 1429 4006 vocibus
1466 3948 1599 4006 vero
1629 3930 1732 3987 sed
1761 3937 1812 3987 et
1845 3933 1939 4004 qui
1966 3930 2029 3985 τὸ

386 4003 438 4061 et
495 4005 772 4076 expungit
818 4004 948 4061 Ald.
998 4013 1048 4059 et
1091 4020 1221 4059 mox
1268 4005 1327 4057 in
1381 4003 1545 4059 Fuld.
1598 4020 1700 4075 pro
1756 4003 2032 4073 superstes

389 4078 671 4132 mendosa
718 4076 1009 4147 scriptura
1041 4076 1215 4131 habet
1244 4079 1506 4147 superest,
1560 4080 1621 4129 ut
1651 4080 1705 4131 et
1737 4080 1794 4131 L.
1828 4081 1888 4130 Β.
1926 4094 2029 4148 pro

385 4166 562 4223 quam,
585 4163 818 4223 semper
851 4154 971 4223 qui.
1000 4148 1139 4223 HAv.

458 4222 569 4293 (39)
604 4218 1019 4276 Recentissimis.
1079 4220 1234 4293 Nota,
1270 4234 1502 4293 Amorem
1565 4218 1899 4288 antiquum,
1943 4236 2031 4274 re-

385 4290 583 4349 centes
618 4294 867 4347 maxime
917 4294 1113 4347 lauros
1145 4290 1421 4346 adhibere
1454 4295 1797 4361 tantamque
1828 4307 2029 4346 earum

381 4366 497 4419 vim
531 4370 587 4420 et
634 4364 1125 4435 magnitudinem,
1161 4368 1225 4418 ut
1255 4363 1423 4434 quasi
1474 4363 1667 4418 aditus
1708 4364 2031 4433 januarum

384 4442 851 4510 prazstrueretur.

458 4510 568 4579 (40)
602 4508 962 4563 Elatissimis.
996 4505 1262 4576 Intelligo
1298 4506 1367 4579 de
1398 4502 1543 4560 serie
1576 4504 1945 4560 lucernarum
1979 4512 2035 4561 et

385 4577 689 4653 suggestu,
723 4586 789 4635 ut
837 4580 1042 4653 Noster
1090 4595 1269 4653 supra
1316 4577 1546 4653 locutus
1595 4580 2032 4653 est._quomodo

384 4648 552 4723 quasi
584 4648 864 4707 tabulatis
910 4651 1159 4723 aliquot,
1185 4650 1240 4703 in
1272 4649 1599 4723 vestibulis
1626 4648 1711 4723 vel
1758 4648 2033 4721 postibus

384 4721 755 4780 lucernarum
779 4724 1023 4779 istarum
1051 4722 1231 4778 series
1274 4722 1552 4775 aediﬁcata
1578 4721 1758 4775 fuisse
1780 4723 2028 4778 videtur.

2237 2995 2372 3056 Quid
2402 2996 2497 3045 tibi
2529 3009 2649 3045 cum
2682 2995 2948 3045 medicis?
2982 2995 3188 3045 dimitte
3228 2995 3552 3045 machaonas
3587 3008 3795 3047 omnes.

2301 3060 2391 3111 Vis
2420 3059 2534 3108 ﬁeri
2565 3062 2771 3108 sanus?
2802 3058 3041 3122 stragula
3072 3072 3221 3108 sume
3252 3072 3391 3108 mea.

2143 3182 2248 3248 Qui
2298 3182 2452 3237 idem
2504 3198 2611 3236 nos
2663 3182 2831 3237 docet
2879 3186 3117 3253 tempus
3157 3181 3272 3237 diei
3323 3197 3439 3251 quo
3470 3197 3648 3239 scena
3676 3183 3793 3239 ista

2143 3254 2574 3380 dissglvebatur
2603 3254 2831 3325 torique
2863 3255 3105 3309 domum
3138 3255 3572 3311 reducebantur
3601 3256 3796 3327 lib.1v,

2143 3342 2235 3399 ep.
2335 3344 2348 3383 :

2362 3469 2595 3533 Imperat
2623 3472 2924 3518 exstructos
2952 3468 3200 3531 frangere
3234 3481 3379 3517 nona
3409 3472 3574 3519 toros.

2141 3631 2278 3686 Post
2309 3630 2467 3685 illam
2498 3630 2701 3686 horam
2734 3629 2891 3685 enim
2922 3646 3037 3703 non
3072 3627 3240 3684 facile
3270 3628 3489 3700 probus
3522 3632 3659 3702 quis
3692 3647 3795 3703 per

2142 3703 2365 3775 plateas
2418 3704 2819 3773 grassabatur,
2852 3702 2953 3756 sed
3002 3702 3239 3757 domum
3272 3703 3443 3775 se_ad
3479 3702 3705 3760 ccenam
3735 3709 3792 3760 et

2143 3772 2339 3831 studia
2394 3772 2733 3846 recipiebat,
2767 3774 3103 3829 meretrices
3160 3772 3597 3846 verorlupanar
3652 3781 3794 3833 tunc

2140 3848 2366 3918 aperire
2400 3845 2582 3902 solitis
2614 3851 2800 3914 erant,
2834 3846 2971 3901 inde
3015 3845 3267 3901 nonaria:
3298 3845 3467 3901 dictis
3507 3847 3698 3903 Persio
3730 3848 3789 3904 in

2140 3920 2253 3975 ﬁne
2283 3923 2401 3975 Sat.
2439 3921 2488 3974 1.

2358 4078 2411 4129 Si
2442 4079 2641 4143 Cynico
2669 4076 2890 4128 barbam
2923 4076 3175 4141 petulans
3202 4076 3423 4127 noueris
3451 4077 3630 4129 vellat.
3661 4080 3792 4134 HAV.

2214 4240 2327 4311 (42)
2356 4242 2420 4295 In
2477 4239 2644 4295 corde
2695 4243 2987 4294 mutantes.
3043 4238 3330 4311 imitantes
3386 4238 3567 4294 Rhea.
3620 4240 3682 4296 L.
3716 4241 3785 4301 Β.

2143 4309 2757 4367 inuitanttsNeutrum
2785 4310 2994 4382 placet.
3024 4309 3281 4382 Illustrat
3302 4326 3432 4366 vero
3454 4311 3563 4367 hoc
3593 4314 3798 4370 admo-

2143 4386 2283 4438 dum
2318 4384 2614 4439 calumnia
2645 4380 2859 4438 Valerii
2892 4380 3081 4436 Omuli
3113 4398 3229 4452 qua
3260 4382 3333 4436 M.
3366 4383 3646 4439 Antonini
3677 4402 3801 4441 ma-

2143 4462 2291 4511 trem
2344 4458 2494 4527 apud
2548 4458 2761 4511 Anton.
2796 4456 2966 4508 Pium
3015 4454 3321 4527 onerabat.
3350 4454 3559 4511 Narrat
3601 4456 3799 4514 Julius

2144 4525 2530 4599 Capitolinus,
2564 4528 2623 4582 in
2658 4528 2781 4581 Vita
2805 4526 3175 4599 M.Ant_onini
3200 4525 3538 4599 Philosophi
3565 4544 3578 4584 :
3607 4551 3634 4579 ‹‹
3667 4534 3803 4587 Erat

2143 4597 2339 4655 autem
2373 4600 2431 4654 in
2464 4603 2717 4655 summis
2749 4597 3051 4671 obsequiis
3072 4598 3252 4668 patris
3272 4601 3804 4671 Marcus,quamvis

2144 4690 2259 4727 non
2294 4673 2567 4727 deessent
2616 4672 2711 4741 qui
2745 4670 2944 4741 aliqua
2990 4670 3296 4741 adversum
3338 4688 3473 4727 eum
3526 4670 3801 4730 insusur-

2149 4749 2365 4817 rarent,
2400 4750 2457 4798 et
2508 4740 2875 4817 pris’czeteris
2909 4740 3169 4817 valerius
3193 4741 3455 4817 ‘Qtnulus
3487 4762 3499 4799 :
3535 4746 3632 4817 qui
3664 4764 3801 4803 cum

455 4798 562 4868 (41)
594 4796 933 4876 Qultissimis
982 4804 1035 4850 et
1064 4794 1477 4876 superbissimis
1531 4795 1681 4876 toris.
1716 4796 2032 4876 Scriverius

2149 4794 2432 4872 Lucillam
2485 4794 2732 4870 matrem
2785 4814 2961 4869 Marci
2997 4814 3055 4867 in
3102 4812 3375 4870 viridario
3427 4794 3803 4876 venarentem

384 4866 470 4922 ex'
506 4866 561 4923 V.
598 4869 657 4923 Ο.
703 4874 863 4923 notat
923 4868 1118 4933 tauris,
1153 4870 1214 4919 ut
1247 4866 1337 4939 ad
1372 4866 1686 4939 Asacriﬁcia
1746 4868 2039 4939 respiciat,

385 4940 540 5010 quod
576 4957 689 4994 non
726 4942 933 5012 placet,
968 4939 1121 4993 sumi
1165 4937 1321 5012 enim
1355 4937 1534 5012 deber
1564 4944 1627 5012 ut
1657 4938 1714 4991 in
1750 4937 2037 5012 principio

384 5009 565 5082 hujus
613 5009 742 5084 cap:
776 5036 803 5062 α
836 5013 1068 5067 Grande
1124 5009 1392 5084 videlicet
1450 5011 1709 5084 ofﬁcium
1770 5009 2042 5084 focos'iet

383 5088 543 5138 toros
592 5084 649 5137 in
688 5082 1012 5154 publicum
1069 5082 1337 5137 educere.
1375 5104 1404 5129 »
1452 5082 1557 5136 Ubi
1618 5082 1747 5137 vide
1804 5083 2037 5140 Herald.

389 5156 536 5211 Dicit
566 5162 762 5211 autem
798 5157 1130 5221 dividebant,
1166 5156 1468 5225 captantes
1515 5169 1599 5221 se,
1632 5156 2041 5211 commodissi-

387 5245 548 5283 mum
601 5228 1009 5299 optimumque
1043 5226 1258 5299 locum,
1292 5225 1461 5296 quasi
1510 5225 1749 5299 olitores
1802 5228 2041 5298 quidam

387 5304 490 5354 aut
520 5296 859 5355 tabernarii.
892 5296 1235 5370 Superbiam
1267 5314 1400 5353 vero
1433 5302 1491 5352 et
1516 5296 1737 5353 cultum
1779 5296 2043 5356 tororum

382 5388 488 5429 seu
518 5371 861 5427 lecticarum
894 5369 1064 5428 nemo
1092 5369 1305 5425 melius
1333 5369 1613 5425 describit
1642 5372 1927 5427 Martiale.
1964 5373 2039 5429 Is.

387 5444 492 5500 lib.
526 5462 604 5512 xx,
635 5444 819 5516 epigr.
857 5444 943 5500 16.

513 5577 685 5627 Zoilus
706 5580 959 5639 mgrotat,
991 5575 1194 5639 faciunt
1222 5573 1363 5623 hanc
1382 5574 1628 5639 stragula
1658 5575 1884 5626 febrem.

549 5641 598 5690 Si
632 5636 795 5689 fuerit
823 5636 1019 5696 salvus,
1053 5638 1273 5685 coccina
1302 5637 1429 5698 quid
1462 5636 1703 5688 facient?

517 5704 652 5761 Quid
685 5708 835 5753 torus
867 5718 896 5753 a
926 5703 1057 5755 Nilo,
1091 5700 1219 5763 quid
1251 5698 1477 5763 sindone
1506 5701 1704 5749 tinctus
1736 5702 1943 5753 olenti?

548 5768 792 5820 Ostendit
822 5768 1012 5819 stultas
1042 5762 1171 5831 quid
1202 5762 1303 5815 nisi
1332 5763 1554 5815 morbus
1584 5768 1755 5829 opes?

686 5888 1047 5972 PATROLJ.

2153 4889 2537 4944 simulacrum
2593 4885 2875 4959 Apollinis
2926 4885 3621 4959 vidis‘set,iinsusurravit
3655 4907 3668 4946 :
3701 4892 3808 4949 Illa

2152 4978 2308 5087 nqnc
2340 4966 2525 5087 rtqgat,
2564 4956 2811 5015 ut'diem
2839 4963 3007 5013 tuum
3043 4956 3307 5026 claudas,
3342 4965 3398 5016 et
3434 4962 3591 5018 ﬁlius
3623 4962 3807 5037 impe-

2152 5052 2210 5087 re
2245 5076 2254 5086 .
2294 5056 2313 5080 Ι
2401 5050 2491 5085 Αν.

2150 5039 2254 5089 ret.
2294 5056 2313 5080 ι
2354 5039 2491 5087 ΗΑν.

2222 5106 2331 5175 (43)
2365 5106 2429 5158 Et
2478 5102 2570 5174 qui
2602 5102 2927 5171 astrologos.
2960 5100 3208 5175 Attingit
3258 5100 3367 5157 hoc
3408 5104 3629 5161 crimen
3679 5107 3814 5162 Ter-

2152 5172 2459 5250 tullianus,
2486 5172 2735 5250 qui‘sub
2767 5178 2973 5250 Severo
3018 5172 3188 5250 multi
3216 5180 3452 5247 propter
3482 5176 3810 5250 astrologos

2154 5249 2392 5321 periere.
2430 5247 2775 5321 Spartianus
2809 5248 2866 5301 in
2895 5245 3130 5321 Severo.
3167 5245 3295 5300 Lac.

2226 5322 2338 5391 (44)
2368 5318 2510 5375 Adeo
2540 5322 2715 5390 pietas
2746 5327 2795 5373 at
2828 5318 3345 5391 religioJlactenus
3374 5319 3650 5391 refutavit
3676 5318 3811 5377 illos

2154 5388 2781 5463 ex‘propriaiipsorum
2808 5388 3083 5463 opinione
3110 5407 3123 5455 ;
3157 5406 3312 5463 nunc
3343 5389 3495 5447 clare
3525 5392 3605 5447 ait
3636 5392 3815 5463 pieta-

2154 5461 2295 5531 tem,
2327 5461 2385 5519 et
2440 5461 2804 5535 religionem,
2839 5461 3102 5535 etﬁdem
3153 5461 3407 5535 debitam
3448 5461 3816 5535 imperatoriu

2158 5537 2268 5591 bus
2304 5554 2414 5610 non
2451 5531 2579 5591 esse
2628 5534 2876 5610 positam
2911 5532 2969 5610 i_n_
3001 5531 3095 5610 his
3145 5531 3356 5610 ofﬁciis
3388 5538 3444 5610 et
3476 5531 3651 5610 rebus
3681 5538 3812 5610 qui-

2156 5610 2268 5681 bus
2326 5607 2577 5681 velatur,
2624 5604 2859 5681 tegitur,
2915 5604 3336 5681 dissimulatur
3396 5604 3717 5681 hostilitas;
3751 5614 3815 5668 ut

2161 5680 2381 5755 faciunt
2404 5676 2779 5755 gentilemqui
2804 5694 2937 5735 cum
2961 5676 3159 5755 dicant
3178 5678 3370 5753 palam
3399 5697 3461 5739 se
3490 5676 3809 5755 Romanos,

2164 5752 2313 5812 clam
2345 5758 2541 5814 tamen
2574 5751 2954 5812 insidiantur.
2986 5753 3118 5809 Lac.

3458 5886 3529 5949 17
