4264 6378
462 400 581 463 535

1563 398 2155 465 APOLOGETICUS
2202 401 2379 463 ADV.
2428 400 2761 464 GENTES.

3760 402 3880 463 526

456 533 546 587 set
576 528 744 585 nobis
774 528 861 586 vis
890 546 1270 587 numerorum
1302 534 1360 587 et
1387 532 1688 605 copiarum
1710 532 1739 588 ?
1769 532 1970 589 Plures
2015 533 2101 587 ni-
2133 536 2187 604 Α
2216 534 2271 587 et
2302 534 2601 603 stuporem
2633 532 2948 604 quemdam
2973 532 3143 605 quasi
3168 532 3384 588 mortui
3417 531 3579 588 orbis
3603 532 3648 569 ’ί
3676 548 3691 601 ;
3727 546 3885 604 quaa-

454 621 671 676 mirum
705 618 893 674 Mauri
946 626 1003 676 et
1049 622 1451 705 Marcomanni
1504 622 1734 694 ipsique
1787 622 2003 687 Parthi,
2035 637 2119 692 ve]

452 713 925 782 quantaecunque
954 710 1133 765 unius
1165 714 1367 822 ωσιθὲ
1398 711 1509 767 loci
1544 716 1600 767 et
1630 728 1872 768 suorum
1916 711 2121 766 ﬁnium

452 803 653 822 ..Α-ι--
714 814 886 822 ...ηιμ
924 800 1103 822 ι-ι;.--
1142 798 1296 822 -..1.2-
1375 800 1639 822 ῐῐ--ι,--ε
1708 801 1748 822 η
1805 817 2009 822 _-__.___
2070 794 2120 822 ,4

449 803 675 871 gentes,
711 814 891 869 quam
924 800 1104 854 totius
1138 786 1642 855 orbisyllesterni
1708 801 1748 836 ιδ
1803 817 2033 865 sumus,
2067 794 2123 855 et

448 894 643 944 vestra
692 887 893 942 omnia
924 887 1304 960 implevimus
1336 890 1476 962 (49),
1510 892 1706 958 urbes,
1746 889 1994 955 insulas,
2027 906 2119 944 ca-

452 976 639 1047 stella,
690 978 844 1032 463
898 976 1246 1050 municipia,
1298 978 1710 1047 conciliabula,
1751 984 1938 1034 castra
1971 980 2120 1061 ipsa,

450 1068 664 1134 tribus,
701 1066 990 1133 decurias,
1038 1065 1344 1138 palatium,
1394 1073 1687 1134 senatum,
1732 1068 1923 1123 forum
1952 1087 1964 1136 ;
1997 1067 2123 1123 sola

452 1156 618 1212 vobis
642 1155 990 1227 reliquimus
1016 1156 1256 1227 templa.
1276 1162 1588 1213 Possumus
1612 1158 1983 1213 dinumerare
2006 1156 2119 1229 (50)

453 1246 743 1301 exercitus
773 1251 997 1300 vostros
1041 1262 1053 1300 :
1088 1247 1267 1301 unius
1302 1246 1612 1302 Provinciis
1644 1249 1842 1319 plures
1873 1253 2046 1302 erunt
2078 1245 2122 1282 ¹⁹

453 1335 555 1390 Cui
588 1334 737 1390 bello
771 1352 884 1390 non
916 1334 1134 1405 idonei,
1162 1352 1274 1390 non
1309 1336 1563 1408 prompti
1596 1336 2119 1403 fuissemus,etiam

454 1423 712 1496 impares
744 1424 950 1495 copiis,
986 1424 1087 1495 qui
1118 1429 1234 1479 tam
1269 1423 1519 1480 libenter
1548 1425 2119 1496 trucidamur(54),si

454 1530 581 1570 non
614 1517 767 1586 apud
806 1514 979 1568 istam
1029 1513 1404 1585 disciplinam
1450 1515 1639 1586 magis
1680 1515 1864 1570 occidi
1900 1515 2119 1579 liceret,

455 1619 638 1676 quam
675 1601 982 1657 occidere?
1013 1602 1320 1658 Potuimus
1364 1607 1420 1658 et
1452 1604 1729 1669 inermes,
1764 1620 1865 1659 nec
1898 1604 2121 1660 rebcles

458 1693 560 1749 sed
592 1691 1002 1748 tantummodo
1035 1691 1357 1759 discordes,
1404 1691 1590 1748 solius
1641 1693 1869 1747 divortii
1903 1693 2121 1749 invidia

454 1782 734 1837 adversus
756 1796 855 1836 vos
877 1780 1207 1835 dimicasse.
1235 1780 1291 1834 Si
1317 1781 1474 1835 enim
1499 1786 1661 1836 tanta
1687 1798 1787 1837 vos
1810 1780 2118 1837 hominum

2232 621 2462 678 sissetis
2509 622 2725 694 quibus
2772 622 3161 694 imperaretis.
3212 621 3419 678 Plures
3469 621 3669 678 hostes
3701 636 3879 694 quam

2232 711 2385 767 cives
2416 711 2576 767 vobis
2607 713 3046 767 remansissent.
3069 716 3232 767 Nune
3266 712 3422 767 enim
3448 712 3752 783 pauciores
3784 710 3885 766 ho-

2231 804 2351 856 stes
2384 800 2611 856 habetis
2642 818 2760 873 prae
2790 800 3167 857 multitudine
3197 800 3687 871 Christianorum,
3738 816 3885 873 pene

2231 890 2495 945 omnium
2550 890 2849 945 civitatum
2899 891 2943 924 ²²
2992 907 3137 961 pene
3179 908 3382 946 omnes
3415 891 3568 946 cives
3598 890 3886 945 Christia-

2230 996 2336 1034 nos
2368 979 2659 1034 habendo.
2708 980 2816 1034 Sed
2849 979 3046 1034 hostes
3088 978 3384 1035 maluistis
3414 994 3619 1035 vocare
3651 978 3883 1050 generis

2230 1066 2475 1121 humani
2503 1068 2565 1119 ’3.
2598 1068 2738 1131 Quis
2770 1072 2966 1122 autem
3018 1084 3117 1122 vos
3166 1068 3239 1122 ab
3271 1067 3388 1123 illis
3419 1067 3661 1123 occultis
3692 1074 3751 1123 et
3781 1083 3882 1123 us-

2231 1172 2579 1228 quequaque
2628 1157 2997 1212 vastantibus
3040 1161 3265 1213 mentes
3295 1162 3349 1212 et
3389 1156 3750 1213 valetudines
3780 1173 3880 1211 ve-

2230 1249 2382 1300 stras
2427 1244 2695 1300 hostibus
2728 1247 2999 1317 raperet?
3030 1263 3064 1301 a
3093 1247 3512 1303 dmmoniorum
3545 1246 3881 1303 incursibus

2231 1334 2380 1403 dico,
2414 1350 2543 1404 quae
2572 1334 2642 1389 de
2673 1335 2836 1390 vobis
2868 1336 2993 1390 sine
3026 1336 3283 1407 praemio,
3326 1336 3453 1392 sine
3483 1336 3750 1393 mercede
3781 1335 3882 1392 de-

2230 1421 2525 1494 pellimus.
2559 1423 2894 1479 Suffecisset
2934 1423 3042 1480 hoc
3094 1422 3282 1479 solum
3337 1430 3550 1481 nostra:
3599 1426 3755 1480 464
3794 1424 3883 1480 ul-

2227 1511 2393 1576 tioni,
2428 1513 2582 1582 quod
2614 1528 2797 1567 vacua
2827 1512 3032 1567 exinde
3064 1513 3358 1585 possessio
3403 1514 3730 1569 immundis
3760 1513 3880 1585 spi-

2228 1600 2440 1655 ritibus
2472 1602 2747 1672 pateretis
2779 1602 2842 1657 ²⁴.
2878 1606 3053 1657 Porro
3107 1619 3211 1657 nec
3252 1602 3400 1658 tanti
3436 1601 3689 1674 praesidii
3720 1618 3883 1657 com-

2228 1692 2627 1763 pensationem
2662 1694 3001 1765 cogitantes,
3034 1708 3151 1749 non
3196 1694 3370 1749 modo
3419 1710 3534 1749 non
3575 1692 3883 1749 molestum

2227 1782 2393 1836 vobis
2451 1798 2658 1851 genus,
2706 1799 2909 1838 verum
2959 1783 3137 1839 etiam
3205 1782 3627 1852 necessarium,
3683 1780 3883 1836 hostes

454 1871 513 1927 in
534 1870 965 1941 aliquemorbis
984 1869 2116 1947 remotisinumabrupissemusavobis,
2148 1916 2196 1982 B
2219 1871 2486 1941 judicare
2519 1871 2813 1927 maluistis
2847 1888 2861 1927 :
2893 1872 2993 1944 qui
3025 1888 3234 1927 sumus
3280 1870 3471 1942 plane,
3505 1887 3620 1926 non
3653 1868 3881 1943 generis

455 1960 798 1982 _-_ﬂ.‘--J:---L
834 1959 880 1982 9n
919 1959 1189 1982 r-.-.1-..-1
1250 1960 1446 1982 --LI.-.--
1512 1958 1959 1982 ,Ι...,.ἔ...ι.ξ.-,...Δ
2023 1976 2083 1982 ..-
2227 1960 2468 1982 L--..-__:
2502 1963 2691 1982 1.-...-_
2755 1961 2849 1982 --.1
2887 1961 3081 1982 ..-ιε---
3119 1959 3324 1982 -.__-_!_

453 1960 802 2015 suffudisset
834 1959 880 1993 ²⁰
919 1959 1189 2029 [pudore]
1250 1960 1450 2027 utique
1507 1958 1963 2014 dominationem
2023 1976 2116 2014 ve-

461 2052 646 2104 stram
670 2053 755 2103 tot
775 2048 1273 2118 qualiumcunque
1298 2046 1539 2103 amissio
1560 2048 1918 2112 civium,imo
1940 2049 2115 2104 etiam

462 2148 517 2194 et
549 2138 677 2209 ipsa
725 2137 1108 2191 destitutione
1138 2136 1425 2207 punisset.
1474 2136 1683 2192 Procul
1734 2138 1911 2193 dubio
1942 2153 2115 2208 expa-

454 2226 688 2283 vissetis
711 2225 783 2281 ad
807 2223 1183 2280 solitudinem
1208 2231 1480 2293 vestram,
1498 2226 1567 2280 ad
1593 2225 1892 2281 silentium
1920 2241 2115 2281 rerum

2227 1960 2471 2014 humani
2502 1963 2719 2028 tamen,
2752 1961 2853 2016 sed
2885 1961 3083 2032 potius
3113 1959 3344 2016 erroris.

2787 2066 3019 2123 CAPUT
3057 2066 3327 2122 XXXVIII

2226 2158 2662 2211 ARGUMENTUM.
2681 2188 2749 2197 —
2777 2157 2912 2225 Quae
2930 2172 3059 2213 cum
3084 2159 3161 2211 ita
3177 2157 3308 2223 sint,
3341 2155 3658 2222 tolerari,ut
3675 2160 3882 2210 sectam

2296 2230 2566 2299 aliquam,
2598 2231 2694 2299 qui
2720 2230 2865 2284 nihil
2897 2232 3035 2284 mali
3062 2232 3313 2300 operetur
3343 2229 3576 2288 debere;
3606 2242 3715 2283 non
3735 2228 3884 2282 enim

1887 2328 2088 2387 Variae
2132 2327 2447 2389 lectiones.

532 2422 575 2460 1⁸
606 2425 687 2479 Ita
718 2422 959 2478 Heratrl.
992 2438 1021 2478 e
1050 2438 1149 2476 ms.
1184 2426 1333 2489 Put.,
1366 2422 1484 2479 Ald.
1522 2424 1666 2493 Rig.,
1700 2424 1856 2491 Hav.,
1887 2425 2016 2480 Jun.
2052 2425 2127 2479 La
2170 2424 2379 2494 Cerda;
2411 2426 2595 2481 czeteri
2632 2443 2651 2480 :

462 2511 534 2549 ea:
561 2512 669 2550 uno
699 2496 826 2551 cod.
858 2495 1017 2567 Fuld.
1054 2497 1262 2565 recepit
1292 2497 1422 2550 Ilav.
1456 2498 1555 2567 qui
1586 2512 1696 2551 voc.
1731 2495 2047 2551 Christiani
2078 2498 2348 2552 excidisse
2379 2499 2686 2553 arbitratus
2734 2506 2826 2553 est.
2909 2498 2955 2532 9°
3008 2498 3060 2552 V.

1573 2568 1614 2602 ²¹
1648 2569 1741 2622 Lic
1771 2569 1891 2635 ltig.
1929 2577 1981 2623 et
2032 2569 2164 2623 Hau.
2210 2586 2279 2624 ex
2308 2572 2647 2625 auctoritate
2689 2569 2804 2625 cod.
2836 2569 2993 2624 Fuld.
3019 2585 3039 2629 ;
3086 2568 3235 2623 codd.
3268 2571 3393 2623 Put.
3429 2572 3479 2623 et
3509 2570 3680 2635 Bong.
3715 2568 3886 2639 quasi

460 2567 618 2622 Fuld.
648 2584 674 2639 ,ἡ
700 2566 883 2639 Lugd.
919 2566 1255 2622 diffudisset
1283 2566 1489 2638 utque.

2704 2424 2954 2481 Externi.
3034 2426 3078 2461 ¹⁹
3112 2426 3199 2480 νυ.
3255 2429 3579 2481 Possumus
3612 2454 3681 2465 —
3712 2427 3887 2479 erunt

3095 2498 3317 2568 pudore
3369 2513 3476 2551 rec.
3538 2498 3669 2551 Hau.
3704 2512 3733 2551 e
3763 2496 3881 2552 cod.

463 2638 702 2712 mortui,
739 2638 915 2693 urbes
949 2654 1133 2712 quies.
1167 2656 1178 2705 ;
1214 2641 1425 2694 Pamel.
1461 2640 1627 2712 quasi
1664 2645 1903 2712 morture
1955 2641 2141 2709 urbis,
2182 2641 2559 2711 quresissetis,
2596 2642 2809 2712 quibus
2863 2641 2921 2695 in
2975 2657 3042 2695 ea
3073 2640 3511 2711 imperassetis;
3546 2639 3713 2712 Rhen.
3738 2638 3886 2694 ’Ald.

457 2718 507 2766 et
540 2710 757 2782 Gangn.
794 2726 805 2764 :
842 2710 1012 2782 quasi
1050 2715 1292 2765 mortua:
1327 2712 1489 2766 urbis
1521 2710 1800 2782 reliquias
1834 2728 2014 2782 quaes.
2067 2710 2209 2767 etc.’
2256 2714 2303 2747 22
2333 2717 2422 2768 Ita
2454 2710 2720 2775 Habere;
2749 2712 2898 2768 codd.
2927 2728 3107 2767 omnes
3140 2710 3376 2768 civium.
3410 2713 3477 2768 Ri
3520 2752 3530 2764 .
3564 2711 3764 2766 deterit
3798 2727 3883 2765 vv.

462 2799 610 2839 nene
642 2782 907 2837 omnium
948 2811 1017 2823 --
1048 2783 1282 2839 generis
1331 2783 1597 2839 humani.
1648 2784 1846 2839 quibus
1891 2784 1994 2838 alii
2040 2783 2259 2839 addune
2293 2801 2305 2839 :
2342 2787 2537 2839 notius
2587 2801 2763 2839 uuam
2796 2785 3010 2839 erroris
3059 2784 3323 2839 humani.
3402 2785 3446 2819 ²³
3479 2728 3679 2839 ἱζοὶὶυε
3708 2797 3883 2839 quam

3524 2800 3554 2839 Ο

460 2783 1282 2857 peneomniumf-generis
1331 2783 1597 2857 humani,
1648 2784 1846 2857 quibus
1891 2784 1994 2838 alii
2040 2783 2259 2841 addune
2293 2801 2305 2841 :
2342 2787 2537 2856 potius
2587 2801 2763 2857 quam
2796 2785 3010 2841 erroris
3059 2784 3323 2840 humani.
3402 2785 3446 2819 ²³

459 2853 672 2911 erroris
703 2853 947 2910 humani
981 2854 1111 2909 add.
1157 2855 1348 2923 Fran.,
1381 2856 1491 2910 Par
1524 2856 1643 2926 Rig.

3561 2784 3679 2838 tius
3708 2797 3889 2854 quam

1722 2856 1769 2889 ²⁴
1797 2855 2045 2926 Pateret,
2076 2861 2247 2912 Fran.
2282 2855 2459 2912 Paris.

1911 2953 2430 3016 Commentarius.

715 3047 829 3123 "Or'
859 3045 1058 3123 ἰχθρὸς
1090 3044 1381 3123 ζςᾼτοσόνξ
1414 3045 1761 3123 ἰχθραντὲος,

790 3116 999 3182 Ὠςῖωίὶ
1030 3116 1279 3196 φιλήσων
1312 3116 1487 3182 abere:

469 3218 529 3273 id
565 3221 673 3288 est,
709 3240 737 3267 α
770 3218 914 3272 Cum
948 3217 1134 3273 hostis
1167 3234 1410 3285 essem,
1442 3218 1522 3273 ita
1554 3217 1687 3274 odio
1720 3234 1877 3273 eram
1911 3217 2127 3274 haben-

472 3291 604 3358 dus,
641 3294 705 3345 ut
735 3290 839 3360 qui
870 3306 1077 3344 rursus
1109 3290 1335 3346 amicus
1367 3291 1489 3345 ﬁeri
1523 3306 1775 3361 possem.
1804 3310 1828 3341 υ
1868 3292 2002 3345 ΗΑν.

542 3363 657 3434 (49)
691 3364 1111 3448 γεδιναιογηῃὶα
1160 3364 1522 3448 implevimus.
1567 3363 2122 3448 Cupidus-Evange-
2160 3382 2202 3448 ρ

471 3430 557 3487 Ιὶῑ
593 3449 805 3517 cursus
861 3436 917 3487 et
966 3439 1172 3517 potens
1195 3430 1530 3517 _scepti-um
1562 3430 1950 3515 fortitudinis
2008 3430 2125 3517 suae

472 3508 623 3575 quod
654 3522 719 3560 ex
752 3506 921 3559 Sione
982 3506 1142 3560 misit
1191 3505 1472 3562 Dominus
1526 3506 1636 3561 cito
1668 3512 1911 3563 aeternos
1971 3505 2129 3560 orbis

473 3583 673 3649 portas
703 3582 764 3650 et
799 3578 950 3650 fores
983 3582 1188 3633 aeratas
1220 3581 1516 3650 perfregit.
1550 3578 1732 3648 Cujus
1784 3578 2010 3633 illustre
2042 3581 2128 3631 te-

474 3649 820 3722 stimonium
844 3649 967 3719 jam
1017 3650 1103 3705 vel
1150 3649 1567 3722 secundo’post
1596 3651 1892 3706 Christum
1926 3654 2128 3704 natum

471 3721 910 3793 szeculopetere
940 3728 1029 3777 est
1059 3729 1183 3776 tum
1224 3739 1293 3777 ex
1340 3721 1451 3778 hoc
1497 3722 1642 3793 loco,
1694 3728 1816 3778 tum
1848 3739 1974 3792 cap.
2008 3722 2127 3792 pri-

473 3808 568 3865 mo
603 3810 614 3847 :
652 3792 926 3849 Obsessam
959 3796 1352 3864 vociferantur,
1375 3801 1484 3850 etc.
1504 3795 1583 3850 Ad
1608 3796 1767 3865 Scap.
1796 3795 1969 3849 etiam
1998 3809 2127 3863 cap.

476 3864 536 3918 11
579 3880 592 3939 ς
633 3889 651 3912 ι
688 3865 827 3939 cum
881 3865 1396 3939 tantarhominum
1447 3864 1783 3933 multitudo,
1819 3882 1953 3939 pars
1986 3881 2130 3939 pene

477 3937 666 4009 major
698 3936 955 4009 civitatis
984 3938 1291 4009 cujusque,
1336 3938 1394 3993 in
1444 3939 1675 3993 silentio
1728 3943 1784 3993 et
1822 3936 2130 3993 'modestia

481 4007 737 4093 agimus,
764 4007 1157 4093 singulinforte
1179 4007 1299 4093 n‘oti
1334 4010 1520 4093 magis
1550 4026 1729 4093 quam
1763 4026 1985 4093 omnes.
2014 4030 2041 4057 »
2074 4016 2131 4063 et

478 4096 607 4149 cap.
642 4081 715 4135 5:
753 4103 778 4129 ‹‹
813 4081 959 4144 Quid
987 4081 1161 4136 facies
1193 4083 1263 4137 de
1292 4084 1470 4137 tantis
1504 4081 1767 4137 millibus
1800 4081 2126 4149 hominum,

479 4155 566 4205 tot
616 4152 756 4224 viris
802 4168 868 4224 ac
923 4153 1175 4223 feminis,
1224 4155 1418 4209 omnis
1467 4172 1662 4224 sexus,
1696 4154 1889 4208 omnis
1919 4154 2127 4221 aetatis,

478 4223 675 4278 omnis
707 4223 1027 4294 dignitatis,
1053 4226 1429 4281 oliercntibus
1452 4244 1512 4281 se
1544 4223 1954 4291 tibiiQuantis
1988 4224 2130 4295 igni-

473 4295 607 4363 bus,
641 4294 880 4366 quantis
912 4295 1124 4369 gladiis
1157 4314 1305 4369 0pus
1336 4297 1489 4353 erit?
1513 4298 1651 4368 quid
1684 4297 1812 4367 ipsa
1843 4294 2129 4367 Carthago

475 4383 724 4441 passura
750 4373 839 4422 est
870 4368 1212 4441 decimanda
1240 4387 1273 4424 a
1304 4375 1377 4440 te,
1412 4387 1546 4425 eum
1581 4372 1963 4441 prepinquos,
1996 4385 2128 4441 eum

476 4440 997 4513 contubernaculis
1038 4458 1175 4496 suos
1234 4441 1356 4499 illic
1424 4440 1717 4512 uniusque
1776 4440 2128 4513 cognoverit,

475 4527 607 4566 cum
662 4511 872 4566 viderit
921 4512 1037 4567 illic
1083 4516 1351 4584 fortasse,
1400 4519 1457 4569 et
1503 4515 1588 4569 tui
1623 4511 2042 4569 ordinis'viros
2076 4516 2133 4584 et

475 4588 799 4651 matronas,
827 4589 883 4638 et
914 4584 1264 4657 principales
1297 4603 1562 4657 quasque
1594 4589 1954 4657 personas,et
1983 4583 2131 4657 ami-f

478 4670 679 4729 eorum
712 4660 951 4729 tuorum
983 4655 1068 4729 vel
1107 4655 1482 4729 'prOpin—quos—
1518 4655 1606 4713 vel
1660 4656 1924 4712 amicos?
1969 4678 2018 4729 »_
2051 4656 2132 4710 Ad

475 4727 851 4802 Nation.__1,_8_
883 4742 895 4782 :
933 4750 961 4777 ‹‹
992 4727 1205 4802 _Verum
1229 4727 1574 4802 recogitate,
1608 4746 1679 4784 ne
1711 4727 2129 4802 quos_ter_ti_um

476 4796 902 4871 genusdicitis,
930 4800 1249 4871 principem
1278 4796 1469 4858 locum
1494 4796 1815 4865 obtineant,
1841 4799 2133 4870 siquidem

478 4886 593 4924 non
628 4867 750 4945 ulla
776 4867 1078 4945 gens'non
1120 4867 1459 4930 Christiana
1493 4892 1504 4929 :
1541 4876 1737 4945 itaque
1769 4867 2134 4944 quaecunque

479 4957 623 5069 gens
669 4943 877 5013 prima,
930 4944 1318 5001 nihilominus
1369 4943 1712 5001 Christiana.
1760 4943 1799 4993 ››“
1840 4945 2134 4999 Adversus

523 5015 715 5069 udazos
747 5032 982 5069 auoaue
1021 5034 1070 5069 c.
1120 5019 1173 5069 7.
1230 5019 1326 5069 ubi
1384 5019 1652 5069 exnosuit
1699 5016 1846 5069 illud
1896 5034 1963 5069 ex
2008 5019 2133 5069 Act.

523 5015 715 5070 udaeos
747 5032 982 5090 quoque
1021 5034 1070 5072 c.
1120 5019 1174 5082 7,
1230 5019 1326 5073 ubi
1384 5019 1652 5090 exposuit
1699 5016 1846 5072 illud
1896 5034 1963 5090 es
2008 5019 2133 5069 Act.

481 5091 683 5161 Apost.
718 5103 779 5155 Il,
810 5088 983 5161 9-11,
1018 5090 1323 5161 subjungit
1357 5107 1370 5144 :
1423 5088 1474 5138 α’
1497 5094 1570 5144 Ut
1616 5092 1742 5159 jam
1796 5088 2135 5161 Gctulorum

480 5156 812 5227 varietates,
843 5162 902 5214 et
934 5156 1268 5216 Maurorum
1304 5161 1473 5216 multi
1514 5156 1682 5223 fines,
1718 5160 2134 5230 Hispaniarum

483 5244 687 5282 omnes
718 5230 977 5297 termini,
1011 5239 1067 5286 et
1096 5233 1415 5289 Galliarum
1465 5234 1703 5288 diversae
1737 5233 2025 5297 nationes,
2082 5236 2138 5286 et

482 5298 896 5357 Britannorum
930 5303 1225 5360 inaccessa
1256 5306 1536 5361 Romanis
1568 5305 1712 5369 loca,
1747 5305 1975 5360 Christo
2006 5318 2138 5359 vero

484 5370 763 5439 subdita;
791 5379 848 5445 et
882 5374 1305 5441 Sarmatarum,
1338 5382 1393 5433 et
1443 5377 1752 5445 Dacorum,
1801 5380 1857 5431 et
1904 5378 2137 5431 Germa-

486 5460 722 5517 norum,
747 5448 803 5499 et
822 5444 1193 5515 Scytharum,
1217 5455 1275 5503 et
1296 5448 1626 5504 abditarum
1660 5447 1979 5503 multarum
2002 5464 2139 5517 gen-

484 5516 656 5581 tium,
686 5522 743 5570 et
774 5517 1203 5587 provinciarum
1236 5526 1291 5575 et
1321 5520 1648 5575 insularum
1682 5516 2140 5575 multarum’no-

486 5587 575 5662 bis
606 5587 939 5662 ignotarum
962 5594 1170 5662 etquae
1191 5608 1535 5647 enumerare
1567 5592 1763 5647 minus
1785 5590 2141 5662 possumus?

494 5660 557 5713 ln
597 5660 814 5739 quibus
844 5661 1122 5716 omnibus
1144 5661 1305 5739 locis
1334 5662 1547 5719 Christi
1597 5660 1830 5739 nomen,
1866 5664 1990 5739 qui_
2019 5664 2141 5739 jam

490 5734 671 5795 venit,
712 5739 958 5803 regnat;
994 5738 1191 5803 utpote
1240 5738 1371 5789 ante
1420 5753 1592 5805 quem
1646 5736 1910 5790 omnium
1945 5734 2139 5789 civita-

495 5806 623 5859 tum
656 5811 832 5873 portas
863 5811 1004 5861 sunt
1034 5809 1267 5873 apertae,
1295 5810 1352 5861 et
1381 5807 1473 5863 cui
1506 5807 1676 5863 nullis
1710 5812 1849 5864 sunt
1878 5807 2088 5863 clausae
2123 5825 2137 5875 ;

499 5879 632 5935 ante
665 5893 841 5949 quam
878 5895 1019 5937 serae
1061 5880 1260 5937 ferreis
1290 5883 1429 5939 sunt
1457 5879 1852 5952 comminutis,
1883 5885 1940 5938 et
1966 5878 2141 5939 valvaa

2234 3068 2394 3107 aereas
2426 3055 2565 3106 sunt
2593 3056 2826 3121 apertas.
2861 3052 3208 3122 Quanquam
3251 3056 3311 3106 et
3357 3050 3473 3105 ista
3492 3047 3891 3122 _spiritualiter

2234 3125 2353 3179 sint
2383 3119 2784 3193 intelligenda,
2818 3139 2932 3194 quo
2965 3119 3281 3193 priscordia
3313 3120 3679 3194 singulorum
3711 3119 3887 3175 variis

2236 3196 2430 3251 modis
2460 3212 2493 3250 a
2538 3195 2766 3249 diabolo
2816 3193 3075 3261 obsessa,
3117 3195 3232 3249 ﬁde
3279 3193 3489 3249 Christi
3543 3195 3682 3247 sunt
3728 3207 3891 3247 rese-

2236 3272 2363 3322 rata
2407 3270 2713 3321 :attamen
2764 3266 3069 3337 perspicue
3123 3282 3252 3322 sum
3301 3263 3643 3337 adimpleta,
3685 3267 3890 3337 utpote

2238 3341 2298 3393 in
2332 3338 2546 3410 quibus
2568 3334 2845 3393 omnibus
2868 3334 3011 3395 locis
3044 3338 3293 3409 populus
3316 3334 3571 3410 nominis
3602 3334 3704 3410 Dei
3726 3334 3892 3390 inha-

2243 3406 2404 3490 bitet.
2442 3433 2467 3458 ››
2502 3411 2568 3490 Et
2598 3411 2669 3465 ad
2703 3412 2959 3490 eosdem,
3014 3406 3063 3478 c,
3111 3406 3209 3490 _12:
3260 3428 3284 3459 α
3337 3408 3557 3490 Aspice.
3592 3406 3892 3490 universas

2240 3483 2505 3537 nationes
2538 3483 2608 3536 de
2639 3483 2913 3554 voragine
2945 3481 3157 3536 erroris
3196 3480 3441 3535 humani
3472 3480 3681 3554 exinde
3706 3494 3892 3554 emer-

2238 3560 2441 3627 gentes
2474 3555 2543 3609 ad
2572 3551 2881 3609 Dominum
2924 3559 3115 3627 Deum
3138 3556 3487 3623 Creatorem,
3521 3552 3675 3627 et_ad
3709 3551 3892 3627 Deum

2238 3623 2532 3681 Christum
2565 3629 2713 3697 ejus.
2778 3628 2845 3681 Et
2902 3627 2949 3680 si
3010 3626 3214 3695 audes,
3259 3641 3405 3697 nega
3437 3623 3891 3697 prophetatum;

2240 3700 2438 3753 statim
2490 3694 2609 3752 tibi"
2639 3698 2953 3769 promissio
3006 3694 3205 3752 Patris
3244 3694 3465 3752 occurit
3503 3694 3563 3769 in
3604 3694 3890 3769 Psalmis,

2238 3772 2462 3834 dicens,
2515 3792 2542 3819 »
2593 3767 2701 3824 etc.
2748 3771 2823 3824 De
2871 3770 3079 3825 Corona
3129 3768 3377 3839 denique
3431 3767 3656 3835 militis,
3697 3783 3744 3822 c.
3781 3767 3888 3821 12:

2240 3865 2268 3893 «
2302 3843 2369 3897 Et
2398 3843 2552 3913 apud
2587 3842 2872 3898 Barbaros
2901 3840 3055 3897 enim
3087 3840 3372 3896 Christus.
3423 3862 3452 3889 ››
3488 3839 3890 3913 Vociferatur-

2240 3931 2352 3986 que
2406 3910 2691 3986 imposter
2737 3914 2834 3969 ille
2892 3914 3044 3986 apud
3104 3913 3426 3986 Lucia_num
3485 3910 3543 3965 in
3577 3910 3890 3986 Pseudom.

2245 3982 2271 4035 ἱ
2302 3982 2509 4056 Impiis
2533 3991 2590 4041 et
2620 3982 2969 4041 Christianis
3002 3984 3232 4055 impleri
3267 3984 3535 4038 Pontum.
3570 4003 3598 4031 «
3622 3982 3763 4035 ΗΑν.

2311 4051 2420 4128 (50)
2454 4060 2743 4132 Possumus
2771 4051 3129 4132 dinumerare
3156 4057 3431 4132 exercitus
3449 4061 3659 4132 vestro:
3684 4051 3894 4132 sanius

2237 4123 2537 4199 previhciat
2567 4130 2751 4200 plures
2780 4134 2960 4185 erunt.
2983 4130 3209 4200 Totum
3241 4126 3439 4200 hocin
3465 4124 3587 4200 solo
3618 4123 3895 4200 F_uldensi

2238 4195 2647 4276 inveniturfet
2696 4207 2891 4276 tamen
2940 4198 3400 4276 pla_ne__Terjull.
3436 4196 3608 4276 sapit.
3642 4195 3897 4276 scinius,

2239 4274 2453 4343 inquit,
2487 4274 2640 4344 quod
2673 4267 2996 4328 excercitus
3036 4271 3207 4327 hodie
3250 4270 3495 4344 Romani
3548 4267 3729 4344 alant,
3763 4267 3897 4338 quis

2238 4340 2475 4399 illorum
2495 4340 2691 4414 justus
2716 4346 2789 4399 sit
2812 4360 3093 4399 numerus
3120 4361 3133 4409 ;
3168 4347 3225 4397 at
3247 4345 3408 4397 tanta
3429 4340 3897 4414 Christianorum

2241 4411 2557 4493 multitudo
2588 4421 2697 4483 est,
2733 4422 2797 4471 ut
2825 4416 3059 4493 veluna
3092 4414 3387 4493 provincia
3420 4411 3901 4493 majores‘cOpias

2242 4490 2311 4542 de
2344 4489 2417 4542 iis
2450 4489 2742 4544 instruere
2772 4487 2975 4560 possit.
3003 4484 3271 4560 _Pulchre
3321 4484 3416 4560 his
3454 4484 3777 4560 sequentia
3811 4497 3899 4535 re-

2241 4562 2547 4630 spondent.
2586 4555 2938 4615 Praeteriisse
2968 4558 3131 4623 alios,
3166 4563 3221 4613 et
3243 4556 3537 4629 imprimis
3572 4555 3898 4630 Rigaltium,

2240 4627 2333 4687 vix
2363 4634 2500 4687 fero.
2528 4633 2792 4687 Arbitror
2814 4636 3010 4686 tamen
3035 4627 3542 4686 excidisse‘vocem
3563 4627 3899 4683 Christiani.

2242 4704 2381 4759 HAV.

2314 4776 2423 4847 (51)
2462 4777 2597 4831 Tam
2626 4776 2860 4830 libenter
2891 4773 3254 4830 trucidamur.
3303 4776 3449 4827 Nam
3502 4774 3567 4827 ut
3613 4785 3745 4826 vere
3789 4769 3902 4824 Pu-

2242 4846 2612 4920 bliusSyrus
2648 4848 2882 4913 Mimus,
2916 4863 3089 4903 versu
3121 4847 3226 4901 259

2357 4936 2469 4985 Heu
2503 4950 2663 4999 quam
2695 4940 2779 4985 est
2806 4936 3094 4995 timendus,
3129 4934 3222 4998 qui
3257 4932 3395 4983 mori
3425 4934 3601 4983 tutum
3632 4932 3804 4995 putat.

2243 5024 2317 5081 Ut
2347 5026 2506 5080 enim
2540 5026 2695 5081 idem
2730 5042 2898 5081 versu
2931 5026 3037 5079 422

2385 5125 2609 5173 Mortem
2641 5124 2732 5173 ubi
2764 5127 3096 5180 contemnas,
3128 5136 3315 5172 omnes
3350 5122 3540 5170 viceris
3568 5123 3762 5169 metus.

2317 5214 2398 5266 Ex
2428 5213 2626 5267 eodem
2664 5212 2819 5266 fonte
2852 5210 2994 5265 illud
3042 5211 3269 5265 Senecae
3317 5209 3388 5264 ad
3450 5207 3669 5263 Helvid.
3706 5222 3755 5260 c.
3792 5204 3857 5259 13
3892 5216 3905 5255 :

2250 5308 2275 5336 ‹‹
2309 5286 2389 5339 Ex
2421 5302 2534 5355 quo
2571 5289 2796 5354 pectore
2826 5282 3033 5338 mortis
3065 5286 3286 5337 metum
3320 5280 3580 5352 ejeceris,
3605 5279 3664 5333 in
3687 5278 3743 5331 id
3773 5275 3910 5331 nul—

2247 5358 2364 5415 lius
2397 5358 2477 5412 rei
2511 5356 2686 5411 timor
2717 5355 2955 5411 audebit
2985 5355 3201 5410 intrare
3237 5371 3249 5408 :
3287 5374 3315 5402 ››

2932 5463 3065 5512 quos
3097 5449 3183 5498 ille
3215 5451 3485 5512 tumorum

2375 5512 2635 5562 Maximus
2663 5512 2804 5562 haud
2837 5504 2987 5576 urget
3012 5512 3141 5561 lethi
3164 5515 3367 5576 metus,
3395 5507 3489 5557 ind
3511 5520 3537 5555 e
3566 5504 3757 5555 ruendi

2374 5576 2661 5687 Iugeri-tum
2693 5590 2844 5625 mens
2873 5573 3045 5639 prona
3076 5574 3220 5636 viris,
3256 5573 3566 5634 animatque
3598 5581 3818 5631 capaces

2494 5653 2553 5686 or
2582 5654 2625 5685 is
2650 5655 2662 5687 :

2251 5730 2322 5805 de
2345 5728 2588 5805 _Druidis
2622 5734 2686 5783 ut
2716 5728 2874 5805 canit
2904 5743 3155 5799 magnus
3185 5723 3403 5805 Lucani
3425 5719 3838 5805 _spiritus,.lib.
3872 5739 3914 5793 ι,

2255 5802 2357 5859 tibi
2395 5818 2498 5874 pro
2528 5817 2749 5875 capaces
2781 5800 2907 5874 lego
2930 5796 3171 5875 rapaces.
3198 5796 3551 5871 Praecipiunt
3572 5796 3739 5871 quasi
3764 5809 3915 5850 mor-

2253 5880 2373 5933 tem
2399 5873 2600 5936 ’suam.
2636 5873 2778 5933 HAV.
