  <div class='ocr_page' id='page_1' title='image "/cluster/home/n/w/nwhite01/storage/ocr_20150623/1/umn.31951002477295j/271.png"; bbox 0 0 4264 6354; ppageno 0'>
   <div class='ocr_carea' id='block_1_1' title="bbox 341 422 459 481">
    <p class='ocr_par' dir='ltr' id='par_1_1' title="bbox 341 422 459 481">
     <span class='ocr_line' id='line_1_1' title="bbox 341 422 459 481; baseline 0.008 -1"><span class='ocrx_word' id='word_1_1' title='bbox 341 422 459 481; x_wconf 78' lang='lat'><em>527</em></span> 
     </span>
    </p>
   </div>
   <div class='ocr_carea' id='block_1_2' title="bbox 859 416 3222 502">
    <p class='ocr_par' dir='ltr' id='par_1_2' title="bbox 859 416 3222 502">
     <span class='ocr_line' id='line_1_2' title="bbox 859 416 3222 502; baseline 0.004 -23"><span class='ocrx_word' id='word_1_2' title='bbox 859 418 1385 482; x_wconf 74' lang='lat' dir='ltr'><em>TERTULLIANI</em></span> <span class='ocrx_word' id='word_1_3' title='bbox 1428 416 1755 482; x_wconf 78' lang='lat' dir='ltr'><em>OPERUM</em></span> <span class='ocrx_word' id='word_1_4' title='bbox 1794 418 1997 480; x_wconf 81' lang='lat' dir='ltr'><strong>PARS</strong></span> <span class='ocrx_word' id='word_1_5' title='bbox 2041 421 2091 480; x_wconf 91' lang='lat' dir='ltr'><em>l.</em></span> <span class='ocrx_word' id='word_1_6' title='bbox 2122 452 2201 466; x_wconf 95' lang='lat'><strong><em>—</em></strong></span> <span class='ocrx_word' id='word_1_7' title='bbox 2230 421 2508 487; x_wconf 80' lang='lat' dir='ltr'><em>SERIES</em></span> <span class='ocrx_word' id='word_1_8' title='bbox 2553 425 2605 502; x_wconf 81' lang='grc' dir='ltr'>Ι,</span> <span class='ocrx_word' id='word_1_9' title='bbox 2646 424 3222 489; x_wconf 77' lang='lat' dir='ltr'><em>APOLOGETICA.</em></span> 
     </span>
    </p>
   </div>
   <div class='ocr_carea' id='block_1_3' title="bbox 3625 428 3746 489">
    <p class='ocr_par' dir='ltr' id='par_1_3' title="bbox 3625 428 3746 489">
     <span class='ocr_line' id='line_1_3' title="bbox 3625 428 3746 489; baseline 0 -1"><span class='ocrx_word' id='word_1_10' title='bbox 3625 428 3746 489; x_wconf 76' lang='lat'><em>528</em></span> 
     </span>
    </p>
   </div>
   <div class='ocr_carea' id='block_1_4' title="bbox 408 552 3746 633">
    <p class='ocr_par' dir='ltr' id='par_1_4' title="bbox 408 552 3746 633">
     <span class='ocr_line' id='line_1_4' title="bbox 408 552 3746 633; baseline 0.003 -23"><span class='ocrx_word' id='word_1_11' title='bbox 408 553 755 633; x_wconf 73' lang='lat' dir='ltr'><em>metuendum</em></span> <span class='ocrx_word' id='word_1_12' title='bbox 779 567 850 633; x_wconf 78' lang='lat' dir='ltr'><em>ne</em></span> <span class='ocrx_word' id='word_1_13' title='bbox 894 553 1047 633; x_wconf 38' lang='lat' dir='ltr'><em>tales.</em></span> <span class='ocrx_word' id='word_1_14' title='bbox 1082 552 1153 608; x_wconf 86' lang='lat' dir='ltr'><em>ad</em></span> <span class='ocrx_word' id='word_1_15' title='bbox 1191 553 1426 633; x_wconf 62' lang='lat' dir='ltr'><em>illicitas</em></span> <span class='ocrx_word' id='word_1_16' title='bbox 1462 555 1749 633; x_wconf 69' lang='lat' dir='ltr'><em>factiones</em></span> <span class='ocrx_word' id='word_1_17' title='bbox 1763 560 1977 633; x_wconf 62' lang='lat' dir='ltr'><em>eccuni,</em></span> <span class='ocrx_word' id='word_1_18' title='bbox 2008 559 2063 625; x_wconf 78' lang='grc' dir='ltr'>Α</span> <span class='ocrx_word' id='word_1_19' title='bbox 2093 570 2167 611; x_wconf 89' lang='lat' dir='ltr'><em>ne</em></span> <span class='ocrx_word' id='word_1_20' title='bbox 2196 556 2399 613; x_wconf 85' lang='lat' dir='ltr'><em>civitas</em></span> <span class='ocrx_word' id='word_1_21' title='bbox 2426 557 2485 613; x_wconf 94' lang='lat' dir='ltr'><em>in</em></span> <span class='ocrx_word' id='word_1_22' title='bbox 2518 563 2713 631; x_wconf 88' lang='lat' dir='ltr'><em>partes</em></span> <span class='ocrx_word' id='word_1_23' title='bbox 2742 558 3127 629; x_wconf 87' lang='lat' dir='ltr'><em>scinderetur,</em></span> <span class='ocrx_word' id='word_1_24' title='bbox 3160 577 3288 633; x_wconf 64' lang='lat' dir='ltr'><em>qua</em></span> <span class='ocrx_word' id='word_1_25' title='bbox 3326 577 3419 618; x_wconf 87' lang='lat' dir='ltr'><em>res</em></span> <span class='ocrx_word' id='word_1_26' title='bbox 3449 562 3619 619; x_wconf 80' lang='lat' dir='ltr'><em>facile</em></span> <span class='ocrx_word' id='word_1_27' title='bbox 3646 580 3746 620; x_wconf 88' lang='lat' dir='ltr'><em>co-</em></span> 
     </span>
    </p>
   </div>
   <div class='ocr_carea' id='block_1_5' title="bbox 406 624 1975 697">
    <p class='ocr_par' dir='ltr' id='par_1_5' title="bbox 406 624 1975 697">
     <span class='ocr_line' id='line_1_5' title="bbox 406 624 1975 697; baseline -0.001 -17"><span class='ocrx_word' id='word_1_28' title='bbox 406 629 503 697; x_wconf 89' lang='lat' dir='ltr'><em>qui</em></span> <span class='ocrx_word' id='word_1_29' title='bbox 532 627 642 681; x_wconf 87' lang='lat' dir='ltr'><em>loco</em></span> <span class='ocrx_word' id='word_1_30' title='bbox 660 626 962 697; x_wconf 77' lang='lat' dir='ltr'><em>factionum</em></span> <span class='ocrx_word' id='word_1_31' title='bbox 991 625 1179 693; x_wconf 87' lang='lat' dir='ltr'><em>vitent,</em></span> <span class='ocrx_word' id='word_1_32' title='bbox 1195 626 1292 696; x_wconf 91' lang='lat' dir='ltr'><em>qui</em></span> <span class='ocrx_word' id='word_1_33' title='bbox 1319 624 1524 679; x_wconf 86' lang='lat' dir='ltr'><em>dudum</em></span> <span class='ocrx_word' id='word_1_34' title='bbox 1551 626 1871 679; x_wconf 85' lang='lat' dir='ltr'><em>renuntiare</em></span> <span class='ocrx_word' id='word_1_35' title='bbox 1897 624 1975 679; x_wconf 78' lang='lat' dir='ltr'><em>di&#39;</em></span> 
     </span>
    </p>
   </div>
   <div class='ocr_carea' id='block_1_6' title="bbox 404 696 1976 767">
    <p class='ocr_par' dir='ltr' id='par_1_6' title="bbox 404 696 1976 767">
     <span class='ocr_line' id='line_1_6' title="bbox 404 696 1976 767; baseline -0.001 -14"><span class='ocrx_word' id='word_1_36' title='bbox 404 696 640 763; x_wconf 66' lang='lat' dir='ltr'><em>dicerint</em></span> <span class='ocrx_word' id='word_1_37' title='bbox 686 696 1029 767; x_wconf 68' lang='lat' dir='ltr'><em>spectaculis,</em></span> <span class='ocrx_word' id='word_1_38' title='bbox 1076 698 1244 763; x_wconf 86' lang='lat' dir='ltr'><em>circo,</em></span> <span class='ocrx_word' id='word_1_39' title='bbox 1276 697 1507 764; x_wconf 86' lang='lat' dir='ltr'><em>theatro,</em></span> <span class='ocrx_word' id='word_1_40' title='bbox 1550 712 1756 763; x_wconf 53' lang='lat' dir='ltr'><em>arenm,</em></span> <span class='ocrx_word' id='word_1_41' title='bbox 1790 701 1976 766; x_wconf 68' lang='lat' dir='ltr'><em>xysto,</em></span> 
     </span>
    </p>
   </div>
   <div class='ocr_carea' id='block_1_7' title="bbox 405 768 1978 836">
    <p class='ocr_par' dir='ltr' id='par_1_7' title="bbox 405 768 1978 836">
     <span class='ocr_line' id='line_1_7' title="bbox 405 768 1978 836; baseline -0.002 -12"><span class='ocrx_word' id='word_1_42' title='bbox 405 769 551 824; x_wconf 87' lang='lat' dir='ltr'><em>unde</em></span> <span class='ocrx_word' id='word_1_43' title='bbox 577 769 838 836; x_wconf 85' lang='lat' dir='ltr'><em>crudeles,</em></span> <span class='ocrx_word' id='word_1_44' title='bbox 872 769 1077 835; x_wconf 88' lang='lat' dir='ltr'><em>insani,</em></span> <span class='ocrx_word' id='word_1_45' title='bbox 1124 769 1333 831; x_wconf 80' lang='lat' dir='ltr'><em>lascivi,</em></span> <span class='ocrx_word' id='word_1_46' title='bbox 1380 770 1527 829; x_wconf 85' lang='lat' dir='ltr'><em>vani,</em></span> <span class='ocrx_word' id='word_1_47' title='bbox 1561 768 1887 830; x_wconf 86' lang='lat' dir='ltr'><em>turbulenti,</em></span> <span class='ocrx_word' id='word_1_48' title='bbox 1927 769 1978 821; x_wconf 90' lang='lat' dir='ltr'><em>et</em></span> 
     </span>
    </p>
   </div>
   <div class='ocr_carea' id='block_1_8' title="bbox 404 839 1975 909">
    <p class='ocr_par' dir='ltr' id='par_1_8' title="bbox 404 839 1975 909">
     <span class='ocr_line' id='line_1_8' title="bbox 404 839 1975 909; baseline -0.002 -13"><span class='ocrx_word' id='word_1_49' title='bbox 404 841 470 896; x_wconf 91' lang='lat' dir='ltr'><em>ob</em></span> <span class='ocrx_word' id='word_1_50' title='bbox 491 841 546 895; x_wconf 84' lang='lat' dir='ltr'><em>id</em></span> <span class='ocrx_word' id='word_1_51' title='bbox 565 840 1077 909; x_wconf 74' lang='lat' dir='ltr'><em>adconspirandum</em></span> <span class='ocrx_word' id='word_1_52' title='bbox 1107 842 1229 909; x_wconf 81' lang='lat' dir='ltr'><em>apti</em></span> <span class='ocrx_word' id='word_1_53' title='bbox 1254 839 1438 895; x_wconf 82' lang='lat' dir='ltr'><em>redire</em></span> <span class='ocrx_word' id='word_1_54' title='bbox 1467 840 1674 895; x_wconf 76' lang='lat' dir='ltr'><em>soleant</em></span> <span class='ocrx_word' id='word_1_55' title='bbox 1708 840 1975 894; x_wconf 88' lang='lat' dir='ltr'><em>homines.</em></span> 
     </span>
    </p>
   </div>
   <div class='ocr_carea' id='block_1_9' title="bbox 402 912 1978 982">
    <p class='ocr_par' dir='ltr' id='par_1_9' title="bbox 402 912 1978 982">
     <span class='ocr_line' id='line_1_9' title="bbox 402 912 1978 982; baseline -0.001 -15"><span class='ocrx_word' id='word_1_56' title='bbox 402 912 463 967; x_wconf 86' lang='lat' dir='ltr'><em>Si</em></span> <span class='ocrx_word' id='word_1_57' title='bbox 492 914 664 982; x_wconf 77' lang='lat' dir='ltr'><em>igitur</em></span> <span class='ocrx_word' id='word_1_58' title='bbox 690 912 997 966; x_wconf 74' lang='lat' dir='ltr'><em>Christiani</em></span> <span class='ocrx_word' id='word_1_59' title='bbox 1024 912 1168 966; x_wconf 87' lang='lat' dir='ltr'><em>alias</em></span> <span class='ocrx_word' id='word_1_60' title='bbox 1196 912 1405 979; x_wconf 77' lang='lat' dir='ltr'><em>eligant</em></span> <span class='ocrx_word' id='word_1_61' title='bbox 1430 913 1751 976; x_wconf 74' lang='lat' dir='ltr'><em>voluptates,</em></span> <span class='ocrx_word' id='word_1_62' title='bbox 1782 925 1978 981; x_wconf 89' lang='lat' dir='ltr'><em>easque</em></span> 
     </span>
    </p>
   </div>
   <div class='ocr_carea' id='block_1_10' title="bbox 404 982 1978 1054">
    <p class='ocr_par' dir='ltr' id='par_1_10' title="bbox 404 982 1978 1054">
     <span class='ocr_line' id='line_1_10' title="bbox 404 982 1978 1054; baseline -0.001 -16"><span class='ocrx_word' id='word_1_63' title='bbox 404 984 647 1051; x_wconf 74' lang='lat' dir='ltr'><em>innoxii,</em></span> <span class='ocrx_word' id='word_1_64' title='bbox 698 982 890 1037; x_wconf 83' lang='lat' dir='ltr'><em>turbas</em></span> <span class='ocrx_word' id='word_1_65' title='bbox 945 998 1056 1038; x_wconf 89' lang='lat' dir='ltr'><em>non</em></span> <span class='ocrx_word' id='word_1_66' title='bbox 1085 983 1188 1038; x_wconf 88' lang='lat' dir='ltr'><em>deb</em></span> <span class='ocrx_word' id='word_1_67' title='bbox 1220 998 1327 1054; x_wconf 84' lang='lat' dir='ltr'><em>ere,</em></span> <span class='ocrx_word' id='word_1_68' title='bbox 1367 999 1489 1038; x_wconf 88' lang='lat' dir='ltr'><em>cum</em></span> <span class='ocrx_word' id='word_1_69' title='bbox 1537 984 1785 1053; x_wconf 76' lang='lat' dir='ltr'><em>gentibus</em></span> <span class='ocrx_word' id='word_1_70' title='bbox 1811 986 1978 1038; x_wconf 80' lang='lat' dir='ltr'><em>etiam</em></span> 
     </span>
    </p>
   </div>
   <div class='ocr_carea' id='block_1_11' title="bbox 404 1055 1054 1126">
    <p class='ocr_par' dir='ltr' id='par_1_11' title="bbox 404 1055 1054 1126">
     <span class='ocr_line' id='line_1_11' title="bbox 404 1055 1054 1126; baseline 0.002 -17"><span class='ocrx_word' id='word_1_71' title='bbox 404 1070 530 1110; x_wconf 82' lang='lat' dir='ltr'><em>suas</em></span> <span class='ocrx_word' id='word_1_72' title='bbox 558 1055 731 1125; x_wconf 89' lang='lat' dir='ltr'><em>quieti</em></span> <span class='ocrx_word' id='word_1_73' title='bbox 760 1055 1054 1126; x_wconf 87' lang='lat' dir='ltr'><em>reliquant.</em></span> 
     </span>
    </p>
   </div>
   <div class='ocr_carea' id='block_1_12' title="bbox 402 1140 1978 1214">
    <p class='ocr_par' dir='ltr' id='par_1_12' title="bbox 402 1140 1978 1214">
     <span class='ocr_line' id='line_1_12' title="bbox 402 1140 1978 1214; baseline -0.001 -16"><span class='ocrx_word' id='word_1_74' title='bbox 402 1142 649 1200; x_wconf 85' lang='lat' dir='ltr'><em>Proinde</em></span> <span class='ocrx_word' id='word_1_75' title='bbox 674 1158 781 1198; x_wconf 89' lang='lat' dir='ltr'><em>nec</em></span> <span class='ocrx_word' id='word_1_76' title='bbox 810 1141 985 1214; x_wconf 90' lang='lat' dir='ltr'><em>paulo</em></span> <span class='ocrx_word' id='word_1_77' title='bbox 1015 1141 1227 1210; x_wconf 89' lang='lat' dir='ltr'><em>lenius,</em></span> <span class='ocrx_word' id='word_1_78' title='bbox 1250 1142 1402 1197; x_wconf 90' lang='lat' dir='ltr'><em>inter</em></span> <span class='ocrx_word' id='word_1_79' title='bbox 1429 1140 1620 1197; x_wconf 89' lang='lat' dir='ltr'><em>licitas</em></span> <span class='ocrx_word' id='word_1_80' title='bbox 1650 1141 1978 1197; x_wconf 82' lang='lat' dir='ltr'><em>functiones</em></span> 
     </span>
    </p>
   </div>
   <div class='ocr_carea' id='block_1_13' title="bbox 333 1228 1978 1302">
    <p class='ocr_par' dir='ltr' id='par_1_13' title="bbox 333 1228 1978 1302">
     <span class='ocr_line' id='line_1_13' title="bbox 333 1228 1978 1302; baseline -0.002 -16"><span class='ocrx_word' id='word_1_81' title='bbox 333 1233 553 1288; x_wconf 86' lang='lat' dir='ltr'><em>sectam</em></span> <span class='ocrx_word' id='word_1_82' title='bbox 582 1231 756 1286; x_wconf 90' lang='lat' dir='ltr'><em>istam</em></span> <span class='ocrx_word' id='word_1_83' title='bbox 788 1230 1055 1302; x_wconf 87' lang='lat' dir='ltr'><em>deputari</em></span> <span class='ocrx_word' id='word_1_84' title='bbox 1087 1231 1407 1302; x_wconf 80' lang='lat' dir='ltr'><em>oportebat,</em></span> <span class='ocrx_word' id='word_1_85' title='bbox 1442 1246 1477 1284; x_wconf 93' lang='lat' dir='ltr'><em>a</em></span> <span class='ocrx_word' id='word_1_86' title='bbox 1524 1246 1641 1301; x_wconf 88' lang='lat' dir='ltr'><em>qua</em></span> <span class='ocrx_word' id='word_1_87' title='bbox 1690 1228 1836 1284; x_wconf 88' lang='lat' dir='ltr'><em>nihil</em></span> <span class='ocrx_word' id='word_1_88' title='bbox 1866 1228 1978 1284; x_wconf 83' lang='lat' dir='ltr'><em>tale</em></span> 
     </span>
    </p>
   </div>
   <div class='ocr_carea' id='block_1_14' title="bbox 333 1315 1977 1391">
    <p class='ocr_par' dir='ltr' id='par_1_14' title="bbox 333 1315 1977 1391">
     <span class='ocr_line' id='line_1_14' title="bbox 333 1315 1977 1391; baseline -0.002 -15"><span class='ocrx_word' id='word_1_89' title='bbox 333 1318 680 1387; x_wconf 89' lang='lat' dir='ltr'><em>comittitur,</em></span> <span class='ocrx_word' id='word_1_90' title='bbox 741 1318 914 1391; x_wconf 90' lang='lat' dir='ltr'><em>quale</em></span> <span class='ocrx_word' id='word_1_91' title='bbox 958 1320 1032 1374; x_wconf 88' lang='lat' dir='ltr'><em>de</em></span> <span class='ocrx_word' id='word_1_92' title='bbox 1087 1318 1307 1374; x_wconf 80' lang='lat' dir='ltr'><em>illicitis</em></span> <span class='ocrx_word' id='word_1_93' title='bbox 1368 1318 1719 1374; x_wconf 80' lang='lat' dir='ltr'><em>factionibus</em></span> <span class='ocrx_word' id='word_1_94' title='bbox 1782 1315 1977 1374; x_wconf 89' lang='lat' dir='ltr'><em>timeri</em></span> 
     </span>
    </p>
   </div>
   <div class='ocr_carea' id='block_1_15' title="bbox 331 1405 1978 1480">
    <p class='ocr_par' dir='ltr' id='par_1_15' title="bbox 331 1405 1978 1480">
     <span class='ocr_line' id='line_1_15' title="bbox 331 1405 1978 1480; baseline -0.003 -14"><span class='ocrx_word' id='word_1_95' title='bbox 331 1407 500 1466; x_wconf 85' lang='lat' dir='ltr'><em>solet.</em></span> <span class='ocrx_word' id='word_1_96' title='bbox 529 1407 655 1464; x_wconf 83' lang='lat' dir='ltr'><em>Nisi</em></span> <span class='ocrx_word' id='word_1_97' title='bbox 684 1406 856 1464; x_wconf 86' lang='lat' dir='ltr'><em>fallor</em></span> <span class='ocrx_word' id='word_1_98' title='bbox 896 1408 1078 1475; x_wconf 89' lang='lat' dir='ltr'><em>enim,</em></span> <span class='ocrx_word' id='word_1_99' title='bbox 1110 1406 1610 1480; x_wconf 89' lang='lat' dir='ltr'><em>prohibendarum</em></span> <span class='ocrx_word' id='word_1_100' title='bbox 1660 1405 1978 1462; x_wconf 82' lang='lat' dir='ltr'><em>factionum</em></span> 
     </span>
    </p>
   </div>
   <div class='ocr_carea' id='block_1_16' title="bbox 330 1494 1978 1570">
    <p class='ocr_par' dir='ltr' id='par_1_16' title="bbox 330 1494 1978 1570">
     <span class='ocr_line' id='line_1_16' title="bbox 330 1494 1978 1570; baseline -0.002 -16"><span class='ocrx_word' id='word_1_101' title='bbox 330 1514 511 1555; x_wconf 88' lang='lat' dir='ltr'><em>causa</em></span> <span class='ocrx_word' id='word_1_102' title='bbox 537 1497 611 1554; x_wconf 89' lang='lat' dir='ltr'><em>de</em></span> <span class='ocrx_word' id='word_1_103' title='bbox 641 1497 1005 1570; x_wconf 80' lang='lat' dir='ltr'><em>providentia</em></span> <span class='ocrx_word' id='word_1_104' title='bbox 1045 1501 1277 1553; x_wconf 89' lang='lat' dir='ltr'><em>constat</em></span> <span class='ocrx_word' id='word_1_105' title='bbox 1307 1496 1608 1553; x_wconf 77' lang='lat' dir='ltr'><em>modestiae</em></span> <span class='ocrx_word' id='word_1_106' title='bbox 1636 1494 1879 1568; x_wconf 77' lang='lat' dir='ltr'><em>publicas</em></span> <span class='ocrx_word' id='word_1_107' title='bbox 1910 1496 1978 1565; x_wconf 82' lang='grc'><em>³⁸,</em></span> 
     </span>
    </p>
   </div>
   <div class='ocr_carea' id='block_1_17' title="bbox 2088 643 3744 722">
    <p class='ocr_par' dir='ltr' id='par_1_17' title="bbox 2088 643 3744 722">
     <span class='ocr_line' id='line_1_17' title="bbox 2088 643 3744 722; baseline 0.007 -25"><span class='ocrx_word' id='word_1_108' title='bbox 2088 643 2278 709; x_wconf 88' lang='lat' dir='ltr'><em>mitia,</em></span> <span class='ocrx_word' id='word_1_109' title='bbox 2309 646 2574 716; x_wconf 90' lang='lat' dir='ltr'><em>concilia,</em></span> <span class='ocrx_word' id='word_1_110' title='bbox 2607 649 2823 715; x_wconf 88' lang='lat' dir='ltr'><em>curias,</em></span> <span class='ocrx_word' id='word_1_111' title='bbox 2848 649 3179 719; x_wconf 84' lang='lat' dir='ltr'><em>conciones,</em></span> <span class='ocrx_word' id='word_1_112' title='bbox 3214 651 3548 722; x_wconf 78' lang='lat' dir='ltr'><em>spectacula</em></span> <span class='ocrx_word' id='word_1_113' title='bbox 3565 653 3744 709; x_wconf 87' lang='lat' dir='ltr'><em>etiam</em></span> 
     </span>
    </p>
   </div>
   <div class='ocr_carea' id='block_1_18' title="bbox 2085 732 3741 814">
    <p class='ocr_par' dir='ltr' id='par_1_18' title="bbox 2085 732 3741 814">
     <span class='ocr_line' id='line_1_18' title="bbox 2085 732 3741 814; baseline 0.006 -28"><span class='ocrx_word' id='word_1_114' title='bbox 2085 732 2315 790; x_wconf 64' lang='lat' dir='ltr'><em>aemulis</em></span> <span class='ocrx_word' id='word_1_115' title='bbox 2361 735 2692 791; x_wconf 90' lang='lat' dir='ltr'><em>studiorum</em></span> <span class='ocrx_word' id='word_1_116' title='bbox 2744 736 3312 808; x_wconf 87' lang='lat' dir='ltr'><em>compulsationibua</em></span> <span class='ocrx_word' id='word_1_117' title='bbox 3363 740 3477 810; x_wconf 86' lang='grc'>(52)</span> <span class='ocrx_word' id='word_1_118' title='bbox 3509 740 3741 814; x_wconf 86' lang='lat' dir='ltr'><em>inquie-</em></span> 
     </span>
    </p>
   </div>
   <div class='ocr_carea' id='block_1_19' title="bbox 2084 823 3742 901">
    <p class='ocr_par' dir='ltr' id='par_1_19' title="bbox 2084 823 3742 901">
     <span class='ocr_line' id='line_1_19' title="bbox 2084 823 3742 901; baseline 0.006 -26"><span class='ocrx_word' id='word_1_119' title='bbox 2084 823 2265 892; x_wconf 83' lang='lat' dir='ltr'><em>taret,</em></span> <span class='ocrx_word' id='word_1_120' title='bbox 2299 838 2430 878; x_wconf 91' lang='lat' dir='ltr'><em>cum</em></span> <span class='ocrx_word' id='word_1_121' title='bbox 2455 825 2582 895; x_wconf 83' lang='lat' dir='ltr'><em>jam</em></span> <span class='ocrx_word' id='word_1_122' title='bbox 2634 829 2694 879; x_wconf 89' lang='lat' dir='ltr'><em>et</em></span> <span class='ocrx_word' id='word_1_123' title='bbox 2740 826 2800 879; x_wconf 87' lang='lat' dir='ltr'><em>in</em></span> <span class='ocrx_word' id='word_1_124' title='bbox 2841 827 2991 883; x_wconf 71' lang='lat'><em>465</em></span> <span class='ocrx_word' id='word_1_125' title='bbox 3028 831 3256 897; x_wconf 65' lang='lat' dir='ltr'><em>questu</em></span> <span class='ocrx_word' id='word_1_126' title='bbox 3290 828 3505 883; x_wconf 90' lang='lat' dir='ltr'><em>habere</em></span> <span class='ocrx_word' id='word_1_127' title='bbox 3535 830 3742 901; x_wconf 86' lang='lat' dir='ltr'><em>coepis-</em></span> 
     </span>
    </p>
   </div>
   <div class='ocr_carea' id='block_1_20' title="bbox 2087 912 3745 988">
    <p class='ocr_par' dir='ltr' id='par_1_20' title="bbox 2087 912 3745 988">
     <span class='ocr_line' id='line_1_20' title="bbox 2087 912 3745 988; baseline 0.005 -24"><span class='ocrx_word' id='word_1_128' title='bbox 2087 914 2218 965; x_wconf 72' lang='lat' dir='ltr'><em>Isent</em></span> <span class='ocrx_word' id='word_1_129' title='bbox 2253 912 2517 968; x_wconf 87' lang='lat' dir='ltr'><em>venalem</em></span> <span class='ocrx_word' id='word_1_130' title='bbox 2550 919 2607 968; x_wconf 90' lang='lat' dir='ltr'><em>et</em></span> <span class='ocrx_word' id='word_1_131' title='bbox 2637 919 3059 971; x_wconf 86' lang='lat' dir='ltr'><em>mercenariam</em></span> <span class='ocrx_word' id='word_1_132' title='bbox 3092 915 3363 972; x_wconf 86' lang='lat' dir='ltr'><em>homines</em></span> <span class='ocrx_word' id='word_1_133' title='bbox 3391 918 3505 988; x_wconf 92' lang='lat'>(53)</span> <span class='ocrx_word' id='word_1_134' title='bbox 3527 918 3745 973; x_wconf 91' lang='lat' dir='ltr'><em>violen-</em></span> 
     </span>
    </p>
   </div>
   <div class='ocr_carea' id='block_1_21' title="bbox 2084 998 3742 1077">
    <p class='ocr_par' dir='ltr' id='par_1_21' title="bbox 2084 998 3742 1077">
     <span class='ocr_line' id='line_1_21' title="bbox 2084 998 3742 1077; baseline 0.004 -23"><span class='ocrx_word' id='word_1_135' title='bbox 2084 998 2177 1054; x_wconf 68' lang='lat' dir='ltr'><em>tia</em></span> <span class='ocrx_word' id='word_1_136' title='bbox 2208 1016 2323 1055; x_wconf 71' lang='lat' dir='ltr'><em>suae</em></span> <span class='ocrx_word' id='word_1_137' title='bbox 2355 1017 2591 1072; x_wconf 90' lang='lat' dir='ltr'><em>operam</em></span> <span class='ocrx_word' id='word_1_138' title='bbox 2622 1002 2688 1056; x_wconf 71' lang='grc'><em>³⁵.</em></span> <span class='ocrx_word' id='word_1_139' title='bbox 2720 1006 2794 1058; x_wconf 81' lang='lat' dir='ltr'><em>At</em></span> <span class='ocrx_word' id='word_1_140' title='bbox 2834 1002 2991 1058; x_wconf 91' lang='lat' dir='ltr'><em>enim</em></span> <span class='ocrx_word' id='word_1_141' title='bbox 3036 1003 3203 1059; x_wconf 91' lang='lat' dir='ltr'><em>nobis</em></span> <span class='ocrx_word' id='word_1_142' title='bbox 3233 1005 3305 1059; x_wconf 89' lang='lat' dir='ltr'><em>ab</em></span> <span class='ocrx_word' id='word_1_143' title='bbox 3356 1006 3515 1061; x_wconf 90' lang='lat' dir='ltr'><em>omni</em></span> <span class='ocrx_word' id='word_1_144' title='bbox 3546 1004 3742 1077; x_wconf 64' lang='lat' dir='ltr'><em>gloria</em></span> 
     </span>
    </p>
   </div>
   <div class='ocr_carea' id='block_1_22' title="bbox 2085 1087 3740 1162">
    <p class='ocr_par' dir='ltr' id='par_1_22' title="bbox 2085 1087 3740 1162">
     <span class='ocr_line' id='line_1_22' title="bbox 2085 1087 3740 1162; baseline 0.005 -20"><span class='ocrx_word' id='word_1_145' title='bbox 2085 1091 2143 1142; x_wconf 92' lang='lat' dir='ltr'><em>et</em></span> <span class='ocrx_word' id='word_1_146' title='bbox 2172 1087 2475 1160; x_wconf 85' lang='lat' dir='ltr'><em>dignitatis</em></span> <span class='ocrx_word' id='word_1_147' title='bbox 2522 1090 2727 1145; x_wconf 88' lang='lat' dir='ltr'><em>ardore</em></span> <span class='ocrx_word' id='word_1_148' title='bbox 2769 1091 2882 1162; x_wconf 87' lang='grc'><em>(55)</em></span> <span class='ocrx_word' id='word_1_149' title='bbox 2931 1091 3283 1162; x_wconf 81' lang='lat' dir='ltr'><em>frigentibus</em></span> <span class='ocrx_word' id='word_1_150' title='bbox 3324 1091 3490 1149; x_wconf 90' lang='lat' dir='ltr'><em>nulla</em></span> <span class='ocrx_word' id='word_1_151' title='bbox 3518 1099 3608 1150; x_wconf 88' lang='lat' dir='ltr'><em>est</em></span> <span class='ocrx_word' id='word_1_152' title='bbox 3636 1111 3740 1151; x_wconf 85' lang='lat' dir='ltr'><em>ne-</em></span> 
     </span>
    </p>
   </div>
   <div class='ocr_carea' id='block_1_23' title="bbox 2084 1176 3741 1254">
    <p class='ocr_par' dir='ltr' id='par_1_23' title="bbox 2084 1176 3741 1254">
     <span class='ocr_line' id='line_1_23' title="bbox 2084 1176 3741 1254; baseline 0.005 -24"><span class='ocrx_word' id='word_1_153' title='bbox 2084 1176 2331 1233; x_wconf 89' lang='lat' dir='ltr'><em>cessitas</em></span> <span class='ocrx_word' id='word_1_154' title='bbox 2361 1181 2566 1246; x_wconf 65' lang='lat' dir='ltr'><em>coetus,</em></span> <span class='ocrx_word' id='word_1_155' title='bbox 2618 1193 2723 1233; x_wconf 89' lang='lat' dir='ltr'><em>nec</em></span> <span class='ocrx_word' id='word_1_156' title='bbox 2768 1177 2887 1234; x_wconf 90' lang='lat' dir='ltr'><em>ulla</em></span> <span class='ocrx_word' id='word_1_157' title='bbox 2934 1179 3125 1252; x_wconf 86' lang='lat' dir='ltr'><em>magis</em></span> <span class='ocrx_word' id='word_1_158' title='bbox 3176 1195 3269 1236; x_wconf 88' lang='lat' dir='ltr'><em>res</em></span> <span class='ocrx_word' id='word_1_159' title='bbox 3317 1180 3530 1250; x_wconf 89' lang='lat' dir='ltr'><em>aliena,</em></span> <span class='ocrx_word' id='word_1_160' title='bbox 3560 1198 3741 1254; x_wconf 89' lang='lat' dir='ltr'><em>quam</em></span> 
     </span>
    </p>
   </div>
   <div class='ocr_carea' id='block_1_24' title="bbox 2086 1264 3740 1343">
    <p class='ocr_par' dir='ltr' id='par_1_24' title="bbox 2086 1264 3740 1343">
     <span class='ocr_line' id='line_1_24' title="bbox 2086 1264 3740 1343; baseline 0.004 -24"><span class='ocrx_word' id='word_1_161' title='bbox 2086 1264 2341 1336; x_wconf 90' lang='lat' dir='ltr'><em>publica.</em></span> <span class='ocrx_word' id='word_1_162' title='bbox 2375 1264 2561 1321; x_wconf 88' lang='lat' dir='ltr'><em>Unam</em></span> <span class='ocrx_word' id='word_1_163' title='bbox 2591 1265 2857 1322; x_wconf 90' lang='lat' dir='ltr'><em>omnium</em></span> <span class='ocrx_word' id='word_1_164' title='bbox 2887 1267 3309 1340; x_wconf 89' lang='lat' dir='ltr'><em>rempublicam</em></span> <span class='ocrx_word' id='word_1_165' title='bbox 3334 1270 3447 1340; x_wconf 87' lang='lat'>(55)</span> <span class='ocrx_word' id='word_1_166' title='bbox 3470 1270 3740 1343; x_wconf 86' lang='lat' dir='ltr'><em>agnosci-</em></span> 
     </span>
    </p>
   </div>
   <div class='ocr_carea' id='block_1_25' title="bbox 2085 1354 3741 1430">
    <p class='ocr_par' dir='ltr' id='par_1_25' title="bbox 2085 1354 3741 1430">
     <span class='ocr_line' id='line_1_25' title="bbox 2085 1354 3741 1430; baseline 0.004 -22"><span class='ocrx_word' id='word_1_167' title='bbox 2085 1369 2217 1409; x_wconf 90' lang='lat' dir='ltr'><em>mus</em></span> <span class='ocrx_word' id='word_1_168' title='bbox 2246 1354 2400 1409; x_wconf 72' lang='lat'><em>466</em></span> <span class='ocrx_word' id='word_1_169' title='bbox 2433 1356 2743 1410; x_wconf 83' lang='lat' dir='ltr'><em>mundum.</em></span> <span class='ocrx_word' id='word_1_170' title='bbox 2775 1359 2960 1427; x_wconf 65' lang='lat' dir='ltr'><em>IEque</em></span> <span class='ocrx_word' id='word_1_171' title='bbox 2988 1356 3339 1427; x_wconf 84' lang='lat' dir='ltr'><em>spectaculis</em></span> <span class='ocrx_word' id='word_1_172' title='bbox 3371 1357 3482 1430; x_wconf 88' lang='lat'>(56)</span> <span class='ocrx_word' id='word_1_173' title='bbox 3512 1358 3573 1413; x_wconf 91' lang='lat' dir='ltr'><em>in</em></span> <span class='ocrx_word' id='word_1_174' title='bbox 3604 1363 3741 1414; x_wconf 86' lang='lat' dir='ltr'><em>tan-</em></span> 
     </span>
    </p>
   </div>
   <div class='ocr_carea' id='block_1_26' title="bbox 2085 1442 3740 1518">
    <p class='ocr_par' dir='ltr' id='par_1_26' title="bbox 2085 1442 3740 1518">
     <span class='ocr_line' id='line_1_26' title="bbox 2085 1442 3740 1518; baseline 0.004 -22"><span class='ocrx_word' id='word_1_175' title='bbox 2085 1444 2213 1497; x_wconf 88' lang='lat' dir='ltr'><em>tum</em></span> <span class='ocrx_word' id='word_1_176' title='bbox 2247 1442 2680 1510; x_wconf 88' lang='lat' dir='ltr'><em>renuntiamus,</em></span> <span class='ocrx_word' id='word_1_177' title='bbox 2710 1444 2772 1500; x_wconf 89' lang='lat' dir='ltr'><em>in</em></span> <span class='ocrx_word' id='word_1_178' title='bbox 2803 1447 3091 1514; x_wconf 87' lang='lat' dir='ltr'><em>quantum</em></span> <span class='ocrx_word' id='word_1_179' title='bbox 3134 1444 3479 1518; x_wconf 85' lang='lat' dir='ltr'><em>originahus</em></span> <span class='ocrx_word' id='word_1_180' title='bbox 3516 1462 3740 1518; x_wconf 88' lang='lat' dir='ltr'><em>eorum,</em></span> 
     </span>
    </p>
   </div>
   <div class='ocr_carea' id='block_1_27' title="bbox 1769 1619 2305 1682">
    <p class='ocr_par' dir='ltr' id='par_1_27' title="bbox 1769 1619 2305 1682">
     <span class='ocr_line' id='line_1_27' title="bbox 1769 1619 2305 1682; baseline 0 -1"><span class='ocrx_word' id='word_1_181' title='bbox 1769 1620 1971 1681; x_wconf 79' lang='lat' dir='ltr'><em>Variae</em></span> <span class='ocrx_word' id='word_1_182' title='bbox 2004 1619 2305 1682; x_wconf 88' lang='lat' dir='ltr'><em>lectiones</em></span> 
     </span>
    </p>
   </div>
   <div class='ocr_carea' id='block_1_28' title="bbox 399 1717 1675 1792">
    <p class='ocr_par' dir='ltr' id='par_1_28' title="bbox 399 1717 1675 1792">
     <span class='ocr_line' id='line_1_28' title="bbox 399 1717 1675 1792; baseline -0.001 -16"><span class='ocrx_word' id='word_1_183' title='bbox 399 1719 449 1757; x_wconf 78' lang='grc'><em>³⁵</em></span> <span class='ocrx_word' id='word_1_184' title='bbox 477 1720 692 1778; x_wconf 81' lang='lat' dir='ltr'><em>Pamal.</em></span> <span class='ocrx_word' id='word_1_185' title='bbox 722 1720 935 1792; x_wconf 80' lang='lat' dir='ltr'><em>aliique</em></span> <span class='ocrx_word' id='word_1_186' title='bbox 962 1735 983 1775; x_wconf 89' lang='lat'><strong><em>:</em></strong></span> <span class='ocrx_word' id='word_1_187' title='bbox 1013 1735 1079 1775; x_wconf 86' lang='lat' dir='ltr'><em>ac</em></span> <span class='ocrx_word' id='word_1_188' title='bbox 1113 1717 1397 1776; x_wconf 87' lang='lat' dir='ltr'><em>modestia</em></span> <span class='ocrx_word' id='word_1_189' title='bbox 1421 1717 1675 1791; x_wconf 86' lang='lat' dir='ltr'><em>publica.</em></span> 
     </span>
    </p>
   </div>
   <div class='ocr_carea' id='block_1_29' title="bbox 330 1807 745 1866">
    <p class='ocr_par' dir='ltr' id='par_1_29' title="bbox 330 1807 745 1866">
     <span class='ocr_line' id='line_1_29' title="bbox 330 1807 745 1866; baseline -0.002 -16"><span class='ocrx_word' id='word_1_190' title='bbox 330 1807 451 1850; x_wconf 71' lang='lat' dir='ltr'><em>suae</em></span> <span class='ocrx_word' id='word_1_191' title='bbox 481 1808 745 1866; x_wconf 89' lang='lat' dir='ltr'><em>operam.</em></span> 
     </span>
    </p>
   </div>
   <div class='ocr_carea' id='block_1_30' title="bbox 1780 1718 3743 1787">
    <p class='ocr_par' dir='ltr' id='par_1_30' title="bbox 1780 1718 3743 1787">
     <span class='ocr_line' id='line_1_30' title="bbox 1780 1718 3743 1787; baseline 0.004 -15"><span class='ocrx_word' id='word_1_192' title='bbox 1780 1718 1825 1753; x_wconf 74' lang='grc'>³⁸</span> <span class='ocrx_word' id='word_1_193' title='bbox 1884 1718 2125 1787; x_wconf 85' lang='lat' dir='ltr'><em>Corrigit</em></span> <span class='ocrx_word' id='word_1_194' title='bbox 2179 1720 2408 1775; x_wconf 83' lang='lat' dir='ltr'><em>Havere.</em></span> <span class='ocrx_word' id='word_1_195' title='bbox 2456 1718 2632 1776; x_wconf 85' lang='lat' dir='ltr'><em>vilem</em></span> <span class='ocrx_word' id='word_1_196' title='bbox 2680 1723 2738 1777; x_wconf 91' lang='lat' dir='ltr'><em>et</em></span> <span class='ocrx_word' id='word_1_197' title='bbox 2768 1720 3190 1777; x_wconf 84' lang='lat' dir='ltr'><em>mercenariam</em></span> <span class='ocrx_word' id='word_1_198' title='bbox 3221 1736 3429 1780; x_wconf 88' lang='lat' dir='ltr'><em>omnes</em></span> <span class='ocrx_word' id='word_1_199' title='bbox 3455 1722 3743 1780; x_wconf 67' lang='lat' dir='ltr'><em>violentias</em></span> 
     </span>
    </p>
   </div>
   <div class='ocr_carea' id='block_1_31' title="bbox 1771 1878 2295 1940">
    <p class='ocr_par' dir='ltr' id='par_1_31' title="bbox 1771 1878 2295 1940">
     <span class='ocr_line' id='line_1_31' title="bbox 1771 1878 2295 1940; baseline 0 0"><span class='ocrx_word' id='word_1_200' title='bbox 1771 1878 2295 1940; x_wconf 86' lang='lat' dir='ltr'><em>Commentarius.</em></span> 
     </span>
    </p>
   </div>
   <div class='ocr_carea' id='block_1_32' title="bbox 399 1987 3740 2063">
    <p class='ocr_par' dir='ltr' id='par_1_32' title="bbox 399 1987 3740 2063">
     <span class='ocr_line' id='line_1_32' title="bbox 399 1987 3740 2063; baseline 0.001 -17"><span class='ocrx_word' id='word_1_201' title='bbox 399 1991 513 2063; x_wconf 86' lang='lat'>(52)</span> <span class='ocrx_word' id='word_1_202' title='bbox 569 1990 809 2063; x_wconf 61' lang='lat' dir='ltr'><em>Atinatis</em></span> <span class='ocrx_word' id='word_1_203' title='bbox 862 1988 1168 2045; x_wconf 84' lang='lat' dir='ltr'><em>studiorum</em></span> <span class='ocrx_word' id='word_1_204' title='bbox 1211 2004 1398 2063; x_wconf 74' lang='lat' dir='ltr'><em>comp.</em></span> <span class='ocrx_word' id='word_1_205' title='bbox 1464 1988 1647 2044; x_wconf 89' lang='lat' dir='ltr'><em>Prout</em></span> <span class='ocrx_word' id='word_1_206' title='bbox 1693 1987 1975 2044; x_wconf 85' lang='lat' dir='ltr'><em>factiones</em></span> <span class='ocrx_word' id='word_1_207' title='bbox 2009 1996 2056 2061; x_wconf 84' lang='grc' dir='ltr'><strong>Β</strong></span> <span class='ocrx_word' id='word_1_208' title='bbox 2088 1988 2353 2061; x_wconf 90' lang='lat' dir='ltr'><em>pientum</em></span> <span class='ocrx_word' id='word_1_209' title='bbox 2385 1988 2747 2063; x_wconf 80' lang='lat' dir='ltr'><em>definitione,</em></span> <span class='ocrx_word' id='word_1_210' title='bbox 2792 1989 3006 2063; x_wconf 86' lang='lat' dir='ltr'><em>quibus</em></span> <span class='ocrx_word' id='word_1_211' title='bbox 3035 1994 3195 2048; x_wconf 79' lang='lat' dir='ltr'><em>totus</em></span> <span class='ocrx_word' id='word_1_212' title='bbox 3236 1993 3497 2050; x_wconf 89' lang='lat' dir='ltr'><em>mundus</em></span> <span class='ocrx_word' id='word_1_213' title='bbox 3525 1995 3740 2052; x_wconf 89' lang='lat' dir='ltr'><em>domus</em></span> 
     </span>
    </p>
   </div>
   <div class='ocr_carea' id='block_1_33' title="bbox 325 2060 1980 2127">
    <p class='ocr_par' dir='ltr' id='par_1_33' title="bbox 325 2060 1980 2127">
     <span class='ocr_line' id='line_1_33' title="bbox 325 2060 1980 2127; baseline -0.002 -8"><span class='ocrx_word' id='word_1_214' title='bbox 325 2060 440 2119; x_wconf 68' lang='lat' dir='ltr'><em>illis</em></span> <span class='ocrx_word' id='word_1_215' title='bbox 490 2062 859 2118; x_wconf 87' lang='lat' dir='ltr'><em>retiariorum</em></span> <span class='ocrx_word' id='word_1_216' title='bbox 911 2066 969 2116; x_wconf 90' lang='lat' dir='ltr'><em>et</em></span> <span class='ocrx_word' id='word_1_217' title='bbox 998 2060 1494 2127; x_wconf 84' lang='lat' dir='ltr'><em>parmulariOrum</em></span> <span class='ocrx_word' id='word_1_218' title='bbox 1524 2065 1889 2127; x_wconf 90' lang='lat' dir='ltr'><em>venetorum,</em></span> <span class='ocrx_word' id='word_1_219' title='bbox 1923 2065 1980 2116; x_wconf 89' lang='lat' dir='ltr'><em>et</em></span> 
     </span>
    </p>
   </div>
   <div class='ocr_carea' id='block_1_34' title="bbox 326 2132 1980 2207">
    <p class='ocr_par' dir='ltr' id='par_1_34' title="bbox 326 2132 1980 2207">
     <span class='ocr_line' id='line_1_34' title="bbox 326 2132 1980 2207; baseline -0.002 -18"><span class='ocrx_word' id='word_1_220' title='bbox 326 2133 720 2207; x_wconf 85' lang='lat' dir='ltr'><em>prasinorum,</em></span> <span class='ocrx_word' id='word_1_221' title='bbox 753 2138 811 2207; x_wconf 81' lang='lat' dir='ltr'><em>et</em></span> <span class='ocrx_word' id='word_1_222' title='bbox 855 2132 1079 2189; x_wconf 86' lang='lat' dir='ltr'><em>similes</em></span> <span class='ocrx_word' id='word_1_223' title='bbox 1125 2149 1193 2187; x_wconf 86' lang='lat' dir='ltr'><em>ex</em></span> <span class='ocrx_word' id='word_1_224' title='bbox 1238 2133 1512 2207; x_wconf 78' lang='lat' dir='ltr'><em>Suetonio</em></span> <span class='ocrx_word' id='word_1_225' title='bbox 1577 2132 1867 2207; x_wconf 50' lang='lat' dir='ltr'><em>pracipue</em></span> <span class='ocrx_word' id='word_1_226' title='bbox 1917 2135 1980 2207; x_wconf 79' lang='lat' dir='ltr'><em>et</em></span> 
     </span>
    </p>
   </div>
   <div class='ocr_carea' id='block_1_35' title="bbox 328 2202 1975 2278">
    <p class='ocr_par' dir='ltr' id='par_1_35' title="bbox 328 2202 1975 2278">
     <span class='ocr_line' id='line_1_35' title="bbox 328 2202 1975 2278; baseline -0.002 -17"><span class='ocrx_word' id='word_1_227' title='bbox 328 2202 463 2263; x_wconf 70' lang='lat' dir='ltr'><em>aliis</em></span> <span class='ocrx_word' id='word_1_228' title='bbox 493 2204 881 2278; x_wconf 76' lang='lat' dir='ltr'><em>scriptoribus</em></span> <span class='ocrx_word' id='word_1_229' title='bbox 913 2209 1058 2259; x_wconf 65' lang='lat' dir='ltr'><em>notae</em></span> <span class='ocrx_word' id='word_1_230' title='bbox 1090 2207 1251 2278; x_wconf 84' lang='lat' dir='ltr'><em>sunt,</em></span> <span class='ocrx_word' id='word_1_231' title='bbox 1283 2206 1358 2278; x_wconf 75' lang='lat' dir='ltr'><em>de</em></span> <span class='ocrx_word' id='word_1_232' title='bbox 1383 2202 1601 2278; x_wconf 75' lang='lat' dir='ltr'><em>quibus</em></span> <span class='ocrx_word' id='word_1_233' title='bbox 1633 2202 1882 2278; x_wconf 83' lang='lat' dir='ltr'><em>Lipsius,</em></span> <span class='ocrx_word' id='word_1_234' title='bbox 1914 2202 1975 2278; x_wconf 90' lang='lat' dir='ltr'><em>in</em></span> 
     </span>
    </p>
   </div>
   <div class='ocr_carea' id='block_1_36' title="bbox 324 2274 1975 2347">
    <p class='ocr_par' dir='ltr' id='par_1_36' title="bbox 324 2274 1975 2347">
     <span class='ocr_line' id='line_1_36' title="bbox 324 2274 1975 2347; baseline -0.005 -12"><span class='ocrx_word' id='word_1_235' title='bbox 324 2274 745 2347; x_wconf 79' lang='lat' dir='ltr'><em>Saturnalibus,</em></span> <span class='ocrx_word' id='word_1_236' title='bbox 778 2274 878 2331; x_wconf 91' lang='lat' dir='ltr'><em>lib.</em></span> <span class='ocrx_word' id='word_1_237' title='bbox 914 2291 976 2344; x_wconf 80' lang='grc' dir='ltr'><em>ιι,</em></span> <span class='ocrx_word' id='word_1_238' title='bbox 1023 2292 1073 2347; x_wconf 72' lang='lat' dir='ltr'><em>c.</em></span> <span class='ocrx_word' id='word_1_239' title='bbox 1108 2275 1219 2347; x_wconf 26' lang='lat'><em>‘34.</em></span> <span class='ocrx_word' id='word_1_240' title='bbox 1272 2274 1610 2347; x_wconf 83' lang='lat' dir='ltr'><em>Alluditque</em></span> <span class='ocrx_word' id='word_1_241' title='bbox 1651 2274 1975 2347; x_wconf 83' lang='lat' dir='ltr'><em>Chrysost.,</em></span> 
     </span>
    </p>
   </div>
   <div class='ocr_carea' id='block_1_37' title="bbox 326 2344 1975 2419">
    <p class='ocr_par' dir='ltr' id='par_1_37' title="bbox 326 2344 1975 2419">
     <span class='ocr_line' id='line_1_37' title="bbox 326 2344 1975 2419; baseline -0.002 -14"><span class='ocrx_word' id='word_1_242' title='bbox 326 2349 481 2406; x_wconf 82' lang='lat' dir='ltr'><em>Hom.</em></span> <span class='ocrx_word' id='word_1_243' title='bbox 527 2348 598 2405; x_wconf 87' lang='lat' dir='ltr'><em>ad</em></span> <span class='ocrx_word' id='word_1_244' title='bbox 642 2344 748 2404; x_wconf 46' lang='lat' dir='ltr'><em>Isa&#39;.</em></span> <span class='ocrx_word' id='word_1_245' title='bbox 806 2362 882 2415; x_wconf 73' lang='grc' dir='ltr'><em>γι,</em></span> <span class='ocrx_word' id='word_1_246' title='bbox 924 2350 975 2411; x_wconf 87' lang='grc'><em>1,</em></span> <span class='ocrx_word' id='word_1_247' title='bbox 1022 2344 1324 2419; x_wconf 85' lang='lat' dir='ltr'><em>ubivetat</em></span> <span class='ocrx_word' id='word_1_248' title='bbox 1382 2344 1874 2419; x_wconf 75' lang='lat' dir='ltr'><em>compulsationes</em></span> <span class='ocrx_word' id='word_1_249' title='bbox 1915 2345 1975 2419; x_wconf 82' lang='lat' dir='ltr'><em>in</em></span> 
     </span>
    </p>
   </div>
   <div class='ocr_carea' id='block_1_38' title="bbox 325 2416 1973 2489">
    <p class='ocr_par' dir='ltr' id='par_1_38' title="bbox 325 2416 1973 2489">
     <span class='ocr_line' id='line_1_38' title="bbox 325 2416 1973 2489; baseline -0.002 -13"><span class='ocrx_word' id='word_1_250' title='bbox 325 2419 585 2476; x_wconf 82' lang='lat' dir='ltr'><em>Ecclesia</em></span> <span class='ocrx_word' id='word_1_251' title='bbox 616 2436 630 2475; x_wconf 90' lang='lat'>:</span> <span class='ocrx_word' id='word_1_252' title='bbox 664 2441 693 2469; x_wconf 86' lang='grc'><em>‹‹</em></span> <span class='ocrx_word' id='word_1_253' title='bbox 725 2422 923 2489; x_wconf 88' lang='lat' dir='ltr'><em>Neque</em></span> <span class='ocrx_word' id='word_1_254' title='bbox 970 2418 1349 2489; x_wconf 88' lang='lat' dir='ltr'><em>prohibemus</em></span> <span class='ocrx_word' id='word_1_255' title='bbox 1393 2416 1593 2473; x_wconf 80' lang='lat' dir='ltr'><em>vocem</em></span> <span class='ocrx_word' id='word_1_256' title='bbox 1627 2416 1839 2485; x_wconf 80' lang='lat' dir='ltr'><em>laudis,</em></span> <span class='ocrx_word' id='word_1_257' title='bbox 1874 2417 1973 2473; x_wconf 89' lang='lat' dir='ltr'><em>sed</em></span> 
     </span>
    </p>
   </div>
   <div class='ocr_carea' id='block_1_39' title="bbox 323 2489 1979 2555">
    <p class='ocr_par' dir='ltr' id='par_1_39' title="bbox 323 2489 1979 2555">
     <span class='ocr_line' id='line_1_39' title="bbox 323 2489 1979 2555; baseline -0.002 -7"><span class='ocrx_word' id='word_1_258' title='bbox 323 2507 524 2548; x_wconf 87' lang='lat' dir='ltr'><em>vocem</em></span> <span class='ocrx_word' id='word_1_259' title='bbox 557 2489 941 2547; x_wconf 85' lang='lat' dir='ltr'><em>absurditatis</em></span> <span class='ocrx_word' id='word_1_260' title='bbox 972 2497 1029 2545; x_wconf 91' lang='lat' dir='ltr'><em>et</em></span> <span class='ocrx_word' id='word_1_261' title='bbox 1056 2490 1440 2555; x_wconf 83' lang='lat' dir='ltr'><em>inconditam,</em></span> <span class='ocrx_word' id='word_1_262' title='bbox 1462 2506 1528 2545; x_wconf 88' lang='lat' dir='ltr'><em>ac</em></span> <span class='ocrx_word' id='word_1_263' title='bbox 1559 2494 1795 2546; x_wconf 88' lang='lat' dir='ltr'><em>mutuas</em></span> <span class='ocrx_word' id='word_1_264' title='bbox 1824 2490 1979 2545; x_wconf 92' lang='lat' dir='ltr'><em>inter</em></span> 
     </span>
    </p>
   </div>
   <div class='ocr_carea' id='block_1_40' title="bbox 319 2561 1977 2627">
    <p class='ocr_par' dir='ltr' id='par_1_40' title="bbox 319 2561 1977 2627">
     <span class='ocr_line' id='line_1_40' title="bbox 319 2561 1977 2627; baseline -0.002 -8"><span class='ocrx_word' id='word_1_265' title='bbox 319 2579 422 2619; x_wconf 83' lang='lat' dir='ltr'><em>vos</em></span> <span class='ocrx_word' id='word_1_266' title='bbox 454 2562 875 2626; x_wconf 86' lang='lat' dir='ltr'><em>contentiones,</em></span> <span class='ocrx_word' id='word_1_267' title='bbox 906 2578 1119 2617; x_wconf 88' lang='lat' dir='ltr'><em>manus</em></span> <span class='ocrx_word' id='word_1_268' title='bbox 1150 2562 1447 2616; x_wconf 88' lang='lat' dir='ltr'><em>incassum</em></span> <span class='ocrx_word' id='word_1_269' title='bbox 1478 2566 1812 2627; x_wconf 85' lang='lat' dir='ltr'><em>temereque</em></span> <span class='ocrx_word' id='word_1_270' title='bbox 1844 2561 1977 2616; x_wconf 84' lang='lat' dir='ltr'><em>sub-</em></span> 
     </span>
    </p>
   </div>
   <div class='ocr_carea' id='block_1_41' title="bbox 322 2632 1975 2705">
    <p class='ocr_par' dir='ltr' id='par_1_41' title="bbox 322 2632 1975 2705">
     <span class='ocr_line' id='line_1_41' title="bbox 322 2632 1975 2705; baseline 0 -16"><span class='ocrx_word' id='word_1_271' title='bbox 322 2634 517 2705; x_wconf 86' lang='lat' dir='ltr'><em>hlatas</em></span> <span class='ocrx_word' id='word_1_272' title='bbox 576 2632 637 2688; x_wconf 91' lang='lat' dir='ltr'><em>in</em></span> <span class='ocrx_word' id='word_1_273' title='bbox 696 2648 912 2699; x_wconf 88' lang='lat' dir='ltr'><em>aerem,</em></span> <span class='ocrx_word' id='word_1_274' title='bbox 944 2634 1120 2705; x_wconf 89' lang='lat' dir='ltr'><em>pedes</em></span> <span class='ocrx_word' id='word_1_275' title='bbox 1169 2632 1611 2705; x_wconf 82' lang='lat' dir='ltr'><em>supplodentes,</em></span> <span class='ocrx_word' id='word_1_276' title='bbox 1670 2633 1975 2705; x_wconf 90' lang='lat' dir='ltr'><em>indecoros</em></span> 
     </span>
    </p>
   </div>
   <div class='ocr_carea' id='block_1_42' title="bbox 328 2704 1975 2775">
    <p class='ocr_par' dir='ltr' id='par_1_42' title="bbox 328 2704 1975 2775">
     <span class='ocr_line' id='line_1_42' title="bbox 328 2704 1975 2775; baseline -0.002 -13"><span class='ocrx_word' id='word_1_277' title='bbox 328 2704 812 2775; x_wconf 81' lang='lat' dir='ltr'><em>ell‘eminatosque</em></span> <span class='ocrx_word' id='word_1_278' title='bbox 861 2704 1076 2772; x_wconf 84' lang='lat' dir='ltr'><em>mores,</em></span> <span class='ocrx_word' id='word_1_279' title='bbox 1116 2704 1423 2775; x_wconf 13' lang='lat' dir='ltr'><em>gqui’sunt</em></span> <span class='ocrx_word' id='word_1_280' title='bbox 1476 2704 1734 2773; x_wconf 91' lang='lat' dir='ltr'><em>illorum,</em></span> <span class='ocrx_word' id='word_1_281' title='bbox 1765 2704 1861 2775; x_wconf 88' lang='lat' dir='ltr'><em>qui</em></span> <span class='ocrx_word' id='word_1_282' title='bbox 1915 2706 1975 2759; x_wconf 90' lang='lat' dir='ltr'><em>in</em></span> 
     </span>
    </p>
   </div>
   <div class='ocr_carea' id='block_1_43' title="bbox 325 2774 1977 2846">
    <p class='ocr_par' dir='ltr' id='par_1_43' title="bbox 325 2774 1977 2846">
     <span class='ocr_line' id='line_1_43' title="bbox 325 2774 1977 2846; baseline -0.001 -14"><span class='ocrx_word' id='word_1_283' title='bbox 325 2775 573 2832; x_wconf 90' lang='lat' dir='ltr'><em>theatris</em></span> <span class='ocrx_word' id='word_1_284' title='bbox 603 2791 669 2830; x_wconf 92' lang='lat' dir='ltr'><em>ac</em></span> <span class='ocrx_word' id='word_1_285' title='bbox 700 2774 1065 2831; x_wconf 84' lang='lat' dir='ltr'><em>circensibus</em></span> <span class='ocrx_word' id='word_1_286' title='bbox 1113 2774 1269 2830; x_wconf 83' lang='lat' dir='ltr'><em>ludis</em></span> <span class='ocrx_word' id='word_1_287' title='bbox 1307 2781 1634 2846; x_wconf 89' lang='lat' dir='ltr'><em>versantur,</em></span> <span class='ocrx_word' id='word_1_288' title='bbox 1664 2774 1893 2831; x_wconf 77' lang='lat' dir='ltr'><em>ludiCra</em></span> <span class='ocrx_word' id='word_1_289' title='bbox 1919 2780 1977 2832; x_wconf 91' lang='lat' dir='ltr'><em>et</em></span> 
     </span>
    </p>
   </div>
   <div class='ocr_carea' id='block_1_44' title="bbox 330 2846 1971 2919">
    <p class='ocr_par' dir='ltr' id='par_1_44' title="bbox 330 2846 1971 2919">
     <span class='ocr_line' id='line_1_44' title="bbox 330 2846 1971 2919; baseline -0.001 -16"><span class='ocrx_word' id='word_1_290' title='bbox 330 2846 746 2919; x_wconf 74' lang='lat' dir='ltr'><em>delicizeJllinc</em></span> <span class='ocrx_word' id='word_1_291' title='bbox 770 2847 939 2903; x_wconf 93' lang='lat' dir='ltr'><em>nobis</em></span> <span class='ocrx_word' id='word_1_292' title='bbox 961 2847 1287 2919; x_wconf 86' lang='lat' dir='ltr'><em>perniciosa</em></span> <span class='ocrx_word' id='word_1_293' title='bbox 1311 2846 1667 2903; x_wconf 90' lang='lat' dir='ltr'><em>invehuntur</em></span> <span class='ocrx_word' id='word_1_294' title='bbox 1687 2847 1971 2919; x_wconf 65' lang='lat' dir='ltr'><em>exempla,</em></span> 
     </span>
    </p>
   </div>
   <div class='ocr_carea' id='block_1_45' title="bbox 330 2918 1974 2993">
    <p class='ocr_par' dir='ltr' id='par_1_45' title="bbox 330 2918 1974 2993">
     <span class='ocr_line' id='line_1_45' title="bbox 330 2918 1974 2993; baseline 0 -19"><span class='ocrx_word' id='word_1_295' title='bbox 330 2918 494 2993; x_wconf 89' lang='lat' dir='ltr'><em>illinc</em></span> <span class='ocrx_word' id='word_1_296' title='bbox 532 2918 868 2993; x_wconf 70' lang='lat' dir='ltr'><em>irreligiosm</em></span> <span class='ocrx_word' id='word_1_297' title='bbox 903 2918 1295 2993; x_wconf 81' lang='lat' dir='ltr'><em>vulgaresque</em></span> <span class='ocrx_word' id='word_1_298' title='bbox 1314 2918 1672 2993; x_wconf 87' lang='lat' dir='ltr'><em>voces,il|inc</em></span> <span class='ocrx_word' id='word_1_299' title='bbox 1688 2918 1974 2993; x_wconf 86' lang='lat' dir='ltr'><em>manuum</em></span> 
     </span>
    </p>
   </div>
   <div class='ocr_carea' id='block_1_46' title="bbox 327 2990 1974 3064">
    <p class='ocr_par' dir='ltr' id='par_1_46' title="bbox 327 2990 1974 3064">
     <span class='ocr_line' id='line_1_46' title="bbox 327 2990 1974 3064; baseline -0.001 -16"><span class='ocrx_word' id='word_1_300' title='bbox 327 2991 537 3064; x_wconf 60' lang='lat' dir='ltr'><em>ineptae</em></span> <span class='ocrx_word' id='word_1_301' title='bbox 585 2990 1083 3064; x_wconf 75' lang='lat' dir='ltr'><em>gesticulationes,</em></span> <span class='ocrx_word' id='word_1_302' title='bbox 1127 2990 1548 3064; x_wconf 83' lang='lat' dir='ltr'><em>contentiones,</em></span> <span class='ocrx_word' id='word_1_303' title='bbox 1588 2992 1974 3047; x_wconf 81' lang='lat' dir='ltr'><em>concertatio-</em></span> 
     </span>
    </p>
   </div>
   <div class='ocr_carea' id='block_1_47' title="bbox 326 3061 1974 3135">
    <p class='ocr_par' dir='ltr' id='par_1_47' title="bbox 326 3061 1974 3135">
     <span class='ocr_line' id='line_1_47' title="bbox 326 3061 1974 3135; baseline 0.001 -17"><span class='ocrx_word' id='word_1_304' title='bbox 326 3061 454 3131; x_wconf 66' lang='lat' dir='ltr'><em>nes,</em></span> <span class='ocrx_word' id='word_1_305' title='bbox 478 3061 669 3120; x_wconf 75' lang='lat' dir='ltr'><em>mores</em></span> <span class='ocrx_word' id='word_1_306' title='bbox 689 3061 1014 3135; x_wconf 84' lang='lat' dir='ltr'><em>instabiles,</em></span> <span class='ocrx_word' id='word_1_307' title='bbox 1038 3068 1219 3135; x_wconf 87' lang='lat' dir='ltr'><em>atque</em></span> <span class='ocrx_word' id='word_1_308' title='bbox 1247 3062 1455 3119; x_wconf 89' lang='lat' dir='ltr'><em>insulsi</em></span> <span class='ocrx_word' id='word_1_309' title='bbox 1485 3064 1974 3135; x_wconf 85' lang='lat' dir='ltr'><em>incompositique</em></span> 
     </span>
    </p>
   </div>
   <div class='ocr_carea' id='block_1_48' title="bbox 327 3133 1974 3218">
    <p class='ocr_par' dir='ltr' id='par_1_48' title="bbox 327 3133 1974 3218">
     <span class='ocr_line' id='line_1_48' title="bbox 327 3133 1974 3218; baseline -0.001 -27"><span class='ocrx_word' id='word_1_310' title='bbox 327 3134 633 3218; x_wconf 71' lang='lat' dir='ltr'><em>clamares.</em></span> <span class='ocrx_word' id='word_1_311' title='bbox 665 3156 706 3218; x_wconf 47' lang='grc' dir='ltr'><em>ι).</em></span> <span class='ocrx_word' id='word_1_312' title='bbox 726 3134 924 3218; x_wconf 74' lang='lat' dir='ltr'><em>Itaque</em></span> <span class='ocrx_word' id='word_1_313' title='bbox 956 3140 1075 3218; x_wconf 78' lang='lat' dir='ltr'><em>tota</em></span> <span class='ocrx_word' id='word_1_314' title='bbox 1116 3134 1342 3218; x_wconf 79' lang='lat' dir='ltr'><em>civitas,</em></span> <span class='ocrx_word' id='word_1_315' title='bbox 1397 3139 1484 3218; x_wconf 39' lang='lat' dir='ltr'><em>ut.</em></span> <span class='ocrx_word' id='word_1_316' title='bbox 1506 3133 1716 3218; x_wconf 79' lang='lat' dir='ltr'><em>vulgus</em></span> <span class='ocrx_word' id='word_1_317' title='bbox 1746 3135 1812 3218; x_wconf 63' lang='lat' dir='ltr'><em>in</em></span> <span class='ocrx_word' id='word_1_318' title='bbox 1837 3133 1974 3218; x_wconf 82' lang='lat' dir='ltr'><em>spe-</em></span> 
     </span>
    </p>
   </div>
   <div class='ocr_carea' id='block_1_49' title="bbox 325 3205 1973 3278">
    <p class='ocr_par' dir='ltr' id='par_1_49' title="bbox 325 3205 1973 3278">
     <span class='ocr_line' id='line_1_49' title="bbox 325 3205 1973 3278; baseline -0.001 -16"><span class='ocrx_word' id='word_1_319' title='bbox 325 3206 592 3275; x_wconf 90' lang='lat' dir='ltr'><em>ctaculis,</em></span> <span class='ocrx_word' id='word_1_320' title='bbox 625 3205 992 3262; x_wconf 87' lang='lat' dir='ltr'><em>scinderetur</em></span> <span class='ocrx_word' id='word_1_321' title='bbox 1024 3207 1082 3262; x_wconf 93' lang='lat' dir='ltr'><em>in</em></span> <span class='ocrx_word' id='word_1_322' title='bbox 1132 3211 1347 3278; x_wconf 87' lang='lat' dir='ltr'><em>partes.</em></span> <span class='ocrx_word' id='word_1_323' title='bbox 1404 3205 1627 3262; x_wconf 83' lang='lat' dir='ltr'><em>Ibidem</em></span> <span class='ocrx_word' id='word_1_324' title='bbox 1660 3224 1673 3262; x_wconf 90' lang='lat'><strong>:</strong></span> <span class='ocrx_word' id='word_1_325' title='bbox 1708 3229 1737 3257; x_wconf 92' lang='grc'><em>‹‹</em></span> <span class='ocrx_word' id='word_1_326' title='bbox 1772 3206 1854 3262; x_wconf 79' lang='lat' dir='ltr'><em>Ex</em></span> <span class='ocrx_word' id='word_1_327' title='bbox 1875 3205 1973 3260; x_wconf 83' lang='lat' dir='ltr'><em>in-</em></span> 
     </span>
    </p>
   </div>
   <div class='ocr_carea' id='block_1_50' title="bbox 325 3277 1972 3349">
    <p class='ocr_par' dir='ltr' id='par_1_50' title="bbox 325 3277 1972 3349">
     <span class='ocr_line' id='line_1_50' title="bbox 325 3277 1972 3349; baseline 0.001 -16"><span class='ocrx_word' id='word_1_328' title='bbox 325 3277 589 3334; x_wconf 88' lang='lat' dir='ltr'><em>numeris</em></span> <span class='ocrx_word' id='word_1_329' title='bbox 644 3277 1144 3346; x_wconf 81' lang='lat' dir='ltr'><em>contentionibus,</em></span> <span class='ocrx_word' id='word_1_330' title='bbox 1173 3295 1243 3334; x_wconf 86' lang='lat' dir='ltr'><em>ex</em></span> <span class='ocrx_word' id='word_1_331' title='bbox 1271 3284 1491 3333; x_wconf 89' lang='lat' dir='ltr'><em>temere</em></span> <span class='ocrx_word' id='word_1_332' title='bbox 1532 3278 1700 3334; x_wconf 84' lang='lat' dir='ltr'><em>factis</em></span> <span class='ocrx_word' id='word_1_333' title='bbox 1748 3279 1972 3349; x_wconf 81' lang='lat' dir='ltr'><em>dejera-</em></span> 
     </span>
    </p>
   </div>
   <div class='ocr_carea' id='block_1_51' title="bbox 326 3349 1549 3421">
    <p class='ocr_par' dir='ltr' id='par_1_51' title="bbox 326 3349 1549 3421">
     <span class='ocr_line' id='line_1_51' title="bbox 326 3349 1549 3421; baseline -0.002 -15"><span class='ocrx_word' id='word_1_334' title='bbox 326 3350 588 3406; x_wconf 85' lang='lat' dir='ltr'><em>tionibus</em></span> <span class='ocrx_word' id='word_1_335' title='bbox 617 3349 765 3405; x_wconf 88' lang='lat' dir='ltr'><em>male</em></span> <span class='ocrx_word' id='word_1_336' title='bbox 795 3349 1180 3421; x_wconf 88' lang='lat' dir='ltr'><em>loquentium,</em></span> <span class='ocrx_word' id='word_1_337' title='bbox 1213 3354 1322 3407; x_wconf 89' lang='lat' dir='ltr'><em>etc.</em></span> <span class='ocrx_word' id='word_1_338' title='bbox 1359 3367 1384 3401; x_wconf 74' lang='grc' dir='ltr'><strong>ι</strong></span> <span class='ocrx_word' id='word_1_339' title='bbox 1412 3350 1549 3404; x_wconf 74' lang='grc' dir='ltr'><em>ΗΑν.</em></span> 
     </span>
    </p>
   </div>
   <div class='ocr_carea' id='block_1_52' title="bbox 396 3420 1976 3491">
    <p class='ocr_par' dir='ltr' id='par_1_52' title="bbox 396 3420 1976 3491">
     <span class='ocr_line' id='line_1_52' title="bbox 396 3420 1976 3491; baseline -0.001 -14"><span class='ocrx_word' id='word_1_340' title='bbox 396 3422 509 3491; x_wconf 89' lang='grc'>(53)</span> <span class='ocrx_word' id='word_1_341' title='bbox 536 3422 784 3478; x_wconf 80' lang='lat' dir='ltr'><em>Venalem</em></span> <span class='ocrx_word' id='word_1_342' title='bbox 803 3425 857 3477; x_wconf 88' lang='lat' dir='ltr'><em>et</em></span> <span class='ocrx_word' id='word_1_343' title='bbox 876 3420 1286 3478; x_wconf 81' lang='lat' dir='ltr'><em>mercenarium</em></span> <span class='ocrx_word' id='word_1_344' title='bbox 1317 3421 1582 3477; x_wconf 80' lang='lat' dir='ltr'><em>homines.</em></span> <span class='ocrx_word' id='word_1_345' title='bbox 1599 3423 1709 3476; x_wconf 90' lang='lat' dir='ltr'><em>Pro</em></span> <span class='ocrx_word' id='word_1_346' title='bbox 1728 3420 1976 3475; x_wconf 86' lang='lat' dir='ltr'><em>venalem</em></span> 
     </span>
    </p>
   </div>
   <div class='ocr_carea' id='block_1_53' title="bbox 326 3491 1976 3560">
    <p class='ocr_par' dir='ltr' id='par_1_53' title="bbox 326 3491 1976 3560">
     <span class='ocr_line' id='line_1_53' title="bbox 326 3491 1976 3560; baseline -0.001 -12"><span class='ocrx_word' id='word_1_347' title='bbox 326 3508 440 3548; x_wconf 89' lang='lat' dir='ltr'><em>ms.</em></span> <span class='ocrx_word' id='word_1_348' title='bbox 474 3491 541 3548; x_wconf 90' lang='lat' dir='ltr'><em>L.</em></span> <span class='ocrx_word' id='word_1_349' title='bbox 581 3493 643 3547; x_wconf 89' lang='grc' dir='ltr'><strong>Β.</strong></span> <span class='ocrx_word' id='word_1_350' title='bbox 673 3493 930 3549; x_wconf 88' lang='lat' dir='ltr'><em>ostendit</em></span> <span class='ocrx_word' id='word_1_351' title='bbox 959 3494 1177 3560; x_wconf 85' lang='lat' dir='ltr'><em>vellent,</em></span> <span class='ocrx_word' id='word_1_352' title='bbox 1212 3492 1378 3548; x_wconf 89' lang='lat' dir='ltr'><em>Fuld.</em></span> <span class='ocrx_word' id='word_1_353' title='bbox 1410 3507 1544 3548; x_wconf 91' lang='lat' dir='ltr'><em>vero</em></span> <span class='ocrx_word' id='word_1_354' title='bbox 1593 3491 1749 3547; x_wconf 87' lang='lat' dir='ltr'><em>delet</em></span> <span class='ocrx_word' id='word_1_355' title='bbox 1776 3506 1976 3547; x_wconf 90' lang='lat' dir='ltr'><em>vocem</em></span> 
     </span>
    </p>
   </div>
   <div class='ocr_carea' id='block_1_54' title="bbox 326 3562 1975 3637">
    <p class='ocr_par' dir='ltr' id='par_1_54' title="bbox 326 3562 1975 3637">
     <span class='ocr_line' id='line_1_54' title="bbox 326 3562 1975 3637; baseline -0.001 -17"><span class='ocrx_word' id='word_1_356' title='bbox 326 3563 717 3637; x_wconf 57' lang='lat' dir='ltr'><em>nomineLSed</em></span> <span class='ocrx_word' id='word_1_357' title='bbox 741 3564 1048 3637; x_wconf 85' lang='lat' dir='ltr'><em>legendum</em></span> <span class='ocrx_word' id='word_1_358' title='bbox 1075 3563 1429 3637; x_wconf 80' lang='lat' dir='ltr'><em>puto,«Cum</em></span> <span class='ocrx_word' id='word_1_359' title='bbox 1441 3565 1567 3637; x_wconf 80' lang='lat' dir='ltr'><em>jam</em></span> <span class='ocrx_word' id='word_1_360' title='bbox 1591 3567 1649 3619; x_wconf 91' lang='lat' dir='ltr'><em>et</em></span> <span class='ocrx_word' id='word_1_361' title='bbox 1668 3562 1728 3617; x_wconf 92' lang='lat' dir='ltr'><em>in</em></span> <span class='ocrx_word' id='word_1_362' title='bbox 1749 3569 1975 3637; x_wconf 62' lang='lat' dir='ltr'><em>questu</em></span> 
     </span>
    </p>
   </div>
   <div class='ocr_carea' id='block_1_55' title="bbox 325 3634 1979 3707">
    <p class='ocr_par' dir='ltr' id='par_1_55' title="bbox 325 3634 1979 3707">
     <span class='ocr_line' id='line_1_55' title="bbox 325 3634 1979 3707; baseline -0.001 -16"><span class='ocrx_word' id='word_1_363' title='bbox 325 3635 544 3692; x_wconf 85' lang='lat' dir='ltr'><em>habere</em></span> <span class='ocrx_word' id='word_1_364' title='bbox 574 3634 890 3707; x_wconf 81' lang='lat' dir='ltr'><em>ccepissent</em></span> <span class='ocrx_word' id='word_1_365' title='bbox 908 3634 1092 3692; x_wconf 54' lang='lat' dir='ltr'><em>vilem&#39;</em></span> <span class='ocrx_word' id='word_1_366' title='bbox 1109 3641 1167 3693; x_wconf 88' lang='lat' dir='ltr'><em>et</em></span> <span class='ocrx_word' id='word_1_367' title='bbox 1191 3636 1609 3691; x_wconf 84' lang='lat' dir='ltr'><em>mercenariam</em></span> <span class='ocrx_word' id='word_1_368' title='bbox 1634 3634 1979 3707; x_wconf 84' lang='lat' dir='ltr'><em>omnesvio-</em></span> 
     </span>
    </p>
   </div>
   <div class='ocr_carea' id='block_1_56' title="bbox 324 3706 1980 3779">
    <p class='ocr_par' dir='ltr' id='par_1_56' title="bbox 324 3706 1980 3779">
     <span class='ocr_line' id='line_1_56' title="bbox 324 3706 1980 3779; baseline -0.001 -16"><span class='ocrx_word' id='word_1_369' title='bbox 324 3707 544 3779; x_wconf 16' lang='lat' dir='ltr'><em>lentim,</em></span> <span class='ocrx_word' id='word_1_370' title='bbox 573 3706 692 3762; x_wconf 70' lang='lat' dir='ltr'><em>suis</em></span> <span class='ocrx_word' id='word_1_371' title='bbox 734 3723 1011 3779; x_wconf 80' lang='lat' dir='ltr'><em>operam;</em></span> <span class='ocrx_word' id='word_1_372' title='bbox 1064 3730 1086 3757; x_wconf 73' lang='grc' dir='ltr'>ι</span> <span class='ocrx_word' id='word_1_373' title='bbox 1142 3712 1208 3763; x_wconf 88' lang='lat' dir='ltr'><em>ut</em></span> <span class='ocrx_word' id='word_1_374' title='bbox 1254 3708 1410 3779; x_wconf 89' lang='lat' dir='ltr'><em>dicat</em></span> <span class='ocrx_word' id='word_1_375' title='bbox 1446 3706 1641 3779; x_wconf 83' lang='lat' dir='ltr'><em>omnis</em></span> <span class='ocrx_word' id='word_1_376' title='bbox 1671 3706 1892 3762; x_wconf 91' lang='lat' dir='ltr'><em>ordinis</em></span> <span class='ocrx_word' id='word_1_377' title='bbox 1923 3711 1980 3762; x_wconf 88' lang='lat' dir='ltr'><em>et</em></span> 
     </span>
    </p>
   </div>
   <div class='ocr_carea' id='block_1_57' title="bbox 328 3777 1979 3851">
    <p class='ocr_par' dir='ltr' id='par_1_57' title="bbox 328 3777 1979 3851">
     <span class='ocr_line' id='line_1_57' title="bbox 328 3777 1979 3851; baseline 0.001 -18"><span class='ocrx_word' id='word_1_378' title='bbox 328 3778 683 3834; x_wconf 87' lang='lat' dir='ltr'><em>conditionis</em></span> <span class='ocrx_word' id='word_1_379' title='bbox 714 3777 979 3835; x_wconf 82' lang='lat' dir='ltr'><em>homines</em></span> <span class='ocrx_word' id='word_1_380' title='bbox 1012 3796 1115 3851; x_wconf 89' lang='lat' dir='ltr'><em>per</em></span> <span class='ocrx_word' id='word_1_381' title='bbox 1145 3778 1425 3851; x_wconf 80' lang='lat' dir='ltr'><em>factiones</em></span> <span class='ocrx_word' id='word_1_382' title='bbox 1447 3777 1825 3851; x_wconf 81' lang='lat' dir='ltr'><em>impulsos,se</em></span> <span class='ocrx_word' id='word_1_383' title='bbox 1847 3795 1979 3851; x_wconf 82' lang='lat' dir='ltr'><em>sua-</em></span> 
     </span>
    </p>
   </div>
   <div class='ocr_carea' id='block_1_58' title="bbox 328 3849 1974 3921">
    <p class='ocr_par' dir='ltr' id='par_1_58' title="bbox 328 3849 1974 3921">
     <span class='ocr_line' id='line_1_58' title="bbox 328 3849 1974 3921; baseline 0 -16"><span class='ocrx_word' id='word_1_384' title='bbox 328 3866 442 3921; x_wconf 91' lang='lat' dir='ltr'><em>que</em></span> <span class='ocrx_word' id='word_1_385' title='bbox 497 3851 755 3921; x_wconf 89' lang='lat' dir='ltr'><em>periculo</em></span> <span class='ocrx_word' id='word_1_386' title='bbox 811 3857 871 3907; x_wconf 89' lang='lat' dir='ltr'><em>et</em></span> <span class='ocrx_word' id='word_1_387' title='bbox 924 3849 1308 3906; x_wconf 81' lang='lat' dir='ltr'><em>internecioni</em></span> <span class='ocrx_word' id='word_1_388' title='bbox 1365 3849 1671 3920; x_wconf 86' lang='lat' dir='ltr'><em>exponere.</em></span> <span class='ocrx_word' id='word_1_389' title='bbox 1708 3849 1761 3905; x_wconf 88' lang='lat' dir='ltr'><em>is</em></span> <span class='ocrx_word' id='word_1_390' title='bbox 1818 3850 1974 3905; x_wconf 89' lang='lat' dir='ltr'><em>enim</em></span> 
     </span>
    </p>
   </div>
   <div class='ocr_carea' id='block_1_59' title="bbox 327 3920 1978 3994">
    <p class='ocr_par' dir='ltr' id='par_1_59' title="bbox 327 3920 1978 3994">
     <span class='ocr_line' id='line_1_59' title="bbox 327 3920 1978 3994; baseline -0.001 -16"><span class='ocrx_word' id='word_1_391' title='bbox 327 3920 700 3979; x_wconf 76' lang='lat' dir='ltr'><em>miserrimus</em></span> <span class='ocrx_word' id='word_1_392' title='bbox 716 3924 875 3994; x_wconf 85' lang='lat' dir='ltr'><em>Reip.</em></span> <span class='ocrx_word' id='word_1_393' title='bbox 893 3926 1084 3978; x_wconf 85' lang='lat' dir='ltr'><em>status</em></span> <span class='ocrx_word' id='word_1_394' title='bbox 1100 3923 1452 3993; x_wconf 86' lang='lat' dir='ltr'><em>est,quando</em></span> <span class='ocrx_word' id='word_1_395' title='bbox 1472 3944 1500 3973; x_wconf 84' lang='lat'><strong><em>«</em></strong></span> <span class='ocrx_word' id='word_1_396' title='bbox 1517 3920 1757 3977; x_wconf 88' lang='lat' dir='ltr'><em>avaritia</em></span> <span class='ocrx_word' id='word_1_397' title='bbox 1776 3921 1951 3994; x_wconf 69' lang='lat' dir='ltr'><em>fidem</em></span> <span class='ocrx_word' id='word_1_398' title='bbox 1964 3965 1978 3989; x_wconf 92' lang='lat'><em>,</em></span> 
     </span>
    </p>
   </div>
   <div class='ocr_carea' id='block_1_60' title="bbox 327 3993 1978 4120">
    <p class='ocr_par' dir='ltr' id='par_1_60' title="bbox 327 3993 1978 4120">
     <span class='ocr_line' id='line_1_60' title="bbox 327 3993 1978 4120; baseline 0 -71"><span class='ocrx_word' id='word_1_399' title='bbox 327 3994 677 4120; x_wconf 65' lang='lat' dir='ltr'><em>probitatem</em></span> <span class='ocrx_word' id='word_1_400' title='bbox 724 3993 1076 4065; x_wconf 63' lang='lat' dir='ltr'><em>ceterasque</em></span> <span class='ocrx_word' id='word_1_401' title='bbox 1105 4000 1258 4050; x_wconf 89' lang='lat' dir='ltr'><em>artes</em></span> <span class='ocrx_word' id='word_1_402' title='bbox 1302 3994 1484 4051; x_wconf 91' lang='lat' dir='ltr'><em>bones</em></span> <span class='ocrx_word' id='word_1_403' title='bbox 1529 3993 1833 4056; x_wconf 90' lang='lat' dir='ltr'><em>subvertit,</em></span> <span class='ocrx_word' id='word_1_404' title='bbox 1876 4009 1978 4065; x_wconf 88' lang='lat' dir='ltr'><em>pro</em></span> 
     </span>
     <span class='ocr_line' id='line_1_61' title="bbox 374 4064 1978 4120; baseline 0.001 -2"><span class='ocrx_word' id='word_1_405' title='bbox 374 4064 426 4120; x_wconf 87' lang='lat' dir='ltr'><em>is</em></span> <span class='ocrx_word' id='word_1_406' title='bbox 456 4066 814 4120; x_wconf 83' lang='lat' dir='ltr'><em>superbiam.</em></span> <span class='ocrx_word' id='word_1_407' title='bbox 844 4066 1248 4120; x_wconf 70' lang='lat' dir='ltr'><em>crudelitatem</em></span> <span class='ocrx_word' id='word_1_408' title='bbox 1281 4065 1429 4120; x_wconf 90' lang='lat' dir='ltr'><em>Deos</em></span> <span class='ocrx_word' id='word_1_409' title='bbox 1459 4064 1750 4120; x_wconf 72' lang='lat' dir='ltr'><em>neeliaere</em></span> <span class='ocrx_word' id='word_1_410' title='bbox 1780 4064 1978 4120; x_wconf 87' lang='lat' dir='ltr'><em>omnia</em></span> 
     </span>
    </p>
   </div>
   <div class='ocr_carea' id='block_1_61' title="bbox 374 4064 1981 4137">
    <p class='ocr_par' dir='ltr' id='par_1_61' title="bbox 374 4064 1981 4137">
     <span class='ocr_line' id='line_1_62' title="bbox 374 4064 1981 4137; baseline 0.002 -18"><span class='ocrx_word' id='word_1_411' title='bbox 374 4064 426 4120; x_wconf 87' lang='lat' dir='ltr'><em>is</em></span> <span class='ocrx_word' id='word_1_412' title='bbox 456 4066 814 4137; x_wconf 77' lang='lat' dir='ltr'><em>superbiam,</em></span> <span class='ocrx_word' id='word_1_413' title='bbox 844 4064 1248 4122; x_wconf 70' lang='lat' dir='ltr'><em>crudelitatem</em></span> <span class='ocrx_word' id='word_1_414' title='bbox 1281 4065 1429 4122; x_wconf 91' lang='lat' dir='ltr'><em>Deos</em></span> <span class='ocrx_word' id='word_1_415' title='bbox 1459 4064 1750 4137; x_wconf 82' lang='lat' dir='ltr'><em>negligere</em></span> <span class='ocrx_word' id='word_1_416' title='bbox 1780 4064 1981 4137; x_wconf 86' lang='lat' dir='ltr'><em>omnia</em></span> 
     </span>
    </p>
   </div>
   <div class='ocr_carea' id='block_1_62' title="bbox 328 4135 1982 4201">
    <p class='ocr_par' dir='ltr' id='par_1_62' title="bbox 328 4135 1982 4201">
     <span class='ocr_line' id='line_1_63' title="bbox 328 4135 1982 4201; baseline 0.002 -11"><span class='ocrx_word' id='word_1_417' title='bbox 328 4135 556 4192; x_wconf 83' lang='lat' dir='ltr'><em>venalia</em></span> <span class='ocrx_word' id='word_1_418' title='bbox 585 4137 799 4193; x_wconf 86' lang='lat' dir='ltr'><em>habere</em></span> <span class='ocrx_word' id='word_1_419' title='bbox 826 4138 1093 4201; x_wconf 82' lang='lat' dir='ltr'><em>edocuit;</em></span> <span class='ocrx_word' id='word_1_420' title='bbox 1130 4159 1152 4188; x_wconf 77' lang='grc' dir='ltr'>ι</span> <span class='ocrx_word' id='word_1_421' title='bbox 1189 4141 1253 4193; x_wconf 91' lang='lat' dir='ltr'><em>ut</em></span> <span class='ocrx_word' id='word_1_422' title='bbox 1278 4143 1430 4192; x_wconf 91' lang='lat' dir='ltr'><em>recte</em></span> <span class='ocrx_word' id='word_1_423' title='bbox 1478 4135 1750 4192; x_wconf 81' lang='lat' dir='ltr'><em>observat</em></span> <span class='ocrx_word' id='word_1_424' title='bbox 1796 4136 1982 4193; x_wconf 87' lang='lat' dir='ltr'><em>Sallu-</em></span> 
     </span>
    </p>
   </div>
   <div class='ocr_carea' id='block_1_63' title="bbox 329 4208 1981 4280">
    <p class='ocr_par' dir='ltr' id='par_1_63' title="bbox 329 4208 1981 4280">
     <span class='ocr_line' id='line_1_64' title="bbox 329 4208 1981 4280; baseline 0.001 -18"><span class='ocrx_word' id='word_1_425' title='bbox 329 4208 502 4277; x_wconf 88' lang='lat' dir='ltr'><em>stius,</em></span> <span class='ocrx_word' id='word_1_426' title='bbox 528 4208 640 4264; x_wconf 86' lang='lat' dir='ltr'><em>Cat.</em></span> <span class='ocrx_word' id='word_1_427' title='bbox 665 4224 792 4280; x_wconf 91' lang='lat' dir='ltr'><em>cap.</em></span> <span class='ocrx_word' id='word_1_428' title='bbox 814 4211 898 4265; x_wconf 89' lang='grc'><em>10.</em></span> <span class='ocrx_word' id='word_1_429' title='bbox 924 4210 1166 4277; x_wconf 90' lang='lat' dir='ltr'><em>Quando</em></span> <span class='ocrx_word' id='word_1_430' title='bbox 1184 4210 1308 4279; x_wconf 89' lang='lat' dir='ltr'><em>jam</em></span> <span class='ocrx_word' id='word_1_431' title='bbox 1331 4224 1437 4264; x_wconf 92' lang='lat' dir='ltr'><em>non</em></span> <span class='ocrx_word' id='word_1_432' title='bbox 1460 4211 1729 4267; x_wconf 70' lang='lat' dir='ltr'><em>amicitia:</em></span> <span class='ocrx_word' id='word_1_433' title='bbox 1748 4209 1981 4264; x_wconf 85' lang='lat' dir='ltr'><em>immici-</em></span> 
     </span>
    </p>
   </div>
   <div class='ocr_carea' id='block_1_64' title="bbox 325 4280 1978 4407">
    <p class='ocr_par' dir='ltr' id='par_1_64' title="bbox 325 4280 1978 4407">
     <span class='ocr_line' id='line_1_65' title="bbox 325 4280 1978 4407; baseline 0.001 -72"><span class='ocrx_word' id='word_1_434' title='bbox 325 4281 730 4407; x_wconf 39' lang='lat' dir='ltr'><em>omni:</em></span> <span class='ocrx_word' id='word_1_435' title='bbox 761 4282 858 4336; x_wconf 84' lang='lat' dir='ltr'><em>sed</em></span> <span class='ocrx_word' id='word_1_436' title='bbox 877 4298 946 4337; x_wconf 80' lang='lat' dir='ltr'><em>eo:</em></span> <span class='ocrx_word' id='word_1_437' title='bbox 971 4280 1249 4337; x_wconf 85' lang='lat' dir='ltr'><em>commodo</em></span> <span class='ocrx_word' id='word_1_438' title='bbox 1280 4281 1668 4348; x_wconf 64' lang='lat' dir='ltr'><em>aestimantur,</em></span> <span class='ocrx_word' id='word_1_439' title='bbox 1700 4284 1766 4336; x_wconf 88' lang='lat' dir='ltr'><em>ut</em></span> <span class='ocrx_word' id='word_1_440' title='bbox 1810 4281 1978 4337; x_wconf 87' lang='lat' dir='ltr'><em>docet</em></span> 
     </span>
    </p>
   </div>
   <div class='ocr_carea' id='block_1_65' title="bbox 396 4368 747 4407">
    <p class='ocr_par' dir='ltr' id='par_1_65' title="bbox 396 4368 747 4407">
     <span class='ocr_line' id='line_1_66' title="bbox 396 4368 747 4407; baseline 0.006 -2"><span class='ocrx_word' id='word_1_441' title='bbox 396 4368 449 4405; x_wconf 85' lang='grc' dir='ltr'><em>ια</em></span> <span class='ocrx_word' id='word_1_442' title='bbox 459 4368 572 4406; x_wconf 89' lang='lat' dir='ltr'><em>em.</em></span> <span class='ocrx_word' id='word_1_443' title='bbox 608 4368 747 4407; x_wconf 73' lang='grc' dir='ltr'><em>ΠΑν.</em></span> 
     </span>
    </p>
   </div>
   <div class='ocr_carea' id='block_1_66' title="bbox 397 4422 1974 4494">
    <p class='ocr_par' dir='ltr' id='par_1_66' title="bbox 397 4422 1974 4494">
     <span class='ocr_line' id='line_1_67' title="bbox 397 4422 1974 4494; baseline 0.001 -18"><span class='ocrx_word' id='word_1_444' title='bbox 397 4422 511 4492; x_wconf 83' lang='grc'>(54)</span> <span class='ocrx_word' id='word_1_445' title='bbox 544 4423 622 4478; x_wconf 82' lang='lat' dir='ltr'><em>Ab</em></span> <span class='ocrx_word' id='word_1_446' title='bbox 651 4426 805 4479; x_wconf 91' lang='lat' dir='ltr'><em>omni</em></span> <span class='ocrx_word' id='word_1_447' title='bbox 829 4424 1030 4494; x_wconf 53' lang='lat' dir='ltr'><em>gloria</em></span> <span class='ocrx_word' id='word_1_448' title='bbox 1056 4426 1107 4479; x_wconf 90' lang='lat' dir='ltr'><em>et</em></span> <span class='ocrx_word' id='word_1_449' title='bbox 1151 4423 1446 4494; x_wconf 86' lang='lat' dir='ltr'><em>dignitatis</em></span> <span class='ocrx_word' id='word_1_450' title='bbox 1483 4422 1701 4479; x_wconf 83' lang='lat' dir='ltr'><em>ardore.</em></span> <span class='ocrx_word' id='word_1_451' title='bbox 1735 4422 1974 4492; x_wconf 76' lang='lat' dir='ltr'><em>Elegan-</em></span> 
     </span>
    </p>
   </div>
   <div class='ocr_carea' id='block_1_67' title="bbox 323 4494 1977 4567">
    <p class='ocr_par' dir='ltr' id='par_1_67' title="bbox 323 4494 1977 4567">
     <span class='ocr_line' id='line_1_68' title="bbox 323 4494 1977 4567; baseline 0.002 -21"><span class='ocrx_word' id='word_1_452' title='bbox 323 4494 414 4548; x_wconf 90' lang='lat' dir='ltr'><em>ter</em></span> <span class='ocrx_word' id='word_1_453' title='bbox 439 4494 700 4550; x_wconf 84' lang='lat' dir='ltr'><em>ardorem</em></span> <span class='ocrx_word' id='word_1_454' title='bbox 728 4496 952 4551; x_wconf 88' lang='lat' dir='ltr'><em>vocavit</em></span> <span class='ocrx_word' id='word_1_455' title='bbox 971 4495 1168 4567; x_wconf 73' lang='lat' dir='ltr'><em>gloriaa</em></span> <span class='ocrx_word' id='word_1_456' title='bbox 1199 4495 1607 4564; x_wconf 84' lang='lat' dir='ltr'><em>cupiditatem,</em></span> <span class='ocrx_word' id='word_1_457' title='bbox 1630 4511 1757 4567; x_wconf 73' lang='lat' dir='ltr'><em>quin</em></span> <span class='ocrx_word' id='word_1_458' title='bbox 1791 4496 1977 4567; x_wconf 81' lang='lat' dir='ltr'><em>homi—</em></span> 
     </span>
    </p>
   </div>
   <div class='ocr_carea' id='block_1_68' title="bbox 324 4566 1975 4637">
    <p class='ocr_par' dir='ltr' id='par_1_68' title="bbox 324 4566 1975 4637">
     <span class='ocr_line' id='line_1_69' title="bbox 324 4566 1975 4637; baseline 0.003 -19"><span class='ocrx_word' id='word_1_459' title='bbox 324 4578 431 4620; x_wconf 90' lang='lat' dir='ltr'><em>nes</em></span> <span class='ocrx_word' id='word_1_460' title='bbox 461 4567 628 4637; x_wconf 88' lang='lat' dir='ltr'><em>quasi</em></span> <span class='ocrx_word' id='word_1_461' title='bbox 661 4567 798 4630; x_wconf 89' lang='lat' dir='ltr'><em>urit,</em></span> <span class='ocrx_word' id='word_1_462' title='bbox 833 4566 989 4623; x_wconf 85' lang='lat' dir='ltr'><em>unde</em></span> <span class='ocrx_word' id='word_1_463' title='bbox 1029 4567 1204 4623; x_wconf 89' lang='lat' dir='ltr'><em>verba</em></span> <span class='ocrx_word' id='word_1_464' title='bbox 1266 4568 1611 4637; x_wconf 83' lang='lat' dir='ltr'><em>inﬂammare</em></span> <span class='ocrx_word' id='word_1_465' title='bbox 1650 4566 1712 4623; x_wconf 82' lang='lat' dir='ltr'><em>et</em></span> <span class='ocrx_word' id='word_1_466' title='bbox 1758 4566 1975 4623; x_wconf 86' lang='lat' dir='ltr'><em>similia</em></span> 
     </span>
    </p>
   </div>
   <div class='ocr_carea' id='block_1_69' title="bbox 362 4637 1973 4712">
    <p class='ocr_par' dir='ltr' id='par_1_69' title="bbox 362 4637 1973 4712">
     <span class='ocr_line' id='line_1_70' title="bbox 362 4637 1973 4712; baseline 0.004 -21"><span class='ocrx_word' id='word_1_467' title='bbox 362 4637 528 4712; x_wconf 78' lang='lat' dir='ltr'><em>petis.</em></span> <span class='ocrx_word' id='word_1_468' title='bbox 569 4638 938 4712; x_wconf 30' lang='lat' dir='ltr'><em>Itahlphiclus</em></span> <span class='ocrx_word' id='word_1_469' title='bbox 980 4638 1331 4712; x_wconf 85' lang='lat' dir='ltr'><em>Argonautis</em></span> <span class='ocrx_word' id='word_1_470' title='bbox 1372 4639 1609 4695; x_wconf 89' lang='lat' dir='ltr'><em>additus</em></span> <span class='ocrx_word' id='word_1_471' title='bbox 1659 4640 1811 4712; x_wconf 90' lang='lat' dir='ltr'><em>apud</em></span> <span class='ocrx_word' id='word_1_472' title='bbox 1843 4638 1973 4698; x_wconf 89' lang='lat' dir='ltr'><em>Val.</em></span> 
     </span>
    </p>
   </div>
   <div class='ocr_carea' id='block_1_70' title="bbox 366 4706 1460 4781">
    <p class='ocr_par' dir='ltr' id='par_1_70' title="bbox 366 4706 1460 4781">
     <span class='ocr_line' id='line_1_71' title="bbox 366 4706 1460 4781; baseline 0.004 -19"><span class='ocrx_word' id='word_1_473' title='bbox 366 4706 594 4765; x_wconf 86' lang='lat' dir='ltr'><em>lacaum</em></span> <span class='ocrx_word' id='word_1_474' title='bbox 624 4706 727 4767; x_wconf 59' lang='lat' dir='ltr'><em>lib&#39;.</em></span> <span class='ocrx_word' id='word_1_475' title='bbox 761 4725 799 4781; x_wconf 87' lang='lat'><em>1,</em></span> <span class='ocrx_word' id='word_1_476' title='bbox 829 4712 920 4781; x_wconf 88' lang='lat'><em>75,</em></span> <span class='ocrx_word' id='word_1_477' title='bbox 953 4706 1165 4767; x_wconf 58' lang='lat' dir='ltr'><em>non&#39;ut</em></span> <span class='ocrx_word' id='word_1_478' title='bbox 1193 4710 1415 4767; x_wconf 88' lang='lat' dir='ltr'><em>laboret</em></span> <span class='ocrx_word' id='word_1_479' title='bbox 1447 4728 1460 4766; x_wconf 92' lang='lat'>:</span> 
     </span>
    </p>
   </div>
   <div class='ocr_carea' id='block_1_71' title="bbox 723 4825 1561 4886">
    <p class='ocr_par' dir='ltr' id='par_1_71' title="bbox 723 4825 1561 4886">
     <span class='ocr_line' id='line_1_72' title="bbox 723 4825 1561 4886; baseline -0.002 -12"><span class='ocrx_word' id='word_1_480' title='bbox 723 4825 952 4875; x_wconf 82' lang='lat' dir='ltr'><em>Mcnitus</em></span> <span class='ocrx_word' id='word_1_481' title='bbox 981 4825 1073 4875; x_wconf 82' lang='lat' dir='ltr'><em>sed</em></span> <span class='ocrx_word' id='word_1_482' title='bbox 1103 4826 1277 4875; x_wconf 83' lang='lat' dir='ltr'><em>tradat</em></span> <span class='ocrx_word' id='word_1_483' title='bbox 1306 4830 1366 4875; x_wconf 90' lang='lat' dir='ltr'><em>ut</em></span> <span class='ocrx_word' id='word_1_484' title='bbox 1395 4839 1561 4886; x_wconf 81' lang='lat' dir='ltr'><em>acres,</em></span> 
     </span>
    </p>
   </div>
   <div class='ocr_carea' id='block_1_72' title="bbox 433 4885 1843 4953">
    <p class='ocr_par' dir='ltr' id='par_1_72' title="bbox 433 4885 1843 4953">
     <span class='ocr_line' id='line_1_73' title="bbox 433 4885 1843 4953; baseline 0.002 -18"><span class='ocrx_word' id='word_1_485' title='bbox 433 4885 854 4952; x_wconf 76' lang='lat' dir='ltr'><em>Magnorumque</em></span> <span class='ocrx_word' id='word_1_486' title='bbox 889 4890 1027 4940; x_wconf 92' lang='lat' dir='ltr'><em>viros</em></span> <span class='ocrx_word' id='word_1_487' title='bbox 1055 4890 1148 4953; x_wconf 90' lang='lat' dir='ltr'><em>qni</em></span> <span class='ocrx_word' id='word_1_488' title='bbox 1175 4888 1425 4939; x_wconf 86' lang='lat' dir='ltr'><em>laudibus</em></span> <span class='ocrx_word' id='word_1_489' title='bbox 1454 4885 1576 4937; x_wconf 88' lang='lat' dir='ltr'><em>urat</em></span> <span class='ocrx_word' id='word_1_490' title='bbox 1602 4900 1843 4938; x_wconf 81' lang='lat' dir='ltr'><em>avorum.</em></span> 
     </span>
    </p>
   </div>
   <div class='ocr_carea' id='block_1_73' title="bbox 310 4990 1961 5065">
    <p class='ocr_par' dir='ltr' id='par_1_73' title="bbox 310 4990 1961 5065">
     <span class='ocr_line' id='line_1_74' title="bbox 310 4990 1961 5065; baseline 0.002 -18"><span class='ocrx_word' id='word_1_491' title='bbox 310 4990 455 5065; x_wconf 85' lang='lat' dir='ltr'><em>Cum</em></span> <span class='ocrx_word' id='word_1_492' title='bbox 501 4990 699 5064; x_wconf 87' lang='lat' dir='ltr'><em>itaque</em></span> <span class='ocrx_word' id='word_1_493' title='bbox 749 4993 980 5065; x_wconf 89' lang='lat' dir='ltr'><em>proprio</em></span> <span class='ocrx_word' id='word_1_494' title='bbox 1037 4994 1319 5051; x_wconf 88' lang='lat' dir='ltr'><em>vocabqu</em></span> <span class='ocrx_word' id='word_1_495' title='bbox 1363 4992 1728 5049; x_wconf 89' lang='lat' dir='ltr'><em>Christianos</em></span> <span class='ocrx_word' id='word_1_496' title='bbox 1758 4991 1828 5048; x_wconf 70' lang='lat' dir='ltr'><em>ali</em></span> <span class='ocrx_word' id='word_1_497' title='bbox 1863 4993 1961 5050; x_wconf 86' lang='lat' dir='ltr'><em>illo</em></span> 
     </span>
    </p>
   </div>
   <div class='ocr_carea' id='block_1_74' title="bbox 309 5063 1961 5136">
    <p class='ocr_par' dir='ltr' id='par_1_74' title="bbox 309 5063 1961 5136">
     <span class='ocr_line' id='line_1_75' title="bbox 309 5063 1961 5136; baseline 0.004 -19"><span class='ocrx_word' id='word_1_498' title='bbox 309 5063 761 5136; x_wconf 77' lang='lat' dir='ltr'><em>ardore/rigere</em></span> <span class='ocrx_word' id='word_1_499' title='bbox 804 5063 964 5129; x_wconf 83' lang='lat' dir='ltr'><em>dicit,</em></span> <span class='ocrx_word' id='word_1_500' title='bbox 1006 5082 1075 5121; x_wconf 84' lang='lat' dir='ltr'><em>ex</em></span> <span class='ocrx_word' id='word_1_501' title='bbox 1131 5065 1514 5135; x_wconf 67' lang='lat' dir='ltr'><em>philosophia)</em></span> <span class='ocrx_word' id='word_1_502' title='bbox 1563 5065 1961 5136; x_wconf 84' lang='lat' dir='ltr'><em>penetralibus</em></span> 
     </span>
    </p>
   </div>
   <div class='ocr_carea' id='block_1_75' title="bbox 305 5135 1961 5209">
    <p class='ocr_par' dir='ltr' id='par_1_75' title="bbox 305 5135 1961 5209">
     <span class='ocr_line' id='line_1_76' title="bbox 305 5135 1961 5209; baseline 0.002 -19"><span class='ocrx_word' id='word_1_503' title='bbox 305 5135 562 5209; x_wconf 82' lang='lat' dir='ltr'><em>ostendit</em></span> <span class='ocrx_word' id='word_1_504' title='bbox 584 5137 715 5193; x_wconf 90' lang='lat' dir='ltr'><em>illos</em></span> <span class='ocrx_word' id='word_1_505' title='bbox 746 5154 875 5194; x_wconf 88' lang='lat' dir='ltr'><em>esse</em></span> <span class='ocrx_word' id='word_1_506' title='bbox 896 5138 1050 5193; x_wconf 90' lang='lat' dir='ltr'><em>viros</em></span> <span class='ocrx_word' id='word_1_507' title='bbox 1069 5135 1671 5209; x_wconf 86' lang='lat' dir='ltr'><em>sapientes,ducentes</em></span> <span class='ocrx_word' id='word_1_508' title='bbox 1695 5154 1810 5193; x_wconf 89' lang='lat' dir='ltr'><em>non</em></span> <span class='ocrx_word' id='word_1_509' title='bbox 1833 5155 1961 5194; x_wconf 87' lang='lat' dir='ltr'><em>esse</em></span> 
     </span>
    </p>
   </div>
   <div class='ocr_carea' id='block_1_76' title="bbox 305 5206 1956 5281">
    <p class='ocr_par' dir='ltr' id='par_1_76' title="bbox 305 5206 1956 5281">
     <span class='ocr_line' id='line_1_77' title="bbox 305 5206 1956 5281; baseline 0.002 -20"><span class='ocrx_word' id='word_1_510' title='bbox 305 5206 835 5281; x_wconf 81' lang='lat' dir='ltr'><em>administrandam</em></span> <span class='ocrx_word' id='word_1_511' title='bbox 870 5210 981 5265; x_wconf 90' lang='lat' dir='ltr'><em>sibi</em></span> <span class='ocrx_word' id='word_1_512' title='bbox 1014 5206 1306 5281; x_wconf 69' lang='lat' dir='ltr'><em>corruptis</em></span> <span class='ocrx_word' id='word_1_513' title='bbox 1337 5210 1602 5265; x_wconf 90' lang='lat' dir='ltr'><em>moribus</em></span> <span class='ocrx_word' id='word_1_514' title='bbox 1634 5214 1835 5281; x_wconf 82' lang='lat' dir='ltr'><em>Remp.</em></span> <span class='ocrx_word' id='word_1_515' title='bbox 1858 5209 1956 5281; x_wconf 85' lang='lat' dir='ltr'><em>Vi-</em></span> 
     </span>
    </p>
   </div>
   <div class='ocr_carea' id='block_1_77' title="bbox 303 5278 1955 5350">
    <p class='ocr_par' dir='ltr' id='par_1_77' title="bbox 303 5278 1955 5350">
     <span class='ocr_line' id='line_1_78' title="bbox 303 5278 1955 5350; baseline 0.002 -17"><span class='ocrx_word' id='word_1_516' title='bbox 303 5278 521 5335; x_wconf 88' lang='lat' dir='ltr'><em>dentur</em></span> <span class='ocrx_word' id='word_1_517' title='bbox 547 5297 681 5336; x_wconf 91' lang='lat' dir='ltr'><em>vero</em></span> <span class='ocrx_word' id='word_1_518' title='bbox 714 5281 835 5336; x_wconf 60' lang='lat' dir='ltr'><em>haec</em></span> <span class='ocrx_word' id='word_1_519' title='bbox 862 5278 1208 5337; x_wconf 78' lang='lat' dir='ltr'><em>adumbrata</em></span> <span class='ocrx_word' id='word_1_520' title='bbox 1236 5299 1302 5335; x_wconf 83' lang='lat' dir='ltr'><em>ex</em></span> <span class='ocrx_word' id='word_1_521' title='bbox 1354 5282 1612 5349; x_wconf 82' lang='lat' dir='ltr'><em>Platone,</em></span> <span class='ocrx_word' id='word_1_522' title='bbox 1661 5278 1832 5350; x_wconf 79' lang='lat' dir='ltr'><em>cujus</em></span> <span class='ocrx_word' id='word_1_523' title='bbox 1872 5280 1955 5337; x_wconf 88' lang='lat' dir='ltr'><em>lo-</em></span> 
     </span>
    </p>
   </div>
   <div class='ocr_carea' id='block_1_78' title="bbox 306 5351 1956 5426">
    <p class='ocr_par' dir='ltr' id='par_1_78' title="bbox 306 5351 1956 5426">
     <span class='ocr_line' id='line_1_79' title="bbox 306 5351 1956 5426; baseline 0.002 -21"><span class='ocrx_word' id='word_1_524' title='bbox 306 5364 436 5426; x_wconf 72' lang='lat' dir='ltr'><em>cum</em></span> <span class='ocrx_word' id='word_1_525' title='bbox 470 5351 656 5426; x_wconf 82' lang='lat' dir='ltr'><em>multo</em></span> <span class='ocrx_word' id='word_1_526' title='bbox 676 5352 1136 5426; x_wconf 76' lang='lat' dir='ltr'><em>pulcherrimum</em></span> <span class='ocrx_word' id='word_1_527' title='bbox 1160 5354 1271 5408; x_wconf 90' lang='lat' dir='ltr'><em>huc</em></span> <span class='ocrx_word' id='word_1_528' title='bbox 1302 5355 1685 5426; x_wconf 89' lang='lat' dir='ltr'><em>pertinentem</em></span> <span class='ocrx_word' id='word_1_529' title='bbox 1718 5353 1851 5408; x_wconf 88' lang='lat' dir='ltr'><em>vide</em></span> <span class='ocrx_word' id='word_1_530' title='bbox 1872 5354 1956 5426; x_wconf 88' lang='lat' dir='ltr'><em>in-</em></span> 
     </span>
    </p>
   </div>
   <div class='ocr_carea' id='block_1_79' title="bbox 304 5420 1954 5498">
    <p class='ocr_par' dir='ltr' id='par_1_79' title="bbox 304 5420 1954 5498">
     <span class='ocr_line' id='line_1_80' title="bbox 304 5420 1954 5498; baseline 0.004 -24"><span class='ocrx_word' id='word_1_531' title='bbox 304 5420 547 5498; x_wconf 68' lang='lat' dir='ltr'><em>iracap.</em></span> <span class='ocrx_word' id='word_1_532' title='bbox 582 5425 650 5498; x_wconf 68' lang='grc'><em>46</em></span> <span class='ocrx_word' id='word_1_533' title='bbox 678 5420 751 5481; x_wconf 73' lang='lat' dir='ltr'><em>ad</em></span> <span class='ocrx_word' id='word_1_534' title='bbox 775 5424 918 5498; x_wconf 77' lang='lat' dir='ltr'><em>illa:</em></span> <span class='ocrx_word' id='word_1_535' title='bbox 944 5447 971 5498; x_wconf 56' lang='lat' dir='ltr'><em>l}</em></span> <span class='ocrx_word' id='word_1_536' title='bbox 1003 5425 1068 5480; x_wconf 89' lang='lat' dir='ltr'><em>Et</em></span> <span class='ocrx_word' id='word_1_537' title='bbox 1093 5420 1421 5498; x_wconf 79' lang='lat' dir='ltr'><em>necessario</em></span> <span class='ocrx_word' id='word_1_538' title='bbox 1453 5428 1806 5498; x_wconf 84' lang='lat' dir='ltr'><em>appetunt.»</em></span> <span class='ocrx_word' id='word_1_539' title='bbox 1833 5425 1954 5482; x_wconf 86' lang='lat' dir='ltr'><em>Sal-</em></span> 
     </span>
    </p>
   </div>
   <div class='ocr_carea' id='block_1_80' title="bbox 302 5489 1950 5569">
    <p class='ocr_par' dir='ltr' id='par_1_80' title="bbox 302 5489 1950 5569">
     <span class='ocr_line' id='line_1_81' title="bbox 302 5489 1950 5569; baseline 0.005 -24"><span class='ocrx_word' id='word_1_540' title='bbox 302 5489 517 5569; x_wconf 76' lang='lat' dir='ltr'><em>lustius</em></span> <span class='ocrx_word' id='word_1_541' title='bbox 547 5496 726 5552; x_wconf 84' lang='lat' dir='ltr'><em>etiam</em></span> <span class='ocrx_word' id='word_1_542' title='bbox 757 5496 829 5553; x_wconf 90' lang='lat' dir='ltr'><em>de</em></span> <span class='ocrx_word' id='word_1_543' title='bbox 856 5512 918 5551; x_wconf 87' lang='lat' dir='ltr'><em>se</em></span> <span class='ocrx_word' id='word_1_544' title='bbox 948 5495 1075 5569; x_wconf 84' lang='lat' dir='ltr'><em>ipso</em></span> <span class='ocrx_word' id='word_1_545' title='bbox 1107 5495 1162 5551; x_wconf 91' lang='lat' dir='ltr'><em>in</em></span> <span class='ocrx_word' id='word_1_546' title='bbox 1189 5497 1311 5553; x_wconf 86' lang='lat' dir='ltr'><em>Cat.</em></span> <span class='ocrx_word' id='word_1_547' title='bbox 1339 5513 1387 5551; x_wconf 90' lang='lat' dir='ltr'><em>c.</em></span> <span class='ocrx_word' id='word_1_548' title='bbox 1416 5489 1575 5554; x_wconf 74' lang='grc' dir='ltr'><em>31’τ’‹‹</em></span> <span class='ocrx_word' id='word_1_549' title='bbox 1602 5498 1678 5553; x_wconf 82' lang='lat' dir='ltr'><em>Ac</em></span> <span class='ocrx_word' id='word_1_550' title='bbox 1706 5498 1795 5569; x_wconf 89' lang='lat' dir='ltr'><em>pie</em></span> <span class='ocrx_word' id='word_1_551' title='bbox 1818 5514 1950 5553; x_wconf 89' lang='lat' dir='ltr'><em>cum</em></span> 
     </span>
    </p>
   </div>
   <div class='ocr_carea' id='block_1_81' title="bbox 301 5561 1952 5645">
    <p class='ocr_par' dir='ltr' id='par_1_81' title="bbox 301 5561 1952 5645">
     <span class='ocr_line' id='line_1_82' title="bbox 301 5561 1952 5645; baseline 0.005 -28"><span class='ocrx_word' id='word_1_552' title='bbox 301 5561 379 5645; x_wconf 82' lang='lat' dir='ltr'><em>ah</em></span> <span class='ocrx_word' id='word_1_553' title='bbox 404 5565 765 5645; x_wconf 83' lang='lat' dir='ltr'><em>reliquorum</em></span> <span class='ocrx_word' id='word_1_554' title='bbox 800 5561 987 5645; x_wconf 57' lang='lat' dir='ltr'><em>malia&#39;</em></span> <span class='ocrx_word' id='word_1_555' title='bbox 1013 5569 1276 5645; x_wconf 89' lang='lat' dir='ltr'><em>moribus</em></span> <span class='ocrx_word' id='word_1_556' title='bbox 1324 5561 1719 5635; x_wconf 68' lang='lat' dir='ltr'><em>dissentirem;</em></span> <span class='ocrx_word' id='word_1_557' title='bbox 1770 5569 1952 5645; x_wconf 79' lang='lat' dir='ltr'><em>nihilo</em></span> 
     </span>
    </p>
   </div>
   <div class='ocr_carea' id='block_1_82' title="bbox 299 5640 1949 5713">
    <p class='ocr_par' dir='ltr' id='par_1_82' title="bbox 299 5640 1949 5713">
     <span class='ocr_line' id='line_1_83' title="bbox 299 5640 1949 5713; baseline 0.003 -25"><span class='ocrx_word' id='word_1_558' title='bbox 299 5640 767 5713; x_wconf 69' lang='lat' dir='ltr'><em>minusbonoris</em></span> <span class='ocrx_word' id='word_1_559' title='bbox 798 5641 1011 5713; x_wconf 90' lang='lat' dir='ltr'><em>cupido</em></span> <span class='ocrx_word' id='word_1_560' title='bbox 1051 5642 1438 5713; x_wconf 26' lang='lat' dir='ltr'><em>eademgquae</em></span> <span class='ocrx_word' id='word_1_561' title='bbox 1486 5640 1949 5713; x_wconf 17' lang='lat' dir='ltr'><em>caeteros,7fama,</em></span> 
     </span>
    </p>
   </div>
   <div class='ocr_carea' id='block_1_83' title="bbox 2086 2062 3739 2134">
    <p class='ocr_par' dir='ltr' id='par_1_83' title="bbox 2086 2062 3739 2134">
     <span class='ocr_line' id='line_1_84' title="bbox 2086 2062 3739 2134; baseline 0.004 -18"><span class='ocrx_word' id='word_1_562' title='bbox 2086 2066 2176 2134; x_wconf 82' lang='lat' dir='ltr'><em>est</em></span> <span class='ocrx_word' id='word_1_563' title='bbox 2204 2066 2263 2117; x_wconf 89' lang='lat' dir='ltr'><em>et</em></span> <span class='ocrx_word' id='word_1_564' title='bbox 2292 2062 2482 2134; x_wconf 88' lang='lat' dir='ltr'><em>patria</em></span> <span class='ocrx_word' id='word_1_565' title='bbox 2502 2062 2740 2134; x_wconf 89' lang='lat' dir='ltr'><em>ubique.</em></span> <span class='ocrx_word' id='word_1_566' title='bbox 2766 2062 2892 2118; x_wconf 89' lang='lat' dir='ltr'><em>Non</em></span> <span class='ocrx_word' id='word_1_567' title='bbox 2913 2062 3205 2120; x_wconf 91' lang='lat' dir='ltr'><em>abludunt</em></span> <span class='ocrx_word' id='word_1_568' title='bbox 3231 2064 3367 2120; x_wconf 91' lang='lat' dir='ltr'><em>hinc</em></span> <span class='ocrx_word' id='word_1_569' title='bbox 3390 2065 3475 2120; x_wconf 92' lang='lat' dir='ltr'><em>illi</em></span> <span class='ocrx_word' id='word_1_570' title='bbox 3494 2065 3739 2123; x_wconf 88' lang='lat' dir='ltr'><em>Joannis</em></span> 
     </span>
    </p>
   </div>
   <div class='ocr_carea' id='block_1_84' title="bbox 2086 2132 3740 2209">
    <p class='ocr_par' dir='ltr' id='par_1_84' title="bbox 2086 2132 3740 2209">
     <span class='ocr_line' id='line_1_85' title="bbox 2086 2132 3740 2209; baseline 0.004 -23"><span class='ocrx_word' id='word_1_571' title='bbox 2086 2132 2584 2209; x_wconf 76' lang='lat' dir='ltr'><em>Chrysostomide</em></span> <span class='ocrx_word' id='word_1_572' title='bbox 2614 2132 2818 2209; x_wconf 80' lang='lat' dir='ltr'><em>sancto</em></span> <span class='ocrx_word' id='word_1_573' title='bbox 2851 2134 3107 2191; x_wconf 91' lang='lat' dir='ltr'><em>Luciano</em></span> <span class='ocrx_word' id='word_1_574' title='bbox 3137 2154 3151 2204; x_wconf 91' lang='lat'><strong>;</strong></span> <span class='ocrx_word' id='word_1_575' title='bbox 3185 2134 3259 2209; x_wconf 91' lang='lat' dir='ltr'><em>ls_,</em></span> <span class='ocrx_word' id='word_1_576' title='bbox 3289 2137 3621 2209; x_wconf 70' lang='lat' dir='ltr'><em>quaestione</em></span> <span class='ocrx_word' id='word_1_577' title='bbox 3640 2154 3740 2209; x_wconf 91' lang='lat' dir='ltr'><em>per</em></span> 
     </span>
    </p>
   </div>
   <div class='ocr_carea' id='block_1_85' title="bbox 2084 2204 3735 2283">
    <p class='ocr_par' dir='ltr' id='par_1_85' title="bbox 2084 2204 3735 2283">
     <span class='ocr_line' id='line_1_86' title="bbox 2084 2204 3735 2283; baseline 0.002 -25"><span class='ocrx_word' id='word_1_578' title='bbox 2084 2204 2377 2283; x_wconf 74' lang='lat' dir='ltr'><em>tprmenta</em></span> <span class='ocrx_word' id='word_1_579' title='bbox 2406 2205 2629 2283; x_wconf 73' lang='lat' dir='ltr'><em>habita,</em></span> <span class='ocrx_word' id='word_1_580' title='bbox 2673 2206 3089 2283; x_wconf 64' lang='lat' dir='ltr'><em>interrogatus,</em></span> <span class='ocrx_word' id='word_1_581' title='bbox 3140 2204 3379 2283; x_wconf 45' lang='lat' dir='ltr'><em>«plac-gl</em></span> <span class='ocrx_word' id='word_1_582' title='bbox 3434 2204 3735 2283; x_wconf 65' lang='grc' dir='ltr'><em>πατρίᾷὀςς</em></span> 
     </span>
    </p>
   </div>
   <div class='ocr_carea' id='block_1_86' title="bbox 2084 2273 3742 2354">
    <p class='ocr_par' dir='ltr' id='par_1_86' title="bbox 2084 2273 3742 2354">
     <span class='ocr_line' id='line_1_87' title="bbox 2084 2273 3742 2354; baseline 0.002 -25"><span class='ocrx_word' id='word_1_583' title='bbox 2084 2273 2404 2354; x_wconf 52' lang='grc' dir='ltr'><em>Χριστξανρς</em></span> <span class='ocrx_word' id='word_1_584' title='bbox 2454 2273 2801 2354; x_wconf 33' lang='lat' dir='ltr'><em>dignamut.</em></span> <span class='ocrx_word' id='word_1_585' title='bbox 2861 2273 2926 2354; x_wconf 66' lang='lat' dir='ltr'><em>Ti</em></span> <span class='ocrx_word' id='word_1_586' title='bbox 2977 2274 3123 2351; x_wconf 77' lang='grc' dir='ltr'><strong>ἔχεις</strong></span> <span class='ocrx_word' id='word_1_587' title='bbox 3155 2273 3563 2354; x_wconf 41' lang='grc' dir='ltr'><em>,ὶτεςιήὸειξμα</em></span> <span class='ocrx_word' id='word_1_588' title='bbox 3613 2273 3742 2354; x_wconf 73' lang='grc' dir='ltr'><em>Χριὲ</em></span> 
     </span>
    </p>
   </div>
   <div class='ocr_carea' id='block_1_87' title="bbox 2087 2320 3737 2423">
    <p class='ocr_par' dir='ltr' id='par_1_87' title="bbox 2087 2320 3737 2423">
     <span class='ocr_line' id='line_1_88' title="bbox 2087 2320 3737 2423; baseline 0.003 -23"><span class='ocrx_word' id='word_1_589' title='bbox 2087 2320 2312 2423; x_wconf 51' lang='lat' dir='ltr'><em>gae:</em></span> <span class='ocrx_word' id='word_1_590' title='bbox 2323 2320 2477 2423; x_wconf 56' lang='grc' dir='ltr'><em>έῗξμξ</em></span> <span class='ocrx_word' id='word_1_591' title='bbox 2486 2320 3121 2423; x_wconf 51' lang='grc' dir='ltr'><em>’Ἦναῖέῖῥρίό’νρῖ›ἶ;“</em></span> <span class='ocrx_word' id='word_1_592' title='bbox 3147 2320 3737 2423; x_wconf 49' lang='grc' dir='ltr'><em>δ”ἓξττξρὲῗίὲίπᾶὶζᾶ</em></span> 
     </span>
    </p>
   </div>
   <div class='ocr_carea' id='block_1_88' title="bbox 2086 2415 3743 2495">
    <p class='ocr_par' dir='ltr' id='par_1_88' title="bbox 2086 2415 3743 2495">
     <span class='ocr_line' id='line_1_89' title="bbox 2086 2415 3743 2495; baseline 0.004 -23"><span class='ocrx_word' id='word_1_593' title='bbox 2086 2415 2292 2495; x_wconf 48' lang='grc' dir='ltr'><em>ἔλεγὲῖι</em></span> <span class='ocrx_word' id='word_1_594' title='bbox 2327 2415 2407 2495; x_wconf 66' lang='grc' dir='ltr'><em>ὅςεί</em></span> <span class='ocrx_word' id='word_1_595' title='bbox 2436 2418 2751 2495; x_wconf 69' lang='grc' dir='ltr'><em>Χριστιανός</em></span> <span class='ocrx_word' id='word_1_596' title='bbox 2782 2415 3040 2495; x_wconf 33' lang='lat' dir='ltr'><em>&#39;eiiltsidA</em></span> <span class='ocrx_word' id='word_1_597' title='bbox 3055 2423 3164 2490; x_wconf 90' lang='lat' dir='ltr'><em>est,</em></span> <span class='ocrx_word' id='word_1_598' title='bbox 3202 2443 3224 2470; x_wconf 78' lang='grc' dir='ltr'>ι</span> <span class='ocrx_word' id='word_1_599' title='bbox 3260 2415 3395 2486; x_wconf 52' lang='lat' dir='ltr'><em>Qum</em></span> <span class='ocrx_word' id='word_1_600' title='bbox 3423 2421 3530 2478; x_wconf 85' lang='lat' dir='ltr'><em>tibi</em></span> <span class='ocrx_word' id='word_1_601' title='bbox 3554 2425 3743 2495; x_wconf 74' lang='lat' dir='ltr'><em>patria</em></span> 
     </span>
    </p>
   </div>
   <div class='ocr_carea' id='block_1_89' title="bbox 2085 2439 3741 2563">
    <p class='ocr_par' dir='ltr' id='par_1_89' title="bbox 2085 2439 3741 2563">
     <span class='ocr_line' id='line_1_90' title="bbox 2087 2439 3741 2495; baseline 0.004 -23"><span class='ocrx_word' id='word_1_602' title='bbox 2087 2439 2176 2473; x_wconf 77' lang='grc' dir='ltr'><em>εΛε</em></span> <span class='ocrx_word' id='word_1_603' title='bbox 2219 2439 2268 2472; x_wconf 84' lang='grc' dir='ltr'><em>εν</em></span> <span class='ocrx_word' id='word_1_604' title='bbox 2327 2439 2407 2473; x_wconf 82' lang='grc' dir='ltr'><em>οτι</em></span> <span class='ocrx_word' id='word_1_605' title='bbox 2438 2439 2751 2493; x_wconf 69' lang='grc' dir='ltr'><em>Δριστιανος</em></span> <span class='ocrx_word' id='word_1_606' title='bbox 2789 2439 2925 2491; x_wconf 86' lang='grc' dir='ltr'><strong>ειμι.</strong></span> <span class='ocrx_word' id='word_1_607' title='bbox 2967 2439 3023 2474; x_wconf 85' lang='grc' dir='ltr'><em>ια</em></span> <span class='ocrx_word' id='word_1_608' title='bbox 3055 2439 3164 2490; x_wconf 76' lang='lat' dir='ltr'><em>eet,</em></span> <span class='ocrx_word' id='word_1_609' title='bbox 3202 2443 3224 2470; x_wconf 75' lang='grc' dir='ltr'><strong>Ι</strong></span> <span class='ocrx_word' id='word_1_610' title='bbox 3260 2439 3394 2486; x_wconf 61' lang='lat' dir='ltr'><em>una</em></span> <span class='ocrx_word' id='word_1_611' title='bbox 3423 2439 3530 2478; x_wconf 74' lang='grc' dir='ltr'><em>ῐιῧι</em></span> <span class='ocrx_word' id='word_1_612' title='bbox 3554 2439 3741 2495; x_wconf 72' lang='lat' dir='ltr'><em>patria</em></span> 
     </span>
     <span class='ocr_line' id='line_1_91' title="bbox 2085 2439 3741 2563; baseline 0.003 -18"><span class='ocrx_word' id='word_1_613' title='bbox 2085 2439 2213 2546; x_wconf 40' lang='lat' dir='ltr'><em>est;</em></span> <span class='ocrx_word' id='word_1_614' title='bbox 2236 2465 2605 2547; x_wconf 69' lang='lat' dir='ltr'><em>Christianus</em></span> <span class='ocrx_word' id='word_1_615' title='bbox 2627 2490 3190 2563; x_wconf 86' lang='lat' dir='ltr'><em>sum,inquit,0uam</em></span> <span class='ocrx_word' id='word_1_616' title='bbox 3213 2497 3395 2548; x_wconf 86' lang='lat' dir='ltr'><em>artem</em></span> <span class='ocrx_word' id='word_1_617' title='bbox 3416 2496 3741 2563; x_wconf 82' lang='lat' dir='ltr'><em>proﬁteris?</em></span> 
     </span>
    </p>
   </div>
   <div class='ocr_carea' id='block_1_90' title="bbox 2083 2563 3737 2634">
    <p class='ocr_par' dir='ltr' id='par_1_90' title="bbox 2083 2563 3737 2634">
     <span class='ocr_line' id='line_1_92' title="bbox 2083 2563 3737 2634; baseline 0.004 -17"><span class='ocrx_word' id='word_1_618' title='bbox 2083 2564 2451 2617; x_wconf 87' lang='lat' dir='ltr'><em>Christianus</em></span> <span class='ocrx_word' id='word_1_619' title='bbox 2501 2580 2653 2618; x_wconf 88' lang='lat' dir='ltr'><em>sum.</em></span> <span class='ocrx_word' id='word_1_620' title='bbox 2702 2563 2925 2627; x_wconf 88' lang='lat' dir='ltr'><em>Quibus</em></span> <span class='ocrx_word' id='word_1_621' title='bbox 2956 2563 3325 2634; x_wconf 78' lang='lat' dir='ltr'><em>majoribus?</em></span> <span class='ocrx_word' id='word_1_622' title='bbox 3373 2563 3473 2620; x_wconf 90' lang='lat' dir='ltr'><em>Ille</em></span> <span class='ocrx_word' id='word_1_623' title='bbox 3502 2583 3635 2622; x_wconf 91' lang='lat' dir='ltr'><em>vero</em></span> <span class='ocrx_word' id='word_1_624' title='bbox 3665 2569 3737 2622; x_wconf 91' lang='lat' dir='ltr'><em>ad</em></span> 
     </span>
    </p>
   </div>
   <div class='ocr_carea' id='block_1_91' title="bbox 2083 2634 3740 2705">
    <p class='ocr_par' dir='ltr' id='par_1_91' title="bbox 2083 2634 3740 2705">
     <span class='ocr_line' id='line_1_93' title="bbox 2083 2634 3740 2705; baseline 0.003 -16"><span class='ocrx_word' id='word_1_625' title='bbox 2083 2635 2282 2690; x_wconf 88' lang='lat' dir='ltr'><em>omnia</em></span> <span class='ocrx_word' id='word_1_626' title='bbox 2310 2634 2756 2705; x_wconf 85' lang='lat' dir='ltr'><em>dicebat,audis,</em></span> <span class='ocrx_word' id='word_1_627' title='bbox 2792 2635 2944 2705; x_wconf 82' lang='lat' dir='ltr'><em>quod</em></span> <span class='ocrx_word' id='word_1_628' title='bbox 2978 2651 3111 2690; x_wconf 91' lang='lat' dir='ltr'><em>sum</em></span> <span class='ocrx_word' id='word_1_629' title='bbox 3142 2634 3508 2705; x_wconf 79' lang='lat' dir='ltr'><em>Christianus</em></span> <span class='ocrx_word' id='word_1_630' title='bbox 3542 2638 3570 2693; x_wconf 78' lang='lat' dir='ltr'><em>‘l</em></span> <span class='ocrx_word' id='word_1_631' title='bbox 3598 2659 3627 2689; x_wconf 87' lang='lat'><strong>»</strong></span> <span class='ocrx_word' id='word_1_632' title='bbox 3653 2640 3740 2694; x_wconf 86' lang='lat' dir='ltr'><em>lta</em></span> 
     </span>
    </p>
   </div>
   <div class='ocr_carea' id='block_1_92' title="bbox 2081 2701 3737 2788">
    <p class='ocr_par' dir='ltr' id='par_1_92' title="bbox 2081 2701 3737 2788">
     <span class='ocr_line' id='line_1_94' title="bbox 2081 2701 3737 2788; baseline 0.004 -28"><span class='ocrx_word' id='word_1_633' title='bbox 2081 2704 2597 2788; x_wconf 63' lang='lat' dir='ltr'><em>Aristippusmeivai</em></span> <span class='ocrx_word' id='word_1_634' title='bbox 2642 2724 2698 2788; x_wconf 72' lang='lat' dir='ltr'><em>ts</em></span> <span class='ocrx_word' id='word_1_635' title='bbox 2746 2701 2977 2788; x_wconf 53' lang='grc' dir='ltr'><em>πέιςρίβα</em></span> <span class='ocrx_word' id='word_1_636' title='bbox 3016 2701 3368 2788; x_wconf 35' lang='grc' dir='ltr'><em>τὸνεχόὲμυν</em></span> <span class='ocrx_word' id='word_1_637' title='bbox 3405 2708 3617 2788; x_wconf 87' lang='lat' dir='ltr'><em>aiebat,</em></span> <span class='ocrx_word' id='word_1_638' title='bbox 3678 2716 3737 2767; x_wconf 89' lang='lat' dir='ltr'><em>et</em></span> 
     </span>
    </p>
   </div>
   <div class='ocr_carea' id='block_1_93' title="bbox 2082 2775 3481 2852">
    <p class='ocr_par' dir='ltr' id='par_1_93' title="bbox 2082 2775 3481 2852">
     <span class='ocr_line' id='line_1_95' title="bbox 2082 2775 3481 2852; baseline 0.001 -19"><span class='ocrx_word' id='word_1_639' title='bbox 2082 2775 2394 2834; x_wconf 83' lang='lat' dir='ltr'><em>sublimior</em></span> <span class='ocrx_word' id='word_1_640' title='bbox 2420 2775 2521 2833; x_wconf 89' lang='lat' dir='ltr'><em>illo</em></span> <span class='ocrx_word' id='word_1_641' title='bbox 2553 2778 2755 2833; x_wconf 83' lang='lat' dir='ltr'><em>Grates</em></span> <span class='ocrx_word' id='word_1_642' title='bbox 2784 2775 3098 2834; x_wconf 85' lang='lat' dir='ltr'><em>Thebanus</em></span> <span class='ocrx_word' id='word_1_643' title='bbox 3128 2775 3187 2834; x_wconf 88' lang='lat' dir='ltr'><em>in</em></span> <span class='ocrx_word' id='word_1_644' title='bbox 3218 2775 3481 2852; x_wconf 77' lang='lat' dir='ltr'><em>Tragmd.</em></span> 
     </span>
    </p>
   </div>
   <div class='ocr_carea' id='block_1_94' title="bbox 2225 2878 3520 3006">
    <p class='ocr_par' dir='ltr' id='par_1_94' title="bbox 2225 2878 3520 3006">
     <span class='ocr_line' id='line_1_96' title="bbox 2225 2878 3520 3006; baseline 0.003 -73"><span class='ocrx_word' id='word_1_645' title='bbox 2225 2879 2351 2954; x_wconf 81' lang='grc' dir='ltr'>Οὐχ</span> <span class='ocrx_word' id='word_1_646' title='bbox 2374 2881 2453 2941; x_wconf 72' lang='grc' dir='ltr'><em>εἷς</em></span> <span class='ocrx_word' id='word_1_647' title='bbox 2480 2878 2708 2951; x_wconf 83' lang='grc' dir='ltr'><em>πάτριός</em></span> <span class='ocrx_word' id='word_1_648' title='bbox 2751 2900 2845 2953; x_wconf 83' lang='grc' dir='ltr'>μοι</span> <span class='ocrx_word' id='word_1_649' title='bbox 2875 2880 3104 3006; x_wconf 47' lang='lat' dir='ltr'><em>abavos,</em></span> <span class='ocrx_word' id='word_1_650' title='bbox 3137 2879 3199 2935; x_wconf 79' lang='grc' dir='ltr'>οὗ</span> <span class='ocrx_word' id='word_1_651' title='bbox 3233 2880 3328 2954; x_wconf 79' lang='grc' dir='ltr'><em>μία</em></span> <span class='ocrx_word' id='word_1_652' title='bbox 3356 2882 3520 2959; x_wconf 76' lang='grc' dir='ltr'><em>στέγη</em></span> 
     </span>
     <span class='ocr_line' id='line_1_97' title="bbox 2225 2947 3440 3006; baseline 0 0"><span class='ocrx_word' id='word_1_653' title='bbox 2225 2950 2407 3006; x_wconf 66' lang='lat' dir='ltr'><em>Iidem</em></span> <span class='ocrx_word' id='word_1_654' title='bbox 2440 2947 2497 3005; x_wconf 71' lang='grc' dir='ltr'><em>δὶ</em></span> <span class='ocrx_word' id='word_1_655' title='bbox 2527 2951 2728 3006; x_wconf 77' lang='grc' dir='ltr'>γέοσοτ</span> <span class='ocrx_word' id='word_1_656' title='bbox 2757 2952 2848 3006; x_wconf 83' lang='grc' dir='ltr'><em>καὶ</em></span> <span class='ocrx_word' id='word_1_657' title='bbox 2876 2951 2948 3006; x_wconf 84' lang='grc' dir='ltr'><em>πό</em></span> <span class='ocrx_word' id='word_1_658' title='bbox 2995 2972 3124 3006; x_wconf 63' lang='lat' dir='ltr'><em>leua</em></span> <span class='ocrx_word' id='word_1_659' title='bbox 3147 2953 3237 3006; x_wconf 81' lang='grc' dir='ltr'><em>καὶ</em></span> <span class='ocrx_word' id='word_1_660' title='bbox 3271 2951 3440 3006; x_wconf 70' lang='grc' dir='ltr'>δόμος</span> 
     </span>
    </p>
   </div>
   <div class='ocr_carea' id='block_1_95' title="bbox 2224 2947 3440 3028">
    <p class='ocr_par' dir='ltr' id='par_1_95' title="bbox 2224 2947 3440 3028">
     <span class='ocr_line' id='line_1_98' title="bbox 2224 2947 3440 3028; baseline 0.003 -23"><span class='ocrx_word' id='word_1_661' title='bbox 2224 2947 2407 3028; x_wconf 40' lang='lat' dir='ltr'><em>natea:</em></span> <span class='ocrx_word' id='word_1_662' title='bbox 2440 2947 2497 3028; x_wconf 56' lang='lat'>8)</span> <span class='ocrx_word' id='word_1_663' title='bbox 2527 2947 2728 3028; x_wconf 58' lang='grc' dir='ltr'>χέρσος</span> <span class='ocrx_word' id='word_1_664' title='bbox 2752 2947 2848 3028; x_wconf 45' lang='lat' dir='ltr'><em>atat</em></span> <span class='ocrx_word' id='word_1_665' title='bbox 2876 2947 3124 3028; x_wconf 67' lang='grc' dir='ltr'><em>πόλὶσμοι</em></span> <span class='ocrx_word' id='word_1_666' title='bbox 3144 2947 3243 3028; x_wconf 51' lang='grc' dir='ltr'><em>μαῖ’</em></span> <span class='ocrx_word' id='word_1_667' title='bbox 3271 2951 3440 3028; x_wconf 83' lang='grc' dir='ltr'>δόμος</span> 
     </span>
    </p>
   </div>
   <div class='ocr_carea' id='block_1_96' title="bbox 2222 3019 3249 3101">
    <p class='ocr_par' dir='ltr' id='par_1_96' title="bbox 2222 3019 3249 3101">
     <span class='ocr_line' id='line_1_99' title="bbox 2222 3019 3249 3101; baseline 0.001 -22"><span class='ocrx_word' id='word_1_668' title='bbox 2222 3019 2499 3097; x_wconf 64' lang='grc' dir='ltr'>Ἑτοίμοίς</span> <span class='ocrx_word' id='word_1_669' title='bbox 2529 3019 2667 3096; x_wconf 61' lang='grc' dir='ltr'>ἦρξῖν</span> <span class='ocrx_word' id='word_1_670' title='bbox 2697 3019 3061 3079; x_wconf 70' lang='grc' dir='ltr'><em>ἱνδιαιτᾶσθαί</em></span> <span class='ocrx_word' id='word_1_671' title='bbox 3086 3023 3249 3101; x_wconf 78' lang='grc' dir='ltr'>πάρα.</span> 
     </span>
    </p>
   </div>
   <div class='ocr_carea' id='block_1_97' title="bbox 2083 3130 3736 3203">
    <p class='ocr_par' dir='ltr' id='par_1_97' title="bbox 2083 3130 3736 3203">
     <span class='ocr_line' id='line_1_100' title="bbox 2083 3130 3736 3203; baseline 0.002 -18"><span class='ocrx_word' id='word_1_672' title='bbox 2083 3130 2137 3185; x_wconf 92' lang='lat' dir='ltr'><em>id</em></span> <span class='ocrx_word' id='word_1_673' title='bbox 2161 3133 2247 3186; x_wconf 82' lang='lat' dir='ltr'><em>est</em></span> <span class='ocrx_word' id='word_1_674' title='bbox 2268 3146 2282 3184; x_wconf 88' lang='lat'><strong>:</strong></span> <span class='ocrx_word' id='word_1_675' title='bbox 2311 3152 2339 3181; x_wconf 87' lang='grc'><em>‹‹</em></span> <span class='ocrx_word' id='word_1_676' title='bbox 2363 3135 2475 3186; x_wconf 82' lang='lat' dir='ltr'><em>Nec</em></span> <span class='ocrx_word' id='word_1_677' title='bbox 2500 3146 2602 3203; x_wconf 90' lang='lat' dir='ltr'><em>pro</em></span> <span class='ocrx_word' id='word_1_678' title='bbox 2625 3130 2814 3201; x_wconf 89' lang='lat' dir='ltr'><em>patria</em></span> <span class='ocrx_word' id='word_1_679' title='bbox 2835 3130 2980 3186; x_wconf 89' lang='lat' dir='ltr'><em>mihi</em></span> <span class='ocrx_word' id='word_1_680' title='bbox 3001 3133 3182 3203; x_wconf 87' lang='lat' dir='ltr'><em>turris</em></span> <span class='ocrx_word' id='word_1_681' title='bbox 3205 3149 3322 3189; x_wconf 90' lang='lat' dir='ltr'><em>una</em></span> <span class='ocrx_word' id='word_1_682' title='bbox 3344 3150 3449 3190; x_wconf 89' lang='lat' dir='ltr'><em>nec</em></span> <span class='ocrx_word' id='word_1_683' title='bbox 3470 3150 3608 3190; x_wconf 87' lang='lat' dir='ltr'><em>casa</em></span> <span class='ocrx_word' id='word_1_684' title='bbox 3624 3138 3736 3203; x_wconf 91' lang='lat' dir='ltr'><em>est,</em></span> 
     </span>
    </p>
   </div>
   <div class='ocr_carea' id='block_1_98' title="bbox 2082 3202 3739 3278">
    <p class='ocr_par' dir='ltr' id='par_1_98' title="bbox 2082 3202 3739 3278">
     <span class='ocr_line' id='line_1_101' title="bbox 2082 3202 3739 3278; baseline 0.004 -21"><span class='ocrx_word' id='word_1_685' title='bbox 2082 3203 2181 3278; x_wconf 86' lang='lat' dir='ltr'><em>sed</em></span> <span class='ocrx_word' id='word_1_686' title='bbox 2218 3203 2467 3278; x_wconf 69' lang='lat' dir='ltr'><em>univerte</em></span> <span class='ocrx_word' id='word_1_687' title='bbox 2498 3202 2856 3278; x_wconf 77' lang='lat' dir='ltr'><em>arce_s_terrze</em></span> <span class='ocrx_word' id='word_1_688' title='bbox 2912 3208 2969 3258; x_wconf 91' lang='lat' dir='ltr'><em>et</em></span> <span class='ocrx_word' id='word_1_689' title='bbox 3020 3202 3231 3259; x_wconf 89' lang='lat' dir='ltr'><em>domus</em></span> <span class='ocrx_word' id='word_1_690' title='bbox 3271 3210 3534 3278; x_wconf 88' lang='lat' dir='ltr'><em>paratam</em></span> <span class='ocrx_word' id='word_1_691' title='bbox 3566 3202 3739 3263; x_wconf 84' lang='lat' dir='ltr'><em>nobis</em></span> 
     </span>
    </p>
   </div>
   <div class='ocr_carea' id='block_1_99' title="bbox 2082 3273 2990 3346">
    <p class='ocr_par' dir='ltr' id='par_1_99' title="bbox 2082 3273 2990 3346">
     <span class='ocr_line' id='line_1_102' title="bbox 2082 3273 2990 3346; baseline 0.002 -18"><span class='ocrx_word' id='word_1_692' title='bbox 2082 3274 2498 3346; x_wconf 81' lang='lat' dir='ltr'><em>Aristophanes</em></span> <span class='ocrx_word' id='word_1_693' title='bbox 2527 3275 2584 3329; x_wconf 92' lang='lat' dir='ltr'><em>in</em></span> <span class='ocrx_word' id='word_1_694' title='bbox 2620 3273 2806 3341; x_wconf 89' lang='lat' dir='ltr'><em>Pluto,</em></span> <span class='ocrx_word' id='word_1_695' title='bbox 2836 3291 2890 3344; x_wconf 89' lang='lat' dir='ltr'><em>v,</em></span> <span class='ocrx_word' id='word_1_696' title='bbox 2925 3291 2943 3329; x_wconf 81' lang='grc' dir='ltr'><strong>ι</strong></span> <span class='ocrx_word' id='word_1_697' title='bbox 2975 3289 2990 3330; x_wconf 88' lang='lat'><strong>:</strong></span> 
     </span>
    </p>
   </div>
   <div class='ocr_carea' id='block_1_100' title="bbox 2192 3376 3473 3455">
    <p class='ocr_par' dir='ltr' id='par_1_100' title="bbox 2192 3376 3473 3455">
     <span class='ocr_line' id='line_1_103' title="bbox 2192 3376 3473 3455; baseline 0.002 -21"><span class='ocrx_word' id='word_1_698' title='bbox 2192 3377 2390 3453; x_wconf 78' lang='grc' dir='ltr'><em>Πατρὶς</em></span> <span class='ocrx_word' id='word_1_699' title='bbox 2423 3380 2526 3454; x_wconf 84' lang='grc' dir='ltr'><em>γάρ</em></span> <span class='ocrx_word' id='word_1_700' title='bbox 2559 3377 2668 3434; x_wconf 80' lang='grc' dir='ltr'><em>ἐστι</em></span> <span class='ocrx_word' id='word_1_701' title='bbox 2702 3380 2826 3434; x_wconf 84' lang='grc' dir='ltr'><em>πᾶσ’</em></span> <span class='ocrx_word' id='word_1_702' title='bbox 2850 3376 2924 3435; x_wconf 68' lang='grc' dir='ltr'><em>ἵν’</em></span> <span class='ocrx_word' id='word_1_703' title='bbox 2952 3376 3014 3433; x_wconf 74' lang='grc' dir='ltr'>ἂν</span> <span class='ocrx_word' id='word_1_704' title='bbox 3046 3380 3255 3455; x_wconf 75' lang='grc' dir='ltr'><em>πράττῃ</em></span> <span class='ocrx_word' id='word_1_705' title='bbox 3285 3379 3366 3443; x_wconf 79' lang='grc' dir='ltr'><em>τίς</em></span> <span class='ocrx_word' id='word_1_706' title='bbox 3398 3381 3473 3438; x_wconf 80' lang='grc' dir='ltr'><em>εὗ.</em></span> 
     </span>
    </p>
   </div>
   <div class='ocr_carea' id='block_1_101' title="bbox 2084 3480 3738 3597">
    <p class='ocr_par' dir='ltr' id='par_1_101' title="bbox 2084 3480 3738 3597">
     <span class='ocr_line' id='line_1_104' title="bbox 2084 3480 3738 3597; baseline 0.002 -56"><span class='ocrx_word' id='word_1_707' title='bbox 2084 3480 2143 3541; x_wconf 86' lang='lat' dir='ltr'><em>id</em></span> <span class='ocrx_word' id='word_1_708' title='bbox 2168 3491 2275 3552; x_wconf 91' lang='lat' dir='ltr'><em>est,</em></span> <span class='ocrx_word' id='word_1_709' title='bbox 2297 3489 2489 3558; x_wconf 86' lang='lat' dir='ltr'><em>patria</em></span> <span class='ocrx_word' id='word_1_710' title='bbox 2515 3486 2641 3541; x_wconf 85' lang='lat' dir='ltr'><em>illic</em></span> <span class='ocrx_word' id='word_1_711' title='bbox 2663 3488 2863 3559; x_wconf 86' lang='lat' dir='ltr'><em>cuique</em></span> <span class='ocrx_word' id='word_1_712' title='bbox 2880 3501 2983 3541; x_wconf 80' lang='lat' dir='ltr'><em>sua</em></span> <span class='ocrx_word' id='word_1_713' title='bbox 3005 3495 3105 3556; x_wconf 85' lang='lat' dir='ltr'><em>est,</em></span> <span class='ocrx_word' id='word_1_714' title='bbox 3127 3487 3227 3543; x_wconf 89' lang='lat' dir='ltr'><em>ubi</em></span> <span class='ocrx_word' id='word_1_715' title='bbox 3256 3488 3388 3543; x_wconf 83' lang='lat' dir='ltr'><em>bene</em></span> <span class='ocrx_word' id='word_1_716' title='bbox 3414 3488 3639 3545; x_wconf 85' lang='lat' dir='ltr'><em>est.Scri</em></span> <span class='ocrx_word' id='word_1_717' title='bbox 3648 3490 3738 3597; x_wconf 83' lang='lat' dir='ltr'><em>psi</em></span> 
     </span>
     <span class='ocr_line' id='line_1_105' title="bbox 2088 3553 3708 3597; baseline 0 0"><span class='ocrx_word' id='word_1_718' title='bbox 2088 3553 2276 3597; x_wconf 76' lang='lat' dir='ltr'><em>lnnnm</em></span> <span class='ocrx_word' id='word_1_719' title='bbox 2300 3574 2430 3597; x_wconf 67' lang='lat' dir='ltr'><em>mam</em></span> <span class='ocrx_word' id='word_1_720' title='bbox 2459 3558 2711 3597; x_wconf 66' lang='lat' dir='ltr'><em>Rionlﬁn</em></span> <span class='ocrx_word' id='word_1_721' title='bbox 2740 3557 3137 3597; x_wconf 64' lang='lat' dir='ltr'><em>nnnnanfinnfn</em></span> <span class='ocrx_word' id='word_1_722' title='bbox 3159 3575 3251 3597; x_wconf 74' lang='lat' dir='ltr'><em>mn</em></span> <span class='ocrx_word' id='word_1_723' title='bbox 3284 3565 3321 3597; x_wconf 80' lang='grc' dir='ltr'>Ι.</span> <span class='ocrx_word' id='word_1_724' title='bbox 3356 3561 3396 3597; x_wconf 68' lang='grc' dir='ltr'>Π</span> <span class='ocrx_word' id='word_1_725' title='bbox 3442 3577 3577 3597; x_wconf 70' lang='lat' dir='ltr'><em>nam</em></span> <span class='ocrx_word' id='word_1_726' title='bbox 3611 3567 3637 3597; x_wconf 82' lang='grc' dir='ltr'><strong>Δ</strong></span> <span class='ocrx_word' id='word_1_727' title='bbox 3677 3562 3708 3597; x_wconf 71' lang='grc' dir='ltr'><em>Α</em></span> 
     </span>
    </p>
   </div>
   <div class='ocr_carea' id='block_1_102' title="bbox 2085 3553 3733 3628">
    <p class='ocr_par' dir='ltr' id='par_1_102' title="bbox 2085 3553 3733 3628">
     <span class='ocr_line' id='line_1_106' title="bbox 2085 3553 3733 3628; baseline 0.006 -20"><span class='ocrx_word' id='word_1_728' title='bbox 2085 3553 2277 3613; x_wconf 90' lang='lat' dir='ltr'><em>locum</em></span> <span class='ocrx_word' id='word_1_729' title='bbox 2297 3553 2432 3614; x_wconf 79' lang='lat' dir='ltr'><em>cum</em></span> <span class='ocrx_word' id='word_1_730' title='bbox 2459 3553 3137 3628; x_wconf 79' lang='lat' dir='ltr'><em>Rigaltio,consentiente</em></span> <span class='ocrx_word' id='word_1_731' title='bbox 3159 3565 3339 3615; x_wconf 85' lang='lat' dir='ltr'><em>ms.L.</em></span> <span class='ocrx_word' id='word_1_732' title='bbox 3356 3561 3418 3615; x_wconf 92' lang='lat' dir='ltr'><em>B.</em></span> <span class='ocrx_word' id='word_1_733' title='bbox 3442 3577 3580 3616; x_wconf 89' lang='lat' dir='ltr'><em>nam</em></span> <span class='ocrx_word' id='word_1_734' title='bbox 3604 3553 3733 3618; x_wconf 77' lang='lat' dir='ltr'><em>Ald.</em></span> 
     </span>
    </p>
   </div>
   <div class='ocr_carea' id='block_1_103' title="bbox 2086 3629 3731 3703">
    <p class='ocr_par' dir='ltr' id='par_1_103' title="bbox 2086 3629 3731 3703">
     <span class='ocr_line' id='line_1_107' title="bbox 2086 3629 3731 3703; baseline 0.003 -18"><span class='ocrx_word' id='word_1_735' title='bbox 2086 3634 2144 3685; x_wconf 91' lang='lat' dir='ltr'><em>et</em></span> <span class='ocrx_word' id='word_1_736' title='bbox 2171 3629 2272 3703; x_wconf 84' lang='lat' dir='ltr'><em>alii</em></span> <span class='ocrx_word' id='word_1_737' title='bbox 2297 3645 2483 3703; x_wconf 76' lang='lat' dir='ltr'><em>omnes</em></span> <span class='ocrx_word' id='word_1_738' title='bbox 2511 3633 2668 3685; x_wconf 86' lang='lat' dir='ltr'><em>Barr.</em></span> <span class='ocrx_word' id='word_1_739' title='bbox 2694 3635 2751 3685; x_wconf 90' lang='lat' dir='ltr'><em>et</em></span> <span class='ocrx_word' id='word_1_740' title='bbox 2780 3630 2964 3703; x_wconf 75' lang='lat' dir='ltr'><em>Rhen.</em></span> <span class='ocrx_word' id='word_1_741' title='bbox 2988 3637 3042 3685; x_wconf 90' lang='lat' dir='ltr'><em>et</em></span> <span class='ocrx_word' id='word_1_742' title='bbox 3072 3630 3171 3703; x_wconf 81' lang='lat' dir='ltr'><em>alii</em></span> <span class='ocrx_word' id='word_1_743' title='bbox 3192 3633 3731 3703; x_wconf 85' lang='lat' dir='ltr'><em>cognoscimus.Cod.</em></span> 
     </span>
    </p>
   </div>
   <div class='ocr_carea' id='block_1_104' title="bbox 2083 3700 3731 3774">
    <p class='ocr_par' dir='ltr' id='par_1_104' title="bbox 2083 3700 3731 3774">
     <span class='ocr_line' id='line_1_108' title="bbox 2083 3700 3731 3774; baseline 0.004 -18"><span class='ocrx_word' id='word_1_744' title='bbox 2083 3717 2220 3774; x_wconf 84' lang='lat' dir='ltr'><em>vero</em></span> <span class='ocrx_word' id='word_1_745' title='bbox 2251 3701 2419 3774; x_wconf 14' lang='lat' dir='ltr'><em>L.7B.</em></span> <span class='ocrx_word' id='word_1_746' title='bbox 2450 3700 2769 3774; x_wconf 89' lang='lat' dir='ltr'><em>ita__totum</em></span> <span class='ocrx_word' id='word_1_747' title='bbox 2809 3701 2999 3774; x_wconf 82' lang='lat' dir='ltr'><em>locum</em></span> <span class='ocrx_word' id='word_1_748' title='bbox 3034 3700 3287 3774; x_wconf 67' lang='lat' dir='ltr'><em>exhibet,</em></span> <span class='ocrx_word' id='word_1_749' title='bbox 3321 3725 3349 3754; x_wconf 93' lang='grc'><em>‹‹</em></span> <span class='ocrx_word' id='word_1_750' title='bbox 3389 3703 3589 3773; x_wconf 86' lang='lat' dir='ltr'><em>Nobis,</em></span> <span class='ocrx_word' id='word_1_751' title='bbox 3623 3710 3731 3762; x_wconf 92' lang='lat' dir='ltr'><em>etc.</em></span> 
     </span>
    </p>
   </div>
   <div class='ocr_carea' id='block_1_105' title="bbox 2087 3772 3730 3847">
    <p class='ocr_par' dir='ltr' id='par_1_105' title="bbox 2087 3772 3730 3847">
     <span class='ocr_line' id='line_1_109' title="bbox 2087 3772 3730 3847; baseline 0.002 -19"><span class='ocrx_word' id='word_1_752' title='bbox 2087 3773 2437 3847; x_wconf 81' lang='lat' dir='ltr'><em>frigentibus</em></span> <span class='ocrx_word' id='word_1_753' title='bbox 2467 3772 2630 3827; x_wconf 90' lang='lat' dir='ltr'><em>nulla</em></span> <span class='ocrx_word' id='word_1_754' title='bbox 2678 3772 2864 3847; x_wconf 85' lang='lat' dir='ltr'><em>magis</em></span> <span class='ocrx_word' id='word_1_755' title='bbox 2913 3789 3003 3828; x_wconf 88' lang='lat' dir='ltr'><em>res</em></span> <span class='ocrx_word' id='word_1_756' title='bbox 3048 3773 3237 3830; x_wconf 86' lang='lat' dir='ltr'><em>aliena</em></span> <span class='ocrx_word' id='word_1_757' title='bbox 3272 3772 3379 3847; x_wconf 89' lang='lat' dir='ltr'><em>qui</em></span> <span class='ocrx_word' id='word_1_758' title='bbox 3413 3776 3730 3847; x_wconf 88' lang='lat' dir='ltr'><em>publicam,</em></span> 
     </span>
    </p>
   </div>
   <div class='ocr_carea' id='block_1_106' title="bbox 2086 3844 3729 3918">
    <p class='ocr_par' dir='ltr' id='par_1_106' title="bbox 2086 3844 3729 3918">
     <span class='ocr_line' id='line_1_110' title="bbox 2086 3844 3729 3918; baseline -0.001 -18"><span class='ocrx_word' id='word_1_759' title='bbox 2086 3861 2262 3900; x_wconf 89' lang='lat' dir='ltr'><em>unam</em></span> <span class='ocrx_word' id='word_1_760' title='bbox 2278 3844 2538 3918; x_wconf 79' lang='lat' dir='ltr'><em>omnium</em></span> <span class='ocrx_word' id='word_1_761' title='bbox 2554 3844 2976 3917; x_wconf 88' lang='lat' dir='ltr'><em>rempublicam</em></span> <span class='ocrx_word' id='word_1_762' title='bbox 2996 3844 3373 3918; x_wconf 73' lang='lat' dir='ltr'><em>agnoscimus</em></span> <span class='ocrx_word' id='word_1_763' title='bbox 3385 3844 3729 3904; x_wconf 50' lang='lat' dir='ltr'><em>mundum»;</em></span> 
     </span>
    </p>
   </div>
   <div class='ocr_carea' id='block_1_107' title="bbox 2090 3915 3733 3975">
    <p class='ocr_par' dir='ltr' id='par_1_107' title="bbox 2090 3915 3733 3975">
     <span class='ocr_line' id='line_1_111' title="bbox 2090 3915 3733 3975; baseline 0.002 -3"><span class='ocrx_word' id='word_1_764' title='bbox 2090 3920 2162 3972; x_wconf 89' lang='lat' dir='ltr'><em>Ut</em></span> <span class='ocrx_word' id='word_1_765' title='bbox 2211 3922 2404 3971; x_wconf 89' lang='lat' dir='ltr'><em>autem</em></span> <span class='ocrx_word' id='word_1_766' title='bbox 2438 3915 2531 3970; x_wconf 91' lang='lat' dir='ltr'><em>hic</em></span> <span class='ocrx_word' id='word_1_767' title='bbox 2562 3915 2727 3971; x_wconf 80' lang='lat' dir='ltr'><em>vocat</em></span> <span class='ocrx_word' id='word_1_768' title='bbox 2760 3915 3061 3972; x_wconf 52' lang='lat' dir='ltr'><em>mundum&#39;</em></span> <span class='ocrx_word' id='word_1_769' title='bbox 3085 3934 3253 3973; x_wconf 87' lang='lat' dir='ltr'><em>unam</em></span> <span class='ocrx_word' id='word_1_770' title='bbox 3299 3922 3544 3975; x_wconf 86' lang='lat' dir='ltr'><em>omnium</em></span> <span class='ocrx_word' id='word_1_771' title='bbox 3585 3937 3733 3975; x_wconf 87' lang='lat' dir='ltr'><em>rem-</em></span> 
     </span>
    </p>
   </div>
   <div class='ocr_carea' id='block_1_108' title="bbox 2083 3987 3737 4061">
    <p class='ocr_par' dir='ltr' id='par_1_108' title="bbox 2083 3987 3737 4061">
     <span class='ocr_line' id='line_1_112' title="bbox 2083 3987 3737 4061; baseline 0.004 -18"><span class='ocrx_word' id='word_1_772' title='bbox 2083 3987 2525 4061; x_wconf 33' lang='lat' dir='ltr'><em>publicamhsic</em></span> <span class='ocrx_word' id='word_1_773' title='bbox 2580 4004 2707 4061; x_wconf 88' lang='lat' dir='ltr'><em>cap.</em></span> <span class='ocrx_word' id='word_1_774' title='bbox 2769 4004 2893 4061; x_wconf 88' lang='lat' dir='ltr'><em>seq.</em></span> <span class='ocrx_word' id='word_1_775' title='bbox 2955 3993 3225 4046; x_wconf 89' lang='lat' dir='ltr'><em>naturam</em></span> <span class='ocrx_word' id='word_1_776' title='bbox 3281 3999 3517 4047; x_wconf 87' lang='lat' dir='ltr'><em>matrem</em></span> <span class='ocrx_word' id='word_1_777' title='bbox 3564 4007 3737 4049; x_wconf 89' lang='lat' dir='ltr'><em>unam</em></span> 
     </span>
    </p>
   </div>
   <div class='ocr_carea' id='block_1_109' title="bbox 2087 4059 2547 4117">
    <p class='ocr_par' dir='ltr' id='par_1_109' title="bbox 2087 4059 2547 4117">
     <span class='ocr_line' id='line_1_113' title="bbox 2087 4059 2547 4117; baseline -0.007 0"><span class='ocrx_word' id='word_1_778' title='bbox 2087 4059 2371 4117; x_wconf 84' lang='lat' dir='ltr'><em>Omnium.</em></span> <span class='ocrx_word' id='word_1_779' title='bbox 2407 4059 2547 4115; x_wconf 67' lang='lat' dir='ltr'><em>Hav.</em></span> 
     </span>
    </p>
   </div>
   <div class='ocr_carea' id='block_1_110' title="bbox 2180 4130 3738 4205">
    <p class='ocr_par' dir='ltr' id='par_1_110' title="bbox 2180 4130 3738 4205">
     <span class='ocr_line' id='line_1_114' title="bbox 2180 4130 3738 4205; baseline 0.004 -21"><span class='ocrx_word' id='word_1_780' title='bbox 2180 4132 2270 4205; x_wconf 78' lang='grc'>56)</span> <span class='ocrx_word' id='word_1_781' title='bbox 2292 4130 2833 4205; x_wconf 56' lang='lat' dir='ltr'><em>rEqugspeelaculis.</em></span> <span class='ocrx_word' id='word_1_782' title='bbox 2851 4130 3069 4205; x_wconf 58' lang='lat' dir='ltr'><em>iunius</em></span> <span class='ocrx_word' id='word_1_783' title='bbox 3090 4146 3288 4187; x_wconf 89' lang='lat' dir='ltr'><em>vocem</em></span> <span class='ocrx_word' id='word_1_784' title='bbox 3304 4147 3471 4205; x_wconf 70' lang='lat' dir='ltr'><em>aeque</em></span> <span class='ocrx_word' id='word_1_785' title='bbox 3504 4135 3738 4191; x_wconf 89' lang='lat' dir='ltr'><em>annecti</em></span> 
     </span>
    </p>
   </div>
   <div class='ocr_carea' id='block_1_111' title="bbox 2083 4202 3735 4279">
    <p class='ocr_par' dir='ltr' id='par_1_111' title="bbox 2083 4202 3735 4279">
     <span class='ocr_line' id='line_1_115' title="bbox 2083 4202 3735 4279; baseline 0.002 -21"><span class='ocrx_word' id='word_1_786' title='bbox 2083 4202 2267 4279; x_wconf 79' lang='lat' dir='ltr'><em>voluit</em></span> <span class='ocrx_word' id='word_1_787' title='bbox 2287 4203 2600 4279; x_wconf 83' lang='lat' dir='ltr'><em>prioribus,</em></span> <span class='ocrx_word' id='word_1_788' title='bbox 2620 4208 2822 4279; x_wconf 79' lang='lat' dir='ltr'><em>etpost</em></span> <span class='ocrx_word' id='word_1_789' title='bbox 2846 4202 3007 4258; x_wconf 89' lang='lat' dir='ltr'><em>illam</em></span> <span class='ocrx_word' id='word_1_790' title='bbox 3032 4209 3312 4279; x_wconf 87' lang='lat' dir='ltr'><em>punctum</em></span> <span class='ocrx_word' id='word_1_791' title='bbox 3343 4202 3735 4279; x_wconf 81' lang='lat' dir='ltr'><em>poni.lnique,</em></span> 
     </span>
    </p>
   </div>
   <div class='ocr_carea' id='block_1_112' title="bbox 2084 4223 3737 4351">
    <p class='ocr_par' dir='ltr' id='par_1_112' title="bbox 2084 4223 3737 4351">
     <span class='ocr_line' id='line_1_116' title="bbox 2084 4223 3735 4279; baseline 0.002 -21"><span class='ocrx_word' id='word_1_792' title='bbox 2084 4223 2267 4259; x_wconf 76' lang='grc' dir='ltr'><em>νοιυιι</em></span> <span class='ocrx_word' id='word_1_793' title='bbox 2287 4223 2600 4275; x_wconf 76' lang='lat' dir='ltr'><em>pl‘lOI‘IOUS,</em></span> <span class='ocrx_word' id='word_1_794' title='bbox 2620 4223 2675 4257; x_wconf 75' lang='grc' dir='ltr'>οι</span> <span class='ocrx_word' id='word_1_795' title='bbox 2691 4223 2822 4273; x_wconf 73' lang='grc' dir='ltr'><em>ροεῑ</em></span> <span class='ocrx_word' id='word_1_796' title='bbox 2846 4223 3007 4258; x_wconf 84' lang='lat' dir='ltr'><em>luam</em></span> <span class='ocrx_word' id='word_1_797' title='bbox 3032 4223 3312 4275; x_wconf 81' lang='lat' dir='ltr'><em>punctum</em></span> <span class='ocrx_word' id='word_1_798' title='bbox 3343 4223 3590 4275; x_wconf 85' lang='lat' dir='ltr'><em>pon1.1m</em></span> <span class='ocrx_word' id='word_1_799' title='bbox 3642 4223 3735 4279; x_wconf 72' lang='lat' dir='ltr'><em>UO,</em></span> 
     </span>
     <span class='ocr_line' id='line_1_117' title="bbox 2084 4223 3737 4351; baseline 0.004 -22"><span class='ocrx_word' id='word_1_800' title='bbox 2084 4274 2142 4329; x_wconf 84' lang='lat' dir='ltr'><em>Si</em></span> <span class='ocrx_word' id='word_1_801' title='bbox 2171 4275 2325 4330; x_wconf 90' lang='lat' dir='ltr'><em>enim</em></span> <span class='ocrx_word' id='word_1_802' title='bbox 2348 4276 2499 4351; x_wconf 78' lang='lat' dir='ltr'><em>quid</em></span> <span class='ocrx_word' id='word_1_803' title='bbox 2547 4275 2916 4351; x_wconf 82' lang='lat' dir='ltr'><em>mutandum,</em></span> <span class='ocrx_word' id='word_1_804' title='bbox 2948 4280 3252 4351; x_wconf 70' lang='lat' dir='ltr'><em>praestaret</em></span> <span class='ocrx_word' id='word_1_805' title='bbox 3281 4277 3469 4349; x_wconf 86' lang='lat' dir='ltr'><em>legere</em></span> <span class='ocrx_word' id='word_1_806' title='bbox 3489 4293 3528 4351; x_wconf 29' lang='lat' dir='ltr'><em>ﬂ:</em></span> <span class='ocrx_word' id='word_1_807' title='bbox 3571 4223 3737 4351; x_wconf 61' lang='grc' dir='ltr'><em>[ἓαυί</em></span> 
     </span>
    </p>
   </div>
   <div class='ocr_carea' id='block_1_113' title="bbox 2083 4346 3733 4421">
    <p class='ocr_par' dir='ltr' id='par_1_113' title="bbox 2083 4346 3733 4421">
     <span class='ocr_line' id='line_1_118' title="bbox 2083 4346 3733 4421; baseline 0.002 -19"><span class='ocrx_word' id='word_1_808' title='bbox 2083 4348 2408 4418; x_wconf 83' lang='lat' dir='ltr'><em>spectaculis</em></span> <span class='ocrx_word' id='word_1_809' title='bbox 2440 4346 2649 4421; x_wconf 79' lang='lat' dir='ltr'><em>vestris,</em></span> <span class='ocrx_word' id='word_1_810' title='bbox 2706 4362 2787 4421; x_wconf 84' lang='lat' dir='ltr'><em>sc.</em></span> <span class='ocrx_word' id='word_1_811' title='bbox 2839 4348 3256 4421; x_wconf 89' lang='lat' dir='ltr'><em>sumus,_quod</em></span> <span class='ocrx_word' id='word_1_812' title='bbox 3304 4346 3436 4421; x_wconf 76' lang='lat' dir='ltr'><em>cum</em></span> <span class='ocrx_word' id='word_1_813' title='bbox 3485 4348 3557 4403; x_wconf 92' lang='lat' dir='ltr'><em>iis</em></span> <span class='ocrx_word' id='word_1_814' title='bbox 3604 4346 3733 4421; x_wconf 65' lang='lat' dir='ltr'><em>qua;</em></span> 
     </span>
    </p>
   </div>
   <div class='ocr_carea' id='block_1_114' title="bbox 2084 4418 3733 4489">
    <p class='ocr_par' dir='ltr' id='par_1_114' title="bbox 2084 4418 3733 4489">
     <span class='ocr_line' id='line_1_119' title="bbox 2084 4418 3733 4489; baseline 0.002 -15"><span class='ocrx_word' id='word_1_815' title='bbox 2084 4424 2415 4488; x_wconf 87' lang='lat' dir='ltr'><em>sequuntur</em></span> <span class='ocrx_word' id='word_1_816' title='bbox 2439 4418 2733 4472; x_wconf 89' lang='lat' dir='ltr'><em>conciliari</em></span> <span class='ocrx_word' id='word_1_817' title='bbox 2762 4423 2969 4489; x_wconf 84' lang='lat' dir='ltr'><em>potest.</em></span> <span class='ocrx_word' id='word_1_818' title='bbox 2992 4419 3099 4473; x_wconf 85' lang='lat' dir='ltr'><em>Sed</em></span> <span class='ocrx_word' id='word_1_819' title='bbox 3122 4418 3292 4474; x_wconf 75' lang='lat' dir='ltr'><em>vetus</em></span> <span class='ocrx_word' id='word_1_820' title='bbox 3312 4419 3476 4475; x_wconf 90' lang='lat' dir='ltr'><em>lectio</em></span> <span class='ocrx_word' id='word_1_821' title='bbox 3498 4418 3733 4478; x_wconf 77' lang='lat' dir='ltr'><em>omnino</em></span> 
     </span>
    </p>
   </div>
   <div class='ocr_carea' id='block_1_115' title="bbox 2084 4489 3733 4549">
    <p class='ocr_par' dir='ltr' id='par_1_115' title="bbox 2084 4489 3733 4549">
     <span class='ocr_line' id='line_1_120' title="bbox 2084 4489 3733 4549; baseline 0.002 -4"><span class='ocrx_word' id='word_1_822' title='bbox 2084 4507 2223 4546; x_wconf 82' lang='lat' dir='ltr'><em>sana</em></span> <span class='ocrx_word' id='word_1_823' title='bbox 2265 4494 2372 4546; x_wconf 88' lang='lat' dir='ltr'><em>est.</em></span> <span class='ocrx_word' id='word_1_824' title='bbox 2408 4489 2479 4544; x_wconf 89' lang='lat' dir='ltr'><em>Ut</em></span> <span class='ocrx_word' id='word_1_825' title='bbox 2504 4490 2658 4544; x_wconf 87' lang='lat' dir='ltr'><em>enim</em></span> <span class='ocrx_word' id='word_1_826' title='bbox 2696 4489 2817 4545; x_wconf 88' lang='lat' dir='ltr'><em>foro</em></span> <span class='ocrx_word' id='word_1_827' title='bbox 2845 4493 2902 4544; x_wconf 82' lang='lat' dir='ltr'><em>et</em></span> <span class='ocrx_word' id='word_1_828' title='bbox 2931 4491 3102 4545; x_wconf 67' lang='lat' dir='ltr'><em>curia:</em></span> <span class='ocrx_word' id='word_1_829' title='bbox 3133 4492 3548 4547; x_wconf 88' lang='lat' dir='ltr'><em>renuntiabant</em></span> <span class='ocrx_word' id='word_1_830' title='bbox 3575 4492 3733 4549; x_wconf 89' lang='lat' dir='ltr'><em>Chri-</em></span> 
     </span>
    </p>
   </div>
   <div class='ocr_carea' id='block_1_116' title="bbox 2083 4559 3733 4635">
    <p class='ocr_par' dir='ltr' id='par_1_116' title="bbox 2083 4559 3733 4635">
     <span class='ocr_line' id='line_1_121' title="bbox 2083 4559 3733 4635; baseline 0.003 -19"><span class='ocrx_word' id='word_1_831' title='bbox 2083 4562 2279 4635; x_wconf 86' lang='lat' dir='ltr'><em>stiani,</em></span> <span class='ocrx_word' id='word_1_832' title='bbox 2316 4561 2453 4634; x_wconf 85' lang='lat' dir='ltr'><em>quia</em></span> <span class='ocrx_word' id='word_1_833' title='bbox 2483 4559 2677 4635; x_wconf 81' lang='lat' dir='ltr'><em>laudis</em></span> <span class='ocrx_word' id='word_1_834' title='bbox 2708 4566 2762 4617; x_wconf 90' lang='lat' dir='ltr'><em>et</em></span> <span class='ocrx_word' id='word_1_835' title='bbox 2819 4561 3016 4635; x_wconf 63' lang='lat' dir='ltr'><em>gloriae</em></span> <span class='ocrx_word' id='word_1_836' title='bbox 3058 4562 3398 4635; x_wconf 86' lang='lat' dir='ltr'><em>cupidinon</em></span> <span class='ocrx_word' id='word_1_837' title='bbox 3433 4568 3618 4631; x_wconf 87' lang='lat' dir='ltr'><em>erant,</em></span> <span class='ocrx_word' id='word_1_838' title='bbox 3654 4565 3733 4622; x_wconf 91' lang='lat' dir='ltr'><em>ita</em></span> 
     </span>
    </p>
   </div>
   <div class='ocr_carea' id='block_1_117' title="bbox 2081 4633 3732 4705">
    <p class='ocr_par' dir='ltr' id='par_1_117' title="bbox 2081 4633 3732 4705">
     <span class='ocr_line' id='line_1_122' title="bbox 2081 4633 3732 4705; baseline 0.004 -17"><span class='ocrx_word' id='word_1_839' title='bbox 2081 4634 2256 4689; x_wconf 89' lang='lat' dir='ltr'><em>etiam</em></span> <span class='ocrx_word' id='word_1_840' title='bbox 2308 4633 2679 4705; x_wconf 80' lang='lat' dir='ltr'><em>spectaculis.</em></span> <span class='ocrx_word' id='word_1_841' title='bbox 2713 4634 2985 4704; x_wconf 91' lang='lat' dir='ltr'><em>quoniam</em></span> <span class='ocrx_word' id='word_1_842' title='bbox 3037 4637 3094 4687; x_wconf 88' lang='lat' dir='ltr'><em>et</em></span> <span class='ocrx_word' id='word_1_843' title='bbox 3136 4633 3217 4690; x_wconf 58' lang='lat' dir='ltr'><em>&#39;de</em></span> <span class='ocrx_word' id='word_1_844' title='bbox 3263 4634 3534 4691; x_wconf 85' lang='lat' dir='ltr'><em>idolatria</em></span> <span class='ocrx_word' id='word_1_845' title='bbox 3593 4641 3732 4695; x_wconf 89' lang='lat' dir='ltr'><em>nata</em></span> 
     </span>
    </p>
   </div>
   <div class='ocr_carea' id='block_1_118' title="bbox 2001 4705 3728 4801">
    <p class='ocr_par' dir='ltr' id='par_1_118' title="bbox 2001 4705 3728 4801">
     <span class='ocr_line' id='line_1_123' title="bbox 2001 4705 3728 4801; baseline 0 0"><span class='ocrx_word' id='word_1_846' title='bbox 2001 4736 2049 4801; x_wconf 76' lang='grc' dir='ltr'><strong>υ</strong></span> <span class='ocrx_word' id='word_1_847' title='bbox 2080 4705 3528 4801; x_wconf 39' lang='lat' dir='ltr'><em>333929329333-9iViPE9.“$lPrﬁf‘i‘lii’ﬂi:</em></span> <span class='ocrx_word' id='word_1_848' title='bbox 3547 4710 3728 4801; x_wconf 51' lang='lat' dir='ltr'><em>ts&quot;!-</em></span> 
     </span>
    </p>
   </div>
   <div class='ocr_carea' id='block_1_119' title="bbox 2082 4775 3727 4852">
    <p class='ocr_par' dir='ltr' id='par_1_119' title="bbox 2082 4775 3727 4852">
     <span class='ocr_line' id='line_1_124' title="bbox 2082 4775 3727 4852; baseline 0.002 -20"><span class='ocrx_word' id='word_1_849' title='bbox 2082 4778 2275 4852; x_wconf 76' lang='lat' dir='ltr'><em>branaa</em></span> <span class='ocrx_word' id='word_1_850' title='bbox 2307 4775 2469 4831; x_wconf 81' lang='lat' dir='ltr'><em>Fuld.</em></span> <span class='ocrx_word' id='word_1_851' title='bbox 2495 4776 2715 4852; x_wconf 80' lang='lat' dir='ltr'><em>legunt,</em></span> <span class='ocrx_word' id='word_1_852' title='bbox 2743 4775 2914 4852; x_wconf 75' lang='lat' dir='ltr'><em>Atque</em></span> <span class='ocrx_word' id='word_1_853' title='bbox 2931 4775 3081 4852; x_wconf 74' lang='lat' dir='ltr'><em>adeo.</em></span> <span class='ocrx_word' id='word_1_854' title='bbox 3105 4778 3219 4833; x_wconf 90' lang='lat' dir='ltr'><em>Nec</em></span> <span class='ocrx_word' id='word_1_855' title='bbox 3240 4778 3533 4852; x_wconf 85' lang='lat' dir='ltr'><em>immerito</em></span> <span class='ocrx_word' id='word_1_856' title='bbox 3563 4796 3727 4852; x_wconf 87' lang='lat' dir='ltr'><em>spec-</em></span> 
     </span>
    </p>
   </div>
   <div class='ocr_carea' id='block_1_120' title="bbox 2856 4848 3725 4922">
    <p class='ocr_par' dir='ltr' id='par_1_120' title="bbox 2856 4848 3725 4922">
     <span class='ocr_line' id='line_1_125' title="bbox 2856 4848 3725 4922; baseline 0.005 -19"><span class='ocrx_word' id='word_1_857' title='bbox 2856 4848 3149 4922; x_wconf 85' lang='lat' dir='ltr'><em>hristiani,</em></span> <span class='ocrx_word' id='word_1_858' title='bbox 3199 4850 3297 4922; x_wconf 89' lang='lat' dir='ltr'><em>qui</em></span> <span class='ocrx_word' id='word_1_859' title='bbox 3347 4850 3460 4922; x_wconf 88' lang='lat' dir='ltr'><em>ipsi</em></span> <span class='ocrx_word' id='word_1_860' title='bbox 3504 4848 3725 4908; x_wconf 47' lang='lat' dir='ltr'><em>mu‘ndo</em></span> 
     </span>
    </p>
   </div>
   <div class='ocr_carea' id='block_1_121' title="bbox 2072 4920 3724 4992">
    <p class='ocr_par' dir='ltr' id='par_1_121' title="bbox 2072 4920 3724 4992">
     <span class='ocr_line' id='line_1_126' title="bbox 2072 4920 3724 4992; baseline 0.001 -15"><span class='ocrx_word' id='word_1_861' title='bbox 2072 4921 2473 4992; x_wconf 87' lang='lat' dir='ltr'><em>spectaculum</em></span> <span class='ocrx_word' id='word_1_862' title='bbox 2508 4920 2642 4976; x_wconf 83' lang='lat' dir='ltr'><em>facti</em></span> <span class='ocrx_word' id='word_1_863' title='bbox 2690 4936 2823 4975; x_wconf 90' lang='lat' dir='ltr'><em>cum</em></span> <span class='ocrx_word' id='word_1_864' title='bbox 2874 4920 3052 4976; x_wconf 87' lang='lat' dir='ltr'><em>Paulo</em></span> <span class='ocrx_word' id='word_1_865' title='bbox 3089 4922 3105 4976; x_wconf 92' lang='grc' dir='ltr'>Ι</span> <span class='ocrx_word' id='word_1_866' title='bbox 3137 4920 3262 4976; x_wconf 82' lang='lat' dir='ltr'><em>Cor.</em></span> <span class='ocrx_word' id='word_1_867' title='bbox 3297 4920 3387 4990; x_wconf 66' lang='lat' dir='ltr'><em>iv,</em></span> <span class='ocrx_word' id='word_1_868' title='bbox 3403 4923 3458 4989; x_wconf 89' lang='lat'><em>9,</em></span> <span class='ocrx_word' id='word_1_869' title='bbox 3493 4923 3724 4980; x_wconf 90' lang='lat' dir='ltr'><em>abunde</em></span> 
     </span>
    </p>
   </div>
   <div class='ocr_carea' id='block_1_122' title="bbox 2070 4992 3731 5068">
    <p class='ocr_par' dir='ltr' id='par_1_122' title="bbox 2070 4992 3731 5068">
     <span class='ocr_line' id='line_1_127' title="bbox 2070 4992 3731 5068; baseline 0.001 -21"><span class='ocrx_word' id='word_1_870' title='bbox 2070 4992 2537 5068; x_wconf 81' lang='lat' dir='ltr'><em>spectaculorum</em></span> <span class='ocrx_word' id='word_1_871' title='bbox 2557 4992 2615 5048; x_wconf 92' lang='lat' dir='ltr'><em>in</em></span> <span class='ocrx_word' id='word_1_872' title='bbox 2635 4993 2807 5047; x_wconf 88' lang='lat' dir='ltr'><em>verbo</em></span> <span class='ocrx_word' id='word_1_873' title='bbox 2822 4993 2921 5047; x_wconf 90' lang='lat' dir='ltr'><em>Dei</em></span> <span class='ocrx_word' id='word_1_874' title='bbox 2943 4992 3535 5068; x_wconf 69' lang='lat' dir='ltr'><em>habent_._Prosperum</em></span> <span class='ocrx_word' id='word_1_875' title='bbox 3552 4996 3731 5068; x_wconf 87' lang='lat' dir='ltr'><em>Aqui-</em></span> 
     </span>
    </p>
   </div>
   <div class='ocr_carea' id='block_1_123' title="bbox 2068 5063 3725 5139">
    <p class='ocr_par' dir='ltr' id='par_1_123' title="bbox 2068 5063 3725 5139">
     <span class='ocr_line' id='line_1_128' title="bbox 2068 5063 3725 5139; baseline 0.002 -19"><span class='ocrx_word' id='word_1_876' title='bbox 2068 5063 2330 5139; x_wconf 81' lang='lat' dir='ltr'><em>tanicum</em></span> <span class='ocrx_word' id='word_1_877' title='bbox 2362 5064 2673 5139; x_wconf 86' lang='lat' dir='ltr'><em>audiamus</em></span> <span class='ocrx_word' id='word_1_878' title='bbox 2705 5069 2895 5121; x_wconf 87' lang='lat' dir='ltr'><em>Prom.</em></span> <span class='ocrx_word' id='word_1_879' title='bbox 2928 5069 2986 5139; x_wconf 81' lang='lat' dir='ltr'><em>et</em></span> <span class='ocrx_word' id='word_1_880' title='bbox 3014 5063 3275 5139; x_wconf 66' lang='lat' dir='ltr'><em>Praedict.</em></span> <span class='ocrx_word' id='word_1_881' title='bbox 3318 5063 3414 5139; x_wconf 87' lang='lat' dir='ltr'><em>Dei</em></span> <span class='ocrx_word' id='word_1_882' title='bbox 3437 5068 3508 5121; x_wconf 87' lang='lat' dir='ltr'><em>de</em></span> <span class='ocrx_word' id='word_1_883' title='bbox 3539 5063 3725 5139; x_wconf 79' lang='lat' dir='ltr'><em>gloria</em></span> 
     </span>
    </p>
   </div>
   <div class='ocr_carea' id='block_1_124' title="bbox 2068 5135 3720 5212">
    <p class='ocr_par' dir='ltr' id='par_1_124' title="bbox 2068 5135 3720 5212">
     <span class='ocr_line' id='line_1_129' title="bbox 2068 5135 3720 5212; baseline 0.001 -20"><span class='ocrx_word' id='word_1_884' title='bbox 2068 5143 2253 5212; x_wconf 78' lang='lat' dir='ltr'><em>sanet.</em></span> <span class='ocrx_word' id='word_1_885' title='bbox 2289 5137 2346 5212; x_wconf 79' lang='lat' dir='ltr'><em>in</em></span> <span class='ocrx_word' id='word_1_886' title='bbox 2379 5138 2744 5212; x_wconf 74' lang='lat' dir='ltr'><em>peroratione</em></span> <span class='ocrx_word' id='word_1_887' title='bbox 2778 5153 2854 5212; x_wconf 45' lang='grc' dir='ltr'><em>εχ(</em></span> <span class='ocrx_word' id='word_1_888' title='bbox 2886 5135 2943 5190; x_wconf 87' lang='lat' dir='ltr'><em>Si</em></span> <span class='ocrx_word' id='word_1_889' title='bbox 2973 5137 3272 5212; x_wconf 80' lang='lat' dir='ltr'><em>spectandi</em></span> <span class='ocrx_word' id='word_1_890' title='bbox 3303 5135 3574 5212; x_wconf 72' lang='lat' dir='ltr'><em>voluptas</em></span> <span class='ocrx_word' id='word_1_891' title='bbox 3613 5145 3720 5212; x_wconf 82' lang='lat' dir='ltr'><em>est,</em></span> 
     </span>
    </p>
   </div>
   <div class='ocr_carea' id='block_1_125' title="bbox 2067 5207 3719 5280">
    <p class='ocr_par' dir='ltr' id='par_1_125' title="bbox 2067 5207 3719 5280">
     <span class='ocr_line' id='line_1_130' title="bbox 2067 5207 3719 5280; baseline 0.002 -17"><span class='ocrx_word' id='word_1_892' title='bbox 2067 5208 2279 5280; x_wconf 90' lang='lat' dir='ltr'><em>inquit,</em></span> <span class='ocrx_word' id='word_1_893' title='bbox 2329 5207 2509 5280; x_wconf 75' lang='lat' dir='ltr'><em>habes</em></span> <span class='ocrx_word' id='word_1_894' title='bbox 2553 5208 2658 5280; x_wconf 89' lang='lat' dir='ltr'><em>hic</em></span> <span class='ocrx_word' id='word_1_895' title='bbox 2692 5207 2960 5280; x_wconf 84' lang='lat' dir='ltr'><em>aurigam</em></span> <span class='ocrx_word' id='word_1_896' title='bbox 3009 5207 3343 5280; x_wconf 82' lang='lat' dir='ltr'><em>spiritalem</em></span> <span class='ocrx_word' id='word_1_897' title='bbox 3397 5207 3719 5280; x_wconf 73' lang='lat' dir='ltr'><em>Christum,</em></span> 
     </span>
    </p>
   </div>
   <div class='ocr_carea' id='block_1_126' title="bbox 2069 5279 3717 5354">
    <p class='ocr_par' dir='ltr' id='par_1_126' title="bbox 2069 5279 3717 5354">
     <span class='ocr_line' id='line_1_131' title="bbox 2069 5279 3717 5354; baseline 0.001 -18"><span class='ocrx_word' id='word_1_898' title='bbox 2069 5279 2414 5354; x_wconf 34' lang='lat' dir='ltr'><em>Eli’am_,_qui_</em></span> <span class='ocrx_word' id='word_1_899' title='bbox 2438 5295 2614 5335; x_wconf 90' lang='lat' dir='ltr'><em>curru</em></span> <span class='ocrx_word' id='word_1_900' title='bbox 2648 5279 2851 5354; x_wconf 35' lang='lat' dir='ltr'><em>igneo’</em></span> <span class='ocrx_word' id='word_1_901' title='bbox 2873 5295 3057 5354; x_wconf 80' lang='lat' dir='ltr'><em>usque</em></span> <span class='ocrx_word' id='word_1_902' title='bbox 3089 5281 3157 5335; x_wconf 89' lang='lat' dir='ltr'><em>ad</em></span> <span class='ocrx_word' id='word_1_903' title='bbox 3194 5289 3379 5337; x_wconf 88' lang='lat' dir='ltr'><em>metas</em></span> <span class='ocrx_word' id='word_1_904' title='bbox 3415 5289 3717 5354; x_wconf 83' lang='lat' dir='ltr'><em>pervectus</em></span> 
     </span>
    </p>
   </div>
   <div class='ocr_carea' id='block_1_127' title="bbox 2063 5349 3711 5425">
    <p class='ocr_par' dir='ltr' id='par_1_127' title="bbox 2063 5349 3711 5425">
     <span class='ocr_line' id='line_1_132' title="bbox 2063 5349 3711 5425; baseline -0.001 -17"><span class='ocrx_word' id='word_1_905' title='bbox 2063 5358 2150 5409; x_wconf 88' lang='lat' dir='ltr'><em>est</em></span> <span class='ocrx_word' id='word_1_906' title='bbox 2169 5349 2415 5416; x_wconf 76' lang='lat' dir='ltr'><em>cmli,cui</em></span> <span class='ocrx_word' id='word_1_907' title='bbox 2437 5367 2652 5425; x_wconf 80' lang='lat' dir='ltr'><em>rusque</em></span> <span class='ocrx_word' id='word_1_908' title='bbox 2668 5349 2985 5425; x_wconf 73' lang='lat' dir='ltr'><em>Pharaonis</em></span> <span class='ocrx_word' id='word_1_909' title='bbox 3006 5351 3303 5409; x_wconf 79' lang='lat' dir='ltr'><em>demersos</em></span> <span class='ocrx_word' id='word_1_910' title='bbox 3326 5353 3383 5409; x_wconf 91' lang='lat' dir='ltr'><em>in</em></span> <span class='ocrx_word' id='word_1_911' title='bbox 3403 5349 3711 5425; x_wconf 76' lang='lat' dir='ltr'><em>profundo.</em></span> 
     </span>
    </p>
   </div>
   <div class='ocr_carea' id='block_1_128' title="bbox 2065 5421 3712 5495">
    <p class='ocr_par' dir='ltr' id='par_1_128' title="bbox 2065 5421 3712 5495">
     <span class='ocr_line' id='line_1_133' title="bbox 2065 5421 3712 5495; baseline -0.002 -15"><span class='ocrx_word' id='word_1_912' title='bbox 2065 5426 2129 5480; x_wconf 88' lang='lat' dir='ltr'><em>In</em></span> <span class='ocrx_word' id='word_1_913' title='bbox 2160 5440 2402 5479; x_wconf 89' lang='lat' dir='ltr'><em>munere</em></span> <span class='ocrx_word' id='word_1_914' title='bbox 2443 5423 2620 5495; x_wconf 87' lang='lat' dir='ltr'><em>habes</em></span> <span class='ocrx_word' id='word_1_915' title='bbox 2673 5421 2960 5495; x_wconf 86' lang='lat' dir='ltr'><em>Danielem</em></span> <span class='ocrx_word' id='word_1_916' title='bbox 3014 5429 3308 5495; x_wconf 88' lang='lat' dir='ltr'><em>sanctum,</em></span> <span class='ocrx_word' id='word_1_917' title='bbox 3343 5421 3566 5481; x_wconf 81' lang='lat' dir='ltr'><em>leonem</em></span> <span class='ocrx_word' id='word_1_918' title='bbox 3601 5439 3712 5477; x_wconf 90' lang='lat' dir='ltr'><em>non</em></span> 
     </span>
    </p>
   </div>
   <div class='ocr_carea' id='block_1_129' title="bbox 2062 5494 3714 5569">
    <p class='ocr_par' dir='ltr' id='par_1_129' title="bbox 2062 5494 3714 5569">
     <span class='ocr_line' id='line_1_134' title="bbox 2062 5494 3714 5569; baseline -0.001 -18"><span class='ocrx_word' id='word_1_919' title='bbox 2062 5497 2212 5551; x_wconf 81' lang='lat' dir='ltr'><em>ferro</em></span> <span class='ocrx_word' id='word_1_920' title='bbox 2246 5494 2639 5569; x_wconf 79' lang='lat' dir='ltr'><em>sed__oratione</em></span> <span class='ocrx_word' id='word_1_921' title='bbox 2686 5494 3025 5569; x_wconf 76' lang='lat' dir='ltr'><em>vincentem</em></span> <span class='ocrx_word' id='word_1_922' title='bbox 3069 5510 3083 5548; x_wconf 75' lang='grc' dir='ltr'><strong>ε</strong></span> <span class='ocrx_word' id='word_1_923' title='bbox 3127 5494 3414 5569; x_wconf 85' lang='lat' dir='ltr'><em>ursosque</em></span> <span class='ocrx_word' id='word_1_924' title='bbox 3442 5499 3714 5551; x_wconf 83' lang='lat' dir='ltr'><em>vexantes</em></span> 
     </span>
    </p>
   </div>
   <div class='ocr_carea' id='block_1_130' title="bbox 2061 5565 3708 5638">
    <p class='ocr_par' dir='ltr' id='par_1_130' title="bbox 2061 5565 3708 5638">
     <span class='ocr_line' id='line_1_135' title="bbox 2061 5565 3708 5638; baseline 0 -15"><span class='ocrx_word' id='word_1_925' title='bbox 2061 5584 2160 5623; x_wconf 85' lang='lat' dir='ltr'><em>eos</em></span> <span class='ocrx_word' id='word_1_926' title='bbox 2178 5568 2276 5638; x_wconf 86' lang='lat' dir='ltr'><em>qui</em></span> <span class='ocrx_word' id='word_1_927' title='bbox 2294 5565 2545 5621; x_wconf 85' lang='lat' dir='ltr'><em>Eliseum</em></span> <span class='ocrx_word' id='word_1_928' title='bbox 2568 5565 2915 5638; x_wconf 83' lang='lat' dir='ltr'><em>prephetam</em></span> <span class='ocrx_word' id='word_1_929' title='bbox 2940 5565 3708 5625; x_wconf 44' lang='lat' dir='ltr'><em>contumeliis&#39;lacesserant.</em></span> 
     </span>
    </p>
   </div>
   <div class='ocr_carea' id='block_1_131' title="bbox 2060 5637 3712 5710">
    <p class='ocr_par' dir='ltr' id='par_1_131' title="bbox 2060 5637 3712 5710">
     <span class='ocr_line' id='line_1_136' title="bbox 2060 5637 3712 5710; baseline 0.001 -15"><span class='ocrx_word' id='word_1_930' title='bbox 2060 5639 2249 5695; x_wconf 80' lang='lat' dir='ltr'><em>Habes</em></span> <span class='ocrx_word' id='word_1_931' title='bbox 2280 5653 2514 5709; x_wconf 84' lang='lat' dir='ltr'><em>quoque</em></span> <span class='ocrx_word' id='word_1_932' title='bbox 2561 5637 2617 5691; x_wconf 90' lang='lat' dir='ltr'><em>in</em></span> <span class='ocrx_word' id='word_1_933' title='bbox 2660 5643 2861 5710; x_wconf 86' lang='lat' dir='ltr'><em>sancto</em></span> <span class='ocrx_word' id='word_1_934' title='bbox 2910 5641 3242 5710; x_wconf 85' lang='lat' dir='ltr'><em>spectaculo</em></span> <span class='ocrx_word' id='word_1_935' title='bbox 3284 5656 3395 5695; x_wconf 93' lang='lat' dir='ltr'><em>non</em></span> <span class='ocrx_word' id='word_1_936' title='bbox 3445 5638 3712 5696; x_wconf 84' lang='lat' dir='ltr'><em>mimicas</em></span> 
     </span>
    </p>
   </div>
   <div class='ocr_carea' id='block_1_132' title="bbox 2073 4848 2757 4904">
    <p class='ocr_par' dir='ltr' id='par_1_132' title="bbox 2073 4848 2757 4904">
     <span class='ocr_line' id='line_1_137' title="bbox 2073 4848 2757 4904; baseline 0.001 -1"><span class='ocrx_word' id='word_1_937' title='bbox 2073 4848 2287 4904; x_wconf 90' lang='lat' dir='ltr'><em>taculis</em></span> <span class='ocrx_word' id='word_1_938' title='bbox 2344 4848 2757 4904; x_wconf 88' lang='lat' dir='ltr'><em>renuntiabant</em></span> 
     </span>
    </p>
   </div>
   <div class='ocr_carea' id='block_1_133' title="bbox 300 5706 3710 5783">
    <p class='ocr_par' dir='ltr' id='par_1_133' title="bbox 300 5706 3710 5783">
     <span class='ocr_line' id='line_1_138' title="bbox 300 5706 3710 5783; baseline 0.002 -23"><span class='ocrx_word' id='word_1_939' title='bbox 300 5710 477 5783; x_wconf 84' lang='lat' dir='ltr'><em>atque</em></span> <span class='ocrx_word' id='word_1_940' title='bbox 508 5706 725 5783; x_wconf 77' lang='lat' dir='ltr'><em>invidia</em></span> <span class='ocrx_word' id='word_1_941' title='bbox 754 5706 1015 5768; x_wconf 82' lang='lat' dir='ltr'><em>vexabat.</em></span> <span class='ocrx_word' id='word_1_942' title='bbox 1040 5734 1067 5763; x_wconf 81' lang='grc'><strong>››</strong></span> <span class='ocrx_word' id='word_1_943' title='bbox 1103 5713 1268 5769; x_wconf 88' lang='lat' dir='ltr'><em>Fuld.</em></span> <span class='ocrx_word' id='word_1_944' title='bbox 1292 5706 1430 5783; x_wconf 78' lang='lat' dir='ltr'><em>legit</em></span> <span class='ocrx_word' id='word_1_945' title='bbox 1458 5713 1655 5781; x_wconf 87' lang='lat' dir='ltr'><em>gloria,</em></span> <span class='ocrx_word' id='word_1_946' title='bbox 1682 5706 1785 5766; x_wconf 83' lang='lat' dir='ltr'><em>Ad.</em></span> <span class='ocrx_word' id='word_1_947' title='bbox 1818 5706 1950 5768; x_wconf 80' lang='lat' dir='ltr'><em>vero</em></span> <span class='ocrx_word' id='word_1_948' title='bbox 2057 5706 2475 5783; x_wconf 75' lang='lat' dir='ltr'><em>turpitudines,</em></span> <span class='ocrx_word' id='word_1_949' title='bbox 2509 5710 2607 5764; x_wconf 87' lang='lat' dir='ltr'><em>sed</em></span> <span class='ocrx_word' id='word_1_950' title='bbox 2641 5709 2866 5783; x_wconf 65' lang='lat' dir='ltr'><em>Christo</em></span> <span class='ocrx_word' id='word_1_951' title='bbox 2899 5706 3158 5766; x_wconf 79' lang='lat' dir='ltr'><em>sacratas</em></span> <span class='ocrx_word' id='word_1_952' title='bbox 3207 5711 3710 5783; x_wconf 74' lang='lat' dir='ltr'><em>virgines._Hnbes</em></span> 
     </span>
    </p>
   </div>
   <div class='ocr_carea' id='block_1_134' title="bbox 300 5776 836 5837">
    <p class='ocr_par' dir='ltr' id='par_1_134' title="bbox 300 5776 836 5837">
     <span class='ocr_line' id='line_1_139' title="bbox 300 5776 836 5837; baseline 0.009 -5"><span class='ocrx_word' id='word_1_953' title='bbox 300 5776 454 5833; x_wconf 87' lang='lat' dir='ltr'><em>delet</em></span> <span class='ocrx_word' id='word_1_954' title='bbox 483 5778 546 5831; x_wconf 87' lang='grc' dir='ltr'><em>τὸ</em></span> <span class='ocrx_word' id='word_1_955' title='bbox 575 5781 662 5835; x_wconf 90' lang='lat' dir='ltr'><em>ab.</em></span> <span class='ocrx_word' id='word_1_956' title='bbox 697 5782 836 5837; x_wconf 81' lang='grc' dir='ltr'><em>ΗΑν.</em></span> 
     </span>
    </p>
   </div>
   <div class='ocr_carea' id='block_1_135' title="bbox 372 5849 1948 5929">
    <p class='ocr_par' dir='ltr' id='par_1_135' title="bbox 372 5849 1948 5929">
     <span class='ocr_line' id='line_1_140' title="bbox 372 5849 1948 5929; baseline 0.005 -24"><span class='ocrx_word' id='word_1_957' title='bbox 372 5849 486 5924; x_wconf 83' lang='grc'>(55)</span> <span class='ocrx_word' id='word_1_958' title='bbox 521 5851 694 5910; x_wconf 86' lang='lat' dir='ltr'><em>Unam</em></span> <span class='ocrx_word' id='word_1_959' title='bbox 750 5854 996 5911; x_wconf 86' lang='lat' dir='ltr'><em>omnium</em></span> <span class='ocrx_word' id='word_1_960' title='bbox 1051 5854 1460 5929; x_wconf 83' lang='lat' dir='ltr'><em>rempublicam.</em></span> <span class='ocrx_word' id='word_1_961' title='bbox 1496 5857 1563 5910; x_wconf 82' lang='lat' dir='ltr'><em>Et</em></span> <span class='ocrx_word' id='word_1_962' title='bbox 1618 5854 1722 5912; x_wconf 89' lang='lat' dir='ltr'><em>hoc</em></span> <span class='ocrx_word' id='word_1_963' title='bbox 1762 5867 1831 5911; x_wconf 82' lang='lat' dir='ltr'><em>ex</em></span> <span class='ocrx_word' id='word_1_964' title='bbox 1860 5869 1948 5913; x_wconf 84' lang='lat' dir='ltr'><em>sa-</em></span> 
     </span>
    </p>
   </div>
   <div class='ocr_carea' id='block_1_136' title="bbox 2058 5780 3711 5855">
    <p class='ocr_par' dir='ltr' id='par_1_136' title="bbox 2058 5780 3711 5855">
     <span class='ocr_line' id='line_1_141' title="bbox 2058 5780 3711 5855; baseline -0.001 -16"><span class='ocrx_word' id='word_1_965' title='bbox 2058 5780 2478 5855; x_wconf 58' lang='lat' dir='ltr'><em>cab&#39;alistarum</em></span> <span class='ocrx_word' id='word_1_966' title='bbox 2506 5783 2627 5855; x_wconf 88' lang='lat' dir='ltr'><em>loco</em></span> <span class='ocrx_word' id='word_1_967' title='bbox 2652 5781 2918 5837; x_wconf 70' lang='lat' dir='ltr'><em>Rebeccae</em></span> <span class='ocrx_word' id='word_1_968' title='bbox 2939 5783 3204 5855; x_wconf 84' lang='lat' dir='ltr'><em>geminos</em></span> <span class='ocrx_word' id='word_1_969' title='bbox 3228 5780 3470 5855; x_wconf 63' lang='lat' dir='ltr'><em>m§stice</em></span> <span class='ocrx_word' id='word_1_970' title='bbox 3500 5780 3711 5855; x_wconf 86' lang='lat' dir='ltr'><em>luden-</em></span> 
     </span>
    </p>
   </div>
   <div class='ocr_carea' id='block_1_137' title="bbox 2058 5853 3710 5930">
    <p class='ocr_par' dir='ltr' id='par_1_137' title="bbox 2058 5853 3710 5930">
     <span class='ocr_line' id='line_1_142' title="bbox 2058 5853 3710 5930; baseline 0.001 -17"><span class='ocrx_word' id='word_1_971' title='bbox 2058 5859 2167 5913; x_wconf 88' lang='lat' dir='ltr'><em>tes.</em></span> <span class='ocrx_word' id='word_1_972' title='bbox 2196 5853 2384 5914; x_wconf 80' lang='lat' dir='ltr'><em>Habes</em></span> <span class='ocrx_word' id='word_1_973' title='bbox 2406 5854 2585 5914; x_wconf 86' lang='lat' dir='ltr'><em>David</em></span> <span class='ocrx_word' id='word_1_974' title='bbox 2611 5870 2808 5915; x_wconf 86' lang='lat' dir='ltr'><em>coram</em></span> <span class='ocrx_word' id='word_1_975' title='bbox 2830 5853 2965 5915; x_wconf 79' lang='lat' dir='ltr'><em>arca</em></span> <span class='ocrx_word' id='word_1_976' title='bbox 2985 5853 3323 5930; x_wconf 66' lang='lat' dir='ltr'><em>saltantem,</em></span> <span class='ocrx_word' id='word_1_977' title='bbox 3346 5860 3403 5915; x_wconf 87' lang='lat' dir='ltr'><em>et</em></span> <span class='ocrx_word' id='word_1_978' title='bbox 3422 5854 3710 5915; x_wconf 87' lang='lat' dir='ltr'><em>nudatum</em></span> 
     </span>
    </p>
   </div>
  </div>
