4264 6400
329 350 442 414 531

848 352 1374 414 TERTULLIANI
1418 351 1744 416 OPERUM
1791 354 1990 415 PARS
2036 354 2083 416 Ι.
2114 389 2190 401 -
2225 355 2498 418 SERIES
2544 357 2594 431 Ι,
2644 357 3208 419 APOLOGETICA.

3613 356 3731 415 532

330 485 572 558 luptatis
598 485 904 542 veritatem
939 486 1005 538 πθ.
1041 487 1162 551 Quo
1195 501 1297 542 vos
1347 486 1722 554 offendimus,
1753 488 1804 544 si
1835 488 1980 544 alias
2009 494 2060 560 Α
2093 490 2394 556 ctionis,ut
2423 491 2519 562 qui
2544 491 2589 525 ³ο
2621 490 2772 546 mala
2802 491 3194 556 refutaverim,
3219 491 3372 546 bona
3401 490 3729 546 ostendam.

329 575 744 646 prassumimus
765 574 1088 646 voluptates
1103 573 1130 628 ‘I
1151 575 1210 630 Si
1233 573 1506 630 oblectari
1527 577 1795 632 novuisse
1816 577 1977 632 nolu-

331 682 464 720 mus
497 663 561 734 ²⁹,
597 668 796 720 nostra
826 663 1043 734 injuria
1073 666 1180 731 est,
1217 663 1265 719 si
1297 665 1465 733 forte,
1499 681 1613 720 non
1646 665 1976 722 vestra.Sed

330 754 711 824 reprobamus
743 769 869 825 quae
901 752 1132 824 placent
1160 753 1344 822 vobis,
1379 771 1484 810 nec
1512 771 1610 812 vos
1643 759 1845 812 nostra
1875 757 1975 812 do-

328 843 568 898 lactant.

885 911 1120 968 CAPUT
1163 912 1400 969 XXXIX.

327 1005 764 1058 ARGUMENTUM.
797 1030 866 1040 —
898 1001 962 1057 Ut
993 1003 1175 1126 itaque
1221 1007 1406 1072 gentes
1437 1002 1500 1058 de
1527 1003 1852 1074 praejudicio
1881 1019 1976 1059 suo

400 1072 683 1126 recedant.
719 1073 1022 1126 liberaliter
1053 1074 1071 1126 i
1104 1074 1172 1126 lis
1213 1073 1544 1126 Christiana
1579 1076 1837 1126 factionis
1895 1076 1976 1126 (ut

400 1072 683 1147 recedant,
719 1073 1031 1147 liberaliter
1053 1072 1172 1128 illis
1213 1072 1544 1130 Christianae
1575 1072 1837 1147 factionis
1895 1076 1978 1145 (ut

400 1143 783 1215 appellabant)
815 1144 1164 1214 disciplinam
1193 1143 1750 1211 communicaunobis
1778 1143 1978 1202 veteris

399 1216 642 1288 Eclesiae
690 1218 893 1270 statum
938 1225 1156 1288 tantum
1212 1232 1324 1271 non
1377 1224 1507 1272 ante
1562 1218 1742 1273 oculos
1768 1220 1922 1288 ponit
1955 1235 1976 1274 :

401 1287 660 1358 quomodo
712 1288 919 1342 scilicet
973 1287 1147 1358 soliti
1185 1289 1294 1342 sint
1351 1305 1413 1342 in
1469 1305 1644 1343 unum
1701 1287 1868 1358 coire,
1898 1290 1977 1346 ad

400 1373 581 1430 quem,
607 1373 708 1429 pro
757 1358 974 1430 quibus,
1017 1357 1214 1430 quidve
1257 1361 1496 1429 precari,
1530 1362 1738 1416 monita
1785 1361 1975 1428 Scrip-

402 1428 544 1486 tura
572 1428 626 1483 et
659 1428 806 1486 voces
834 1428 1096 1499 dirigere,
1129 1428 1419 1485 censuram
1447 1447 1666 1486 morum
1697 1449 1971 1500 exercere,

399 1503 727 1555 conventum
772 1500 1050 1570 ordinare,
1099 1501 1466 1573 eleemosynas
1514 1504 1788 1572 colligere,
1844 1507 1973 1558 istas

399 1573 731 1627 distribuere
783 1574 844 1627 in
902 1588 1061 1627 usum
1112 1573 1428 1644 sepulturae,
1474 1578 1568 1628 aut
1622 1575 1692 1628 ad
1747 1573 1973 1630 alendos

400 1647 1068 1716 egenos,orphanos,senes
1090 1647 1365 1716 emeritos,
1380 1649 1476 1700 aut
1496 1645 1566 1700 ad
1588 1647 1974 1716 refocillandos

401 1715 554 1770 468
583 1717 903 1786 naufragos,
948 1717 1029 1770 vel
1058 1715 1121 1770 ob
1150 1717 1314 1786 ﬁdem
1356 1719 1416 1772 in
1462 1719 1704 1786 metalla,
1740 1719 1973 1784 insulas,

403 1802 642 1860 carceres
669 1787 955 1860 relegatos.
989 1788 1164 1855 Quam
1201 1791 1411 1842 tantam
1440 1791 1785 1860 a/fectione-m
1823 1792 1976 1845 omni

406 1859 531 1932 tabe
558 1873 746 1932 carere
774 1859 1248 1930 docet,verumque
1277 1862 1479 1916 amoris
1496 1859 1724 1916 titulum
1751 1863 1977 1932 mereri,
2008 1865 2056 1930 B

404 1931 501 2000 qui
527 1930 672 2003 apud
701 1933 886 1998 gentes
911 1946 1023 1986 non
1041 1932 1155 1985 nisi
1182 1933 1438 2003 impurus
1464 1933 1533 1986 sit
1561 1937 1614 1987 et
1643 1934 1936 1988 simulatus
1961 1930 1981 1988 ζ·

407 2001 556 2071 apud
584 2002 681 2056 hos
710 2003 965 2056 convivia
1009 2017 1149 2074 esses
1196 2001 1450 2073 opipara,
1481 2009 1818 2074 sumptuosa,
1851 2007 1978 2060 libi-

411 2074 916 2141 dinosa,inlamia;
937 2073 1085 2143 apud
1115 2073 1470 2144 Christianos,
1494 2073 1706 2137 sobria.
1738 2077 1976 2143 modica,

407 2148 586 2212 casta,
603 2145 728 2218 pia.
763 2144 947 2218 Talem
980 2145 1157 2218 igitur
1199 2148 1512 2202 societatem
1539 2163 1646 2203 non
1679 2149 1978 2218 factionem

408 2214 724 2280 vocandum,
755 2214 852 2271 sed
879 2217 1111 2270 curiam.

405 2303 586 2360 Edam
606 2303 734 2375 jam
766 2320 920 2360 nunc
952 2320 1057 2376 ego
1089 2303 1218 2376 ipsa
1247 2305 1483 2378 negotia
1511 2306 1855 2363 Christianae
1886 2306 1969 2362 fa-

2085 580 2305 650 Corpus
2327 597 2533 636 sumus
2557 581 2628 636 de
2647 580 3005 637 conscientia
3025 579 3324 651 religionis
3337 585 3393 635 et
3413 578 3730 651 disciplinae

2086 669 2389 724 divinitate
2420 672 2462 705 ³1
2497 675 2553 725 et
2581 669 2722 741 :spei
2757 671 2987 725 fcedere.
3025 670 3256 725 Coimus
3307 669 3365 723 in
3409 673 3620 724 costum
3675 673 3733 723 et

2085 759 2614 831 congregationem,
2648 762 2711 813 ut
2743 760 2810 813 ad
2846 759 3029 814 Deum
3060 757 3306 829 3',quasi
3342 774 3518 812 manu
3554 757 3726 822 facta,

2088 846 2520 918 precationibus
2539 847 3029 903 ambiamus.Haso
3048 847 3138 902 vis
3165 852 3276 902 Dec
3298 851 3459 916 grata
3477 845 3730 901 est.Ora-

2089 952 2221 991 mus
2252 936 2297 970 ³³
2327 937 2499 992 etiam
2533 953 2635 1007 pro
2662 936 3145 1008 (imperatoribus,
3180 952 3281 1007 pro
3313 934 3654 989 ministeriis
3684 933 3730 968 ³⁴

2085 1041 2288 1080 eorum
2318 1042 2383 1080 ac
2415 1025 2825 1097 potestatibus,
2859 1041 2961 1096 pro
2994 1027 3149 1080 statu
3183 1023 3377 1080 saeculi
3407 1024 3472 1090 ⁸⁵,
3503 1039 3604 1095 pro
3637 1039 3727 1078 re-

2087 1131 2217 1169 rum
2250 1115 2464 1186 quiete,
2491 1131 2593 1187 pro
2625 1130 2789 1168 mora
2819 1113 2974 1168 ﬁnis.
3005 1113 3282 1185 Cogimur
3309 1113 3353 1148 ⁸⁸
3384 1113 3455 1168 ad
3491 1112 3729 1167 Littera-

2087 1219 2214 1258 rum
2247 1203 2398 1258 469
2450 1202 2778 1258 divinarum
2839 1201 3454 1258 commemorationem
3516 1199 3647 1271 (63),
3680 1200 3730 1255 si

2087 1292 2225 1364 quid
2243 1291 2614 1364 praesentium
2631 1296 2960 1362 temporum
2976 1290 3229 1362 qualitas
3254 1294 3356 1346 aut
3378 1304 3731 1362 praemonere

2087 1381 2241 1453 cogit
2272 1384 2372 1436 aut
2403 1380 3006 1451 recognoscere.Certe
3039 1379 3210 1434 ﬁdem
3245 1378 3465 1435 sanctis
3494 1377 3730 1433 vocibus

2088 1472 2409 1540 pascimus,
2443 1486 2605 1540 spem
2639 1470 2943 1541 erigimus,
2975 1469 3250 1524 fiduciam
3285 1466 3733 1540 figimus,disci-

2088 1557 2310 1630 plinam
2335 1562 2753 1629 praeceptorum
2771 1557 3228 1614 nihilominusin
3244 1554 3733 1628 compulsationi-

2085 1648 2195 1702 bus
2226 1648 2334 1718 (64)
2355 1649 2398 1682 ³⁷
2429 1649 2748 1703 densamus
2775 1665 2788 1715 ;
2821 1647 3035 1702 ibidem
3069 1647 3246 1703 etiam
3279 1645 3734 1714 exhortationes,

2083 1736 2498 1808 castigationes
2546 1741 2602 1792 et
2649 1753 2897 1792 censura
2944 1735 3138 1792 divina
3178 1736 3308 1808 (65).
3341 1735 3487 1790 Nam
3537 1738 3594 1790 et
3640 1735 3736 1805 ju-

2086 1826 2315 1881 dicatur
2366 1841 2578 1896 magno
2609 1841 2741 1880 cum
2792 1826 3069 1897 pondere,
3103 1828 3166 1880 ut
3213 1825 3369 1896 apud
3425 1827 3615 1880 certos
3663 1823 3734 1878 de

2087 1915 2186 1970 Dei
2219 1919 2981 1987 conspectu,summumque
3009 1913 3188 1972 futuri
3211 1913 3425 1985 judicii
3458 1913 3733 1985 prejudi-

2087 2005 2242 2059 cium
2277 2005 2441 2068 est,si
2464 2005 2597 2075 quis
2619 2004 2700 2059 ita
2721 2003 3121 2075 deliquerit,ut
3140 2021 3170 2058 a
3201 2002 3734 2060 communicatione

2086 2092 2366 2149 orationis
2393 2093 2504 2163 (66)
2535 2097 2592 2148 et
2621 2097 2940 2148 conventus
2986 2097 3042 2148 et
3090 2093 3284 2147 omnis
3331 2091 3517 2147 sancti
3569 2105 3735 2145 com-

2087 2181 2288 2238 mercii
2347 2180 2653 2253 relegetur.
2687 2179 3007 2236 Prassident
3058 2180 3286 2252 probati
3343 2179 3562 2250 quique
3624 2178 3733 2249 (67)

2086 2269 2369 2340 seniores,
2401 2269 2684 2324 honorem
2716 2269 2897 2325 istum
2931 2283 3045 2323 non
3085 2267 3271 2340 pretio
3303 2269 3459 2324 470
3489 2267 3598 2337 (68)
3632 2266 3734 2322 sed

1750 2416 1956 2478 Varias
1998 2413 2315 2475 lectiones.

403 2507 446 2543 ²⁸
476 2508 608 2564 Haec
635 2523 722 2564 vv.
745 2508 816 2583 in
848 2509 978 2583 edd.
1011 2513 1145 2565 ante
1176 2509 1303 2581 Rig.
1333 2510 1392 2565 in
1428 2511 1540 2566 fine
1572 2512 1808 2567 demum
1840 2510 2050 2582 capitis
2079 2510 2358 2583 leguntur
2385 2509 2467 2583 ita
2495 2508 2713 2579 scripta
2740 2525 2752 2562 :
2786 2507 3093 2583 Sed‘licuit
3125 2507 3423 2583 Epicureis
3473 2505 3735 2583 aliquam

335 2580 653 2655 decernere
674 2580 989 2655 voluptatis
1019 2579 1340 2655 veritatem,
1375 2583 1429 2655 id
1463 2589 1552 2638 est
1583 2585 1760 2638 animi
1793 2579 2217 2655 aequ'itatem'et
2249 2581 2447 2655 ampla
2477 2583 2729 2655 negotia.
2763 2581 2870 2655 Sed
2907 2579 3013 2655 hoc
3038 2579 3178 2655 _lo_c_o
3208 2597 3278 2635 ea
3314 2580 3384 2655 _i_n
3433 2579 3560 2655 solo
3608 2579 3738 2655 cod.

335 2650 498 2726 Fuld.
534 2653 724 2726 posita
754 2650 894 2707 sunt
924 2653 1138 2708 additis
1169 2654 1259 2709 his
1293 2671 1323 2726 :_
1341 2654 1397 2708 id
1428 2659 1517 2709 est
1546 2656 1754 2710 animas
1787 2650 2138 2726 aequitatem.
2178 2650 2404 2726 Herald.
2439 2650 2713 2726 scribere
2743 2652 2950 2726 maluit
2983 2650 3264 2726 {Scilicet
3311 2652 3477 2726 licuit
3525 2651 3737 2726 Epicu-

338 2720 627 2797 reisue—te:
647 2723 882 2797 Wouvv.
915 2740 984 2779 ex
1015 2741 1120 2797 suo
1151 2726 1278 2780 cod.
1311 2724 1462 2779 hanc
1493 2727 1734 2797 protulit
1761 2720 2118 2796 Scripturam
2155 2740 2166 2778 :
2195 2725 2312 2797 Sed,
2336 2725 2500 2779 licuit
2531 2725 2633 2794 Ep.
2665 2723 2739 2778 al.
2775 2722 3047 2797 decivol.
3097 2723 3431 2797 veritatem,
3455 2720 3738 2797 atapuelav

344 2791 436 2867 aut
469 2791 744 2867 ἀπραξίαν,
778 2795 832 2848 id
884 2801 972 2850 est
1019 2796 1199 2851 animi
1254 2791 1587 2867 (equitatem
1637 2803 1694 2853 et
1725 2816 1758 2854 a
1802 2791 2052 2867 publicis
2104 2796 2351 2867 negotiis
2401 2791 2683 2865 requiem.

2787 2794 2834 2828 ²⁹
2868 2794 3182 2849 Rhenanus
3233 2800 3290 2848 et
3336 2792 3658 2848 Gelenius:
3691 2792 3742 2848 si

346 2839 637 2920 obtestari
654 2839 969 2933 nolumus;
1002 2839 1127 2922 cuod.
1164 2839 1412 2924 Fuldtvsi
1437 2839 2081 2925 BEI‘éthEJaSCi‘ééiSa
2114 2839 2409 2922 nolumus.
2443 2839 2642 2921 Iibscio
2673 2883 2745 2920 an
2800 2866 3179 2920 scribendum
3216 2867 3295 2921 sit
3326 2882 3338 2920 :
3374 2865 3424 2920 si
3455 2863 3744 2920 oblectare

345 2952 455 2991 nos
479 2937 796 2993 vanissime
826 2939 920 3004 (cf.
955 2939 1025 2994 de

347 3008 393 3044 3’
423 3007 660 3081 Coimus
690 3011 776 3081 ad,
796 3010 995 3078 Deum,
1031 3007 1150 3081 Rig.

1057 2939 1251 3010 pudic.
1288 2939 1362 3010 1.)
1397 2939 1693 2996 nolumus.
1769 2940 1814 2975 ³ο
1844 2940 1965 3004 Quo
1998 2940 2217 3006 minus,
2253 2938 2383 2995 Cod.
2417 2938 2557 2994 Fuld
2656 2939 2697 2973 ³¹
2737 2937 3004 3010 Veritale,
3034 2939 3219 3010 Raris.
3283 2937 3528 3003 unitate,
3574 2937 3741 3010 Fran.

1229 3011 1274 3047 ³³
1304 3008 1548 3067 Orantes
1577 3012 1703 3067 add.
1732 3015 1896 3068 Fran.
1931 3015 2060 3067 Par.
2135 3013 2181 3046 3‘
2209 3010 2512 3076 Ministris,
2545 3011 2720 3080 Fran,
2750 3011 2880 3064 Par.
2959 3008 3164 3080 "700d.
3199 3025 3301 3080 pro
3345 3013 3501 3063 statu
3551 3009 3745 3080 desunt

347 3081 407 3156 in
436 3079 587 3135 codd.
623 3080 799 3152 Lugd.
829 3089 880 3137 et
909 3083 969 3136 in
999 3079 1118 3138 edd}
1154 3081 1288 3152 Gel.,
1319 3084 1480 3154 Hav.,
1507 3084 1670 3139 Seml.
1703 3089 1756 3140 et
1787 3085 1904 3156 Rig.
1979 3083 2023 3119 ⁸⁸
2053 3082 2312 3150 Coimus,
2362 3083 2541 3138 Paris.
2619 3081 2661 3117 ³⁷
2701 3079 2765 3136 In
2796 3079 3362 3152 compulsationibus
3408 3080 3532 3136 cod.
3587 3079 3740 3134 Futd.

343 3151 572 3208 Haverc.

1786 3242 2302 3307 Commentarius.

417 3339 532 3414 (63)
565 3337 1272 3414 CoimusAad‘Litterarum
1321 3339 1638 3414 divinarum
1674 3356 2000 3414 commemo-
2031 3345 2074 3410 α
2115 3339 2301 3414 poenis
2333 3336 2675 3414 clericorum
2710 3353 2778 3393 ex
2792 3338 3068 3414 professo
3099 3341 3346 3414 egerun_t
3372 3336 3461 3414 J0.
3484 3335 3751 3414 Marinus

352 3412 646 3466 rationem.
682 3416 758 3482 ba
787 3411 968 3482 Corda
1018 3411 1190 3467 habet
1219 3414 1484 3482 cogimur,
1518 3413 1574 3467 id
1606 3416 1692 3468 est
1731 3413 2001 3468 conveni-

357 3498 516 3551 mus,
551 3486 613 3535 ut
639 3481 718 3535 ibi
765 3481 1034 3553 explicat.
1072 3481 1291 3538 Eadem
1323 3485 1503 3539 ferme
1534 3484 1708 3540 habet
1731 3485 2003 3540 Justinus

353 3558 599 3634 martyr,
633 3551 877 3634 Apolog.
996 3555 1403 3634 Quaa‘omnia,
1436 3563 1563 3634 tum
1595 3556 2002 3634 Justini,_tum

355 3624 1008 3697 Tertulliani_citantur
1053 3642 1086 3679 a
1135 3627 1425 3697 Stephano
1475 3627 1755 3694 Duranto,
1801 3628 1904 3683 lib.
1938 3644 2000 3696 ιι,

357 3697 423 3751 de
453 3695 666 3768 [iitibus
697 3693 976 3765 Ecclesiae,
1010 3711 1136 3768 cap.
1172 3693 1256 3751 18'.
1293 3699 1370 3753 Ls
1402 3697 1502 3753 Pa.

428 3767 542 3838 (64)
570 3767 630 3822 1η
661 3767 1203 3836 compulsationibus.
1239 3768 1346 3825 Ms.
1385 3770 1690 3826 Fuldensis
1736 3768 1858 3824 hac
1888 3769 2003 3826 leo-

359 3837 440 3893 tio
463 3836 643 3910 longe
676 3838 879 3910 melior
906 3844 1012 3906 est,
1038 3856 1214 3910 quam
1243 3840 1489 3896 aliorum
1522 3841 2001 3897 inculcationibus.

363 3913 429 3982 Et
459 3909 751 3982 hoc’enim
784 3927 959 3982 quam
1005 3909 1255 3966 maxime
1285 3913 1357 3968 ad
1412 3913 1776 3969 divinitatem
1822 3913 2002 3969 disci-

364 3980 539 4052 plinas
589 3980 926 4056 Christianas
987 3983 1141 4049 facit,
1175 3983 1349 4039 etiam
1390 3983 1447 4038 in
1502 3985 2003 4056 persecutionibus

362 4057 419 4108 et
484 4053 808 4128 assultibus
890 4055 1292 4125 improborum
1344 4053 1692 4128 (ita—enim
1759 4060 2006 4128 usurpat

360 4126 704 4199 compulsam
753 4130 809 4180 et
851 4127 1377 4199 compulsationem),
1414 4126 1558 4182 nihil
1591 4129 1661 4183 de
1711 4129 1843 4194 fide,
1878 4126 2000 4199 spe,

362 4196 597 4260 ﬁducia,
649 4198 947 4267 praeceptis
1004 4197 1235 4253 Domini
1294 4201 1608 4254 discedere.
1645 4201 1746 4254 Est
1806 4196 2004 4270 itaque

355 4277 768 4338 praeceptorum,
802 4283 1002 4324 eorum
1032 4285 1158 4394 qua?
1195 4275 1464 4342 praecepit
1492 4271 1661 4326 nobis
1693 4271 2000 4326 Dominus.

357 4339 412 4392 Si
445 4338 538 4393 cui
570 4345 762 4394 tamen
799 4340 986 4394 magis
1019 4357 1052 4394 n
1080 4348 1205 4394 acet
1242 4343 1722 4394 inculcationibus.
1758 4343 1840 4394 ita
1868 4358 2000 4394 cum

357 4339 412 4412 Si
440 4338 538 4412 cui
570 4340 986 4412 tamenimagis
1018 4338 1206 4411 placet
1242 4338 1722 4409 inculcationibus,
1758 4343 1840 4397 ita
1868 4358 2002 4397 cum

359 4409 650 4484 Salmasio
677 4411 748 4466 de
778 4409 1280 4482 TrapeZIchnore
1311 4430 1367 4483 p.
1402 4415 1525 4480 464,
1557 4414 1803 4484 explicet
1831 4430 1843 4468 :
1877 4414 2004 4469 Non

360 4481 506 4538 satis
538 4483 826 4556 habemus
875 4481 1050 4556 fidem
1101 4481 1361 4540 canendo
1394 4487 1462 4539 ad
1519 4481 1702 4540 Deum
1748 4501 2005 4556 pascere,

356 4558 414 4608 et
445 4569 607 4629 spem
641 4553 884 4629 erigere,
917 4554 1312 4629 ﬁduciamque
1345 4557 1399 4609 in
1435 4557 1534 4612 illo
1567 4553 1765 4629 (igere,
1787 4558 2005 4628 quibus

355 4624 632 4680 omnibus
663 4624 768 4680 nos
801 4624 859 4679 in
913 4642 1046 4681 eum
1079 4624 1233 4683 serio
1263 4629 1495 4682 credere
1540 4624 1870 4694 testamur;
1901 4629 2003 4684 sed

355 4704 410 4777 et
437 4701 724 4777 pracepta
757 4695 1149 4777 inculcamus,
1187 4715 1461 4777 quianon
1511 4698 1775 4755 facienda
1813 4705 1870 4754 et
1915 4701 2005 4777 fa-
2036 4711 2082 4777 ι)

357 4767 566 4844 cienda
623 4769 1061 4844 demonstrant,
1113 4767 1452 4844 de'quibus
1511 4789 1709 4844 supra
1755 4788 1881 4842 cap.
1951 4773 2000 4826 1.

356 4839 471 4966 Isled
503 4838 625 4894 hac
684 4839 882 4896 omnia
940 4841 999 4897 in
1047 4838 1296 4898 lectione
1344 4847 1544 4898 nostra
1589 4838 2003 4899 "includuntur.

408 4927 497 4965 Αν.

408 4927 497 4965 Αν.

427 4980 539 5052 (65)
599 4979 844 5036 Censura
901 4981 1110 5039 divina.
1170 4989 1356 5040 Locus
1413 4984 1664 5056 insignis
1722 4985 2003 5040 adversus

354 5056 794 5125 contemptores
853 5056 1468 5111 excommunicationis
1521 5056 1924 5112 ecclesiasticis
1970 5073 2003 5112 a

353 5124 930 5201 Christoinstitutaa,
963 5131 1019 5180 et
1047 5144 1080 5181 a
1110 5127 1316 5198 primis
1347 5129 1747 5199 apostolorum
1777 5134 2001 5201 tempo-

358 5197 526 5253 ribus
558 5197 806 5252 usitataa.
839 5200 984 5251 PAM.

417 5269 530 5342 (66)
550 5269 626 5342 Διῖι
677 5285 712 5342 a
757 5269 1244 5342 communicatione
1289 5269 1576 5325 orationis.
1610 5270 1755 5326 Vere
1806 5269 1998 5342 gravis

356 5338 642 5412 etrigida
689 5340 801 5394 fuit
847 5338 1156 5410 disciplina
1202 5349 1458 5412 veterum
1509 5338 1995 5410 Christianorum,

349 5426 475 5480 qua
500 5411 584 5467 vel
632 5427 875 5485 prorsus
901 5428 934 5485 a
966 5411 1377 5485 communione
1421 5420 1761 5469 sanctorum
1792 5430 1998 5485 graves

346 5488 677 5606 peccatores
711 5482 1073 5552 rejiciebant,
1107 5482 1194 5537 vel
1227 5485 1562 5540 statuebant
1589 5482 1865 5542 onerosus
1895 5485 1996 5539 ds-

373 5553 620 5606 ictorum
650 5569 870 5606 omnes.
899 5552 994 5606 Sic
1027 5554 1373 5606 Tertulliani
1421 5562 1682 5606 temnom
1717 5557 1824 5606 vix.
1858 5560 1915 5606 et
1945 5555 1996 5606 si

373 5553 620 5627 ictorum
650 5569 870 5627 poenas.
899 5552 994 5627 Sic
1027 5554 1373 5627 Tertulliani
1421 5562 1682 5627 tempore
1717 5557 1824 5622 vix,
1858 5560 1915 5610 et
1945 5555 1996 5611 si

353 5623 1157 5699 modo,mcechis,homicidis,
1190 5626 1513 5699 idololatris
1539 5623 1777 5699 publica
1801 5628 1994 5699 poeni-

351 5695 536 5769 tentia
584 5695 1033 5769 concedebatur,
1066 5702 1131 5751 ut
1161 5703 1318 5769 patet
1346 5715 1414 5755 ex
1442 5695 1556 5755 lib:
1579 5699 1646 5754 de
1693 5695 1992 5765 Pudicitia,

357 5781 407 5822 ο.
439 5765 510 5835 5;
542 5765 738 5823 ellate
793 5765 1195 5839 exsequuntur
1250 5771 1354 5842 qui
1407 5771 1480 5827 de
1536 5769 1881 5842 paenitentia
1937 5775 1997 5828 et

2112 3409 2172 3468 in
2205 3413 2540 3467 doctissimo
2588 3409 2736 3464 libro
2787 3411 2858 3464 De
2907 3417 3248 3464 sacramento
3278 3410 3665 3476 TPamitentiz,
3696 3411 3754 3463 et

2112 3483 2340 3539 Gabriel
2365 3481 2786 3551 Albaspino'eus,
2817 3481 2904 3535 vir
2933 3480 3126 3535 omnis
3170 3480 3542 3551 antiquitatis
3573 3478 3754 3536 eccle-

2113 3555 2360 3610 siastica:
2419 3552 2869 3617 scientissimus,
2933 3552 2991 3606 in
3051 3551 3533 3608 Observationibus
3588 3552 3756 3608 eccle-

2110 3628 2368 3681 siasticis.
2404 3624 2758 3679 Pmnitentias
2789 3639 2924 3678 vero
2973 3625 3190 3692 gradus
3219 3628 3385 3678 erant
3412 3625 3590 3692 ﬂetus,
3623 3639 3758 3678 cum

2113 3639 2368 3681 stasticzs.
2404 3639 2758 3679 mentientia
2789 3639 2924 3678 vero
2973 3639 3190 3748 gradus
3219 3639 3385 3678 erant
3412 3639 3590 3692 fletus,
3623 3639 3758 3678 cum

2113 3716 2146 3752 a
2177 3697 2377 3752 limine
2407 3702 2461 3752 et
2495 3693 2654 3767 omni
2685 3699 2832 3750 tecto
2862 3695 2969 3749 Ecc
2997 3694 3128 3750 θείω
3159 3696 3469 3751 submotus
3494 3699 3762 3767 peccator

2113 3776 2246 3824 ante
2280 3771 2432 3824 fores
2464 3766 2663 3837 templi
2692 3767 2836 3820 ﬂens
2868 3772 2924 3820 et
2954 3767 3289 3822 sordidatus
3321 3766 3543 3839 ﬁdeles
3565 3767 3759 3839 ingre-

2112 3841 2339 3896 dientes
2375 3843 2940 3911 prensaret,orarent
2971 3855 3072 3909 pro
3104 3855 3187 3903 se,
3221 3843 3287 3892 ut
3313 3837 3657 3911 scandalum
3682 3839 3754 3894 ab

2113 3910 2500 3968 Ecclesia'Dei
2532 3910 2989 3965 submoveretur.
3022 3911 3325 3966 Secundus
3351 3910 3588 3973 Auditio.
3620 3927 3755 3966 cum

2112 3984 2263 4039 inter
2294 3983 2747 4038 catechumenos
2781 3983 2837 4035 in
2871 3981 3033 4035 aditu
3071 3979 3272 4053 templi
3323 3988 3477 4038 stare
3516 3983 3755 4054 permit-

2111 4056 2403 4110 tebantur.
2435 4054 2670 4108 Tertius
2717 4054 3044 4122 Substratio,
3079 4055 3314 4125 quando
3358 4053 3585 4125 ingredi
3617 4053 3754 4109 lice-

2113 4133 2217 4195 ret,
2251 4129 2352 4181 sed
2384 4126 2464 4180 ita
2495 4129 2560 4180 ut
2589 4129 2757 4196 retro
2783 4125 3091 4180 ambonem
3141 4141 3268 4182 sese
3319 4128 3753 4196 prosternerent

2111 4205 2168 4254 et
2196 4215 2330 4254 cum
2361 4195 2798 4252 catechumenis
2849 4213 3054 4252 rursus
3087 4195 3333 4252 abirent.
3363 4197 3584 4260 Quibus
3625 4213 3752 4267 per-

2112 4270 2259 4325 actis
2290 4276 2447 4324 certo
2479 4269 2758 4340 temporis
2789 4268 2997 4338 spatio,
3031 4270 3185 4338 quod
3220 4285 3322 4339 pro
3354 4268 3753 4340 magnitudine

2113 4341 2374 4398 scandali
2423 4345 2547 4394 erat
2575 4337 2903 4408 definitum,
2935 4337 3398 4395 admittebantur
3427 4337 3498 4396 ad
3549 4337 3753 4390 Σύστα-

2114 4433 2218 4484 σιν,
2251 4413 2370 4469 sive
2403 4411 2845 4484 Consistentiam,
2879 4412 3114 4482 quando
3164 4428 3281 4466 una
3309 4427 3442 4466 cum
3481 4410 3754 4466 ﬁdelibus

2113 4486 2349 4540 stabant
2395 4489 2645 4538 orantes.
2677 4483 2946 4539 Nondum
2978 4499 3111 4538 vero
3159 4484 3230 4539 ad
3262 4498 3486 4537 sacram
3528 4498 3756 4537 coenam

2114 4558 2385 4612 accedere
2416 4555 2646 4622 licebat,
2676 4555 2776 4610 sed
2808 4558 2936 4609 tum
2967 4555 3228 4618 demum,
3265 4571 3398 4610 cum
3431 4553 3603 4625 plane
3649 4555 3755 4611 Ec-

2114 4627 2301 4684 clesiaa
2333 4626 2688 4682 reconciliati
2713 4626 3144 4696 judicarentur.
3176 4626 3318 4681 ΗΑν.

2187 4700 2296 4771 (67)
2327 4699 2632 4771 Praesident
2673 4695 2892 4771 probati
2935 4699 3151 4771 quique.
3208 4696 3440 4771 Illustre
3486 4695 3757 4771 testimo-

2117 4769 2286 4826 nium
2316 4770 2623 4825 Alexandri
2672 4770 2861 4841 Severi
2895 4769 3048 4841 apud
3099 4769 3495 4841 Spartianum,
3529 4769 3626 4838 qui
3659 4785 3756 4824 eo-

2115 4843 2247 4897 dem
2282 4843 2450 4897 modo
2479 4839 2819 4913 praepositos
2869 4839 3183 4913 provinciis
3213 4841 3346 4913 eligi
3389 4839 3637 4913 volebat,
3667 4841 3757 4913 dig

2114 4929 2255 4969 cens
2288 4929 2300 4968 :
2333 4935 2362 4963 «
2397 4911 2578 4969 Grave
2601 4911 2783 4977 ‘esse,
2813 4927 2947 4967 cum
2990 4912 3048 4967 id
3097 4911 3417 4967 Christiani
3465 4917 3521 4967 et
3565 4911 3754 4967 Judaei

2112 4986 2367 5041 facerent
2399 4986 2458 5040 in
2481 4983 2875 5056 praedicandis
2893 4983 3294 5056 sacerdotibus
3314 4983 3413 5056 qui
3444 4982 3757 5039 ordinandi

2110 5062 2271 5122 sunt,
2305 5073 2419 5111 non
2452 5054 2577 5112 fieri
2608 5057 2668 5111 in
2719 5054 3147 5126 provinciarum
3181 5055 3508 5111 rectoribus
3539 5056 3756 5127 quibus

2110 5133 2169 5184 et
2197 5129 2442 5184 fortunae
2488 5127 2796 5184 hominum
2849 5127 3356 5183 committerentur
3384 5132 3442 5184 et
3477 5128 3688 5200 capita.
3723 5147 3752 5177 »

2107 5204 2251 5255 ΗΑν.

2180 5272 2288 5341 (68)
2319 5273 2443 5326 Non
2467 5272 2678 5342 pretio.
2700 5270 2822 5333 Quo
2872 5283 2979 5342 nec
3021 5273 3172 5325 Deus
3222 5273 3407 5342 egeat,
3439 5273 3498 5326 et
3527 5267 3749 5342 dignis-

2108 5340 2242 5396 simi
2277 5342 2493 5397 honore
2525 5340 2746 5412 passim
2775 5340 3180 5412 excludantur.
3217 5340 3294 5412 na
3325 5341 3423 5397 illo
3465 5341 3751 5412 Lucianus

2105 5413 2165 5498 i‘n
2195 5414 2334 5498 Jove
2363 5403 2782 5498 Conlﬁtato,np.
2818 5411 2917 5498 18.3
2997 5411 3157 5497 ’Ώετι
3201 5411 3309 5487 οὐχ
3340 5413 3452 5498 ὁρ)ηῶ
3480 5412 3592 5498 ἆγεν
3619 5403 3746 5498 ὅτευ

2104 5483 2377 5538 ἀπαιτεῖτε
2439 5483 2530 5536 τόν
2566 5479 2792 5556 ᾲμισθόν
2877 5479 2963 5556 isti
3030 5486 3097 5555 τῇ
3192 5479 3444 5556 potvisti-ﬁ,
3510 5481 3596 5556 id_
3635 5485 3744 5556 est,

2106 5558 2285 5625 Quare
2330 5571 2441 5610 non
2488 5552 2662 5621 video,
2696 5554 3047 5625 quamobrem
3075 5552 3143 5612 'et
3169 5552 3467 5612 mercedem
3504 5552 3745 5625 attigatis

2100 5624 2324 5700 propter
2348 5624 2798 5700 vaticiniumlDe
2818 5624 2937 5700 hoc
2966 5625 3058 5683 lex
3087 5626 3496 5700 Theodosiani,
3529 5624 3665 5700 Cod:
3699 5639 3740 5690 ι,

2103 5695 2173 5755 de
2204 5695 2512 5755 'Reotorib.
2565 5695 2920 5754 Provinciar.
2978 5698 3459 5754 Constantiniana
3492 5712 3506 5751 :
3553 5717 3580 5745 «
3613 5695 3741 5750 Non

2102 5770 2180 5828 sit
2206 5768 2407 5829 venale
2429 5766 2649 5841 judicia
2677 5767 2898 5841 velum,
2929 5785 3046 5829 non
3090 5771 3396 5842 ingressus
3426 5765 3740 5840 redempti,
