4264 6360
287 388 409 450 545

1400 380 1989 444 APOLOGETICUS
2038 378 2218 441 ADV.
2266 380 2597 442 GENTES.

3588 386 3709 445 546

288 536 402 594 que
431 535 547 575 non
579 517 705 574 sine
737 517 953 589 injuria
998 517 1384 574 incolentium
1434 515 1698 571 accidere
1740 517 1941 585 potue-
1973 516 2027 584 Α
2058 513 2268 568 derunt
2295 537 2307 581 ;
2341 528 2530 585 neque
2563 513 2717 570 enim
2748 512 2894 569 alias
2932 513 2991 569 in
3042 513 3391 569 hodiernum
3423 515 3469 551 ⁷⁸
3498 531 3704 572 mane-

288 608 581 667 runt.Ubi
614 624 746 663 vero
778 612 940 677 tunc,
971 624 1082 663 non
1116 608 1305 663 dicam
1341 607 1583 661 deorum
1616 608 1935 659 vestrorum

287 702 717 769 contemptores
771 695 1100 762 christiani,
1138 697 1238 751 sed
1289 696 1400 767 ipsi
1452 695 1531 749 dii
1568 693 1767 758 vestri,
1802 709 1935 747 cum

287 795 476 846 totum
526 788 726 843 orbem
776 784 1168 857 cataclysmus
1218 784 1492 852 abolevit,
1526 783 1611 838 vel
1664 787 1727 837 ut
1775 782 1937 837 Plato

287 877 532 952 putavit,
567 879 898 945 campestre
948 874 1366 929 solummodo?
1396 874 1547 929 482
1584 872 1940 927 Posteriores

287 970 446 1024 enim
474 965 606 1021 illos
638 964 798 1019 clade
830 963 1035 1018 diluvii
1072 968 1477 1019 contestantur
1508 964 1648 1033 ipsa:
1679 960 1940 1026 urbes,in

290 1058 506 1130 quibus
552 1054 671 1110 nati
707 1053 1039 1124 mortuique
1071 1054 1117 1087 ⁷³
1150 1058 1307 1123 sunt,
1339 1052 1514 1109 etiam
1560 1068 1707 1123 quas
1740 1051 1942 1105 condi-

2049 607 2197 668 rent,
2232 602 2344 657 nisi
2396 608 2451 657 et
2483 603 2619 674 ipsaa
2669 608 2950 674 postumae
2984 602 3166 658 cladis
3216 603 3395 659 illius.
3432 606 3699 661 Nondum

2045 691 2315 747 Judaeum
2351 692 2421 747 ab
2454 697 2699 763 ngypto
2729 709 2971 747 examen
2996 692 3306 749 Palaestina
3337 699 3697 766 susceperat,

2049 798 2154 836 nec
2176 783 2301 851 jam
2332 780 2449 836 illic
2473 781 2809 836 Christianae
2840 787 3005 836 sectae
3040 782 3199 853 origo
3226 784 3565 839 consederat
3586 787 3700 855 (10)

2050 888 2181 926 cum
2218 872 2483 941 regiones
2535 871 2739 925 afﬁnes
2768 872 2811 904 7"
2843 873 2968 940 ejus
3009 871 3261 925 Sodoma
3311 876 3363 926 et
3418 875 3701 928 Gomorra

2052 960 2260 1031 igneus
2284 959 2471 1015 imber
2496 960 2719 1015 exussit
2744 961 2855 1031 (li)
2888 958 3049 1015 :Olet
3078 960 3249 1015 ’483
3283 960 3472 1016 adhuc
3503 961 3699 1017 incen-

2054 1048 2149 1103 dio
2181 1053 2333 1103 terra
2362 1048 2497 1120 (l2),
2519 1053 2578 1104 et
2610 1048 2658 1103 si
2686 1065 2802 1119 qua
2830 1047 2949 1103 illic
2977 1049 3251 1104 arborum
3284 1067 3456 1122 poma
3486 1068 3702 1107 conan-

1724 1166 1927 1227 Variae
1958 1164 2281 1225 lectiones.

360 1279 405 1314 79
439 1277 789 1349 Mararique,
824 1274 949 1332 Cod.
981 1274 1141 1331 Fuld.
1220 1276 1265 1310 ⁷³
1294 1274 1452 1331 Alias
1483 1273 1849 1330 hodiernum.
1878 1273 2029 1343 Rig.,
2057 1271 2283 1325 Haverc.
2362 1272 2406 1305 τι
2434 1274 2517 1324 Ac
2543 1271 2711 1336 ﬁnes,
2740 1270 2967 1326 Semler.

1734 1378 2260 1442 Commentarius.

288 1490 524 1548 brachio
558 1494 863 1548 transeunt
892 1489 1263 1561 interpretes,
1294 1488 1459 1559 quasi
1492 1487 1765 1561 nihilhic
1806 1488 1939 1542 obs-

293 1564 709 1635 curi,ambigui
741 1569 842 1617 aut
869 1559 1330 1633 corrupti.Solus
1358 1559 1813 1635 Juniusaliquid
1848 1576 1943 1613 su-

290 1638 551 1709 spicatus
581 1632 855 1690 emendat
879 1632 1240 1709 ιεννεεξτηοια.
1272 1633 1423 1688 Satis
1460 1632 1789 1709 infeliciter,
1823 1647 1938 1686 non

290 1704 445 1764 enim
506 1724 658 1778 aqua
705 1710 941 1770 terrain,
975 1706 1099 1778 sed?
1132 1711 1283 1761 terra
1328 1704 1760 1778 aquam_bibit,
1786 1719 1939 1778 cum

291 1776 576 1853 presteres
597 1795 711 1835 non
735 1780 985 1853 addatur
1006 1777 1146 1849 quid
1170 1792 1329 1853 mare
1352 1776 1717 1853 Corinthium
1749 1776 1938 1853 ebibe-

293 1847 366 1907 rit
398 1858 561 1907 terra;
606 1856 790 1905 motu.
824 1851 894 1904 Et
934 1847 1075 1905 sane
1121 1850 1360 1920 quidem
1409 1854 1465 1903 et
1513 1847 1939 1920 primafronte

291 1926 537 1979 innuere
566 1924 797 1977 videtur
842 1918 1238 1977 Tertullianus
1271 1936 1383 1974 non
1418 1918 1631 1975 terram
1680 1918 1937 1990 aliquam

2147 1484 2389 1533 Flumina
2419 1484 2720 1546 prosiliunt,
2752 1488 2846 1535 aut
2874 1486 3138 1535 exsiccata
3166 1485 3429 1537 residunt.

2144 1548 2228 1597 Sic
2258 1549 2347 1596 ubi
2384 1555 2595 1597 terreno
2626 1550 2795 1611 Lycus
2827 1555 2907 1597 est
2935 1553 3125 1610 epotus
3155 1550 3325 1608 hiatu,

2142 1610 2354 1659 Exsistit
2384 1611 2569 1673 procul
2599 1610 2743 1673 hinc,
2776 1611 2989 1674 alioque
3019 1612 3319 1661 renascitur
3347 1625 3456 1661 ore.

2047 1706 2191 1761 Vide
2223 1707 2439 1762 ibidem
2472 1725 2601 1779 qua:
2626 1714 2996 1779 sequuntur;
3028 1714 3117 1763 est
3146 1710 3309 1765 locus
3340 1709 3568 1781 longior
3598 1712 3698 1767 sed

2050 1781 2369 1835 admodum
2402 1789 2704 1834 venustus.
2740 1781 2881 1835 Hav.

2122 1853 2231 1922 (10)
2260 1853 2432 1921 Origo
2462 1853 2795 1907 consederat.
2832 1853 2898 1906 Et
2930 1852 3022 1905 hic
3054 1852 3376 1921 persistens
3421 1852 3479 1905 in
3514 1858 3699 1907 mcta-

2049 1923 2231 1995 phora
2263 1923 2517 1978 maxime
2566 1924 2797 1995 proprie
2830 1924 3107 1993 loquitur.
3142 1923 3339 1978 Solent
3391 1924 3547 1979 enim
3592 1942 3699 1979 no-

292 1996 472 2088 piarip
518 1994 900 2088 inundatione
930 1992 1397 2088 abruptam,Lsed
1441 2008 1599 2088 rr‘iar‘e
1648 1992 1841 2088 ipsulm
1877 1992 1935 2045 in
1968 2022 2016 2088 B
2046 1992 2176 2077 velli
2236 1995 2409 2077 fastus
2460 1992 2636 2088 apLu'm
2676 1992 2818 2078 cum
2873 1992 2937 2050 ex
2991 1996 3318 2050 alvearibus
3360 2003 3701 2088 erumpjunt,

291 2070 409 2123 imo
443 2068 620 2123 fundo
670 2072 966 2139 perterrie
1002 2064 1688 2139 motum‘hiatu‘factum
1732 2064 1937 2139 absor-

295 2147 481 2222 ptum,
516 2134 687 2222 quod
722 2138 915 2222 adhuc
940 2136 1405 2222 magisvidetur‘
1442 2134 1685 2222 innuero
1718 2136 1795 2190 ad
1821 2139 1938 2222 Νςι-

293 2208 473 2267 tiones
518 2208 616 2265 lib.
652 2226 687 2276 ι,
723 2226 770 2264 c.
806 2209 859 2279 9,
893 2209 985 2264 his
1034 2208 1229 2263 verbis
1260 2225 1271 2263 :
1311 2230 1337 2257 (ι
1368 2210 1511 2261 Cum
1562 2211 1724 2261 terrae
1776 2212 1936 2260 motu

293 2300 451 2338 mare
479 2278 851 2338 Corinthium
875 2286 1138 2352 ereptum
1170 2283 1317 2335 est.»
1350 2285 1522 2349 prout
1552 2296 1691 2333 sane
1721 2279 1779 2332 in
1810 2278 1941 2352 ipsa

293 2354 691 2426 Peloponneso
728 2353 892 2426 quod
943 2351 1102 2426 mare
1166 2352 1558 2426 Co_rin_thium_
1601 2367 1731 2426 seu
1772 2351 1938 2426 sinus

292 2422 657 2481 Corinthicus
690 2422 858 2479 alluit
887 2425 1171 2479 accidisse
1201 2422 1392 2477 simile
1422 2423 1560 2493 quid
1597 2422 1772 2478 fluvio
1805 2423 1938 2477 Ina-

292 2500 398 2553 cho
430 2499 623 2553 innuit
676 2498 960 2551 Lucianus
994 2497 1090 2549 ille
1120 2500 1177 2549 et
1224 2496 1515 2550 Charonte
1542 2496 1651 2549 sub
1682 2500 1939 2549 extremo

292 2571 400 2640 sub
463 2585 739 2640 persona”
770 2569 1034 2622 Mercurii
1065 2584 1078 2621 :
1114 2567 1514 2640 dfrtoﬂvvfo’xousi
1563 2566 1676 2640 vim
1735 2566 1789 2618 αἱ
1838 2564 1937 2640 πότ

294 2639 410 2701 λεις
463 2636 645 2714 ὥᾳπ-ξρ
706 2636 1284 2714 ἅγβρῳποιηκαὶῇεὸ
1342 2636 1795 2714 ¹ιςαραιδρξότερον,
1849 2636 1937 2714 aut

292 2711 529 2786 «exsuci
562 2705 704 2767 ὄχοι.
744 2705 1088 2786 νἸκὲάχου--οὗν
1140 2705 1480 2786 obde-“cipe;
1523 2705 1575 2761 iv
1627 2705 1815 2786 Ἄργει
1861 2705 1937 2762 ἔτι

289 2782 688 2839 καταλείπεται.
740 2784 778 2838 ἱ.
813 2782 923 2837 6.”:
960 2783 1141 2837 Urbes
1199 2782 1461 2847 enim,'o
1521 2782 1783 2852 portitor,
1836 2797 1939 2852 pe-

294 2859 461 2912 rinde
492 2874 558 2912 ao
610 2856 878 2910 homines
911 2855 1298 2921 emoriuntur,
1330 2860 1387 2908 et
1417 2854 1571 2925 quod
1622 2853 1794 2924 longe
1826 2854 1938 2907 mi-

293 2929 561 2997 rabilius,
597 2927 767 2983 solidi
799 2928 976 2981 etiam
1010 2926 1193 2989 fluvii,
1228 2927 1306 2981 ita
1340 2931 1403 2979 ut
1436 2925 1630 2979 Inachi
1663 2925 1851 2996 ipsius
1879 2926 1939 2978 in

292 3005 437 3073 Argo
467 3018 536 3055 ne
568 3004 1013 3073 monumentum
1034 2997 1271 3069 quidem
1291 2998 1581 3073 reliquum
1604 3001 1935 3073 appareat.»

295 3069 475 3136 Qu'em
511 3072 746 3144 quidem
799 3071 994 3143 ipsum
1028 3086 1191 3144 asque
1229 3074 1293 3123 ut
1341 3069 1624 3144 Alpheum
1678 3086 1777 3139 per
1825 3070 1937 3123 im-

295 3141 544 3200 mensos
576 3149 740 3198 terra
791 3141 1018 3198 meatus
1068 3143 1410 3212 absorptum
1463 3141 1598 3195 alibi
1643 3156 1940 3209 emergere

287 3218 411 3288 jam
445 3216 583 3271 olim
617 3214 794 3288 multi
820 3216 1124 3286 putabant,
1160 3229 1339 3288 quos__
1358 3218 1618 3288 recenset
1646 3212 1942 3288 etret‘ellit

299 3283 503 3343 Strabo
534 3288 636 3343 lib.
669 3304 746 3352 v1,
781 3283 895 3341 fere
947 3287 1005 3341 in
1060 3286 1272 3339 medio.
1307 3285 1416 3338 Sed
1470 3285 1802 3340 accuratius
1854 3283 1937 3338 lo-

299 3377 430 3415 cum
483 3358 800 3431 pensitanti
848 3357 1079 3431 videtur
1125 3356 1218 3410 hic
1264 3357 1418 3431 idem
1457 3356 1935 3431 _indicari,_quo(l

294 3425 499 3486 Strabo
546 3432 697 3486 idem
749 3435 949 3485 narrat
996 3429 1098 3483 lib.
1130 3445 1254 3491 vm,
1288 3429 1396 3483 sub
1448 3428 1644 3483 finem.
1697 3425 1939 3496 Ἐξάρθὶν

293 3504 391 3577 γὰρ
426 3500 529 3555 ὑπὸ
585 3504 808 3577 σεισςμοῦ
863 3500 926 3553 τὸ
978 3498 1236 3577 πέλαγος
1278 3497 1572 3577 κατέκλυσε
1627 3498 1716 3551 καὶ
1758 3478 1940 3577 adripi

294 3558 381 3629 ἐπὶ
456 3573 518 3627 τὸ
595 3558 739 3645 ἱερδν
816 3575 911 3625 τοῦ
977 3558 1303 3645 Ἑλικὶυνίου
1374 3566 1831 3645 Ποεεεᾷδῶνοςηὶ.

296 3670 324 3697 ‹‹
355 3649 541 3703 Terrae
574 3642 733 3701 motu
768 3645 923 3699 enim
958 3643 1175 3698 elatum
1195 3659 1355 3697 mare
1373 3648 1429 3697 et
1448 3642 1702 3698 Helicem
1727 3643 1942 3713 obruit,

294 3723 352 3774 et
406 3718 688 3791 templum
743 3716 997 3789 Neptuni
1056 3714 1359 3771 Heliconii.
1414 3736 1440 3762 ››
1501 3715 1762 3786 Ovidius,
1824 3715 1941 3771 Met.

300 3791 401 3846 lib.
434 3807 524 3845 xv.

391 3889 443 3938 Si
478 3902 687 3952 quaeras
715 3887 933 3952 Helicen
963 3891 1012 3937 et
1047 3888 1242 3952 Buran,
1277 3884 1541 3952 Achaidas
1571 3886 1745 3946 urbes,

386 3949 631 4001 Invenies
658 3951 756 3999 sub
784 3951 951 4013 aquis,
986 3954 1038 3999 et
1066 3949 1243 4013 adhuc
1269 3950 1551 4013 ostendere
1581 3952 1758 4013 nautas

386 4014 642 4064 Inclinato
673 4011 848 4063 solent
875 4027 997 4062 cum
1028 4012 1295 4061 moenibus
1325 4011 1518 4074 oppida
1548 4012 1753 4060 mersis.

289 4112 359 4168 Et
389 4112 474 4168 bis
524 4112 822 4168 Corinthio
869 4111 1017 4166 mari
1068 4109 1432 4181 adjacebant.
1466 4106 1659 4165 Helice
1702 4107 1939 4181 quidem

288 4202 367 4239 κη
400 4184 606 4241 stadiis
639 4203 672 4240 a
703 4183 850 4239 mari
899 4184 1110 4238 dissita
1140 4180 1196 4237 et
1228 4180 1463 4236 biennio
1496 4186 1629 4236 ante
1682 4180 1939 4236 Leuctri-

288 4274 415 4312 cam
474 4273 729 4328 pugnam
793 4256 1090 4326 absorpta,
1147 4259 1208 4308 ut
1265 4254 1467 4328 Strabo
1528 4253 1943 4328 re_fer_t.Cau_sa

289 4324 613 4385 ruinaa'fu‘it
643 4329 842 4399 itaque
892 4324 1058 4383 terrae
1092 4331 1286 4381 motus
1318 4330 1375 4379 et
1414 4324 1743 4394 inundatio,
1776 4331 1830 4380 et
1860 4324 1944 4380 ita

288 4401 525 4471 quidem
561 4407 625 4456 ut
672 4400 729 4455 in
768 4400 889 4455 loca
921 4406 1090 4470 rupta
1139 4402 1196 4453 et
1225 4402 1501 4471 quassata
1535 4402 1719 4471 motu‘
1750 4400 1941 4471 terras,

289 4467 403 4543 quo
432 4474 559 4545 ipso
594 4474 769 4528 etiam
820 4467 1076 4545 vicinum
1111 4485 1271 4545 mare
1320 4468 1679 4545 agitabatur,
1708 4467 1937 4545 irruerit

287 4541 473 4615 aqua;
505 4545 703 4616 ibique
751 4543 1044 4599 excavatis
1092 4542 1271 4597 alveis
1321 4541 1730 4616 permanserit.
1794 4541 1940 4596 Hinc

280 4614 406 4685 jam
456 4614 807 4688 intelligitur
837 4616 1129 4687 quomodo
1161 4620 1324 4688 terris
1366 4614 1654 4688 motus,_i.
1689 4628 1738 4667 e.
1784 4617 1940 4688 terra

284 4684 439 4744 mota
490 4684 737 4745 ebibe‘rit
797 4684 954 4744 mare
1014 4687 1402 4742 Corinthium.
1465 4684 1645 4755 Magis
1704 4686 1935 4756 proprie

2050 2067 2104 2119 in
2136 2066 2399 2136 proximo
2449 2071 2716 2123 arborem
2749 2070 2997 2137 ejusque
3045 2084 3294 2132 ramum,
3328 2067 3413 2120 vel
3467 2070 3514 2123 si
3538 2066 3703 2123 desit

2050 2138 2207 2221 aliud
2242 2139 2381 2221 quid
2417 2138 2600 2221 altum
2656 2138 2889 2221 eligere,
2924 2138 3015 2221 cui
3046 2155 3108 2193 se
3138 2140 3451 2221 applicent,
3488 2141 3702 2221 cuique

2048 2209 2365 2278 insideant,
2393 2212 2546 2265 unde
2578 2228 2609 2265 a
2642 2209 2827 2282 perito
2858 2210 3036 2281 hujus
3071 2211 3149 2265 rei
3182 2209 3241 2265 in
3276 2228 3421 2265 nova
3452 2209 3703 2267 alvearia

2047 2287 2359 2354 verruntur
2424 2283 2968 2354 constipanturque,
3023 2282 3222 2353 sicque
3291 2287 3538 2353 augetur
3606 2301 3698 2340 res

2052 2353 2358 2409 familiaris
2396 2353 2793 2409 dominerum.
2833 2356 2890 2408 ld
2924 2355 3182 2408 indicare
3214 2354 3395 2408 voluit
3426 2371 3697 2411 summus

2049 2425 2148 2479 ille
2180 2426 2371 2479 omnis
2404 2427 2703 2497 elegantiae
2752 2427 2943 2480 cultor
2972 2426 3276 2498 Virgilius,
3310 2427 3357 2480 si
3390 2426 3533 2481 satis
3566 2443 3696 2498 per-

2048 2497 2339 2623 ggpiSSBHt
2370 2498 2717 2569 interpretes
2766 2514 2969 2553 versus
3001 2499 3129 2568 ejus
3160 2514 3229 2552 ex
3259 2497 3358 2553 lib.
3396 2497 3586 2567 Georg.
3620 2516 3696 2569 ιν,

2142 2676 2427 2738 Palmaque
2462 2676 2902 2737 vestibulum,aut
2923 2676 3112 2738 ingens
3132 2676 3361 2724 oleaster
3384 2675 3695 2726 obumbret:

2143 2738 2207 2787 Ut
2238 2753 2357 2787 cum
2387 2739 2561 2801 prima
2592 2740 2711 2787 novi
2744 2739 2942 2788 ducent
2971 2739 3215 2787 examina
3247 2754 3396 2799 reges

2142 2801 2275 2850 Vere
2304 2815 2419 2861 suo,
2452 2803 2706 2864 indetque
2737 2802 2872 2851 favis
2902 2802 3095 2849 emissa
3118 2802 3394 2864 juventus,

2142 2864 2327 2913 Vicina
2355 2865 2543 2913 invitet
2571 2865 2828 2913 decedere
2859 2865 2976 2926 ripa
3005 2866 3185 2919 calori,

2143 2926 2415 2989 Obviaque
2451 2927 2696 2990 hospitiis
2722 2932 2900 2976 teneat
2932 2926 3305 2975 frondentibus
3336 2926 3511 2977 arbos.

2049 3024 2214 3151 ﬁdgde
2272 3023 2680 3097 Claudianum,
2736 3024 2799 3081 de
2856 3028 3034 3097 Rapta
3091 3026 3465 3096 Proserpinae,
3496 3024 3598 3080 lib.
3632 3043 3698 3091 ll,

2547 3184 2738 3233 Credat
2768 3184 3011 3233 examina
3048 3183 3199 3232 fundi

2147 3246 2418 3309 Hyblaeum
2450 3253 2669 3309 raptura
2694 3246 2959 3310 thymum,
2996 3261 3115 3295 cum
3148 3260 3296 3295 cerea
3328 3259 3479 3310 reges

2143 3308 2322 3358 castra
2354 3308 2588 3368 movent,
2620 3308 2832 3372 {agique
2864 3325 2991 3358 cava
3024 3311 3285 3357 demissus
3320 3308 3533 3358 ab'alvo

2148 3372 2368 3422 Mellifer
2398 3373 2580 3423 electis
2605 3374 2868 3423 exercitus
2900 3374 3156 3436 obstrepit
3185 3372 3380 3421 herbis.

2128 3471 2194 3524 Et
2223 3469 2360 3525 hinc
2390 3470 2669 3525 illustrari
2706 3476 2896 3541 potest
2927 3471 3087 3525 locus
3116 3470 3172 3523 in
3208 3469 3306 3524 lib.
3340 3486 3397 3524 IV
3424 3468 3620 3538 Mosis,
3652 3486 3702 3526 c.

2054 3558 2192 3606 χχιι,
2225 3543 2277 3607 5,
2319 3543 2416 3596 ubi
2445 3545 2514 3597 de
2546 3545 2945 3598 Israelitarum
2997 3544 3287 3596 immensa
3320 3542 3701 3597 multitudine

2055 3616 2222 3687 quiasi
2257 3614 2326 3667 de
2357 3616 2622 3670 examine
2653 3632 2830 3685 apum
2864 3614 3125 3687 loquitur
3155 3629 3254 3668 rex
3283 3613 3700 3671 Moabitarum:

2057 3706 2084 3769 ξι
2118 3686 2258 3740 Ecce
2288 3687 2795 3769 genshprodiitex
2834 3686 3097 3769 Egypto2
3145 3690 3700 3769 ecce.prospec_tum

2054 3762 2219 3831 terras
2258 3758 2478 3831 obtexit
2525 3758 2919 3831 considetque'
2952 3758 3096 3812 mihi
3128 3775 3157 3813 e
3191 3758 3443 3829 regione.
3480 3779 3505 3831 ξ)
3538 3762 3702 3829 {Egy—

2055 3830 2162 3902 ptii
2195 3829 2370 3884 etiam
2403 3836 2461 3885 et
2494 3831 2708 3902 Assyrii
2745 3829 2925 3901 supra
2954 3830 3216 3887 Judram
3267 3829 3493 3885 venturi
3524 3845 3702 3902 apum

2052 3900 2141 4027 ἷὲι
2176 3917 2511 4025 Ἐυεοεηιιιω
2568 3900 2833 3958 examini,
2872 3908 3284 3974 comparantur
3334 3903 3443 3957 Isa.
3477 3917 3577 3971 νη,
3614 3901 3700 3969 18,

2132 4014 2144 4026 .
2232 3990 2321 4027 AV.

2132 4014 2144 4026 .
2181 3990 2321 4027 HAV.

2129 4044 2241 4115 (11)
2282 4044 2515 4101 Sodoma
2561 4054 2611 4101 et
2660 4046 2926 4101 Gomorra
2976 4060 3172 4112 igneus
3222 4044 3397 4099 imber
3442 4044 3700 4115 excussit.

2056 4114 2135 4168 De
2166 4116 2345 4171 Pallio
2376 4133 2424 4171 c.
2463 4118 2545 4182 li,
2581 4135 2646 4172 ex
2677 4117 2924 4172 lectione
2977 4115 3247 4171 Salmasii
3284 4132 3297 4170 :
3331 4139 3357 4164 «
3392 4114 3598 4184 Aspice
3628 4114 3701 4169 ad

2055 4185 2446 4255 Palmstinam,
2478 4205 2604 4258 quae
2652 4190 2939 4244 Jordanes
2970 4188 3162 4243 amnis
3208 4187 3415 4241 ﬁnium
3463 4188 3699 4252 arbiter,

2052 4260 2297 4315 vastitas
2348 4262 2573 4329 ingens,
2605 4265 2662 4315 et
2708 4262 2849 4316 orba
2881 4261 3060 4330 regio,
3088 4267 3145 4315 et
3176 4260 3393 4314 frustra
3424 4275 3561 4327 ager
3594 4274 3606 4311 :
3643 4262 3701 4313 at

2052 4331 2227 4404 urbes
2260 4338 2433 4399 retro,
2458 4338 2513 4386 et
2538 4332 2733 4404 pepuli
2758 4334 3090 4402 frequentes
3113 4337 3170 4386 et
3193 4331 3357 4386 solus
3382 4330 3657 4404 audiebat
3685 4347 3698 4397 ;

2052 4402 2260 4457 dehinc
2293 4410 2356 4458 ut
2412 4405 2559 4459 Deus
2592 4402 2799 4459 censor
2847 4410 2956 4469 est,
2989 4403 3259 4475 impietas
3288 4403 3539 4475 _ignium
3577 4417 3701 4456 me-

2051 4475 2169 4529 ruit
2199 4476 2437 4531 imbres.
2476 4478 2765 4531 llactenus
2812 4473 3090 4545 Sodoma,
3115 4481 3169 4531 et
3202 4473 3363 4529 nulla
3397 4474 3699 4543 Gomorra,

2049 4552 2105 4601 et
2131 4546 2273 4601 cinis
2320 4548 2539 4616 omnia,
2575 4554 2630 4602 et
2676 4547 3079 4618 propinquitas
3135 4547 3313 4601 maris
3358 4546 3699 4618 juxtageum

2049 4618 2171 4673 solo
2206 4624 2503 4673 mortuum
2556 4616 2684 4674 ivit;
2726 4642 2753 4669 »
2783 4616 2851 4673 Et
2875 4616 2940 4674 ex
2974 4619 3234 4674 carmine
3286 4636 3397 4673 non
3449 4616 3703 4672 Sodoma

2048 4690 2409 4755 inscribitur,
2444 4697 2501 4746 et
2532 4709 2595 4747 ea
2626 4691 2926 4747 nonnullis
2980 4692 3321 4761 assignatur
3367 4690 3652 4761 Cypriano
3686 4708 3698 4758 ;

282 4760 443 4833 legas
489 4762 728 4817 imbibit.
759 4763 894 4834 Sed
926 4760 1094 4834 ebibit
1129 4757 1395 4834 _valid_ius
1428 4761 1534 4834 est.
1572 4757 1756 4834 Lugd.
1809 4757 1932 4834 Dat.
1967 4764 2012 4827 Ι)
2046 4761 2258 4817 similis
2302 4763 2464 4817 locus
2496 4781 2528 4817 a
2562 4765 2639 4817 La
2693 4764 2871 4818 Cerda
2924 4757 3160 4831 citetur,
3203 4764 3304 4817 sed
3359 4757 3694 4834 corruptus,

282 4828 395 4902 prin
431 4849 489 4888 se
535 4834 644 4889 fert
672 4833 866 4902 abibit,
899 4832 1069 4903 quasi
1121 4832 1266 4887 foret
1296 4828 1633 4903 legendum.
1668 4851 1695 4878 κ
1732 4830 1838 4884 Sed
1881 4836 1937 4883 et

277 4901 336 4959 in
373 4921 530 4961 mare
579 4901 945 4961 Corinthium
979 4909 1149 4959 terrae
1203 4905 1396 4956 motus
1430 4901 1630 4955 abivit.
1672 4923 1699 4949 »
1730 4905 1932 4956 Totam

279 4975 430 5032 hanc
478 4994 671 5033 rerum
732 4976 1117 5032 mutationem
1177 4972 1617 5045 elegantissimo
1677 4973 1932 5028 carmine

276 5049 553 5114 exprimit
583 5050 826 5105 Ovidius
872 5049 997 5103 loco
1051 5047 1222 5102 modo
1257 5051 1601 5109 memorato,
1634 5047 1931 5114 quomodo

283 5066 345 5104 ΒΧ
394 5066 553 5103 “mli.
583 5066 826 5105 υνιαιυε
875 5066 997 5103 ΙΟΟΟ
1051 5066 1222 5102 ῐΪῙΟαΟ
1257 5066 1601 5109 memorato,
1634 5066 1930 5114 quomoao

283 5066 458 5175 urlies
479 5125 761 5192 terraeque
783 5121 855 5175 ab
876 5119 1067 5191 aquis,
1104 5117 1268 5173 fluvit
1305 5136 1339 5172 a
1375 5117 1545 5173 terris
1570 5117 1930 5173 absorbean-

277 5196 395 5260 tur,
431 5197 736 5265 totumque
769 5193 863 5248 hic
892 5192 1093 5263 reponi
1125 5196 1401 5246 meretur.

366 5308 480 5374 Vidi
512 5322 609 5374 ego
642 5309 785 5373 quod
812 5306 1089 5374 quondam
1121 5306 1294 5355 fuerat
1323 5303 1646 5374 solidissima
1677 5304 1832 5355 tellus

366 5372 492 5421 Esse
528 5371 738 5433 tretum,
770 5371 880 5420 vidi
912 5372 1073 5420 factas
1106 5383 1169 5417 ex
1200 5381 1414 5433 aequore
1445 5371 1632 5433 terras,

366 5435 427 5499 Et
456 5436 641 5498 procul
672 5450 701 5484 a
729 5430 916 5499 pelago
947 5432 1165 5499 conchis
1190 5430 1405 5499 jacuere
1438 5431 1673 5499 marinae,

368 5498 428 5546 Et
459 5492 610 5547 vetus
639 5492 975 5547 inventa'est
1004 5497 1056 5545 in
1092 5492 1364 5543 montibus
1410 5492 1647 5541 anchora
1682 5492 1921 5550 summis,

369 5561 625 5624 Quodque
660 5562 759 5610 fuit
792 5572 1029 5621 campus,
1065 5557 1254 5624 vallem
1287 5556 1540 5624 decursus
1574 5568 1833 5617 aquarum

370 5618 611 5684 Fecit,'et
639 5624 811 5673 eluvie
840 5618 995 5670 mons
1025 5623 1105 5668 est
1133 5618 1394 5684 deductus
1423 5618 1477 5666 in
1515 5631 1715 5680 mquor,

367 5682 796 5747 Equelpaludosa
826 5684 977 5733 siccis
1007 5686 1120 5731 aret
1148 5682 1343 5729 arenis.

368 5741 600 5811 Quaeque
634 5751 774 5799 sitim
804 5748 1061 5805 tulerant,
1087 5748 1333 5811 stagnata
1365 5741 1646 5811 paludibus
1677 5742 1916 5804 hument,

367 5810 463 5859 Hic
492 5805 663 5863 fontes
692 5816 884 5862 natura
915 5824 1085 5859 novos
1114 5805 1306 5866 emisit,
1339 5810 1390 5855 et
1419 5805 1526 5854 illic

365 5872 585 5939 Clausit,
617 5880 669 5930 et
698 5874 932 5941 antiquis
960 5877 1070 5926 tam
1100 5870 1269 5925 multa
1302 5868 1622 5922 tremoribus
1650 5868 1794 5920 orbis

2045 4834 2241 4906 itaque
2273 4834 2366 4889 hic
2399 4835 2748 4890 medicinam
2783 4835 3030 4906 accipiat
3063 4853 3075 4891 :

2134 4943 2281 4989 Tunc
2315 4942 2439 4990 Loth
2472 4942 2773 5000 ingredilur
2801 4944 2981 5005 Segor,
3016 4942 3171 4991 simul
3204 4943 3442 4991 exoritur
3472 4941 3566 5003 sol,

2137 5005 2456 5053 Ultimusille
2480 5005 2774 5067 quidem,in
2796 5006 3188 5068 Sodomamque
3209 5005 3460 5053 incendia
3482 5005 3697 5054 fervens

2135 5068 2337 5127 Infert;
2372 5082 2492 5115 nam
2526 5072 2667 5116 totus
2701 5069 2876 5117 radios
2910 5072 3207 5117 armaverat
3234 5069 3365 5129 igni.

2132 5131 2331 5179 {Emula
2367 5130 2712 5192 subsequitur
2742 5131 2912 5192 caligo
2936 5132 3213 5180 includere
3243 5132 3418 5180 lucem

2131 5197 2401 5254 Caeptans,
2433 5198 2593 5255 atque
2626 5194 2810 5249 globos
2842 5194 3066 5243 confuso
3099 5196 3341 5242 intexere
3371 5192 3539 5253 ccelo;

2133 5258 2422 5305 Fumantes
2453 5262 2649 5304 coeunt
2685 5258 2873 5313 nubes,
2912 5271 3083 5304 novus
3116 5257 3271 5305 irruit
3301 5257 3506 5313 imber;

2132 5318 2351 5369 Sulfura
2381 5333 2499 5368 cum
2532 5319 2760 5368 ﬂammis
2790 5319 3158 5383 ﬂagrantibus,
3193 5323 3383 5383 metuat
3413 5316 3599 5383 mther.

3330 5382 3419 5435 Sic
3454 5380 3617 5434 locus

2107 5490 2216 5560 (l2)
2252 5489 2379 5545 Olet
2408 5488 2586 5544 adhuc
2635 5488 2895 5544 incendio
2936 5491 3104 5542 terra.
3142 5492 3249 5541 Res
3299 5484 3607 5560 verissima
3638 5485 3693 5539 et

2038 5556 2248 5619 divinae
2282 5561 2553 5616 vindictae
2602 5562 2793 5615 vivum
2827 5576 3058 5629 semper
3104 5559 3458 5630 exemplum.
3492 5556 3691 5628 Neque

2032 5637 2187 5691 enim
2242 5634 2367 5704 ipse
2416 5633 2579 5687 lacus
2627 5632 2986 5705 Aspholtitcs
3032 5649 3134 5705 seu
3184 5648 3343 5705 mare
3400 5631 3691 5705 Mortuum

2032 5702 2407 5780 pestilentem
2443 5705 2685 5780 halitum
2711 5702 3001 5780 'elllat,sed
3038 5709 3091 5780 et
3123 5703 3347 5780 lapides
3387 5702 3693 5780 ruinarum

2034 5776 2249 5849 reliqui
2286 5777 2405 5850 igni
2441 5779 2659 5833 admoti
2685 5776 3441 5906 ardentgravissimumqiile
3463 5776 3698 5907 (lidogem

3314 5864 3385 5906 ex
3430 5865 3464 5907 a
3491 5865 3563 5907 an
3599 5890 3614 5905 .

3314 5851 3614 5907 exhalant.
