4264 6376
537 356 654 416 547

1055 348 1584 414 TERTULLIANI
1627 347 1955 413 OPEBUM
2001 349 2199 412 PARS
2242 348 2290 412 Ι.
2317 383 2396 396 —-
2424 351 2701 414 SERlES
2747 353 2797 429 l,
2843 352 3414 415 APOLOGETICA.

3821 352 3943 416 848

533 489 632 543 tur
658 486 704 522 ’⁷⁸
741 485 852 558 (13)
905 482 1088 540 oculis
1147 487 1338 552 tenus,
1369 483 1640 538 caeterum
1700 484 1964 556 contacta
2023 479 2180 538 484
2208 482 2262 549 Α
2291 482 2665 541 cinerescunt
2694 484 2820 557 (14).
2857 484 2968 542 Sed
3003 500 3106 541 nec
3137 485 3351 542 Tuscia
3370 485 3496 557 jam
3525 489 3667 543 tunc
3689 486 3734 522 ⁷⁸
3763 489 3944 559 atque

1955 598 2157 660 Varias
2200 598 2521 661 lectiones.

600 701 645 734 ⁷³
675 700 841 771 Rhea.
874 698 1076 771 Latia,
1110 699 1426 766 Gungnwus
1455 713 1474 752 :
1505 695 1806 764 oriantur;
1837 699 1887 752 et
1917 697 1979 750 in
2023 712 2138 768 sqq.
2189 697 2345 754 codd.
2389 699 2544 753 Futd.
2596 699 2761 770 Agob.
2794 703 2845 756 et
2887 699 3058 771 Lugd.
3109 699 3335 756 cineres
3389 703 3550 755 sunt.

533 772 701 827 Seml.
736 770 842 825 del.
877 770 1006 825 Jam
1043 773 1202 823 tunc.

3653 700 3697 736 ⁷⁸
3727 704 3941 772 Atque,

1973 849 2495 912 Commentaries.

528 949 618 1004 Sic
650 948 811 1003 locus
865 946 961 1003 ille
1003 946 1290 1002 hactenus
1341 943 1769 1000 circumfertur.
1803 945 2065 1001 Restitue
2115 963 2182 1001 ex

532 1020 756 1094 Optimo
789 1035 904 1076 ms.
949 1036 962 1074 :

627 1149 850 1200 Ultimus
880 1147 968 1197 ille
1002 1147 1216 1210 quidem
1249 1145 1643 1210 Sodomis,jam
1673 1146 1925 1197 incendia
1953 1148 2181 1198 fervent.

631 1213 802 1261 Iratus
830 1215 941 1260 toto
971 1209 1149 1259 radios
1181 1213 1479 1259 armaverat
1509 1209 1636 1271 igni.

627 1275 831 1323 Emula
860 1275 1206 1334 subsequitur
1234 1273 1402 1334 caligo
1434 1271 1710 1320 includere
1743 1271 1912 1320 lucem

628 1339 982 1398 Liventesque
1007 1323 1191 1397 globos
1220 1323 1444 1383 confuso
1474 1335 1718 1398 interere
1746 1334 1880 1398 coelo
1904 1348 1916 1393 ;

629 1396 914 1448 Fumantes
947 1396 1142 1446 col-unt
1171 1398 1358 1456 nubes,
1391 1409 1564 1445 novus
1593 1396 1747 1444 irruit
1775 1397 1960 1455 imber,

627 1461 840 1510 Sult‘ura
869 1474 990 1509 cum
1038 1461 1282 1521 ﬂammis,
1323 1460 1506 1522 ﬂagrat
1541 1458 1723 1518 chaos,
1761 1463 1950 1508 metuat
1992 1458 2178 1508 cether.

522 1586 918 1641 Meminerant
949 1584 1185 1639 Tacitus
1214 1600 1246 1639 v
1277 1585 1476 1639 Hist0r.
1512 1599 1531 1638 :
1559 1582 1787 1653 Strabo,
1821 1581 1923 1637 lib.
1957 1598 2051 1638 xxv
2078 1598 2091 1651 ;
2124 1586 2181 1637 et

523 1657 651 1714 alii.
676 1658 1129 1728 Cbrysostomus
1160 1671 1466 1728 aurcoiore
1493 1654 1746 1728 ignitum
1779 1655 2029 1728 imbrem
2063 1670 2178 1728 non

527 1746 642 1785 uno
676 1730 730 1783 in
763 1725 888 1783 loco
915 1728 1213 1783 describit.
1251 1727 1361 1782 Sed
1398 1725 1818 1798 bascipluribus
1853 1725 2178 1798 aliquando

526 1816 633 1857 suo
666 1800 812 1854 loco.
848 1800 990 1854 HAV.

527 1871 820 1928 exhalant.
853 1871 1168 1926 Testantur
1216 1869 1412 1922 omnia
1453 1867 1772 1922 itineraria.
1827 1867 2112 1923 Martinus
2143 1884 2177 1922 a

528 1945 943 2014 Baumgarten.
980 1940 1269 2012 Peregrin.
1304 1940 1406 1995 lib.
1442 1958 1502 2014 ιι,
1537 1957 1585 1994 c.
1626 1940 1709 2014 12,
1742 1939 1951 1994 asserit
1983 1957 1995 1995 :
2035 1960 2056 1989 α
2090 1939 2176 2014 lbi

529 2031 659 2071 esse
689 2011 924 2070 odorem
958 2011 1347 2080 teterrimum,
1383 2012 1588 2065 faciem
1639 2012 1868 2065 tristem
1901 2017 1958 2065 et
2008 2011 2176 2081 quasi

529 2091 868 2152 tartaream,
903 2100 1169 2157 saporem
1230 2099 1395 2153 aqua:
1451 2082 1867 2157 salsissimum,
1902 2087 1960 2136 et
2010 2082 2180 2157 fellea

529 2158 922 2214 amaritudine
968 2154 1308 2228 stypticum.
1360 2154 1777 2228 Borcbardus:
1821 2159 1976 2228 Mare
2023 2154 2174 2208 Mor-

528 2235 699 2285 tuum
750 2244 980 2298 semper
1010 2224 1100 2282 est
1132 2229 1364 2298 fumans
1395 2232 1452 2298 et
1500 2225 1897 2298 tenebrosum,
1930 2224 2083 2298 sicut
2114 2241 2178 2280 os

527 2300 766 2356 inferni.
800 2296 997 2354 Oculis
1030 2299 1176 2353 meis
1206 2297 1323 2351 vidi
1375 2296 1552 2351 simul
1585 2313 1716 2352 cum
1750 2297 1878 2352 aliis
1910 2296 2180 2366 pluribus

527 2373 703 2428 sociis
763 2371 1131 2425 teterrimum
1193 2375 1248 2422 et
1308 2368 1528 2422 malum
1573 2385 1845 2439 vaporem
1907 2384 1973 2421 ex
2033 2368 2179 2422 mari

525 2448 750 2498 Mortuo
783 2445 1124 2497 fumantem.
1156 2439 1528 2510 Saligniacus
1561 2440 1733 2493 etiam
1778 2445 1836 2495 et
1891 2439 2007 2493 alii.
2040 2462 2066 2489 »
2107 2441 2179 2493 De

528 2531 738 2586 sapore
793 2531 957 2585 aquae
1005 2513 1445 2586 illustrissimus
1497 2512 1765 2586 princeps
1799 2511 2176 2586 Radsivilius,

529 2582 658 2658 ipse
687 2582 982 2656 expertus,
1033 2585 1230 2658 epist.,
1264 2600 1318 2654 p.
1349 2584 1420 2636 96
1452 2598 1464 2635 :
1501 2606 1528 2631 ‹‹
1560 2585 1782 2658 Aquam
1829 2582 1996 2658 valde
2027 2584 2178 2652 spis-

530 2655 652 2714 sam
684 2664 741 2710 et
764 2655 769 2656 ν
791 2655 1083 2712 tmtentem
1135 2655 1331 2718 habet,
1365 2670 1491 2724 quas
1543 2655 1818 2725 guttatim
1853 2656 2176 2724 degustata,

533 2733 716 2801 prout
744 2744 776 2781 a
809 2729 975 2801 nobis
1007 2726 1517 2801 factum,ling_uam
1552 2726 1824 2801 atrociter
1855 2727 2102 2801 mordet,
2126 2729 2183 2780 et

535 2797 712 2870 caput
733 2800 886 2869 gravi
914 2799 1060 2870 pesti
1072 2798 1502 2870 l'eroquegodore
1523 2798 1903 2870 vehementer
1925 2797 2127 2870 inﬁcit.
2148 2817 2177 2846 ››

541 2868 624 2927 De
651 2868 946 2942 lapidibus
977 2871 1130 2941 quod
1163 2868 1538 2942 dixi,insigne
1561 2872 1749 2942 exstat
1777 2868 2180 2942 testimonium

545 2939 729 3014 apud'
759 2943 847 2997 Jo.
881 2942 938 2997 J.
978 2939 1361 3014 Ammonem,
1391 2941 1517 3014 Itin.
1555 2946 1615 2994 P.
1672 2940 1744 3002 ll,
1795 2955 1852 3010 p.
1881 2941 2026 3014 131,
2082 2939 2181 3014 qui

544 3011 822 3086 quoniam
870 3011 1488 3086 Germanicescripsit
1533 3027 1811 3086 conversa
1840 3012 1968 3086 ejus
2011 3013 2184 3086 verba

543 3082 602 3141 in
666 3086 930 3139 Latinum
993 3084 1235 3156 apposui
1273 3100 1286 3138 :
1319 3105 1347 3133 «
1383 3084 1639 3151 interim,
1688 3082 1901 3153 inquit,
1929 3083 2182 3156 __lapides

541 3157 985 3229 comportabant
1009 3153 1326 3229 Arabes,u_t_
1349 3160 1405 3207 et
1434 3161 1687 3229 nostram
1724 3153 2180 3229 nonnulli,avul-

540 3246 638 3285 eos
670 3226 937 3300 rupibus,
971 3228 1091 3282 sive
1122 3228 1214 3281 hic
1247 3226 1365 3300 illic
1405 3230 1620 3300 temere
1663 3227 1949 3300 jacentes,
1981 3227 2178 3300 incen-

542 3297 870 3371 debantque
902 3299 1030 3353 illos
1063 3298 1683 3371 parvarilammula,q_ui
1717 3297 1950 3371 quidem
1976 3299 2182 3352 ardent

544 3369 1107 3441 inflammanturque
1139 3374 1204 3424 ut
1235 3369 1480 3441 lignum,
1513 3369 1754 3423 excitato
1787 3370 1967 3424 denso
2001 3370 2180 3430 fumo,

546 3444 647 3497 sed
683 3444 764 3497 ita
808 3444 966 3498 olent
1013 3440 1296 3513 sulphure
1325 3445 1381 3496 et
1411 3440 1534 3513 pice
1579 3449 1641 3495 ut
1671 3441 1910 3512 propius
1950 3457 2187 3496 manere

545 3531 661 3569 non
720 3515 816 3568 diu
881 3511 1245 3586 possis—Quo
1293 3511 1485 3586 magis
1515 3529 1649 3586 vero
1670 3511 1878 3586 :mare
1924 3515 2182 3586 Rubrum

547 3587 811 3656 accedas,
841 3583 906 3640 eo
955 3586 1144 3639 acrius
1175 3585 1274 3639 illo
1306 3585 1478 3638 modo
1529 3583 1754 3656 lapides
1784 3584 2005 3656 ardent.
2039 3585 2188 3639 Sunt

546 3658 723 3714 etiam
758 3674 932 3729 rupes
979 3657 1064 3711 hae
1097 3657 1434 3729 lapidesque
1462 3655 1605 3709 facie
1637 3655 1768 3709 alba
1799 3655 1983 3729 valde,
2017 3656 2183 3729 quasi

543 3727 872 3800 conspersae
893 3727 1187 3800 cineribus
1211 3728 1359 3782 albis
1382 3732 1558 3798 atque
1579 3730 1880 3800 consectas.
1896 3727 2184 3800 Confracti

544 3799 706 3856 intus
738 3799 948 3855 cinerei
1010 3799 1306 3870 luridique
1356 3803 1657 3870 apparent.
1692 3799 1801 3870 Sed
1850 3814 2036 3868 neque
2082 3799 2182 3853 toti

539 3873 675 3943 igne
731 3877 1180 3938 consumuntur,
1215 3869 1270 3926 at
1300 3869 1433 3925 vero
1466 3871 1590 3941 pice
1617 3875 1687 3943 et
1720 3869 2004 3941 sulphure
2049 3886 2184 3924 con-

543 3941 803 4014 sumpto,
835 3943 1137 4016 aliquanto
1187 3959 1362 4013 quam
1419 3949 1554 3996 ante
1613 3941 1868 4016 minores
1926 3947 2185 4011 manent,

540 4013 807 4086 fiuntque
854 4013 956 4070 toti
991 4015 1164 4086 nigri,
1196 4021 1253 4069 et
1299 4021 1506 4083 sponte
1552 4031 1659 4086 sua
1708 4013 2184 4086 exstinguuntur,

541 4085 731 4158 neque
765 4093 902 4142 tunc
957 4085 1212 4158 amplius
1242 4086 1585 4158 gardent,7ut
1633 4085 1758 4155 ipse
1792 4085 2049 4158 probavi,
2074 4085 2185 4158 qui

542 4155 678 4214 inde
703 4159 876 4213 etiam
915 4155 1205 4213 modicum
1241 4155 1454 4227 lapidis
1492 4157 1770 4211 frustrum
1794 4155 1992 4212 attuli.
2024 4155 2188 4211 Dice-

540 4231 800 4301 bantque
850 4231 1066 4285 Arabes
1097 4244 1270 4299 rupes
1304 4229 1434 4284 illas
1465 4227 1805 4300 lapidesque
1846 4230 1997 4301 circa
2030 4244 2187 4301 mare

543 4298 831 4368 Rubrum,
864 4301 933 4358 ad
993 4298 1333 4369 horte’iter,
1369 4316 1472 4355 nec
1526 4298 1780 4370 usquam
1842 4298 1976 4354 alibi
2040 4299 2190 4354 hanc

542 4379 813 4429 naturam
874 4372 1110 4440 habere,
1143 4372 1288 4442 quod
1347 4389 1461 4426 non
1519 4377 1610 4426 est
1667 4370 1948 4425 credibile
2001 4388 2190 4442 neque

539 4445 882 4501 verisimile.
918 4444 1048 4516 Ipse
1097 4443 1150 4498 id
1195 4447 1422 4516 tantum
1475 4448 1748 4516 expertus
1791 4442 2056 4516 sum-ibi,
2091 4444 2190 4498 ubi

543 4535 800 4573 arenosa:
834 4513 963 4570 sint
984 4533 1178 4586 rupes,
1204 4514 1356 4571 olere
1387 4513 1624 4586 quidem
1660 4515 1913 4586 graviter
1943 4513 2189 4586 lapides,

541 4607 657 4645 non
691 4606 824 4643 vera
854 4588 1076 4642 ardere.
1109 4587 1247 4641 Hav.

617 4662 727 4730 (13)
761 4660 820 4715 Si
848 4676 975 4730 qua
1024 4660 1144 4714 illic
1189 4657 1473 4730 arborum
1504 4672 1675 4730 poma,
1715 4661 2005 4711 conantur.
2062 4659 2192 4711 Haec

542 4727 633 4785 est
659 4727 794 4785 vera
846 4727 1032 4796 lectio,
1067 4747 1238 4800 quam
1273 4727 1557 4800 Heraldus
1601 4727 1778 4783 etiam
1811 4744 1944 4783 cum
1981 4733 2187 4800 Pame-

538 4801 640 4867 lio,
679 4803 749 4856 |.a
780 4803 979 4871 Cerda,
1024 4799 1187 4864 Al’do,
1222 4805 1278 4856 et
1328 4799 1575 4872 Rigaltio
1605 4817 1673 4854 ex
1717 4800 1856 4856 Cod.
1906 4799 2187 4864 Fuldano,

541 4874 795 4944 denique
841 4874 1016 4928 etiam
1069 4891 1209 4928 mss.
1251 4873 1435 4944 Lugd.
1458 4872 1586 4944 ABat.
1621 4877 1679 4944 et
1707 4872 2186 4944 Agobtcnmpro-

540 4942 715 5000 hantf
735 4945 806 5000 Ut
837 4946 976 5000 adeo
1009 4962 1123 5000 non
1176 4942 1383 4998 debeat
1413 4942 1603 4998 dicere
1650 4943 1864 4998 Junius
1897 4943 2189 4997 Latinium

544 5017 696 5072 recie
726 5033 793 5071 ex
825 5016 1005 5071 Vatic.
1041 5023 1096 5071 et
1137 5016 1306 5070 codd.
1339 5014 1615 5069 omnibus
1663 5015 1996 5086 reposuisse
2026 5031 2195 5084 poma

542 5090 983 5159 orianfm~,quod
1011 5087 1302 5144 Pamelius
1327 5091 1720 5158 expunxerat:
1748 5087 1946 5159 inepte
1961 5086 2194 5159 mgenim

543 5165 634 5216 est
667 5166 785 5216 tam
838 5158 1117 5229 oriantur,
1152 5159 1305 5229 quod
1343 5159 1517 5213 etiam
1567 5158 1933 5214 Barrasus’et
1965 5158 2192 5212 Bhena-

541 5249 856 5301 nus,quam
881 5235 1230 5299 cooriantur,
1251 5231 1402 5302 quod
1435 5229 1560 5285 vult
1591 5231 1899 5286 Meursius.
1933 5229 2195 5302 Denique

541 5305 668 5377 ipse
694 5303 1092 5360 Tertullianus
1121 5301 1438 5377 naualiter
1469 5308 1643 5377 amat.
1679 5303 1914 5377 Int'raAc.
1938 5302 2039 5377 _47,
2062 5301 2195 5356 dum

541 5373 732 5432 nostra
762 5385 1061 5444 conantur,
1081 5375 1176 5430 ubi
1207 5374 1576 5429 Wouwerius
1609 5380 1664 5428 et
1695 5374 1906 5446 Rigalt.
1938 5373 2196 5443 legentes

545 5451 1009 5504 contaminamur
1055 5447 1246 5501 locum
1283 5463 1394 5500 non
1431 5451 1664 5511 sanant,
1699 5446 2195 5518 quiestinteger,

543 5521 644 5574 sed
707 5519 1129 5586 contaminant,
1165 5519 1458 5590 quomodo
1513 5515 1994 5590 etiam—aliisin
2053 5515 2196 5590 locis

543 5593 746 5646 auctor
803 5591 1079 5663 loquitur.
1140 5587 1462 5646 Gronovius
1520 5593 1688 5660 pater
1743 5590 1803 5643 in
1865 5587 2082 5663 Observ.
2129 5588 2199 5642 ad

540 5665 728 5731 script.
764 5659 902 5718 Eccl.
939 5680 989 5719 c.
1021 5665 1110 5729 22,
1142 5663 1414 5718 emendat
1462 5659 1693 5716 conatur
1723 5677 1789 5714 ea
1842 5659 2009 5731 quasi
2044 5663 2199 5716 esset

543 5731 603 5806 si
651 5733 851 5806 aliqua
912 5736 1185 5806 arborum
1249 5738 1518 5790 conatur.
1553 5733 1923 5804 Quanquam,
1982 5731 2195 5806 inquit,

547 5803 703 5861 idem
751 5803 978 5864 census
1032 5805 1268 5877 vulgato
1331 5806 1504 5861 modo
1565 5803 1885 5876 pronamen
1945 5804 2236 5878 accipias.

2291 963 2502 1020 genere
2535 951 2761 1020 neutro,
2795 964 3042 1004 numero
3089 947 3322 1020 plurali.
3359 947 3491 1004 Haec
3544 947 3661 1018 ille,
3695 965 3800 1004 nec
3850 965 3938 1004 re-

2293 1019 2505 1092 pugno.
2543 1019 2787 1075 Videtur
2817 1020 2962 1076 alias
2992 1019 3108 1075 tam
3145 1020 3213 1076 ad
3249 1037 3421 1091 poma
3451 1037 3626 1092 quam
3661 1021 3732 1076 ad
3767 1021 3937 1076 arbo-

2292 1091 2612 1147 res’referri
2660 1109 2852 1164 posse,
2888 1097 2952 1148 ut
2978 1094 3030 1146 si
3072 1109 3180 1164 qua
3212 1097 3276 1145 ut
3315 1091 3495 1163 supra
3546 1092 3689 1147 satis
3741 1097 3938 1147 osten-

2290 1181 2444 1229 sum,
2475 1166 2821 1218 tantundem
2857 1164 2934 1220 sit
2963 1180 3029 1219 ac
3059 1165 3106 1218 si
3139 1180 3254 1233 quo
3286 1165 3480 1230 modo,
3515 1169 3580 1218 ut
3608 1165 3796 1233 aliqua
3811 1180 3938 1219 con-

2289 1244 2444 1302 tecta,
2477 1235 2591 1290 huc
2622 1237 2852 1291 videtur
2903 1236 3081 1290 etiam
3109 1237 3341 1290 ducere.
3374 1237 3572 1291 Potest
3601 1236 3778 1290 etiam
3807 1238 3931 1290 dis-

2291 1307 2481 1380 tingui
2509 1311 2581 1380 et‘
2600 1310 2653 1362 si
2679 1325 2785 1378 qua
2808 1307 2934 1380 illic
2961 1306 3216 1380 arborum
3243 1323 3424 1378 poma,
3459 1312 3732 1363 conantur
3759 1307 3937 1362 oculis

2289 1376 2467 1444 tenus,
2503 1376 2586 1433 vel
2635 1376 2743 1448 qua
2774 1379 2894 1432 illic
2921 1379 3180 1433 arborum
3206 1376 3409 1450 poma,
3434 1393 3484 1432 c.
3520 1385 3630 1434 etc.
3677 1380 3936 1450 Denique

2291 1451 2386 1505 hic
2437 1467 2668 1521 quoque
2697 1466 2930 1504 carmen
2987 1453 3143 1521 quod
3176 1448 3516 1506 inscribitur
3567 1448 3936 1506 Sodomaest

2287 1523 2756 1591 emaculandum,
2790 1522 2870 1576 ibi
2899 1521 3073 1593 vulgo
3109 1537 3123 1577 :

2377 1629 2800 1691 Semiperempta
2831 1629 2987 1677 etiam
3026 1629 3067 1677 si
3098 1642 3205 1693 qua
3230 1628 3341 1693 illic
3365 1627 3574 1693 jugera,
3606 1627 3754 1677 laetas

2381 1693 2638 1740 Autumni
2667 1695 2931 1755 conantur
2958 1691 3292 1754 opes,’facile
3323 1691 3528 1755 optima
3556 1705 3672 1755 sese

2381 1755 2700 1803 Promittunt
2729 1754 2914 1815 oculis,
2946 1751 3077 1816 pira,
3111 1755 3332 1815 persica,
3361 1751 3416 1804 at
3447 1754 3627 1803 omnia
3656 1751 3810 1815 male,

2381 1817 2557 1865 Donec
2585 1820 2913 1877 carpuntur:
2947 1815 3068 1864 nam
3109 1820 3348 1878 protinus
3376 1816 3553 1865 iudice
3587 1815 3785 1865 factum

2379 1881 2612 1928 Solvitur
2641 1881 2695 1926 in
2727 1880 2978 1936 cinerem,
3009 1879 3068 1928 ﬂt
3095 1893 3236 1928 vana
3264 1880 3551 1942 favillaque
3583 1891 3818 1942 pomum.

2287 1976 2432 2047 Lege
2461 1976 2633 2048 longe
2665 1974 2993 2048 elegantius
3026 1975 3133 2032 hoc
3166 1977 3364 2043 modo,

2379 2083 2560 2131 Donec
2591 2086 2902 2144 carpuntur,
2935 2095 3056 2130 nam
3089 2082 3336 2144 protinus
3369 2081 3716 2144 indicetactu

2380 2145 2614 2194 Solvitur
2643 2143 2698 2193 in
2727 2146 2958 2193 cinerem
2991 2143 3146 2192 vacui
3174 2143 3391 2193 fallacia
3420 2143 3582 2208 pomi.

2289 2253 2376 2307 Ita
2406 2252 2789 2306 emendamus
2839 2251 3048 2322 partim
3072 2266 3163 2322 fex
3209 2249 3715 2322 praestantissimis
3747 2265 3930 2322 mem-

2289 2324 2510 2392 branis,
2544 2323 2757 2394 partim
2791 2321 2860 2376 ex
2891 2321 3160 2392 ingenio;
3195 2321 3328 2377 nam
3361 2323 3417 2378 in
3450 2321 3568 2377 illis
3597 2326 3723 2377 erat
3754 2321 3936 2394 indice

2289 2403 2457 2464 tactu,
2495 2393 2596 2466 pro
2628 2411 2743 2466 quo
2777 2393 3146 2466 reposuimus
3178 2394 3350 2450 indici
3392 2412 3494 2466 pro
3528 2394 3726 2449 indicis
3759 2393 3814 2448 id
3847 2398 3937 2449 est

2290 2471 2557 2547 contactu
2595 2465 2776 2548 diligi,
2811 2472 2948 2520 nota
2981 2465 3211 2547 licentia
3241 2483 3309 2548 ex
3341 2465 3601 2548 antiquis
3637 2465 3842 2590 poetis,
3869 2481 3938 2520 ex

2290 2539 2506 2590 auibus
2541 2539 2871 2590 Lucretium
2905 2537 3112 2590 Noster
3154 2537 3608 2590 diligentismme
3662 2541 3795 2590 emt.
3827 2536 3935 2590 Sed

2290 2538 2506 2610 quibus
2531 2535 2871 2610 Lucretium
2905 2537 3112 2592 Noster
3154 2535 3608 2609 diligentissime
3638 2535 3795 2610 legit.
3827 2536 3935 2610 Sed

2287 2608 2474 2665 totum
2509 2608 2652 2664 illud
2687 2610 3071 2681 poematium,
3105 2626 3244 2664 sane
3277 2608 3937 2681 pulchrum,aliquando

2291 2681 2341 2737 si
2377 2687 2484 2736 Deo
2536 2680 2743 2752 placet,
2777 2681 2944 2752 quasi
2979 2697 3047 2737 ex
3096 2681 3354 2752 tenebris
3402 2680 3734 2738 redivivum
3768 2680 3938 2752 dabi-

2290 2770 2442 2808 mus.
2475 2751 2715 2809 Adverte
2747 2751 2981 2807 interim
3015 2754 3189 2808 etiam
3223 2751 3316 2810 hic
3345 2753 3408 2807 τὸ
3445 2761 3716 2810 conantur
3746 2751 3936 2808 incul-

2289 2825 2430 2954 cﬁari,
2463 2825 2720 2896 adeoque
2751 2841 2986 2880 omnem
3009 2823 3178 2881 illum
3212 2830 3487 2882 conatum
3520 2841 3647 2882 esse
3677 2825 3937 2882 irritum.

2339 2914 2432 2952 AV.

2339 2914 2432 2952 AV.

2363 2967 2474 3040 (14)
2515 2970 2776 3023 Contacta
2819 2968 3186 3040 cinerescunt.
3237 2965 3379 3040 Mss.
3428 2965 3613 3040 Agob.
3664 2969 3734 3040 et,
3767 2965 3933 3040 Fuld.

2289 3037 2652 3095 cineressunt.
2687 3039 2796 3095 Sed
2849 3038 2992 3094 illud
3044 3037 3276 3106 melius,
3326 3037 3670 3094 dicit’enim
3722 3037 3781 3094 in
3832 3039 3939 3094 Su-

2291 3113 2484 3167 doma.

2761 3189 2993 3239 Solvitur
3019 3189 3073 3238 in
3104 3189 3336 3239 cinerem

2290 3298 2600 3354 Afﬁrmant
2629 3296 2686 3351 id
2733 3313 2800 3352 ex
2830 3297 3121 3352 veteribus
3151 3297 3464 3368 Josephus,
3495 3296 3752 3361 Tacitus,
3784 3294 3934 3350 Soli-

2294 3387 2428 3436 nus,
2474 3369 2859 3439 Augustinus.
2891 3369 3053 3424 Adde
3105 3369 3426 3424 Itineraria.
3470 3373 3636 3423 Mart.
3670 3385 3703 3423 a
3733 3369 3936 3422 Baum-

2296 3448 2498 3514 garten
2548 3445 2796 3514 testatur
2828 3441 3434 3514 littusnarundinibus
3483 3439 3935 3512 putridibusque

2296 3510 2601 3568 arboribus
2633 3512 2894 3582 plenum.
2930 3510 3298 3583 Saligniacus
3350 3510 3522 3568 etiam
3549 3513 3803 3567 afﬁrmat
3839 3529 3933 3566 ar-

2299 3586 2467 3639 bores
2527 3583 2900 3656 circumcirca
2948 3591 3293 3654 crescentes,
3325 3585 3425 3638 sed
3484 3601 3611 3656 quas
3660 3583 3931 3654 pestifero

2298 3656 2478 3728 maris
2530 3655 2728 3728 afflatu
2775 3654 2855 3708 nil
2888 3657 3011 3710 esui
3063 3662 3262 3726 aptum
3317 3654 3634 3728 producere
3681 3656 3931 3728 possint.

2294 3725 2693 3798 Videasﬁenim
2727 3742 2899 3796 poma
2928 3728 3053 3781 visu
3088 3725 3510 3794 decora,'intus
3543 3725 3714 3798 plena
3743 3727 3934 3781 cinere

2300 3815 2366 3854 ac
2414 3797 2626 3871 favilla.
2659 3798 3026 3871 Borchardus
3072 3801 3246 3854 etiam
3297 3799 3520 3866 scribit,
3545 3797 3583 3871 7§
3613 3799 3680 3852 39
3714 3815 3726 3852 :
3761 3798 3934 3871 «Sub

2296 3870 2554 3941 Engaddi
2575 3873 2758 3941 juxta
2788 3869 2951 3925 littus
2984 3873 3162 3925 maris
3193 3871 3407 3926 Mortui
3440 3869 3676 3926 arbores
3706 3870 3938 3941 quidem

2305 3940 2445 3996 sunt
2475 3940 2898 4012 pulcherrimae,
2929 3944 3027 3997 sed
3053 3943 3278 3998 fructus
3300 3959 3522 4008 earum,
3556 3959 3687 3997 cum
3721 3940 3944 3995 discer-

2298 4015 2473 4085 pitur,
2509 4013 2866 4086 intrinsecus
2910 4014 3103 4068 favilla
3135 4020 3192 4068 et
3218 4015 3430 4086 cinere
3461 4014 3668 4086 plenus
3717 4013 3943 4086 inveni-

2297 4091 2474 4157 tur.»
2513 4085 2894 4156 Hegesippus,
2949 4102 3014 4140 eo
3047 4085 3304 4157 amplius
3353 4085 3544 4141 lib.'iv
3592 4085 3783 4141 Excid.
3817 4087 3941 4139 Hie-

2299 4156 2460 4238 rosol.
2521 4162 2809 4238 memorat
2865 4156 3288 4238 pulcherrimas
3345 4159 3471 4213 visu
3530 4159 3942 4238 arbores,un

2300 4231 2428 4284 laeta
2461 4227 2652 4302 specie
2684 4251 2711 4278 «
2745 4227 2950 4302 edendi
2986 4236 3268 4301 generant
3298 4227 3945 4302 spectantibuecupidi-

2298 4298 2516 4366 tatcm’;
2550 4300 2600 4353 si
2631 4301 2848 4369 capias,
2883 4298 3165 4357 fatiscunt
3193 4307 3249 4356 et
3288 4298 3664 4357 resolvuntur
3694 4298 3751 4354 in
3785 4298 3942 4355 eine-

2301 4388 2446 4436 rem,
2482 4371 2826 4443 fumumque
2855 4373 3132 4438 excitant,
3161 4373 3326 4443 quasi
3375 4373 3566 4430 adhuc
3614 4371 3874 4427 ardeant.
3913 4393 3940 4419 »

2300 4444 2408 4500 Sed
2443 4443 2561 4496 sive
2596 4444 2726 4517 ficta
2773 4443 3044 4517 hmcgsive
3077 4446 3358 4516 temporis
3389 4445 3578 4517 spatio
3629 4445 3946 4517 immutata

2303 4515 2680 4588 sint,_nullas
2718 4515 2992 4588 iamplius
3050 4515 3359 4588 superesse
3416 4515 3622 4572 scribit
3678 4516 3946 4587 princeps

2304 4585 2685 4659 Radzivilius,
2716 4585 2903 4659 Digna
2957 4585 3153 4643 tamen
3200 4593 3339 4643 sunt
3395 4585 3707 4643 Ammanni
3770 4604 3951 4658 supra

2304 4657 2526 4714 laudati
2575 4657 2750 4713 verba
2781 4657 2906 4730 qua:
2954 4659 3113 4714 Latio
3145 4661 3451 4715 debentur.
3484 4659 3654 4716 Visae
3706 4660 3821 4715 sibi
3850 4657 3950 4713 ar-

2222 4763 2266 4827 Β
2297 4731 2554 4827 bo‘reset
2586 4730 3069 4827 djarinemninp-in
3097 4731 3682 4827 :via‘llieriphuntina
3722 4747 3950 4827 m‘em'e:

2302 4807 2409 4877 rat,
2455 4802 2554 4877 sed
2609 4802 2839 4877 diversa
2870 4802 3111 4877 a_priori
3142 4804 3553 4877 descriptione
3586 4804 3817 4877 specie.
3870 4805 3950 4856 En

2299 4874 2402 4928 tibi
2437 4875 2609 4928 verba
2655 4874 2802 4942 ejus.
2842 4896 2869 4924 «
2901 4873 2962 4930 In
2993 4876 3104 4943 via,
3139 4873 3666 4945 inquit,'nonnulla
3710 4875 3955 4942 arborea

2301 4946 2477 5019 etiam
2511 4945 2883 5019 oll‘endimus,
2918 4947 3037 5001 sive
3070 4950 3264 5016 potius
3297 4949 3551 5014 iratices,
3585 4947 3698 5003 late
3737 4963 3952 5019 expan-

2305 5017 2386 5072 sis
2438 5017 2689 5091 copiosis
2738 5018 2939 5091 ramis,
2973 5019 3265 5091 aculeatas
3313 5020 3499 5084 valde,
3533 5023 3598 5074 ut
3641 5017 3954 5091 apud—nos

2307 5091 2423 5164 fere
2451 5088 2702 5159 spineta,
2736 5089 3168 5164 pulcherrimus
3196 5096 3253 5146 et
3283 5091 3629 5148 laetissimus
3659 5088 3952 5164 appendet

2307 5163 2555 5229 fructus,
2581 5159 2914 5236 aspeétuut
2949 5161 3382 5236 minorapoma
3411 5164 3641 5236 quibus
3663 5159 3949 5236 paradisis

2305 5228 2685 5308 nomen__'_est,
2720 5232 3068 5308 rubicunda,
3117 5228 3284 5290 valde
3342 5228 3703 5308 spectabilis.
3757 5228 3946 5308 Avulsi

2305 5302 2599 5378 nonnulli,
2633 5310 2696 5358 ut
2739 5300 3128 5378 comederem,
3165 5311 3331 5362 erant
3357 5300 3488 5364 vero
3541 5321 3780 5378 prorsus
3828 5300 3950 5378 ille-

2307 5376 2441 5447 pida
2471 5379 2642 5442 gustu
2693 5381 2750 5430 et
2780 5377 3068 5448 insuavia,
3101 5371 3260 5434 intus
3317 5380 3488 5450 plena
3531 5371 3680 5450 albis
3727 5371 3950 5447 granis,

2306 5453 2371 5520 ut
2402 5452 2538 5520 sunt
2569 5463 2748 5520 grana
2781 5465 3086 5520 pomorum
3123 5448 3477 5507 nostro—rum.
3498 5448 3782 5520 Quoniam
3813 5461 3950 5520 vero

2307 5519 2460 5591 pleni
2517 5517 2802 5573 fructibus
2853 5527 3048 5576 essent
3097 5521 3153 5575 hi
3214 5522 3470 5588 frutices,
3504 5518 3787 5591 nonnulla
3818 5517 3953 5591 inde

2308 5587 2480 5662 poma
2529 5607 2753 5645 mecum
2809 5592 2935 5646 tuli.
2975 5594 3154 5648 Erant
3199 5611 3331 5649 vero
3385 5587 3608 5650 in'illis
3669 5587 3954 5646 nonnulla

2309 5663 2472 5735 arida
2529 5666 2584 5716 et
2640 5662 3008 5735 nigricantia,
3042 5665 3455 5735 contractaque
3511 5662 3950 5735 cinerescebant

2306 5738 2363 5791 et
2409 5733 2894 5804 dispergebantur
2940 5741 3006 5793 ut
3053 5737 3281 5805 favida;
3325 5733 3456 5792 cum
3505 5751 3641 5791 vero
3690 5734 3950 5792 recentia

2307 5808 2718 5880 decerpantur,
2751 5824 2868 5866 non
2920 5812 3059 5867 sunt
3100 5810 3200 5878 ita,
3231 5823 3426 5868 verum
3476 5812 3737 5883 tempore
3787 5823 3945 5872 ares-
