4264 6346
367 357 487 418 549

1466 352 2061 417 APOLOGETICUS
2105 354 2292 415 ADV.
2339 354 2669 416 GENTES.

3655 360 3783 420 550

361 486 682 560 Campania
717 486 789 541 de
835 484 1181 543 Christianis
1229 485 1602 558 querebatur.
1649 488 1791 542 Cum
1820 484 2012 542 Volsl-
2040 490 2097 557 Α
2126 485 2324 542 centies
2357 485 2728 558 magistrum,
2762 489 2817 542 et
2871 487 3149 543 nocentia:
3197 490 3351 545 486
3400 490 3662 560 judicem
3720 496 3783 547 et

361 579 490 634 nios
511 578 626 647 (15)
648 576 799 633 485
827 576 897 631 de
928 575 1070 632 coelo
1093 576 1369 646 Tarpeios
1389 577 1431 611 ⁷⁷
1456 576 1651 646 (t6)de
1673 592 1779 631 suo
1815 580 2010 631 monte

358 667 611 740 perfudit
643 666 684 701 ⁷⁸
718 664 896 737 ignis,
928 665 1100 719 Femo
1132 664 1324 719 adhuc
1363 665 1559 719 Romae
1590 664 1769 719 Deum
1806 681 2006 719 verum

358 756 660 823 adorabat,
684 770 817 810 cum
846 752 1095 807 Annibal
1129 754 1285 824 apud
1317 754 1546 809 Cannas
1569 755 1680 824 (17)
1715 753 2008 809 Romanos

360 843 629 911 annulos,
659 842 849 898 coades
880 858 1037 897 suas.
1064 842 1259 897 modio
1294 842 1660 897 metiebatur.
1688 844 1903 897 Omnes
1928 842 2006 897 dii

358 933 537 988 vestri
572 933 643 987 ab
676 932 951 986 omnibus
991 930 1350 999 colebantur,
1384 946 1518 985 cum
1551 931 1746 1001 ipsum
1781 931 2006 1002 Capito-

359 1023 504 1077 lium
538 1022 648 1092 (18)
698 1026 953 1075 Senones
991 1026 1442 1090 occupaverunt.
1477 1024 1542 1073 Et
1572 1020 1737 1086 bene,
1772 1021 1925 1089 quod
1960 1020 2007 1074 si

360 1111 500 1183 quid
552 1110 780 1165 adversi
831 1108 1041 1164 accidit
1071 1108 1342 1174 urbibus,
1373 1110 1586 1163 eisdem
1629 1108 1825 1164 clades
1858 1114 2007 1162 tem-

359 1200 590 1273 plorum
626 1216 749 1272 quas
782 1202 839 1255 et
887 1197 1171 1253 mmnium
1228 1198 1483 1266 fuerunt,
1516 1198 1722 1269 utjam
1757 1197 1865 1252 hoc
1918 1214 2003 1253 re-

354 1290 610 1360 vincam,
658 1305 772 1344 non
828 1305 860 1343 a
909 1288 1034 1343 deis
1081 1286 1331 1356 evenire,
1366 1287 1503 1358 quia
1534 1291 1588 1342 et
1619 1288 1762 1358 ipsis
1794 1287 2004 1343 evenit.

364 1380 605 1449 Semper
637 1377 895 1432 humana
925 1392 1068 1448 gens
1100 1376 1251 1430 male
1283 1377 1353 1430 de
1388 1379 1498 1431 Deo
1531 1377 1781 1442 meruit;
1817 1376 2004 1447 primo

354 1468 399 1502 ⁷ο
428 1468 664 1539 quidem
700 1470 763 1521 ut
795 1466 1183 1520 inofﬁciosa90
1205 1466 1355 1534 ejus,
1388 1481 1564 1536 quem
1598 1481 1728 1519 cum
1761 1465 1803 1501 ⁸¹
1839 1466 2004 1519 intel-

353 1556 557 1625 ligeret
589 1572 657 1610 ex
702 1560 863 1627 parte
896 1555 1026 1625 (19),
1071 1571 1183 1608 non
1221 1554 1411 1609 solum
1447 1571 1558 1609 non
1596 1554 1898 1625 requisivit
1928 1555 2004 1608 ti-

355 1646 661 1711 mendum,
724 1644 821 1698 sed
881 1648 936 1697 et
993 1642 1138 1697 alios
1198 1643 1310 1697 sibi
1352 1642 1525 1699 citius
1556 1648 1887 1699 commenta
1918 1648 2005 1698 cst

356 1751 505 1809 quos
536 1734 749 1790 coleret
784 1733 829 1767 ⁸³
882 1732 1093 1787 dehinc
1125 1734 1277 1803 quod
1311 1750 1425 1789 non
1454 1732 1800 1804 inquirendo
1836 1736 2000 1787 inno-

2120 580 2469 642 exactorem,
2503 576 2777 631 omnibus
2806 576 2964 631 vitiis
2989 582 3045 632 et
3064 577 3417 633 criminibus
3447 578 3685 635 inolevit
3707 581 3775 635 ⁸³.

2118 668 2397 721 Caeterum
2430 664 2479 721 si
2526 665 2889 736 requisisset,
2939 668 3305 737 [sequeretur
3336 668 3399 736 3‘,
3436 671 3522 738 ut]
3556 685 3776 741 cogno-

2119 758 2306 809 sceret
2334 754 2378 789 ⁸⁵
2408 760 2462 809 et
2495 760 2932 826 recognosceret
2953 755 2996 790 ⁸⁸
3019 756 3390 827 requisitum,
3416 763 3470 812 et
3505 759 3772 831 recogni-

2116 846 2242 897 tum
2303 846 2655 908 observaret,
2697 848 2753 899 et
2810 846 3182 900 observatum
3228 846 3417 916 magis
3450 849 3768 918 propitium

2118 932 2479 1002 experiretur
2506 949 2679 1003 quam
2712 935 2947 987 iratum.
2982 935 3265 988 Eumdem
3298 950 3434 1005 ergo
3467 952 3620 990 nunc
3654 938 3765 1007 (20)

2119 1038 2354 1093 quoque
2385 1023 2531 1076 scire
2562 1023 2731 1076 debet
2761 1022 2997 1086 iratum,
3032 1039 3205 1093 quem
3240 1029 3295 1077 et
3328 1031 3480 1078 retro
3513 1042 3764 1096 semper,

2117 1110 2463 1182 priusquam
2518 1111 2835 1167 Christiani
2886 1112 3349 1167 nominarentur.
3387 1113 3567 1183 Cujus
3600 1115 3769 1171 bonis

2118 1201 2391 1254 utebatur
2423 1204 2555 1254 ante
2586 1199 2777 1265 editis,
2815 1216 2992 1269 quam
3036 1200 3175 1255 deos
3203 1200 3314 1255 sibi
3348 1202 3613 1271 ﬁngeret,
3666 1220 3770 1258 cur

2116 1304 2231 1343 non
2265 1289 2336 1343 ab
2375 1305 2440 1343 eo
2498 1288 2672 1343 etiam
2734 1288 2890 1342 mala
2949 1287 3226 1359 intelligit
3284 1290 3532 1355 evenire,
3596 1294 3769 1363 cujus

2115 1377 2271 1433 bona
2322 1394 2451 1432 esse
2487 1394 2603 1431 non
2638 1377 2868 1432 sensit?
2918 1377 3082 1432 lllius
3129 1394 3226 1432 rea
3257 1384 3364 1445 est,
3397 1380 3568 1449 cujus
3598 1386 3653 1434 et
3683 1381 3772 1435 in-

2114 1471 2300 1539 grata.
2335 1467 2404 1521 Et
2434 1471 2628 1521 tamen
2691 1465 2738 1521 si
2788 1466 3068 1536 pristinas
3100 1465 3294 1521 clades
3326 1483 3762 1538 comparemus,

2114 1554 2332 1610 leviora
2363 1570 2518 1609 nunc
2552 1554 2849 1624 accidunt,
2884 1570 2952 1609 ex
3000 1571 3113 1626 quo
3166 1554 3521 1611 christianos
3570 1574 3603 1612 a
3650 1558 3767 1617 Deo

2114 1645 2273 1700 orbis
2304 1644 2547 1715 accepit.
2582 1645 2663 1699 Ex
2692 1660 2758 1699 eo
2798 1644 2954 1698 enim
2999 1650 3056 1698 et
3086 1643 3420 1700 innocentia
3450 1645 3632 1700 seculi
3656 1646 3767 1701 ini-

2111 1734 2363 1805 quitates
2394 1734 2762 1804 temperavit,
2808 1738 2866 1787 et
2916 1733 3319 1804 deprecatores
3363 1734 3457 1788 Dei
3491 1735 3607 1805 (2t)
3640 1752 3771 1792 esse

1789 1840 1989 1901 Varias
2029 1839 2353 1901 lectiones.

429 1940 471 1975 ⁷⁷
503 1937 779 2043 Tarpeios
811 1936 1168 2007 Gothofredus
1197 1938 1441 2010 repoxuil
1470 1954 1541 1993 ea:
1570 1938 1666 1993 lib.
1702 1956 1740 2005 1,
1772 1938 1842 1992 ad
1872 1942 2019 1995 Natl.
2046 1954 2093 1994 ο.
2126 1954 2173 1993 c.
2207 1937 2279 2004 9;
2312 1955 2368 1992 in
2400 1938 2550 1993 codd.
2588 1954 2698 1992 mss
2755 1938 2960 2004 legitur
2990 1942 3063 1991 Pa
3078 1938 3319 2004 mpeios.

429 2014 521 2043 ...ιό
642 2012 662 2043 ο
699 2012 765 2043 ΔΑ
830 2011 903 2043 ΔΛ
940 2010 1091 2043 mh“!
1138 2014 1237 2043 ιοηη
1336 2011 1381 2043 80
1416 2012 1471 2043 In
1507 2011 1693 2043 ni'ﬂnin
1734 2012 1893 2043 Das-1'.
1989 2011 2032 2043 81
2069 2015 2487 2043 Ιὶηοηπηηηηηη
2527 2012 2682 2043 nnm'.
2780 2010 2824 2043 81
2861 2011 2929 2043 'In
2964 2010 3057 2043 ι-ΛΑ
3130 2009 3260 2043 pulp)
3310 2025 3319 2037 -

358 2014 538 2070 Paris.

3408 1938 3449 1976 ⁷⁸
3482 1938 3771 2005 Profudit,

642 2012 662 2045 ⁹
692 2012 789 2064 Ad.
822 2011 903 2082 Ad
938 2010 1091 2065 addit
1120 2009 1268 2065 Jun.
1336 2011 1381 2045 ⁸ο
1416 2012 1475 2064 ln
1506 2011 1913 2082 ot'ticial’aris.
1989 2011 2032 2046 ⁸¹
2069 2015 2487 2080 Quemcunque
2522 2012 2701 2064 Paris.
2780 2010 2824 2043 θ’
2855 2011 2930 2063 Ita
2963 2010 3076 2065 cod.
3125 2009 3280 2082 _F_uld.
3310 2025 3322 2074 ;
3356 2010 3515 2079 vulgo
3558 2011 3769 2082 legeba-

355 2087 449 2138 tur
479 2103 497 2137 :
531 2099 643 2137 non
678 2081 1005 2153 requisivit,
1039 2082 1137 2137 sed
1172 2083 1317 2154 alios
1348 2082 1589 2152 insuper
1618 2081 1727 2137 sibi
1759 2088 2153 2137 commentata
2183 2089 2272 2154 est
2302 2099 2449 2153 quos
2480 2082 2731 2146 coleret;
2764 2082 2993 2154 Herold.
3041 2080 3191 2136 ιοιίά.
3242 2087 3576 2137 commenta
3610 2080 3769 2154 quos

354 2156 589 2223 coleret,
625 2154 742 2209 Ald.
775 2158 1196 2209 commentaret
1224 2153 1411 2209 deletis
1440 2170 1559 2225 qua:
1588 2162 1912 2224 sequuntur.
1991 2155 2036 2189 ⁸³
2070 2153 2331 2225 Involvit,
2365 2156 2555 2210 Paris.
2636 2154 2681 2188 ⁸⁴
2709 2153 3091 2225 Sequebatur,
3121 2154 3250 2208 Jun.

3347 2153 3391 2187 ⁸⁵
3420 2157 3773 2225 Sequeretur

357 2233 419 2283 ut
450 2232 827 2300 cognosceret
852 2226 1019 2281 abest.
1052 2226 1228 2280 Paris.
1305 2226 1349 2260 ⁸⁸
1381 2226 1450 2280 Et
1481 2231 1922 2297 recognosceret
1951 2225 2092 2281 delet
2121 2227 2250 2281 Jun.

1796 2324 2313 2385 Commentarius.

355 2425 496 2478 cunt
552 2424 618 2493 ut
673 2418 797 2493 alii,
832 2420 1080 2476 fructus.
1133 2443 1161 2470 »
1222 2421 1346 2476 Haec
1402 2420 1523 2486 ille,
1575 2422 1731 2477 unde
1765 2426 2005 2493 apparet
2038 2423 2083 2488 B
2114 2426 2231 2476 tres
2264 2421 2445 2475 fuisse
2477 2420 2704 2475 modios
2736 2420 2901 2475 aiunt
2940 2416 3233 2493 nonnulli.
3296 2417 3764 2493 bivius_unicum

353 2510 528 2566 poma
548 2492 650 2547 illa
672 2494 717 2547 si
744 2491 970 2548 diutius
990 2493 1298 2548 arboribus
1329 2493 1717 2548 immorentur
1738 2491 2002 2548 corrum-

356 2565 413 2638 pi
446 2565 545 2638 hoc
584 2565 777 2638 modo,
814 2571 875 2618 ut
907 2570 1067 2638 tactu,
1094 2567 1396 2619 solvantur
1425 2566 1483 2619 in
1517 2570 1758 2620 cineres.
1794 2566 1931 2638 Hav.

429 2636 543 2707 (15)
574 2636 877 2690 Vulsinios.
922 2636 1170 2705 Plinius,
1201 2640 1329 2691 Nat.
1364 2638 1497 2692 Hist.
1532 2639 1601 2701 Il,
1631 2639 1701 2692 52
1746 2654 1758 2690 :
1803 2659 1833 2687 α
1866 2637 2004 2691 Vol-

363 2707 498 2763 sinii
551 2708 833 2778 oppidum
860 2708 1217 2780 Turscorum
1266 2709 1781 2780 opulentissimum
1817 2713 2003 2763 totum

357 2785 792 2834 concrematum
857 2786 945 2835 est
1010 2779 1274 2835 fulmine.
1308 2779 1358 2828 7»
1424 2782 1685 2835 Volsinios
1742 2781 2007 2835 scribunt

362 2850 623 2923 plurimi,
646 2851 757 2923 sed
790 2849 927 2923 Ald.
957 2857 1015 2905 et
1062 2854 1188 2923 Rig.
1225 2852 1515 2906 Vulsinios.
1552 2858 1607 2905 ιλ.
1642 2852 1699 2905 Β.
1742 2854 2003 2909 Ulsineos.

359 2922 826 2995 superscriptum
860 2922 1155 2979 Ulsci-niosi
1182 2923 1427 2994 Vulgata
1484 2924 1786 2995 Scriptura
1830 2925 2005 2978 etiam

359 2996 421 3049 in
458 2993 558 3049 lib.
588 2993 967 3050 ad’Nationes.
1002 2995 1140 3050 Hav.

434 3066 551 3137 (16)
612 3066 895 3136 Tarpeios.
956 3065 1166 3135 Scripti
1202 3081 1407 3120 omnes
1437 3068 1500 3120 ut
1532 3070 1587 3121 et
1618 3065 1755 3119 editi
1788 3065 2009 3121 habent

355 3138 674 3209 Pompeios.
705 3142 846 3191 Cum
887 3154 1019 3191 vero
1045 3140 1169 3207 jam
1204 3138 1261 3191 in
1286 3154 1351 3192 eo
1385 3137 1460 3192 sit
1490 3143 1693 3192 auctor
1723 3142 1788 3192 ut
1818 3138 2009 3192 clades

358 3208 505 3280 quas
543 3208 815 3263 universo
864 3210 988 3264 orbi
1039 3227 1152 3264 non
1205 3214 1460 3274 tantum,
1494 3211 1593 3263 sed
1628 3209 1801 3263 Italiae
1832 3209 2006 3264 etiam

358 3281 707 3336 acciderunt
737 3284 1050 3350 antequam
1085 3282 1479 3335 Christianum
1516 3296 1729 3335 nomen
1755 3282 2007 3336 inaotes-

357 3350 745 3417 ceret,merito
766 3353 942 3420 quaeri
976 3358 1163 3422 potest
1194 3354 1485 3423 quomodo
1518 3352 1731 3420 clades,
1754 3370 1878 3423 qua:
1903 3354 2009 3406 sub

358 3424 585 3496 Nerone
607 3426 843 3477 demum
866 3424 1249 3496 contigit,huc
1272 3427 1569 3479 referatur.
1586 3425 1649 3478 Et
1668 3442 1807 3479 sane
1828 3428 1879 3479 in
1907 3424 2007 3477 lib.

358 3512 473 3551 me.
507 3495 576 3549 ad
606 3496 868 3551 Nationes
908 3495 1336 3566 non'Pompeios
1370 3498 1468 3551 sed
1509 3498 1547 3551 Τ
1546 3497 1754 3561 arpeios
1785 3502 2011 3551 exstare

359 3566 585 3623 notavit
606 3566 1121 3638 Gothofredus,qui
1145 3568 1319 3623 etiam
1346 3569 1498 3623 idem
1524 3585 1735 3621 nomen
1760 3570 1865 3623 hoc
1889 3569 2010 3623 loco

362 3639 764 3710 reponendum
814 3645 1031 3693 monet.
1086 3642 1254 3709 Tarpe
1309 3641 1463 3694 enim
1515 3641 1687 3694 ltaliaa
1733 3640 1840 3694 fuit
1872 3640 2010 3694 urbs

362 3715 614 3766 testante
645 3711 1028 3782 epitomatoro
1054 3712 1356 3782 Stephani,
1381 3728 1553 3782 quem
1579 3713 1625 3766 si
1662 3711 2011 3766 haberemus

363 3783 743 3853 integratum,
779 3781 975 3838 forsan
1008 3787 1065 3838 et
1095 3781 1246 3839 hanc
1277 3781 1524 3849 cladem,
1559 3788 1710 3838 certe
1742 3784 1911 3853 plura
1943 3784 2013 3838 de
2044 3785 2087 3851 C,

365 3855 510 3910 urbe
567 3853 669 3908 illa
722 3853 1098 3909 novissimus.
1161 3855 1216 3909 ld
1279 3854 1431 3910 malo
1484 3872 1658 3923 quam
1698 3856 2015 3921 Gataltero,

336 3925 634 3995 'theologo
659 3942 789 3980 vere
809 3927 1301 3987 docto.memoriaa
1326 3928 1554 3997 lapsum
1592 3928 1646 3980 in
1681 3927 2016 3983 Tertullano

366 4013 699 4122 agnoscere,
733 4014 905 4067 quem
940 4000 1125 4053 virum
1161 4000 1291 4053 vide
1345 4001 1414 4053 ad
1458 3999 1708 4054 similem
1742 3998 2017 4054 Antonini

366 4088 399 4122 n
450 4069 697 4122 ilosonhi
730 4075 787 4122 et
844 4070 1215 4122 imperatoris
1246 4071 1438 4122 locum
1474 4070 1574 4122 lib.
1608 4088 1683 4122 1v-
1718 4074 1742 4122 ε
1774 4073 1861 4122 48.
1915 4071 2015 4122 ubi

366 4069 697 4140 philosophi
730 4075 787 4124 et
844 4070 1215 4140 imperatoris
1246 4071 1438 4125 locum
1474 4070 1574 4125 lib.
1608 4088 1684 4137 IV,
1716 4074 1743 4139 ᾗ
1774 4073 1861 4133 48,
1915 4071 2015 4125 ubi

368 4140 552 4196 mulia
609 4140 862 4213 collegit,
915 4158 1043 4213 quas
1091 4142 1158 4197 ad
1218 4143 1337 4196 hinc
1371 4142 1673 4212 superiora
1725 4148 2013 4213 spectant,

411 4229 619 4285 uaeque
642 4214 967 4285 exscribere
990 4231 1102 4267 non
1127 4214 1309 4269 decet.
1336 4219 1480 4269 Puto
1505 4220 1698 4269 autem
1733 4215 2015 4285 oppidum

411 4232 612 4283 uaeque
642 4232 967 4268 exscribere
990 4232 1102 4267 non
1127 4232 1309 4269 oeset.
1336 4232 1480 4269 γυιο
1505 4232 1698 4269 autem
1733 4232 2013 4285 oppidum

361 4232 507 4339 illud
544 4283 723 4337 fuisse
771 4284 828 4339 in
880 4288 1218 4357 Campania,
1273 4286 1678 4357 delectumque
1720 4286 1818 4341 tali
1852 4303 2013 4351 casu,

365 4358 421 4411 id
455 4356 608 4426 quod
642 4371 709 4411 ex
739 4374 853 4429 levo
886 4374 991 4412 suo
1024 4356 1389 4423 exstantiqus
1420 4356 1609 4413 adhuc
1634 4358 2017 4429 scriptoribus

367 4444 540 4483 nosse
593 4428 785 4498 potuit
841 4430 1237 4485 Tertulianus.
1297 4430 1419 4485 Non
1471 4431 1626 4484 enim
1676 4430 1725 4484 is
1758 4428 1883 4500 qui
1944 4430 2015 4484 ad

366 4500 631 4555 nationes
691 4500 939 4569 Tarpeios
1000 4502 1324 4556 nominavit
1382 4508 1501 4557 tam
1541 4503 1653 4556 cito
1680 4502 1768 4556 sui
1803 4501 2019 4557 oblitus

363 4572 615 4626 videtur.
649 4574 889 4627 Constat
923 4573 1075 4628 enim
1110 4573 1370 4628 libellum
1427 4574 1605 4629 istum
1640 4580 1773 4627 ante
1802 4574 2016 4644 Apolo-

363 4644 972 4716 geticumscriptum.
1006 4651 1065 4700 et
1113 4646 1281 4716 quasi
1341 4645 1825 4701 deformationem
1890 4649 2018 4714 ejus

364 4714 508 4770 esse.
548 4720 608 4787 In
642 4714 744 4770 lib.
767 4714 831 4771 de
862 4717 1062 4782 Pallio,
1084 4714 1183 4771 ubi
1215 4717 1389 4773 etiam
1424 4719 1676 4787 Pompeii
1708 4717 2017 4771 nominan-

361 4794 490 4860 tur,
517 4786 631 4841 alia
663 4792 752 4842 est
784 4790 969 4856 ratio;
1007 4807 1121 4844 non
1148 4790 1424 4860 explicuit
1447 4786 1600 4845 enirn
1634 4789 1711 4843 ibi
1738 4806 1858 4858 qum
1884 4793 2017 4843 ante

364 4858 574 4914 Christi
608 4863 876 4931 tempora
917 4858 1233 4931 contigisse
1278 4868 1401 4916 erat
1446 4878 1703 4925 necesse,
1736 4862 1835 4915 sed
1890 4878 2019 4931 quas

363 4932 569 5006 magis
585 4929 755 5001 vulgo
781 4937 915 4987 nota
947 4929 1113 5006 erant
1135 4932 1365 5005 collegit
1393 4933 1555 4989 Unde
1588 4950 1889 5006 perperam
1908 4929 2017 4987 hoc

362 5001 486 5059 loco
516 5001 672 5057 idem
704 5008 929 5059 exstare
960 5001 1463 5060 volueruntfHav.

431 5074 540 5145 (t7)
574 5076 817 5129 Annibal
860 5078 1003 5146 apud
1037 5078 1271 5131 Cannas.
1328 5078 1459 5133 Late
1491 5077 1641 5131 hanc
1674 5076 2019 5130 describunt

2114 2494 2294 2548 fuisse
2324 2498 2634 2557 asseverat,
2663 2493 2717 2545 in
2746 2509 2859 2563 quo
2884 2491 3075 2546 adhuc
3108 2490 3423 2544 difﬁculter
3453 2490 3533 2545 illi
3570 2508 3766 2546 assen-

2113 2566 2264 2632 tior;
2299 2580 2486 2635 neque
2517 2566 2670 2619 enim
2706 2562 2902 2619 tantus
2938 2567 3062 2617 erat
3096 2562 3356 2633 equitum
3393 2565 3556 2617 Rom.
3614 2564 3763 2618 occi-

2116 2652 2311 2693 sorum
2345 2652 2650 2699 numerus,
2674 2640 2739 2689 ut
2782 2636 3137 2690 annulorum
3169 2650 3323 2689 unus
3353 2650 3480 2689 esse
3512 2635 3769 2705 potuerit

2117 2709 2389 2776 modius;
2426 2708 2534 2762 nisi
2594 2708 2905 2763 audiamus
2966 2705 3233 2770 Plinium,
3286 2707 3385 2777 qui
3444 2705 3546 2760 lib.
3597 2724 3769 2761 χχχιχ

2116 2781 2518 2853 promiscuum
2578 2780 2761 2853 fuisse
2816 2780 2898 2853 ait
2953 2778 3299 2853 annulorum
3338 2794 3521 2853 usum
3553 2781 3769 2853 tum‘e-

2117 2849 2404 2923 quitibus,
2464 2859 2589 2905 tum
2644 2851 2906 2921 plebeiis,
2977 2849 3126 2905 bello
3200 2849 3419 2904 Punico
3482 2850 3765 2906 secundo.

2119 2925 2198 2979 LI:
2237 2940 2329 2978 Pa.

2189 2997 2301 3065 (18)
2332 2996 2464 3049 Cum
2505 2994 2687 3065 ipsum
2738 2994 3097 3061 Capitolium.
3133 2991 3323 3065 Etiam
3358 2991 3767 3065 hancgcladem

2117 3063 2338 3138 gentib.
2399 3064 2689 3133 objiciunt
2747 3065 2813 3138 D.
2847 3068 3095 3136 August.
3130 3064 3231 3138 lib.
3266 3081 3328 3130 11,
3378 3064 3444 3117 de
3501 3063 3616 3138 Cio.
3648 3064 3766 3138 Dei.

2119 3133 2245 3208 cap.
2278 3138 2348 3191 22
2382 3153 2394 3191 :
2430 3142 2485 3190 et
2526 3140 2687 3208 Oros.
2738 3137 2837 3190 lib.
2872 3133 3107 3205 11,—oap.
3143 3135 3230 3201 19,
3266 3150 3515 3204 quorum
3551 3133 3646 3188 ille
3678 3135 3768 3189 in-

2118 3207 2289 3264 terim
2347 3207 2700 3278 Capitolium
2757 3223 2871 3279 quo
2934 3207 3129 3279 minus
3186 3210 3491 3279 caperetur
3533 3222 3771 3279 anseres

2119 3276 2495 3352 impedivisSe
2526 3280 2726 3333 scribit
2760 3276 2901 3352 {hic
2932 3277 3233 3352 obsidione
3266 3276 3601 3352 conclusam
3636 3278 3771 3348 qui-

2124 3349 2253 3408 dem
2305 3352 2362 3405 in
2416 3358 2607 3404 mente
2638 3351 2961 3421 Capitolino
2998 3350 3323 3421 universam
3350 3349 3643 3421 reliquam
3670 3351 3771 3419 ju-

2120 3429 2437 3487 ventutem,
2458 3424 2555 3476 sed
2593 3420 2753 3476 mille
2782 3422 2947 3475 libris
2969 3421 3093 3474 auri
3118 3420 3495 3475 discessionis
3519 3422 3770 3490 pretium

2121 3503 2321 3568 pactos
2356 3495 2669 3568 Romanos.
2717 3496 2952 3563 Oportet
2984 3495 3200 3563 itaque,
3236 3499 3298 3546 ut
3329 3508 3645 3568 occupare,
3679 3493 3773 3547 hic

2121 3563 2444 3638 accipiatur
2498 3566 2570 3620 ab
2635 3569 2905 3638 Auctore
2933 3582 3048 3638 pro_
3088 3563 3427 3638 praevenire,
3473 3564 3775 3638 ‘sivenon

2121 3582 2444 3638 accipiatur
2498 3582 2570 3620 an
2635 3582 2882 3620 aneiore
2933 3582 3034 3635 pro
3086 3582 3427 3689 lpraevenire,
3480 3582 3599 3618 swe
3658 3582 3774 3619 non

2121 3642 2460 3711 Opinantem
2494 3638 2821 3708 opprimere
2845 3636 3083 3711 _phrasi_
3130 3636 3356 3690 lautina
3387 3634 3485 3707 qui
3518 3635 3665 3691 dixit
3715 3637 3774 3690 in

2123 3708 2407 3773 Rudente,
2440 3727 2691 3779 occupas
2726 3708 3021 3779 praeloqui.
3054 3708 3200 3763 PAM.

2196 3784 2305 3853 (19)
2340 3775 2669 3851 Intelligeret
2700 3775 2771 3835 ea:
2818 3775 2987 3853 parte.
3021 3778 3330 3848 Theologia
3368 3777 3467 3832 illa
3498 3775 3774 3845 naturali,

2128 3852 2259 3909 cum
2293 3855 2438 3908 dure
2470 3853 2826 3907 conscientia
2852 3852 3025 3906 etiam
3060 3868 3252 3905 rerum
3285 3856 3611 3905 creaturam
3647 3866 3773 3903 om-

2127 3928 2291 3981 nium
2324 3926 2815 3995 contemplatione
2848 3923 3206 3978 exaedificare
3241 3925 3571 3995 potuerant.
3605 3920 3773 3975 Rom.

2128 4016 2166 4065 ι,
2203 3998 2306 4063 19;
2368 4014 2429 4065 11,
2478 3994 2574 4061 t4,
2618 3997 2718 4063 i5;
2770 3995 2899 4050 Job.
2932 3996 3118 4065 xn._7,
3149 3996 3305 4065 78,79,
3340 3994 3441 4065 tQ;
3477 3997 3601 4065 Act.
3634 4008 3772 4062 xvu,

2125 4060 2234 4136 27;
2269 4060 2384 4133 xiv,
2414 4060 2505 4133 17,
2540 4060 2596 4123 et
2626 4060 2765 4123 alibi
2796 4068 2971 4136 idque
3003 4062 3077 4124 εἰς
3108 4064 3169 4117 τὸ
3196 4064 3326 4117 εἶναι
3352 4060 3543 4122 αὐτοὺς
3573 4060 3774 4115 ἀναποὲ-

2129 4137 2421 4213 λογήτους,
2446 4144 2676 4213 Βοωηι,
2700 4141 2788 4213 20.
2808 4138 3180 4213 Hinc_Nos_ter
3214 4153 3226 4189 :
3264 4136 3775 4213 «Magistronatuf

2127 4207 2223 4279 res,
2258 4212 2455 4267 anima
2486 4210 2805 4281 discipulae.
2841 4209 3132 4278 Quidquid
3162 4213 3263 4263 aut
3294 4208 3391 4261 illa
3418 4207 3780 4281 edocuit,a_ut

2127 4278 2239 4339 ista
2272 4283 2598 4354 perdidicit.
2636 4278 2669 4337 ξι
2704 4284 2812 4337 Deo
2847 4281 3265 4354 tradiiumrest,
3308 4278 3589 4354 magistro
3620 4278 3778 4354 scili-

2128 4362 2218 4413 cet
2240 4350 2428 4426 ipsius
2452 4356 2763 4425 magistrae.
2783 4376 2811 4403 ››
2830 4354 3045 4426 Uicitet
3069 4352 3204 4405 alibi
3234 4369 3291 4405 :u
3316 4350 3603 4426 Prmmisit
3630 4351 3779 4404 Deus

2126 4421 2398 4483 natu-ram
2452 4421 2805 4489 ministram,
2844 4425 3267 4494 subjuncturus
3326 4421 3713 4494 prophetiam.
3752 4444 3772 4469 ι

2125 4499 2343 4553 Vitiose
2376 4498 2557 4553 Rhen.
2582 4521 2609 4548 ››
2663 4497 2725 4551 In
2766 4493 2966 4551 ofﬁcia
3004 4497 3131 4566 ejus
3181 4510 3562 4566 quaecunque.
3597 4513 3625 4542 »
3659 4493 3782 4548 Vox

2130 4588 2301 4644 quem
2335 4569 2585 4644 deestin
2620 4569 2710 4624 ed.
2739 4569 2817 4623 La
2848 4568 3234 4644 Cerda)._H_Av_.

2200 4644 2308 4710 (20)
2337 4643 2605 4697 Eumdem
2650 4656 2779 4707 ergo
2839 4655 3005 4694 nunc.
3066 4638 3399 4700 Salvianus,
3456 4635 3558 4691 lib.
3603 4652 3673 4710 ιν⁸
3701 4634 3778 4710 de

2126 4707 2301 4770 Prov.
2327 4714 2427 4768 Dei
2454 4732 2474 4765 .·
2519 4735 2539 4763 α
2593 4713 2746 4768 Nihil
2810 4712 3023 4765 mirum
3081 4710 3128 4763 si
3180 4711 3465 4763 deteriora
3513 4707 3778 4778 quotidie

2127 4786 2407 4858 patimur.
2443 4790 2581 4858 Nam
2613 4783 2884 4858 quotidie
2917 4782 3227 4836 deterio.es
3258 4798 3487 4858 sumus,
3538 4787 3597 4858 et
3633 4796 3780 4834 nova

2128 4852 2387 4930 quotidie
2422 4856 2569 4910 mala
2600 4852 2866 4930 facimus,
2899 4861 2954 4909 et
2984 4860 3176 4908 vetera
3205 4870 3316 4930 non
3353 4852 3776 4930 relinquimus:

2129 4924 2379 5000 surgunt
2410 4928 2663 4983 recentia
2688 4927 3067 5000 criminamec
3100 4926 3485 5000 repudiantur
3514 4924 3776 4994 antiqua.

2129 4996 2269 5066 Quis
2300 5017 2435 5071 ergo
2467 5005 2556 5055 est
2586 4998 2942 5054 causationis
2975 4996 3186 5071 locus?
3220 4996 3544 5068 quamlibet
3574 5012 3782 5066 aspera

2130 5081 2182 5129 et
2216 5070 2458 5128 adversa
2489 5072 2764 5143 patimur,
2799 5071 3024 5125 minora
3076 5070 3330 5143 patimur
3382 5084 3555 5141 quam
3582 5082 3776 5143 mere-

364 5137 643 5223 pu'gn'am,
674 5137 1129 5223 D.__aug'u-tinus
1162 5149 1261 5203 lib.
1288 5165 1370 5223 lii,
1401 5149 1465 5203 de
1490 5149 2017 5223 CivitDoi.cap.t6;
2050 5160 2096 5223 D
2128 5164 2292 5223 mur.
2316 5151 2424 5223 Ero
2455 5137 2580 5223 ei‘go
2632 5144 2687 5197 in
2724 5144 2781 5196 L.
2830 5146 2888 5196 C.
2942 5147 3031 5196 est
3078 5137 3270 5212 igitur,
3319 5137 3490 5211 prout
3519 5139 3695 5195 etiam
3717 5137 3776 5192 in

363 5222 424 5291 et
452 5218 715 5287 Orosius,
738 5217 839 5273 lib.
865 5238 918 5275 1v
954 5223 1110 5288 Hist.,
1138 5238 1263 5291 cap.
1292 5222 1375 5285 16,
1397 5227 1452 5275 et
1484 5226 1612 5290 post
1645 5237 1775 5275 cum
1802 5220 2017 5275 Paulus

362 5289 676 5363 Diaconus,
701 5291 836 5345 etin
866 5297 927 5347 Ο.
957 5299 1101 5363 Aug.
1140 5289 1425 5347 LJVives.
1460 5289 1715 5361 Contigit
1736 5309 1801 5346 ea
1824 5292 2017 5347 clades

363 5379 518 5416 anno
551 5362 621 5415 ab
650 5379 698 5416 c.
723 5379 809 5417 vv.
843 5380 925 5417 cc.
962 5362 1297 5419 XIX/Emilio
1334 5363 1508 5419 Paulo
1538 5370 1593 5419 et
1625 5364 1683 5418 P.
1721 5364 1849 5420 'I‘er.
1874 5364 2018 5418 Var-

364 5451 503 5488 rone
518 5449 666 5487 coss.
679 5434 1070 5508 PamS—Nihil
1090 5437 1270 5508 magis
1284 5436 1513 5491 obvium
1532 5437 1683 5506 apud
1703 5436 2017 5508 scriptores

362 5522 543 5576 quam
576 5522 774 5579 pugna
805 5506 1152 5565 Cannensis.
1179 5506 1237 5563 in
1266 5525 1382 5579 qua
1419 5511 1468 5562 Ι..
1499 5508 1767 5563 Ᾱέηιὶιίυε
1800 5507 2014 5562 Paulus

362 5582 489 5631 tum
524 5578 728 5632 consul
760 5579 1057 5643 occubuit,
1082 5584 1254 5650 atque
1279 5578 1409 5635 eum
1444 5596 1507 5635 eo
1540 5581 1867 5635 desiderata
1890 5581 2014 5633 fue-

362 5655 504 5704 runt
561 5651 952 5720 quadraginta
1011 5651 1269 5721 quinque
1345 5652 1740 5706 Romanorum
1806 5651 2010 5718 millia,

358 5724 642 5789 tantaque
672 5722 780 5777 fuit
811 5728 1058 5791 strages,
1094 5728 1158 5777 ut
1187 5723 1436 5778 Annibal
1468 5723 1650 5779 victor
1674 5723 1858 5779 cladis
1888 5740 2011 5778 ma-

362 5793 1117 5867 gnitudinem,annulorum
1150 5810 1395 5851 numero
1428 5796 2007 5870 metiretur,quorum

2127 5218 2478 5273 Heraldinis.
2512 5221 2652 5269 Ilav.

2198 5290 2309 5359 (21)
2345 5290 2726 5359 Deprecalorss
2758 5284 2978 5359 DeilEx
3009 5298 3146 5359 quo,
3174 5283 3383 5359 inquit,
3411 5281 3573 5359 vobis
3595 5279 3778 5335 servis

2125 5354 2428 5431 inj'ustitiai
2459 5367 2514 5414 et
2545 5357 2737 5414 omnis
2769 5354 3050 5417 mali,orti
3076 5357 3339 5431 su_nt._qui
3372 5354 3553 5411 vicem
3580 5367 3779 5431 pre-ca-

2125 5423 2317 5488 torum
2368 5432 2453 5487 vel
2512 5433 2954 5501 deprecatorum
2997 5427 3153 5501 apud
3210 5423 3389 5501 Deum
3424 5423 3777 5501 agant.__Hio

2128 5521 2297 5559 verus
2330 5521 2540 5559 sensus
2572 5493 2681 5567 est,
2708 5501 2861 5554 unde
2884 5493 3099 5579 passi—in
3124 5501 3276 5579 apud
3305 5493 3572 5579 I‘lanfum
3598 5493 3778 5576 alios-

2127 5594 2238 5647 que
2273 5577 2454 5631 servis
2504 5568 3099 5647 applica_ntur,’_etiam
3158 5568 3212 5624 in
3260 5571 3370 5626 hoc
3424 5568 3774 5625 Terentiano

2124 5644 2501 5715 lleautotim.,
2536 5644 2662 5702 Act.
2696 5645 2762 5709 V,
2795 5661 2875 5697 sc.
2907 5644 2960 5697 2.

2680 5736 2784 5783 Nec
2812 5737 2869 5781 tu
2900 5744 3043 5805 aram
3077 5731 3191 5783 tibi.

2276 5802 2382 5851 Nec
2410 5802 2743 5865 peccatorem
2775 5802 2997 5861 pararis.
