4264 6344
355 318 479 381 553

1462 320 2054 386 APOLOGETICUS
2098 322 2280 385 ADV.
2328 322 2668 387 GENTES.‘

3649 325 3771 385 554

352 451 458 507 tite
486 449 651 523 prius
681 449 1099 523 dispositiones
1129 452 1278 524 ejus,
1306 456 1364 509 et
1406 470 1520 510 non
1562 456 2000 528 retorquebitis.
2031 459 2085 527 Α
2118 460 2176 512 et
2204 456 2379 512 tidem
2412 456 2535 528 spei
2589 460 2820 513 nostris.
2854 455 2911 510 Si
2944 472 3079 512 vero
3127 456 3200 512 ab
3246 456 3333 512 eis
3380 470 3530 527 quos
3578 455 3773 514 colitis

353 539 459 607 Qui
488 539 640 595 489
680 539 837 595 enim
889 540 1069 596 semel
1117 545 1397 598 aeternum
1442 544 1735 615 judicium
1759 546 1872 615 (28)
1903 547 2002 601 de-

354 629 597 685 stinavit
628 634 760 700 post
806 629 1001 684 saeculi
1035 630 1230 696 finem,
1265 648 1377 687 non
1430 634 1755 703 prmcipitat
1785 634 2004 690 discre-

348 719 571 775 tionem
594 719 729 790 (29),
756 735 883 789 quin
933 724 1020 774 est
1069 720 1326 776 conditio
1357 721 1590 791 judicii,
1626 727 1758 779 ante
1806 724 2005 779 saeculi

353 809 553 863 ﬁnem.
584 807 845 879 [Equalis
875 812 965 863 est
1007 808 1243 864 interim
1276 826 1455 883 super
1493 826 1665 867 omne
1696 811 2003 869 hominum

354 914 542 971 genus
574 901 631 953 et
662 896 975 970 indulgens
1014 903 1069 954 et
1100 898 1409 971 increpans
1435 901 1508 967 θδς
1541 903 1878 958 communia
1906 920 2004 959 vo-

355 986 468 1043 luit
496 1002 625 1043 esse
655 990 712 1042 et
741 987 1053 1043 commoda
1082 988 1341 1059 profanis
1371 992 1427 1045 et
1455 990 1830 1047 incommoda
1858 993 2005 1059 suis,

358 1080 424 1131 ut
455 1076 581 1147 pari
613 1074 905 1131 consortio
936 1091 1141 1132 omnes
1171 1080 1226 1132 et
1256 1077 1559 1135 lenitatem
1600 1081 1729 1151 ejus
1760 1086 1819 1137 et
1848 1098 2008 1138 seve-

358 1164 591 1220 ritatem
614 1163 1031 1236 experiremur.
1047 1165 1193 1229 Quia
1213 1166 1332 1225 haec
1352 1167 1435 1224 ita
1454 1168 1826 1227 didicimus“
1849 1173 2006 1243 apud

358 1254 577 1325 ipsum,
594 1253 899 1325 diligimus
924 1253 1249 1326 lenitatem,
1275 1257 1593 1313 metuimus
1615 1260 2005 1329 severitatem,

356 1359 459 1397 vos
507 1346 710 1399 contra
764 1346 1079 1414 utramque
1138 1344 1437 1417 despicitis
1472 1363 1484 1401 :
1519 1351 1575 1403 et
1623 1348 1910 1419 sequitur,
1945 1353 2011 1405 ut

358 1448 561 1488 omnes
611 1430 809 1486 saeculi
867 1431 1049 1503 plaga:
1100 1433 1290 1501 nobis,
1323 1434 1373 1489 si
1422 1434 1585 1504 forte,
1632 1436 1689 1491 in
1738 1438 2009 1493 admoni-

356 1522 602 1588 tionem,
634 1521 799 1575 vobis
846 1521 905 1576 in
948 1522 1394 1594 castigationem
1446 1541 1479 1579 a
1531 1526 1640 1581 Deo
1673 1526 2007 1582 obveniant.

356 1609 564 1681 Atquin
608 1626 714 1665 nos
763 1608 925 1666 nullo
976 1612 1147 1667 modo
1177 1610 1476 1682 laedimur;
1527 1613 1821 1687 imprimis
1871 1616 2011 1687 quia

354 1699 500 1755 nihil
534 1704 735 1755 nostra
776 1700 951 1755 refert
1000 1700 1060 1755 in
1111 1700 1221 1756 hoc
1270 1718 1406 1769 aevo,
1441 1703 1554 1759 nisi
1602 1704 1673 1759 de
1720 1720 1785 1759 eo
1834 1722 2009 1776 quam

354 1788 619 1843 celeriter
669 1789 973 1857 excedere;
1015 1789 1246 1861 dehinc,
1302 1791 1442 1861 quia
1489 1792 1539 1847 si
1590 1792 1728 1864 quid
1780 1793 2009 1849 adversi

357 1876 666 1949 infligitur,
700 1878 910 1934 vestris
954 1878 1011 1933 id
1057 1878 1282 1934 meritis
1304 1880 1347 1915 ⁸³
1399 1881 1869 1956 deputatur(30).
1902 1884 2010 1939 Sed

356 1967 468 2023 etsi
516 1966 710 2039 aliqua
742 1984 848 2023 nos
889 1984 1123 2039 quoque
1170 1970 1577 2041 perstringunt
1608 1976 1670 2026 ut
1719 1972 1883 2028 vobis
1914 1989 2009 2028 co-

357 2055 661 2123 hazrentes,
692 2055 959 2112 laatamur
1002 2056 1191 2129 magis
1246 2059 1643 2131 recognitione
1673 2060 2008 2117 divinarum

356 2144 861 2217 praedicationum,
895 2146 1373 2204 confirmantium
1396 2149 1439 2183 ’°
1469 2148 1693 2205 scilicet
1728 2150 2006 2207 fiduciam

2115 545 2315 601 omnia
2343 545 2507 601 vobis
2538 544 2691 601 mala
2735 546 3014 601 eveniunt
3045 545 3231 601 nostri
3276 559 3474 611 causa,
3497 544 3639 617 quid
3671 562 3775 603 co-

2112 634 2231 691 lore
2263 636 2641 707 perseveretis
2675 638 2829 691 490
2861 640 2979 690 tam
3013 636 3299 706 ingratos,
3325 639 3446 690 tam
3496 635 3769 707 injustas,

2116 724 2215 795 qui
2248 726 2435 797 magis
2467 742 2568 780 vos
2600 724 2659 779 in
2692 724 2952 781 dolorem
2984 723 3454 781 Christianorum
3477 724 3685 795 juvare
3715 728 3776 781 et

2116 830 2378 870 asserere
2406 814 2731 871 debuerant
2752 816 2792 849 9⁷
2812 814 2839 870 ?

2721 903 2953 959 CAPUT
2992 902 3161 959 XLII.

2113 995 2546 1049 Aacumsnrum.
2574 1023 2640 1034 —
2685 992 2791 1047 Nec
2840 993 3026 1047 minus
3068 1006 3368 1063 perperam
3420 991 3771 1049 Christianos

2188 1064 2555 1134 infructuosos
2584 1066 2815 1136 negotiis
2858 1064 3160 1135 appellari,
3193 1066 3290 1135 qui
3316 1080 3440 1119 cum
3472 1064 3593 1120 illis
3620 1070 3675 1121 et
3705 1066 3776 1120 de

2188 1138 2304 1191 illis
2334 1139 2541 1200 vivant,
2570 1140 2665 1206 qui
2702 1152 2868 1207 opera
2913 1153 3013 1191 sua
3059 1140 3112 1191 et
3159 1145 3305 1191 artes
3353 1138 3641 1201 misceant,
3672 1138 3772 1208 qui

2187 1224 2301 1262 una
2346 1211 2635 1280 navigent,
2682 1209 2947 1280 militent,
2991 1212 3305 1263 mercentur
3332 1225 3352 1263 :
3389 1209 3485 1279 qui
3512 1209 3563 1263 si
3589 1210 3646 1263 in
3669 1224 3776 1262 cae-

2185 1282 2455 1335 remoniis
2487 1279 2834 1349 quibusdam
2881 1279 3160 1349 differant,
3192 1280 3522 1348 spectaculis
3564 1296 3771 1336 renun-

2190 1354 2348 1421 tient,
2399 1351 2558 1406 thure
2617 1368 2727 1407 non
2784 1352 3114 1422 supplicent,
3164 1352 3332 1421 stipes
3387 1352 3607 1423 templis
3662 1367 3776 1406 non

2179 1425 2415 1495 jactent,
2450 1432 2631 1478 tamen
2664 1426 2715 1478 et
2761 1425 3006 1477 homines
3055 1431 3105 1477 et
3153 1425 3293 1477 cives
3339 1426 3477 1489 sint,
3512 1428 3563 1477 et
3611 1423 3775 1478 illam

2190 1494 2628 1565 qualemcunque
2674 1496 2955 1565 jacturam
3011 1495 3177 1563 facile
3226 1503 3604 1565 compensant,
3651 1511 3774 1549 cum

2190 1568 2323 1621 aliis
2370 1568 2731 1633 utilitatibus,
2781 1570 2920 1633 tum,
2952 1582 3062 1621 non
3110 1570 3170 1619 ut
3218 1566 3329 1636 illi,
3360 1567 3581 1636 publica
3612 1568 3775 1622 vecti-

2189 1640 2367 1765 ἕως,
2416 1608 2812 1710 ἀείνααάαγίίίο,
2868 1608 2962 1693 εέά
3018 1653 3090 1692 ea:
3139 1637 3246 1707 ﬁde
3292 1606 3535 1692 debitum
3578 1638 3780 1711 depeno

2226 1726 2289 1765 en
2333 1726 2381 1764 ο.

2226 1726 2381 1765 ϐηαΟ.

2192 1798 2280 1854 42.
2313 1798 2420 1855 Sed
2453 1797 2564 1853 alio
2597 1814 2827 1870 quoque
2849 1798 2891 1832 ⁹⁸
2917 1796 3266 1869 injurariam
3297 1796 3468 1853 titulo
3510 1796 3779 1869 postula-

2122 1902 2275 1952 mur,
2308 1891 2364 1942 et
2404 1887 2755 1942 infructuosi
2806 1886 2865 1941 in
2916 1886 3165 1960 negotiis
3213 1886 3467 1942 dicimur
3487 1887 3621 1957 (31).
3656 1888 3780 1951 Quo

2121 1980 2287 2047 pacto
2348 1975 2619 2031 homines
2666 1975 2967 2031 vobiscum
3015 1976 3295 2047 degentes
3324 1975 3458 2049 (32),
3508 1975 3778 2047 ejusdem

2117 2063 2324 2130 victus,
2388 2064 2657 2135 habitus,
2718 2065 3081 2135 instructus,
3138 2065 3406 2133 ejusdem
3464 2066 3537 2120 ad
3596 2066 3777 2120 vitam

2117 2153 2537 2209 necessitatis?
2596 2158 2795 2226 Neque
2852 2154 3009 2210 enim
3068 2152 3445 2209 Brachmanas
3504 2153 3618 2226 (33)
3678 2156 3781 2209 aut

1782 2259 1983 2320 Variae
2032 2259 2348 2321 lectiones.

1794 2278 1983 2320 variae
2033 2278 2348 2322 lecuones.

428 2351 473 2386 93
503 2351 864 2478 Increlpitans
892 2357 1083 2435 Fran._
1104 2354 1287 2408 Paris.
1319 2354 1435 2425 Rig.
1470 2354 1770 2439 incessens
1800 2358 1915 2412 cod.
1950 2358 2109 2414 Fuld.
2187 2359 2231 2393 οδ
2261 2357 2386 2413 Cod.
2421 2358 2583 2415 Fuld.
2618 2357 2717 2428 qui
2770 2361 2966 2413 autem
3016 2357 3341 2440 discimus;
3371 2355 3522 2411 codd.
3570 2354 3774 2425 Lugd.,

428 2439 517 2478 ira.
549 2426 600 2478 et
627 2440 659 2478 e
703 2465 715 2478 .
746 2425 953 2478 Pamel.
988 2441 1125 2478 (mla
1156 2425 1365 2478 (Celeri.
1400 2428 1522 2478 (mil
1560 2432 1893 2478 tenuitatem
1936 2430 2273 2478 didicimus-
2304 2436 2415 2478 etc.
2494 2430 2537 2464 95
2568 2428 2793 2478 Vestris
2825 2430 2882 2478 in
2919 2429 3143 2478 maritis
3173 2431 3303 2478 Jun-
3382 2429 3427 2464 οδ
3455 2427 3774 2478 Conﬁrma-

354 2421 517 2494 Gorg.
549 2426 600 2478 et
627 2440 659 2478 e

746 2425 953 2479 Pamel.
988 2424 1125 2499 quia
1156 2425 1365 2499 (Geten.
1390 2424 1522 2499 qui)
1560 2429 1894 2499 aequitatem
1936 2430 2273 2494 didicimus,
2304 2436 2415 2485 etc.
2494 2430 2537 2464 95
2568 2424 2793 2485 vestris
2825 2430 2883 2483 in
2919 2429 3143 2485 meritis
3173 2424 3334 2485 Juns
3382 2429 3427 2464 οδ
3455 2424 3774 2483 Confirma-

353 2501 453 2574 tus
482 2498 546 2549 ut
574 2497 1125 2574 agnoscentes,qcod.
1156 2498 1312 2574 Euld.
1390 2497 1433 2533 9"
1460 2497 1523 2555 ιη
1552 2497 1655 2554 velt
1685 2501 1841 2556 libris
1873 2511 2094 2574 excepto
2126 2502 2389 2557 Fuldensi
2417 2502 2671 2574 omnibus
2701 2501 2892 2556 addita
2921 2504 3180 2571 leguntur
3208 2518 3292 2557 vv.
3327 2516 3474 2571 quos
3506 2514 3778 2571 separare

351 2568 631 2623 deberent
661 2585 696 2624 a
726 2569 948 2625 meritis
979 2568 1465 2639 Christianorum,
1496 2588 1612 2643 quae
1643 2575 1833 2644 inepta
1862 2568 2067 2630 deiecit
2101 2575 2389 2645 Rigaltius.
2469 2573 2512 2608 ⁸⁸
2548 2573 2751 2629 Adhuc
2780 2574 2896 2630 cod.
2930 2568 3086 2629 Fuld.

1793 2673 2320 2735 Commentarius.

420 2763 534 2838 (28)
567 2764 673 2832 Qui
715 2766 869 2821 enim
915 2766 1081 2838 semel
1129 2775 1405 2822 aeternum
1440 2768 1741 2838 judicium.
1785 2770 2006 2826 Sensus

351 2843 460 2900 est,
496 2836 702 2901 Deum,
735 2838 835 2908 qui
874 2836 1054 2911 semel
1089 2838 1391 2911 constituit
1439 2836 1497 2894 in
1548 2849 1829 2897 aeternum
1850 2844 2008 2911 judi-

354 2924 487 2963 care
516 2912 655 2963 tunc
687 2924 827 2984 cum
857 2908 1052 2964 saeculi
1097 2910 1231 2984 finis
1280 2911 1533 2981 advenit,
1570 2929 1682 2968 non
1717 2908 2007 2984 praeoccu-

354 2996 497 3052 pare
526 2984 658 3052 ante
690 2980 833 3052 illud
882 2984 1119 3051 tempus
1168 2983 1578 3038 discretionem
1628 2980 1783 3040 inter
1823 2988 2009 3041 bonos

358 3051 417 3108 et
450 3051 657 3121 malos,
688 3051 745 3107 in
780 3069 896 3123 qua
930 3052 1223 3123 judicium
1258 3056 1469 3124 partim
1503 3056 1817 3124 consistet;
1854 3059 2009 3113 ideo-

357 3141 471 3201 que
502 3140 733 3201 couima
765 3126 1163 3201 post_c_ondi_tio
1191 3125 1405 3201 iudicii,
1428 3143 1543 3182 non
1568 3128 1741 3201 debet
1770 3130 2009 3201 negligi,

2121 2771 2268 2840 ipse,
2300 2768 2623 2825 orationem
2666 2769 2738 2823 de
2777 2785 2950 2825 carne
3000 2768 3233 2840 pudica,
3266 2769 3337 2824 de
3368 2767 3568 2824 anima
3613 2768 3784 2823 inno-

2120 2842 2296 2903 centi,
2326 2842 2396 2896 de
2425 2840 2644 2912 Spiritu
2696 2846 2900 2897 sancto
2946 2841 3291 2913 profectam,
3318 2857 3446 2911 quae
3496 2840 3613 2913 fere
3641 2841 3784 2913 Ter-

2119 2913 2352 2968 tulliani
2376 2911 2547 2967 verba
2578 2916 2720 2967 sunt
2741 2930 2922 2984 supra
2944 2911 3070 2984 cap.
3089 2915 3187 2979 30;
3216 2914 3410 2978 tertio,
3433 2912 3573 2984 quia
3594 2911 3782 2981 magis

2120 2986 2181 3040 in
2215 2984 2519 3055 religionis
2568 2990 2780 3039 nostras
2827 2985 3134 3040 divinitate
3166 2985 3610 3055 confirmamur,
3644 3000 3779 3039 cum

2122 3057 2390 3111 videmus
2422 3056 2689 3126 quotidie
2736 3056 2970 3128 impleri
3016 3056 3116 3111 illa
3147 3074 3271 3124 quae
3294 3057 3421 3127 jam
3454 3055 3596 3111 olim
3628 3072 3780 3127 pras-

2123 3131 2281 3184 dicta
2311 3127 2582 3195 legimus.
2618 3131 2763 3183 Hav.

358 3195 421 3270 ut
450 3196 507 3249 in
542 3195 813 3270 plurimis
856 3197 1214 3253 editionibus
1255 3200 1472 3253 factum
1505 3204 1613 3254 est.
1652 3200 1818 3257 Vocis
1847 3195 2014 3259 semel
2044 3202 2086 3269 C
2194 3202 2307 3269 (31)
2344 3201 2686 3269 ΙηῘνῑισίῑιοιὶ
2718 3202 2777 3254 in
2814 3199 3049 3269 negotiis
3100 3198 3356 3253 dicimur.
3390 3197 3591 3270 Itaque
3639 3195 3778 3270 hinc

360 3267 709 3339 elegantiam
741 3275 798 3323 et
830 3286 1005 3324 usum
1039 3286 1220 3340 supra
1246 3270 1574 3327 docuimus.
1607 3272 1747 3327 HAV.

431 3341 547 3409 (29)
579 3342 901 3417 Praecipitat
956 3341 1353 3417 discretionem.
1395 3342 1644 3417 Maxime
1694 3343 1929 3417 propria
1960 3347 2017 3399 et

361 3410 601 3489 elegans
624 3410 839 3467 locutio
861 3419 988 3489 ;_est
1006 3413 1161 3489 enim
1184 3413 1330 3468 illud
1355 3416 1511 3481 quod
1544 3410 2017 3489 alias-praecipere

357 3487 413 3539 et
440 3499 838 3556 praeoccupare
867 3485 1090 3541 dicunt.
1126 3487 1410 3553 Lucanus,
1444 3504 1507 3554 II,
1542 3489 1645 3543 106
1678 3505 1691 3543 :

480 3601 593 3667 ljon
625 3602 768 3667 senis
798 3606 1094 3667 extremum
1135 3603 1306 3667 piguit
1330 3604 1675 3667 vergentibus
1706 3604 1865 3654 annis

488 3664 856 3727 Praecipitasse
888 3666 1049 3715 diem.

358 3770 462 3847 ubi
489 3773 813 3842 praecepisse
843 3772 998 3847 quod
1032 3771 1207 3847 habet
1246 3788 1357 3847 ms.
1394 3774 1580 3845 magis
1612 3782 1695 3830 est
1727 3774 2014 3847 interpre-

355 3843 504 3897 tatio
538 3860 713 3914 quam
745 3860 880 3899 vera
922 3843 1113 3900 lectio.
1146 3845 1311 3916 Apud
1350 3843 1624 3902 eumdem
1655 3847 1810 3902 enim
1843 3843 2015 3904 Pom-

359 3916 548 3987 peius,
581 3931 684 3981 vn,
716 3916 822 3970 352
850 3932 863 3970 :

455 4030 508 4100 _S‘i
536 4044 718 4100 socero
750 4033 876 4080 dare
907 4032 1651 4100 regnameo,mundumque
1682 4038 1956 4100 pararent;

457 4094 798 4156 Praecipitare
827 4108 999 4143 meam
1032 4094 1153 4143 fatis
1183 4099 1404 4157 potuere
1435 4094 1725 4146 senectam.

438 4216 491 4255 e.
527 4200 616 4255 Dii
659 4215 751 4275 me
804 4206 991 4257 morte
1047 4205 1365 4273 potuerunt
1420 4219 1826 4275 praeoccupare
1884 4207 2018 4260 ante

365 4269 520 4326 hanc
552 4272 848 4327 canitiem.

368 4342 598 4399 Rursus
628 4344 782 4399 idem
819 4348 987 4417 poeta
1014 4344 1278 4415 ejusdem
1320 4344 1451 4400 libri
1482 4361 1653 4401 versu
1684 4346 1748 4400 51
1790 4364 1802 4403 :

641 4523 651 4534 ,
699 4522 728 4534 ,ι
807 4460 913 4511 Sua
942 4461 1166 4534 quisque
1198 4474 1259 4511 ac
1288 4460 1500 4526 pub'ica
1528 4460 1635 4511 fata

490 4521 827 4586 Prmcipitare
857 4521 1023 4587 cupit.

365 4628 628 4700 Denique
656 4628 759 4683 lib.
792 4646 847 4695 ν,
881 4629 989 4684 795
1022 4646 1034 4684 :

491 4735 940 4799 Praecipitantque
975 4749 1100 4784 suos
1130 4734 1327 4795 luctus,

371 4857 505 4896 cum
532 4841 754 4897 scilicet
784 4843 1043 4898 nondum
1078 4847 1232 4897 esset
1264 4841 1721 4900 conclamatum.
1756 4846 1897 4901 ΗΑν.

438 4915 547 4983 (30)
586 4915 784 4970 Vestris
814 4918 872 4969 in
907 4917 1123 4971 meritis
1152 4916 1464 4983 deputatur.
1501 4917 1593 4972 Sic
1629 4935 1739 4972 ms.
1775 4919 2022 4973 Fulden-

372 4983 489 5059 sis;
523 5004 657 5059 nam
692 4985 790 5040 alii
820 4986 880 5059 τὸ
922 4988 979 5043 id
1011 5005 1124 5042 non
1159 4994 1506 5059 agnoscunt,
1536 4991 1688 5059 quod
1737 4990 2027 5059 negligere

375 5055 561 5132 nolui,
603 5075 710 5132 su_o
766 5058 923 5132 enim
978 5059 1103 5115 loco
1166 5055 1418 5132 ponitur.
1452 5055 1695 5116 Frustra
1740 5055 2025 5116 vero'Ze-

374 5126 867 5203 phyrus,Junius
905 5136 963 5186 et
1015 5133 1086 5186 La
1116 5126 1298 5186 Cerda
1352 5133 1667 5203 praeferunt
1720 5136 1926 5189 nostris
1976 5134 2031 5189 id

376 5216 449 5253 γη.
484 5202 537 5255 d.
572 5207 775 5257 contra
806 5219 1161 5258 consensum
1195 5202 1459 5259 omnium
1494 5221 1637 5259 mss.
1672 5205 1842 5261 Hisce
1875 5207 2032 5261 enim

378 5287 497 5347 non
520 5289 976 5347 commovemur,
1000 5275 1212 5347 inquit,
1238 5276 1425 5347 primo
1454 5277 1592 5346 quia
1615 5293 1729 5331 non
1754 5295 2032 5333 curamus

377 5342 449 5418 de
484 5342 593 5401 hoc
645 5346 857 5401 saeculo
914 5342 1711 5418 sitno'corp'usculo'nostro
1759 5349 1909 5405 male
1960 5368 2034 5406 an

375 5415 559 5490 bene;
595 5419 875 5490 secundo,
908 5419 1047 5490 quia
1086 5415 1368 5488 magnum
1418 5419 1707 5476 habemus
1759 5421 2037 5478 solatium

379 5487 538 5557 quod
573 5489 743 5545 nobis
773 5487 942 5545 bona
973 5487 1331 5546 conscientia
1362 5497 1615 5562 praestat,
1646 5509 1747 5548 vos
1799 5510 1926 5550 esse
1978 5495 2039 5549 in

382 5575 561 5614 causa
590 5564 763 5636 tanta:
786 5562 885 5617 Dei
933 5562 1052 5636 ira},
1086 5562 1184 5636 qui
1222 5562 1388 5619 illum
1422 5564 1738 5636 ncgligitis,
1764 5584 1878 5622 non
1910 5584 2042 5622 vero

383 5647 491 5685 nos
522 5633 618 5709 qui
652 5632 816 5688 illum
862 5634 985 5709 soli
1023 5634 1273 5689 colimus
1296 5641 1359 5709 et
1406 5632 1807 5704 observamus,
1840 5638 2043 5709 illique

382 5706 657 5781 omnibus
710 5707 922 5781 vestris
975 5706 1682 5781 hecatomhis__majorem
1743 5716 1799 5765 et
1854 5706 2045 5781 magis

2125 3277 2234 3337 est,
2275 3268 2681 3342 proculdubio,
2731 3268 2897 3341 quod
2937 3270 3224 3325 illustrem
3276 3268 3776 3342 virum—Flavium

2125 3339 2502 3409 Clementem,
2535 3341 2712 3397 Flavii
2748 3339 2979 3405 Sabini,
3025 3342 3398 3413 imperatoris
3442 3339 3781 3413 Vespasiani

2127 3416 2344 3478 fratris,
2378 3414 2590 3478 filium,
2630 3412 3128 3485 contemptissimm’
3156 3416 3377 3470 inertiw
3424 3418 3589 3485 vocet
3633 3412 3781 3469 Sue-

2124 3488 2321 3543 tonius
2348 3486 2753 3557 Tranquillus,
2774 3484 3129 3557 Christianse
3147 3490 3317 3541 sectas
3344 3484 3488 3541 satis
3513 3484 3784 3557 iniquus,

2125 3560 2225 3615 ubi
2272 3558 2441 3613 illum
2474 3555 2863 3614 aDomitiano
2912 3556 3174 3628 patruele
3205 3557 3466 3613 occisum
3498 3560 3694 3611 narrat
3721 3555 3782 3610 in

2124 3630 2339 3687 Domit.
2383 3648 2432 3685 c.
2480 3631 2567 3692 15,
2620 3631 2775 3699 quod
2825 3635 2978 3685 recte
3039 3630 3267 3685 monuit
3322 3629 3541 3683 ibidem
3597 3628 3779 3683 etiam

2124 3703 2486 3759 Torrentius.
2549 3701 2793 3757 Ethnico
2853 3701 2937 3756 illi
2995 3704 3149 3772 apud
3211 3701 3557 3771 Minucium,
3600 3717 3656 3771 p.
3691 3701 3776 3755 8:

2125 3798 2154 3825 ‹‹
2190 3774 2507 3830 Latebrosa
2537 3778 2593 3828 et
2620 3774 2918 3845 lucifugax
2957 3774 3136 3837 natio,
3165 3773 3226 3828 in
3259 3772 3563 3845 publicum
3595 3775 3780 3845 muta,

2126 3849 2185 3903 in
2237 3846 2470 3917 angulis
2518 3845 2777 3917 garrula.
2807 3843 2833 3895 ἱ
2867 3845 3051 3900 Rhen.
3098 3845 3195 3917 hic
3243 3850 3300 3900 et
3351 3846 3488 3900 Cod.
3541 3843 3602 3898 L.
3653 3844 3779 3917 Bat.

2124 3914 2347 3990 legunt'.
2385 3914 2720 3987 Infructucsi
2749 3920 2807 3972 in
2838 3918 3074 3990 negotio.
3098 3916 3264 3971 Fuld.
3289 3932 3423 3990 vero
3451 3914 3785 3990 ln/ructuosi

2123 3985 2376 4059 ne'gotiis.
2410 3985 2710 4053 Quomodo
2746 3990 2860 4044 fere
2900 3989 3073 4056 infra,
3108 4006 3232 4058 cap.
3274 3989 3361 4042 46.
3387 4010 3415 4036 ‹‹
3448 3985 3779 4059 Quodiusui

2117 4058 2242 4133 jam
2301 4066 2359 4116 et
2415 4062 2486 4117 de
2542 4062 2893 4116 commercio
2952 4061 3227 4133 innotuit.
3252 4058 3561 4133 »_Herald.
3614 4058 3777 4114 Barr.

2124 4130 2255 4190 Ald.
2288 4133 2451 4187 Pam.
2488 4134 2561 4188 La
2590 4134 2794 4197 Cerda,
2822 4133 2997 4187 etiam
3042 4131 3248 4199 Rigalt.
3291 4130 3496 4201 legunt
3524 4131 3580 4183 in
3612 4144 3779 4198 nego-

2127 4208 2241 4260 tiis.
2267 4205 2502 4259 Tacitus
2531 4204 2647 4259 illis
2673 4204 2864 4259 odium
2885 4204 3119 4259 humani
3140 4204 3355 4270 generis
3378 4201 3654 4274 impingit
3682 4216 3776 4267 xv,

2126 4277 2326 4333 Annal.
2370 4277 2456 4331 44.
2510 4276 2865 4332 Dicebantur
2914 4292 3047 4331 vero
3101 4273 3476 4331 infructuosi
3509 4276 3779 4344 respectu

2128 4351 2200 4404 ad
2257 4365 2493 4413 nomen,
2522 4365 2634 4417 quo
2687 4346 3003 4404 Christiani
3062 4345 3121 4402 id
3166 4350 3256 4403 est
3312 4344 3599 4402 fructuosi
3650 4359 3781 4400 esse

2128 4420 2319 4490 magis
2349 4421 2749 4476 conveniebat.
2786 4421 2924 4476 ΗΑν.

2198 4483 2309 4564 (32)
2347 4493 2627 4548 Vobiscum
2676 4492 2948 4562 degentes,
2982 4492 3091 4545 etc.
3143 4489 3264 4564 Huc
3326 4486 3625 4564 pertinent
3679 4483 3784 4539 illa

2051 4579 2100 4643 Β
2130 4560 2212 4643 in"
2238 4560 2345 4643 1i_b._
2374 4564 2439 4619 de
2494 4560 2776 4643 Idololatr.
2811 4580 2861 4619 c.
2894 4564 2958 4643 ζέε
2992 4578 3062 4643 :Au
3099 4561 3269 4643 ilicet.
3300 4560 3597 4615 convivere
3647 4573 3783 4613 cum

2131 4634 2401 4703 ethnicis,
2437 4635 2721 4691 commori
2751 4652 2866 4691 non
2906 4634 3061 4690 licet.
3095 4632 3487 4689 Convivamus
3519 4646 3787 4687 commu-

2132 4706 2308 4761 nibus
2342 4724 2355 4761 :
2390 4709 2770 4763 conlmtemur
2820 4723 2886 4762 ex
2936 4706 3349 4761 communione
3392 4708 3635 4769 naturae,
3669 4718 3787 4758 non

2133 4779 2590 4850 superstitionis.
2618 4780 2779 4835 Paris
2801 4779 3009 4833 animas
3034 4794 3263 4841 sumus,
3288 4793 3403 4832 non
3427 4775 3785 4850 disciplinae:

2134 4847 2637 4923 compossessores
2687 4851 2917 4917 mundi,
2952 4867 3067 4906 non
3117 4850 3353 4906 erroris.
3381 4872 3401 4897 ι
3437 4850 3508 4904 Et
3544 4847 3786 4913 ibidem,

2135 4940 2261 4995 cap.
2298 4925 2363 4977 16
2400 4940 2463 4978 ;‹‹
2498 4925 2661 4979 Circa
2707 4924 2901 4979 ofﬁcia
2953 4939 3085 4978 vero
3141 4923 3497 4993 privatarum
3530 4924 3587 4975 et
3630 4934 3790 4975 com-

2138 4995 2405 5050 munium
2440 4995 2902 5061 solemnitatum,
2939 5000 3002 5050 ut
3052 4999 3190 5066 togae
3238 5011 3416 5066 puras,
3452 4996 3791 5066 utrsponsa-

2136 5068 2304 5130 lium,
2339 5072 2404 5122 ut
2447 5067 2826 5139 nuptialium,
2860 5074 2924 5122 ut
2954 5064 3401 5139 rnominalium,
3424 5064 3651 5139 nullum
3683 5079 3791 5134 pu-

2140 5146 2256 5194 tem
2294 5136 2615 5209 periculum
2670 5138 2965 5195 observari
2999 5139 3069 5195 de
3102 5138 3240 5193 flatu
3291 5136 3635 5193 idololatrian
3664 5150 3792 5207 qua:

2140 5212 2471 5267 intervenit.
2504 5234 2523 5259 ι
2562 5213 2681 5265 ΗΑν

2216 5284 2328 5353 (33)
2385 5284 2765 5338 Brachmanae.
2833 5280 3255 5353 Theodoretus,
3318 5280 3409 5353 Gr.
3480 5279 3591 5353 Aﬂ1
3666 5276 3797 5353 στιζ-

2146 5346 2341 5424 ρδ172
2387 5374 2399 5411 :
2448 5354 2544 5409 Καὶ
2602 5356 2926 5427 Βραχμᾶνας
2979 5351 3285 5427 ἱστοροῧςιγ
3338 5346 3627 5427 ἕτεροι”ξιί
3680 5348 3801 5405 ταῖς

2148 5372 2341 5424 p.11:
2387 5374 2399 5411 :
2450 5372 2544 5409 mu
2602 5372 2926 5427 ιςρανμανας
2985 5372 3285 5423 ιστορουσιν
3342 5372 3513 5423 ετεροι
3573 5372 3626 5400 εν
3680 5372 3797 5405 ταις

2148 5425 2315 5503 illam
2339 5424 2565 5500 διάγειν,
2600 5372 3114 5503 estimates“;
3136 5421 3541 5503 μῖλύπςοντας,
3572 5420 3628 5501 ἰᾷ
3664 5423 3797 5503 est:

2156 5499 2318 5572 {Alli
2354 5489 2586 5571 quoque
2614 5489 2857 5572 narrant
2886 5489 3149 5572 historici
3184 5492 3665 5572 Brachmanasin
3697 5489 3806 5572 sil-

2151 5571 2239 5625 vis
2281 5564 2472 5640 agere,
2494 5564 2716 5641 corpus
2762 5569 3063 5625 frondibus
3092 5568 3427 5641 vestientes.
3458 5564 3603 5641 albi
3636 5564 3807 5641 arbo-

2154 5659 2282 5696 rum
2320 5634 2510 5714 pomis
2562 5634 2785 5699 Plinius
2815 5646 2873 5696 et
2902 5638 3673 5714 Theophrastusvictitasse
3698 5634 3812 5714 _do-

2157 5708 2399 5787 cient-ex
2430 5733 2678 5787 quorum
2714 5708 3104 5783 descriptione
3131 5718 3308 5784 patet,
3340 5712 3597 5787 fructum
3622 5708 3813 5787 fuisse

385 5776 621 5847 opinam
663 5777 965 5834 offerimus
1011 5778 1291 5847 hostiam,
1328 5776 1695 5853 illam’quam
1752 5776 2049 5839 mancilavit
2156 5776 2350 5857 illum,
2381 5776 2553 5861 qdom
2600 5776 2962 5861 appellamus
2999 5776 3147 5842 cocos
3174 5794 3391 5843 nocten,
3421 5780 3814 5854 Theophrasti

710 5903 974 5968 PATBOL.
1022 5906 1069 5966 Ι.

3407 5913 3483 5975 18
