4264 6350
448 327 568 388 559

444 463 570 516 stra
598 459 995 516 misericordia
1052 458 1299 514 insumit
1349 457 1606 524 vicatim,
1664 471 1838 527 quam
1887 456 2078 510 vestra

446 547 646 618 religio
677 547 1024 619 templatim.
1077 547 1188 602 Sed
1248 550 1453 601 caetera
1508 543 1812 614 vectigalia
1869 543 2091 616 gratias

447 636 794 692 Christianis
828 641 1002 707 agent
1034 652 1098 690 ex
1133 635 1245 689 fide
1275 634 1747 705 dependentibus
1805 632 2091 697 debitum,

450 743 567 799 qua
621 725 808 780 alieno
869 724 1194 779 fraudando
1247 723 1632 792 abstinemus,
1671 727 1751 787 ut,
1785 723 1832 778 si
1866 722 2096 776 ineatur

449 819 733 886 quantum
769 812 999 884 publico
1029 813 1050 847 ⁸
1083 816 1282 884 pereat
1312 811 1516 867 fraude
1545 817 1600 866 et
1651 810 1954 865 mendacio
2000 824 2096 863 ve-

447 907 700 959 strarum
733 901 1190 973 professionum,
1249 901 1398 958 495
1464 899 1630 956 facile
1685 899 1840 972 patio
1898 897 2098 954 haberi

446 990 650 1064 possit,
683 990 860 1046 unius
890 989 1102 1061 speciei
1133 989 1371 1061 querela
1399 992 1777 1061 compensate
1805 1004 1909 1061 pro
1940 1003 2094 1044 com-

443 1080 615 1136 modo
646 1079 759 1151 (48)
790 1082 1132 1134 cieterarum
1165 1079 1460 1134 rationum
1493 1079 1534 1132 θ.

1041 1229 1268 1284 CAPUT
1298 1228 1493 1284 XLIII.

444 1335 1066 1403 ARGUMENTUM.—-Qui
1093 1343 1273 1391 tamen
1302 1351 1426 1390 vere
1455 1334 1522 1389 de
1548 1334 1664 1389 illis
1688 1334 1950 1404 conqueri
1977 1347 2094 1403 pos-

513 1416 660 1478 sunt,
691 1423 805 1464 esse
835 1408 1075 1472 lenones,
1105 1407 1472 1477 perductores,
1493 1406 2090 1472 sicarios,venenarios,

516 1495 725 1548 magos,
755 1479 962 1535 similes
1003 1495 1085 1549 ue,

516 1554 585 1604 sil
616 1553 844 1604 fructus.
879 1496 996 1604 8εὲ
1013 1554 1064 1604 el
1093 1495 1125 1604 Ζ

514 1554 585 1606 sit
613 1553 844 1621 fructus.
879 1549 984 1605 Sed
1013 1554 1064 1604 el
1093 1549 1192 1604 hoc
1214 1549 1476 1604 damnum
1503 1550 1721 1604 meliori
1769 1549 1918 1602 lucro
1967 1562 2090 1618 per-

512 1625 723 1677 mutari
749 1642 768 1676 :
795 1638 917 1676 cum
948 1632 997 1676 et
1025 1622 1091 1675 ab
1121 1622 1236 1675 illis
1267 1622 1550 1676 dwmonia
1580 1621 1882 1684 excutiant,
1916 1627 1966 1673 et
1991 1633 2092 1687 pro

515 1695 637 1748 illis
666 1695 836 1748 Deum
865 1696 1207 1757 venerentur,
1235 1691 1542 1762 nullisque,
1599 1696 1657 1746 ut
1713 1693 1872 1759 tales,
1927 1692 2091 1744 rebus

516 1765 672 1821 novis
701 1765 762 1820 in
792 1765 1032 1819 exilium
1062 1765 1390 1836 Reipublicae
1416 1763 1692 1818 studeant.

1128 1480 1288 1533 uibus
1318 1480 1684 1549 infructuosos
1711 1493 1825 1532 esse
1855 1491 2091 1547 magnus

965 325 1494 389 TERTULLIANI
1537 323 1863 386 OPERUM
1910 321 2108 382 PARS
2151 321 2201 382 Ι.
2234 353 2315 364 -
2348 317 2621 380 SERIES
2665 319 2712 394 Ι,
2759 317 3327 381 APOLOGETIGA.

3729 315 3856 380 560

2216 452 2442 507 fructus
2471 454 2578 506 est.
2611 450 2680 505 Et
2707 454 2903 506 tamen
2937 450 3328 521 quodcunque
3357 449 3734 523 dispendium
3764 453 3855 507 est

2203 541 2285 597 rei
2315 544 2514 596 vestrae
2544 555 2648 610 per
2679 538 2829 594 hanc
2859 542 3244 604 sectam,cum
3267 538 3462 611 aliquo
3481 538 3685 611 utique
3716 555 3856 612 prse-

2203 630 2353 686 sidio
2385 630 2496 700 (51)
2530 629 2897 700 compensari
2933 633 3142 700 potest.
3179 629 3391 692 Quanti
3423 629 3674 696 habetis,
3736 627 3855 684 non

2204 719 2332 774 dico
2361 718 2460 788 qui
2487 719 2609 787 jam
2644 719 2713 773 de
2745 717 2910 773 vobis
2943 717 3231 773 daemonia
3262 718 3576 784 excutiant,
3610 735 3724 774 non
3763 719 3856 772 di-

2205 824 2271 864 co
2294 808 2419 878 jam
2454 808 2552 878 qui
2586 823 2689 878 pro
2719 807 2873 861 496
2906 807 3069 862 vobis
3100 823 3334 877 quoque
3363 823 3496 863 vero
3553 813 3666 863 Deo
3727 823 3854 878 pre-

2207 913 2302 952 ces
2336 899 2623 962 sternant,
2655 895 2796 966 quia
2825 895 2972 951 forte
3001 911 3116 951 non
3143 895 3381 950 creditis
3409 897 3476 964 ¹²,
3517 896 3621 952 sed
3653 912 3686 952 a
3715 895 3853 967 qui-

2201 984 2316 1041 bus
2349 983 2498 1040 nihil
2528 983 2734 1040 timere
2763 983 3026 1055 possitis.

2799 1133 3032 1189 CAPUT
3062 1132 3253 1190 XLIV.

2202 1244 2632 1298 ARGUMENTUM.
2666 1271 2734 1282 —
2763 1239 3187 1314 Recogitandum
3215 1242 3402 1313 itaque
3428 1243 3646 1314 merito,
3675 1259 3850 1314 quan-

2270 1319 2389 1369 tum
2417 1314 2723 1383 respublica
2769 1311 2952 1384 capiat
2984 1311 3408 1384 detrimentum
3462 1329 3532 1369 ex
3579 1311 3723 1370 ccede
3774 1322 3852 1370 tot

2273 1386 2579 1454 hominum,
2610 1393 2665 1439 et
2713 1383 3089 1439 innecenlium
3145 1388 3200 1439 et
3244 1384 3374 1440 bene
3402 1386 3727 1441 meritorum
3759 1401 3771 1442 :
3799 1386 3856 1442 id

2268 1461 2456 1528 patere
2483 1471 2636 1527 posse
2664 1471 2733 1510 ea:
2763 1457 3118 1527 quotidianis
3173 1456 3552 1512 custodiarum
3610 1459 3747 1512 actis
3802 1462 3854 1513 et

2271 1529 2499 1598 elogiis;
2531 1529 2808 1582 neminem
2838 1528 2957 1582 illic
2986 1531 3131 1582 inter
3162 1535 3237 1582 tot
3268 1537 3515 1584 nocentes
3545 1529 3855 1599 maleﬁcum

2270 1599 2440 1654 simul
2469 1607 2518 1654 et
2549 1599 2928 1655 Christianum
2957 1600 3227 1654 inveniri.

2271 1713 2360 1768 44.
2395 1715 2465 1767 At
2496 1712 2652 1768 enim
2685 1711 2829 1767 illud
2863 1713 3284 1768 detrimentum
3319 1713 3675 1786 reipublicae,
3730 1718 3852 1770 tam

2116 1839 2162 1904 Β
2201 1803 2422 1875 grande
2451 1817 2625 1872 quam
2657 1817 2879 1868 verum,
2913 1818 3084 1857 nemo
3116 1802 3537 1874 circumspicit,
3564 1802 3725 1858 illam
3760 1804 3855 1858 in-

518 1898 606 1952 43.
641 1896 817 1952 Plane
847 1896 1183 1964 conﬁtebor,
1212 1897 1476 1968 quinam,
1508 1896 1558 1952 si
1602 1897 1767 1963 forte,
1823 1910 1957 1950 vere
2014 1895 2084 1948 de
2117 1889 2161 1904 ”
2184 1892 2404 1963 juriam
2437 1889 2689 1946 civitatis
2719 1889 2916 1946 nullus
2947 1890 3240 1961 expendit,
3273 1907 3406 1946 cum
3437 1892 3689 1962 totjusti
3743 1892 3855 1948 im-

449 1985 752 2043 sterilitate
778 1985 1240 2040 Christianorum
1271 1985 1543 2057 conqueri
1576 1985 1806 2056 possint
1852 1985 1913 2038 ¹⁰.
1966 1983 2087 2040 Pri-

447 2075 529 2132 mi
561 2074 1415 2146 eruntleonnes,perductores,
1437 2073 1721 2147 aquarioli
1756 2076 1797 2109 ¹¹
1835 2074 2100 2144 (49),tum

449 2163 669 2232 sicarii;
704 2162 1020 2230 venenarii,
1053 2163 1233 2235 magi,
1264 2164 1403 2219 item
1464 2163 1671 2218 harioli
1729 2163 1861 2234 (50),
1921 2161 2100 2216 haru-

2210 1981 2524 2054 pendimur
2566 1982 2700 2050 (52),
2729 1996 2862 2034 cum
2896 1985 2980 2034 tot
3011 1980 3349 2036 innocentes
3379 1997 3710 2053 erogamur.
3745 1982 3854 2038 Ve-

2210 2074 2363 2125 stros
2393 2067 2546 2124 enim
2573 2069 2697 2139 jam
2733 2072 3134 2124 contestamur
3189 2074 3377 2140 actus,
3437 2071 3537 2141 qui
3593 2072 3855 2142 quotidie

2203 2155 2542 2230 judicandis
2571 2155 2856 2212 custodiis
2887 2157 3234 2228 prasidetis,
3269 2157 3368 2229 qui
3394 2160 3704 2214 sententiis
3736 2158 3855 2216 elo-

444 2252 657 2325 spices,
695 2251 1237 2308 mathematici.His
1267 2251 1664 2308 infructuosos
1694 2268 1823 2308 esse
1850 2265 2102 2323 magnus
2212 2247 2305 2317 gia
2334 2245 2691 2318 dispungitis
2722 2246 2855 2317 (53).
2886 2249 2994 2302 Tot
3019 2246 3063 2281 ¹³
3093 2263 3126 2302 a
3146 2247 3311 2302 vobis
3355 2253 3632 2304 nocentes
3678 2247 3857 2305 variis

1871 2369 2074 2430 Variae
2106 2365 2427 2428 lectiones.

516 2485 536 2519 ⁸
560 2483 684 2540 Cod.
717 2483 872 2540 Fuld.
903 2487 954 2540 et
981 2488 1121 2539 Hau.

1157 2483 1423 2556 publico;
1456 2486 1643 2541 caeteri
1687 2501 1701 2539 :
1750 2481 2156 2556 vectigalibus.

2253 2480 2274 2515 9
2328 2477 2452 2533 Cod.
2500 2478 2678 2550 ,Fuld.
2736 2479 3134 2550 compensatio
3195 2495 3296 2550 pro
3349 2481 3690 2536 ceterarum
3749 2497 3850 2536 ra-

441 2556 669 2612 tionum
701 2555 1033 2611 securitate.
1108 2549 1270 2611 ‘°'Sic
1299 2557 1475 2612 locum
1503 2557 1828 2611 auctoritate
1854 2549 2005 2610 codd.
2037 2553 2276 2608 restituit
2308 2549 2613 2612 Heraldus;
2643 2550 2777 2623 olim
2807 2551 2911 2618 leg.
2964 2551 3138 2623 Plane
3188 2549 3511 2623 confitebor
3555 2553 3655 2623 qui
3709 2569 3850 2608 con-

444 2631 786 2704 querentur.
819 2627 963 2682 Nam
996 2626 1045 2704 si
1076 2627 1707 2704 quinl'ortef-Aposgint
1737 2628 1837 2704 (al.
1865 2628 2140 2704 possunt,
2171 2624 2572 2704 ιιρειροειξεδιη)ἱ
2618 2622 2683 2704 .¹¹
2715 2622 3315 2704 (ἱρά.-Ρᾳςα..ὴατξ91ἱ,
3361 2622 3538 2704 Ιέᾳέμίἒ
3575 2622 3850 2704 ίθςᾳνὶοιὶ,

439 2697 561 2754 ὠά.
621 2697 792 2753 Scriv.
853 2697 1234 2755 mcecharioli.

442 2770 486 2805 ¹³
515 2770 665 2836 Quot
688 2769 804 2826 cod.
835 2769 992 2826 Fuld.

1342 2699 1385 2735 ¹²
1441 2692 1542 2754 νυ.
1574 2692 1914 2771 ζιιιιὶαΐοτὼ
1945 2713 2059 2753 non
2090 2692 2353 2763 creditis,
2383 2692 2575 2748 desunt
2605 2693 2666 2747 in
2690 2693 2805 2750 cod.
2837 2693 3000 2750 Fuld.
3031 2693 3335 2766 delevitque
3363 2692 3485 2764 mg.
3519 2697 3579 2748 in
3607 2692 3690 2752 id.
3723 2692 3844 2753 sua.

1875 2853 2400 2918 Commentarius.

442 2990 745 3046 nunquam
805 2973 1201 3046 suppositam_
1231 2990 1473 3030 manum
1504 2973 1686 3030 lucro.
1722 2995 1751 3024 ››
1783 2975 2082 3044 Taxatque

444 3044 644 3103 amicta:
673 3045 976 3101 avaritiam
1011 3044 1282 3100 Tibullus

675 3150 769 3201 Illa
801 3165 932 3201 cava
963 3151 1193 3214 pretium
1223 3151 1424 3215 ﬂagitat
1454 3165 1624 3214 usque
1655 3152 1869 3202 manu."

439 3259 815 3330 Negabatque
840 3258 1126 3330 Diogenes
1185 3259 1341 3330 apud
1395 3259 1681 3330 Laertium
1749 3277 1760 3314 :
1816 3257 2086 3330 Δεῖνγτὰς

441 3327 633 3405 χεῖροες
837 3327 976 3405 τοὺ-ς*
1029 3327 1241 3405 (pilique
1296 3327 1544 3405 ἐκτείνειν
1600 3329 2088 3405 ’συγκᾴξιαγμμὲνοις

440 3396 555 3460 ὲὸῖὲ
587 3396 897 3460 δακτύλοις.
931 3401 969 3454 i.
1003 3396 1052 3455 ei
1088 3421 1114 3452 α
1141 3401 1356 3473 Manus
1395 3404 1466 3456 ad
1499 3396 1716 3457 amicos
1746 3396 1950 3473 digitis
1999 3418 2090 3457 ex-

441 3474 600 3528 tendi
631 3473 842 3528 debere
871 3472 1204 3554 incurvatis.
1236 3495 1264 3522 »
1297 3474 1582 3555 Graphice
1609 3490 1741 3528 vero
1769 3472 1972 3529 J0vem
2005 3475 2090 3600 ig-
2121 3508 2163 3575 C

443 3561 578 3600 sum
610 3550 667 3598 et
695 3545 834 3598 deos
865 3560 1001 3597 suos
1027 3551 1110 3598 ita
1148 3545 1460 3600 descrinsnt
1517 3545 1937 3600 Aristonhanes
1987 3563 2022 3600 u
2072 3545 2088 3600 i

2072 3563 2088 3600 ι

443 3561 578 3600 sum
610 3550 667 3598 et
695 3545 834 3598 deos
865 3560 1001 3597 suos
1027 3543 1110 3598 ita
1148 3543 1460 3616 descripsit
1486 3615 1489 3616 ν
1517 3545 1937 3616 Aristophanes
1987 3563 2022 3600 u

443 3621 615 3686 negat
645 3615 968 3688 quidquam
1002 3616 1139 3670 dare
1169 3632 1230 3670 se
1257 3615 1402 3670 velle
1435 3615 1850 3688 Phidolus,aut
1883 3618 1941 3671 in
1975 3633 2097 3672 me-

444 3688 606 3744 dium
639 3686 1060 3759 conferre,cum
1096 3688 1355 3759 accipere
1385 3693 1614 3743 tantum
1649 3686 2093 3745 sitconsuetus.

446 3761 512 3815 In
538 3758 1026 3815 Concionatricib.
1064 3773 1078 3813 :

978 3897 1078 3952 Καὶ
1110 3899 1213 3974 γὰρ
1250 3897 1301 3953 οἱ
1329 3899 1471 3967 Θεοῖ,

554 3971 755 4027 Γνώσει
790 3967 836 4046 δ’
867 3970 970 4046 ἀπὸ
999 3974 1105 4046 τῶν
1124 3967 1339 4046 ’χὲερῷγ
1372 3991 1430 4025 τε
1457 3970 1546 4046 καὶ
1579 3970 1934 4046 ἀγαλμάτων,

551 4047 718 4101 "(how
751 4043 865 4118 γὰρΔ
886 4041 1177 4118 εὐχώμεθὰ
1209 4041 1414 4097 δίδόναι
1432 4041 1658 4118 ζτᾷγαθᾶ,

552 4114 1150 4190 ’Ἑστηκὲνὲκ-τξίνοντα
1178 4116 1444 4190 τῇγχξῖρ’
1476 4114 1697 4190 {iit-riui),
1766 4156 1774 4163 .

554 4188 675 4262 Οὐγ
711 4187 783 4248 ὥς
810 4207 863 4240 τι
895 4184 1140 4255 δώσοντ’,
1177 4184 1485 4250 ἀλλ”ίδτέως
1515 4208 1568 4242 τι
1598 4185 1852 4260 λήψεται.

444 4332 484 4387 i.
517 4349 566 4387 e.
604 4352 633 4380 «
663 4329 884 4400 Quippe
916 4328 996 4384 ita
1028 4333 1085 4385 et
1114 4330 1194 4384 dii
1229 4329 1472 4385 faciunt.
1507 4330 1668 4396 Quod
1702 4329 1846 4384 disci
1906 4333 2097 4400 potest

441 4403 530 4460 vel
565 4419 632 4458 ex
663 4401 935 4456 manibus
965 4401 1442 4457 simulacrorum:
1467 4420 1600 4457 nam
1635 4419 1764 4457 cum
1789 4417 2097 4473 precamur

443 4480 509 4531 ut
539 4475 690 4529 bona
717 4473 888 4528 nobis
919 4473 1302 4543 elargiantur,
1352 4480 1511 4529 stant
1570 4473 1672 4529 illa
1729 4476 2094 4544 porrigentes

443 4563 684 4603 manum
713 4545 1014 4617 supinam,
1050 4563 1161 4601 non
1186 4547 1354 4617 quasi
1389 4547 1594 4600 datura
1625 4545 2090 4617 quidquam,sed

445 4625 512 4674 ut
541 4616 850 4685 accipiant.
886 4637 912 4662 »
952 4616 1089 4671 Hav.

517 4689 628 4759 (48)
665 4690 838 4745 Unius
866 4690 1068 4756 speciei
1114 4688 1339 4760 querela
1395 4692 1746 4760 compensata
1798 4703 1894 4759 pro
1938 4704 2090 4760 com-

443 4761 598 4816 modo
627 4775 673 4814 c.
707 4776 756 4814 v.
791 4760 1012 4813 Sensus
1045 4765 1135 4814 est
1165 4764 1385 4814 tantam
1419 4776 1548 4815 esse
1589 4760 1760 4814 ﬁdem
1817 4759 2090 4816 Christia-

445 4848 659 4888 norum
692 4831 749 4884 in
783 4828 1080 4903 solvendis
1111 4831 1231 4903 illis
1263 4848 1390 4901 quae
1415 4832 1584 4900 justa
1614 4837 1671 4887 et
1719 4831 2089 4903 vectigalium

447 4903 816 4975 publicorum
863 4906 934 4975 Aet
992 4901 1326 4973 reipublicae
1389 4905 1622 4958 nomine
1679 4901 2086 4974 imponuntur,

446 4971 511 5032 ut
539 4975 813 5044 exiguum
846 4971 1125 5047 damnum
1160 4975 1311 5044 quod
1373 4975 1725 5047 templorum
1769 4971 2084 5047 vectigalia

444 5049 516 5103 ab
549 5047 667 5102 illis
699 5062 811 5100 non
843 5043 1307 5100 cultoribussuis
1326 5043 1760 5115 capiuhtJ‘acile
1789 5043 2084 5102 contemni

444 5121 672 5184 debeat,
706 5116 818 5170 illis
841 5115 985 5186 ipsis
1007 5119 1103 5187 qui
1131 5119 1201 5172 de
1223 5118 1331 5171 hoc
1353 5117 1815 5173 Christianorum
1841 5119 2086 5176 crimine

443 5194 901 5262 conqueruntur,
925 5190 1184 5261 quotidie
1209 5190 1392 5245 multo
1417 5190 1586 5261 plura
1604 5190 1911 5262 sacrilegia
1932 5207 2084 5247 com-

441 5261 974 5329 mittentibus,cum
1009 5262 1285 5318 omnibus
1317 5263 1508 5319 modis
1526 5261 1828 5333 vectigalia
1851 5262 2085 5332 publica

437 5333 971 5392 defraudarelucro
1030 5333 1264 5406 habent.
1324 5333 1487 5389 Fuld.
1547 5335 1739 5391 Codex
1796 5334 1888 5390 hic
1944 5334 2085 5406 legit

437 5432 464 5458 «
500 5409 676 5463 unius
734 5407 946 5476 speciei
1006 5405 1242 5477 querela
1292 5407 1690 5478 compensatio
1723 5422 1824 5478 pro
1856 5411 2084 5461 caetera-

437 5496 570 5534 rum
602 5480 890 5534 rationum
924 5479 1248 5534 securitate.
1294 5498 1316 5525 «
1348 5479 1529 5535 Voces
1558 5480 1728 5533 unius
1775 5479 1976 5548 speciei
2023 5479 2082 5534 in

438 5551 495 5606 L.
531 5552 588 5605 Β.
623 5567 738 5605 non
772 5555 1133 5622 comparent.
1168 5550 1309 5605 ΗΑν.

506 5623 621 5690 (49)
653 5619 954 5692 Aquarioli.
995 5623 1291 5677 Lenonum
1328 5621 1530 5676 famuli
1588 5637 1655 5674 ex
1715 5619 1883 5674 Festo
1916 5620 2081 5692 idice-

435 5693 654 5774 bantur
682 5691 931 5763 aquarii,
965 5711 1174 5774 nomen
1209 5694 1406 5774 adepti
1430 5694 1500 5748 ab
1526 5708 1688 5774 aqua
1719 5691 1967 5774 petenda
2009 5694 2079 5774 ad

437 5762 711 5820 balneum
745 5762 1408 5835 necessaria.Aquarioli
1442 5762 1659 5835 autem,
1693 5767 1757 5818 ut
1786 5763 2083 5821 adnotavit

2191 2967 2494 3041 Turnebus
2552 2966 2780 3024 Advers.
2831 2967 2933 3026 lib.
2972 2986 3047 3035 1v,
3079 2985 3206 3041 cap.
3241 2969 3326 3035 12,
3359 2985 3464 3039 per
3491 2969 3842 3026 diminutio-

2196 3057 2328 3096 nem
2360 3040 2430 3094 ad
2465 3045 2884 3112 contemptum,
2917 3040 3199 3112 tanquam
3252 3041 3514 3097 omnium
3565 3041 3842 3099 vilissimi

2197 3113 2494 3169 dicuntur.
2529 3114 2672 3165 ΡΑΜ.

2267 3184 2379 3254 (50)
2403 3181 2643 3254 Harioli.
2678 3181 2826 3237 Dicti
2859 3182 2945 3237 vel
2982 3199 3014 3236 a
3037 3185 3171 3254 fatis
3201 3185 3257 3238 et
3285 3182 3477 3254 fando,
3511 3183 3679 3254 quasi
3737 3183 3842 3238 Fa-

2199 3255 2348 3323 rioli,
2383 3254 2469 3308 vel
2502 3253 2574 3306 ab
2608 3253 2875 3309 halando.
2908 3253 3052 3308 Nam
3085 3253 3489 3310 halitu'solent
3536 3253 3845 3310 mortalem

2200 3327 2457 3381 animam
2512 3324 2820 3380 excludere
2853 3326 2972 3380 sive
3001 3325 3291 3391 exhalare,
3327 3331 3386 3380 ut
3416 3325 3676 3382 divinam
3704 3325 3844 3382 reci-

2202 3399 2385 3468 piant,
2419 3397 2573 3451 unde
2603 3402 2657 3451 et
2689 3413 2908 3464 vocem,
2944 3401 3008 3452 ut
3037 3403 3200 3453 notat
3234 3399 3488 3453 Donatus
3520 3399 3589 3453 ad
3636 3403 3849 3454 Teren-

2201 3469 2264 3523 tii
2298 3468 2729 3542 Phormionem,
2759 3470 3048 3537 ejusmodi
3081 3470 3317 3542 dabant,
3352 3487 3480 3540 quae
3511 3476 3599 3525 est
3630 3469 3846 3542 OE,qui

2203 3557 2382 3596 sonus
2413 3540 2721 3594 exhalandi
2751 3543 2868 3594 vim
2924 3547 3182 3613 praestat.
3242 3541 3482 3613 Notabis
3540 3547 3735 3597 autem
3763 3540 3848 3596 _in

2203 3612 2344 3667 viris
2397 3613 2506 3666 hoc
2562 3627 2691 3666 esse
2722 3612 2938 3667 nomen
2967 3613 3085 3668 sive
3116 3612 3372 3668 hariolos
3404 3612 3525 3668 sive
3559 3613 3841 3668 fanaticos

2205 3699 2411 3751 voces;
2436 3683 2494 3737 in
2527 3682 2772 3756 feminis
2793 3691 2986 3739 autem
3019 3687 3332 3755 veratrices,
3357 3686 3512 3756 quod
3543 3685 3844 3741 divinandi

2205 3756 2451 3812 scientia
2479 3771 2610 3810 vere
2642 3755 3043 3823 proﬁteantur.
3079 3762 3204 3813 Lac.

2277 3826 2392 3900 (51)
2422 3827 2564 3900 Cum
2593 3825 2997 3899 utiqueutique
3027 3827 3302 3900 prasidio.
3355 3826 3695 3900 Praesidium
3749 3825 3845 3900 hic

2206 3897 2498 3972 significat
2528 3897 2780 3972 lucrum,
2815 3897 2985 3963 bona,
3019 3897 3337 3972 peculium.
3366 3903 3582 3972 Auctor
3613 3898 3846 3972 Queroti

2205 3970 2304 4042 qui
2339 3969 2639 4024 nonnullis
2672 3969 2861 4042 Plauti
2922 3969 3280 4028 editionibus
3336 3970 3575 4042 adjungi
3633 3969 3782 4026 solet
3819 3989 3832 4027 :

2205 4041 2486 4116 «Ergone
2518 4041 2810 4116 manibus
2855 4045 3001 4098 meis
3045 4043 3380 4116 praesidium
3409 4041 3737 4116 paternum,
3774 4047 3840 4097 ut

2202 4113 2475 4168 efferrent
2501 4112 2573 4166 de
2604 4112 2818 4168 domo?
2852 4135 2879 4164 »
2911 4112 3059 4170 lbid'.
3101 4137 3128 4168 α
3157 4117 3332 4170 Fures
3385 4113 3528 4168 mihi
3584 4131 3648 4168 ac
3701 4131 3844 4183 prae-

2205 4185 2384 4240 dones
2437 4183 2528 4237 cui
2589 4184 2783 4258 bono?
2815 4191 2879 4240 ut
2910 4188 2956 4241 si
2991 4186 3127 4258 quid
3160 4188 3264 4244 tibi
3298 4186 3420 4257 spei
3440 4191 3554 4258 aut
3589 4185 3847 4257 presidii

2203 4261 2312 4321 est,
2345 4258 2531 4310 totum
2565 4255 2882 4312 conferant.
2920 4255 3144 4316 Rursus
3175 4277 3194 4314 :
3229 4283 3249 4308 α
3281 4255 3621 4312 Praesidium
3654 4258 3850 4311 abstu-

2204 4327 2344 4402 listi,
2377 4331 2434 4382 et
2457 4325 3011 4402 cineresgabdidisti.
3048 4352 3072 4382 ι)
3108 4336 3176 4385 Et
3207 4330 3359 4402 apud
3393 4327 3686 4383 interioris
3742 4327 3848 4382 aevi

2202 4400 2516 4469 scriptores
2548 4400 2789 4468 passim.
2825 4407 2960 4456 ΗΑν.

2270 4467 2381 4541 (52)
2420 4472 2507 4525 Tot
2528 4467 2674 4541 justi
2706 4475 3092 4541 impendimur.
3128 4473 3228 4526 Est
3285 4467 3625 4541 metaphora
3659 4485 3842 4541 sum-

2201 4539 2297 4614 pta
2330 4544 2400 4595 ab
2431 4539 2702 4612 expensis
2736 4539 2815 4598 rei
2849 4544 3196 4599 domestica.
3224 4540 3508 4614 Loquitur
3537 4540 3628 4614 sic
3653 4539 3708 4594 in
3745 4540 3848 4596 lib.

2199 4612 2268 4670 de
2295 4614 2616 4684 spectaculis
2646 4630 2695 4668 ο.
2734 4617 2798 4670 19
2831 4632 2843 4671 :
2883 4638 2902 4665 α
2936 4615 3009 4671 Ut
3066 4620 3187 4670 tam
3246 4613 3558 4668 creduliter
3616 4612 3844 4683 impen-

2201 4688 2434 4742 duntur.
2472 4707 2500 4734 ››
2531 4690 2756 4741 Rursus
2787 4689 2851 4742 de
2878 4687 3015 4743 Idol.
3048 4704 3096 4742 c.
3129 4688 3162 4741 6
3192 4704 3210 4739 :
3250 4707 3270 4736 ι
3306 4689 3420 4740 Nec
3453 4684 3650 4739 anima
3680 4701 3850 4755 pecu-

2200 4760 2290 4815 dis
2321 4760 2717 4828 impensa,sed
2751 4759 2947 4814 anima
2977 4757 3364 4815 tua.»Vitiose
3394 4757 3453 4812 in
3484 4756 3846 4812 editionibus

2196 4828 2732 4903 Rigalt.l’riorianis
2764 4831 3110 4903 typographi
3143 4834 3463 4901 posuerunt
3492 4831 3842 4899 impedimur

2197 4907 2336 4960 HAV.

2263 4979 2375 5050 (53)
2407 4981 2517 5048 Qui
2543 4974 2834 5050 sententiis
2861 4973 3044 5044 elogia
3085 4972 3442 5050 dispungitis.
3503 4968 3844 5050 vinctorum

2194 5041 2563 5121 singulorum
2594 5045 2849 5121 nomine,
2883 5041 3694 5121 tetas,_fo_rina,crimen_(quae
3721 5056 3848 5121 om-

2193 5112 2501 5199 niavelfigia
2529 5119 2909 5199 vocabantur)
2934 5117 3239 5199 j‘udicibus
3266 5118 3330 5199 _in
3363 5112 3574 5199 tabeli‘s
3606 5117 3847 5194 exarata

2192 5184 2586 5250 offerebantur
2619 5211 2632 5247 :
2668 5184 2911 5265 quando
2933 5184 3153 5265 illi‘pro
3185 5189 3474 5265 cujusque
3503 5184 3692 5265 elogio
3717 5200 3843 5265 poe-

2192 5279 2328 5339 nam
2361 5267 2488 5339 ejus
2517 5258 2942 5339 temperabant,
2976 5258 3121 5315 Hinc
3153 5258 3289 5339 cuni
3344 5258 3659 5339 aliquando
3709 5258 3844 5339 Caio

2191 5331 2464 5406 Caligula:
2495 5331 2689 5392 oblata
2719 5334 3117 5406 custopiarum
3143 5332 3331 5404 elogia
3357 5331 3616 5406 primum
3645 5331 3704 5381 in
3737 5331 3850 5406 ista

2193 5397 2347 5480 serie
2387 5409 2783 5476 ultimumque
2817 5397 3033 5480 calvos
3061 5397 3424 5480 notassent,
3470 5400 3688 5480 stultus
3749 5397 3848 5480 ille

2191 5479 2462 5550 princeps
2495 5481 2552 5533 in
2587 5495 2646 5534 re
2677 5473 3130 5550 maximeseria.
3162 5479 3261 5532 ubi
3307 5473 3468 5530 nulla
3524 5473 3845 5550 Ion-ganni-

2191 5541 2303 5606 inis
2362 5541 2587 5622 poterat
2644 5565 2775 5605 esse
2833 5549 3193 5616 deliberatio,
3237 5551 3465 5622 jocatus
3501 5560 3514 5598 :
3548 5564 3571 5594 α
3609 5541 3845 5622 Nullius

2191 5617 2450 5692 inspecto
2481 5622 2690 5696 elogio,
2725 5617 3327 5696 etans,_tantumm_odo
3359 5617 3844 5696 infraporhticum

2193 5688 2447 5752 mediam
2479 5713 2512 5752 a
2542 5688 2700 5750 calvo
2731 5694 2802 5749 ad
2833 5692 3064 5749 calvum
3095 5693 3227 5749 duci
3260 5688 3840 5762 imperavit.»Sueto—

2192 5767 2351 5839 nius,
2381 5768 2440 5824 in
2472 5767 2603 5824 Vita
2634 5767 2787 5838 ejus,
2815 5781 2940 5837 cap.
2973 5768 3062 5820 27.
3098 5767 3236 5822 Hav.
