4264 6348
410 390 524 450 661

1512 387 2108 451 APOLOGETIGUS
2165 389 2351 454 ADV.
2411 390 2743 451 GENTES.

3703 386 3823 446 582

408 517 729 576 criminum
761 518 968 590 elogiis
999 521 1380 575 recensentur
1412 536 1425 588 ;
1460 519 1594 591 quis
1630 518 1751 575 illic
1784 520 2053 590 sicarius,
2084 521 2138 588 Α
2168 537 2275 576 suo
2308 520 2479 575 titulo
2513 516 3017 584 olferuntur,497
3049 515 3184 587 quis
3214 532 3281 572 ex
3307 514 3426 571 illis
3456 514 3632 572 etiam
3666 515 3819 585 talis,

403 609 536 681 quis
572 608 1022 664 manticularius
1052 610 1186 680 (54),
1233 609 1366 680 quis
1416 609 1738 681 sacrilegus
1788 611 1920 681 (55),
1954 615 2055 666 aut

400 703 710 769 corruptor
739 698 872 769 (56),
905 704 1006 753 aut
1062 698 1385 755 lavantium
1444 698 1637 772 prado
1696 700 1832 771 (57),
1893 700 2051 756 idem

398 786 578 843 etiam
608 785 979 843 Christianus
1010 785 1375 843 adcribitur?
1412 790 1515 843 aut
1543 803 1678 844 cum
1734 786 2051 843 Christiani

2164 609 2364 680 quales
2408 614 2493 663 tot
2554 608 2879 664 nocentes?
2910 608 2990 662 De
3049 608 3258 663 vestris
3320 622 3552 677 semper
3610 609 3821 662 aestuat

2163 715 2360 753 carcer
2389 698 2602 770 (58),de
2626 698 2836 753 vestris
2858 713 3089 768 semper
3121 695 3359 752 metalla
3388 694 3817 767 suspirant(59)

2161 789 2231 843 de
2262 788 2470 844 vestris
2502 803 2735 860 semper
2778 787 2977 842 bestiae
3019 786 3367 858 saginantur
3397 785 3532 858 (60),
3593 785 3665 840 de
3710 800 3817 841 .ve-

1854 933 2377 1007 Commentarius.

478 1058 591 1131 (54)
639 1058 1085 1132 Manticularius.
1139 1058 1313 1115 Vocis
1366 1058 1719 1132 significatio
1764 1075 1836 1115 ex
1882 1063 2049 1115 Festo

406 1138 544 1187 nota
574 1136 683 1197 est,
718 1138 781 1203 ut
812 1131 1104 1203 signiﬁcet
1135 1134 1320 1188 furem
1352 1131 1453 1203 qui
1498 1133 1705 1203 bulgas
1735 1136 2048 1187 scrutetur.

402 1204 510 1259 Sed
542 1206 720 1258 etiam
752 1202 969 1259 Glossae
1002 1204 1121 1269 Lat,
1154 1209 1249 1258 Gr.
1284 1208 1585 1260 manticam
1610 1202 1908 1274 exponunt
1936 1204 2049 1272 πή-

398 1293 519 1401 ﬁmo.
552 1274 712 1330 Unde
744 1276 1015 1330 monachi
1047 1275 1130 1330 illi
1163 1276 1264 1359 qui
1294 1293 1430 1346 pera
1480 1276 1754 1331 instructi
1786 1276 2051 1357 ambula-

440 1352 558 1401 ant.
594 1346 1045 1401 appellabantur
1084 1351 1456 1401 mantwulaii.
1520 1348 1828 1401 Mattheus
1860 1348 2045 1401 Paris.

440 1352 558 1414 ant,
594 1346 1045 1418 appellabantur
1084 1346 1456 1403 manticam“.
1520 1348 1828 1403 Matthieus
1860 1348 2045 1403 Paris.

400 1420 502 1491 qui
535 1418 679 1474 vixit
709 1435 860 1474 anno
898 1420 1032 1474 1248
1070 1438 1083 1488 ;
1120 1440 1159 1492 ς(
1184 1419 1255 1474 Ut
1285 1419 1684 1492 peregrinaret
1712 1418 1810 1474 ille
1842 1435 2047 1475 mona-

396 1492 544 1547 chus
578 1492 1017 1546 manticuiatus.
1052 1513 1079 1540 ››
1118 1491 1253 1546 ΗΑν.

468 1564 579 1635 (55)
610 1563 1053 1634 Sacrilegus.Qui
1086 1564 1439 1635 templorum
1462 1563 1675 1635 spoliat
1703 1564 2049 1618 ornamenta

398 1638 455 1690 et
486 1635 750 1702 donaria,
787 1638 941 1691 unde
970 1636 1073 1691 illa
1104 1636 1388 1691 custodiis
1418 1636 1812 1707 sepiebantur.
1835 1639 2043 1706 Supra,

398 1721 526 1759 can.
560 1707 647 1759 29.
684 1710 819 1759 HAV.

398 1721 526 1762 can.
560 1710 647 1759 29.
684 1710 819 1761 ΗΔν.

469 1724 930 1850 ῗέὸῗυάοῗίέῥιον.
988 1778 1287 1844 Quomodo
1335 1794 1447 1833 vox
1495 1777 1617 1833 hac
1663 1776 1911 1848 intelligi
1944 1777 2042 1850 de-

398 1848 533 1921 beat
562 1853 742 1921 patet,
774 1848 822 1906 ό.
854 1850 942 1903 47.
978 1872 1006 1899 ‹‹
1044 1853 1187 1921 Lego
1219 1854 1442 1921 partem
1490 1850 1790 1905 sententiae
1839 1848 2043 1903 Atticae

399 1920 459 1997 in
490 1920 784 1977 Socratem
820 1938 832 1977 :
866 1920 1180 1994 Corruptor
1213 1920 1675 1978 adolescentium
1708 1921 2045 1994 pronuntia—
2076 1933 2122 1997 Β

611 1998 938 2120 ﬁgentia-ni
963 2064 1435 2136 praedo.t)uorum
1468 2080 1619 2136 saepe
1650 2062 1869 2120 mentio
1889 2062 2043 2134 apud

395 2141 641 2263 giteres.
704 2137 944 2192 Plautus
1002 2140 1288 2205 Rudente,
1368 2139 1495 2192 Act.
1578 2153 1642 2192 ιι.
1705 2152 1881 2192 scena
1944 2136 2042 2205 III,

999 2297 1097 2354 Qui
1135 2298 1176 2346 it
1205 2296 1436 2347 lavatum

494 2362 550 2409 In
581 2359 821 2419 balneas,
853 2359 923 2408 ibi
954 2374 1074 2409 cum
1108 2361 1291 2409 sedulo
1322 2375 1419 2409 sua
1440 2360 1761 2408 vestimenta
1789 2362 1980 2417 servat,

493 2423 692 2472 Tamen
723 2423 1084 2487 surripiuntur
1117 2438 1129 2472 :
1163 2424 1361 2487 quippe
1393 2424 1484 2487 qui
1514 2437 1672 2485 quem
1696 2422 1904 2471 illorum
1942 2421 2044 2470 ob-

528 2490 703 2535 servet
730 2485 897 2535 falsus
928 2493 1007 2535 est
1038 2501 1049 2534 :

496 2548 598 2598 Fur
632 2549 804 2606 facile,
857 2562 1014 2612 quem
1046 2548 1313 2609 observet,
1345 2548 1491 2597 videt
1524 2563 1536 2598 :
1567 2552 1762 2609 custos,
1822 2546 1913 2610 qui
1960 2545 2046 2595 fur

529 2612 614 2671 sit,
646 2613 836 2661 nescit.

393 2718 679 2789 Apuleius
711 2721 809 2775 As.
842 2736 967 2774 aur.
1000 2717 1103 2774 lib.
1137 2736 1211 2774 1x.
1248 2741 1275 2769 «
1326 2720 1494 2773 Enim
1545 2735 1679 2774 vero
1726 2734 1828 2772 vos
1880 2716 2044 2772 bonae

397 2790 548 2862 frugi
582 2790 840 2863 latrones
876 2792 1028 2846 inter
1060 2793 1212 2846 furta
1234 2808 1411 2863 parva
1459 2795 1633 2863 atque
1683 2789 1936 2852 servilia,
1970 2789 2043 2843 ti-

400 2862 677 2917 midicule
709 2881 810 2935 per
840 2863 1080 2919 balneas
1123 2868 1180 2919 et
1229 2862 1415 2919 aniles
1461 2862 1700 2919 cellulas
1744 2866 2044 2933 reptantes

397 2935 747 2991 scrutariam
781 2936 993 2991 facitis.
1026 2956 1051 2988 ι
1090 2935 1351 2991 Catullus
1381 2937 1565 3008 epigr.
1601 2935 1668 2989 30
1697 2950 1712 2989 :

617 3042 657 3091 Ο
678 3042 855 3091 furum
887 3043 1085 3106 optime
1114 3042 1528 3106 balneariorum,

618 3106 846 3155 Vibenni
876 3105 1049 3169 pater,
1085 3111 1135 3154 et
1164 3106 1365 3154 cinaede
1395 3105 1485 3154 ﬁli.

400 3203 691 3287 Diogenes
731 3203 1181 3287 Cynicus‘apu'd
1237 3205 1578 3287 Laertium:
1621 3196 1772 3287 Ἰᾆὼν
1824 3202 2041 3287 tactio:

2161 1058 2378 1125 locum,
2412 1058 2690 1131 quoniam
2722 1057 2923 1115 leviter
2952 1060 3191 1131 tantum;
3214 1056 3434 1131 indicat
3452 1054 3811 1131 Ju_nius,non

2160 1128 2447 1203 gravabor
2477 1133 2771 1203 integrum
2814 1130 3126 1187 ascribere.
3173 1129 3226 1185 Is
3281 1130 3339 1184 in
3397 1128 3658 1203 Poblem.
3719 1144 3813 1203 se—

2162 1198 2352 1259 ctione
2382 1206 2470 1258 29.
2506 1198 2670 1258 num.
2707 1205 2793 1273 14,
2825 1205 2884 1273 in
2917 1203 3072 1273 hunc
3104 1203 3343 1273 modum
3391 1201 3646 1257 disserit.
3689 1198 3808 1273 Atat

2158 1274 2212 1328 τί
2242 1295 2374 1329 ποτε
2422 1274 2509 1329 ἐὰν
2562 1275 2655 1347 μὲν
2704 1272 2787 1336 τις
2837 1272 2897 1327 ἐκ
2946 1272 3235 1346 βαλανείου
3283 1272 3480 1345 κλέψῃ,
3537 1279 3647 1347 etc.
3684 1272 3802 1328 i.e.

2161 1369 2189 1397 ‹‹
2219 1350 2331 1403 Cur
2357 1350 2455 1415 qui
2489 1344 2812 1402 ex'balneis
2845 1344 3073 1401 furatus
3103 1350 3212 1414 est,
3248 1351 3351 1401 aut
3394 1344 3463 1401 ex
3508 1344 3804 1416 palaestra,

2160 1424 2261 1475 aut
2290 1437 2357 1475 ex
2383 1421 2527 1487 foro,
2560 1423 2661 1474 aut
2688 1419 2884 1491 aliquo
2914 1417 3207 1491 ejusmodi
3235 1417 3381 1488 loco,
3416 1422 3602 1491 morte
3652 1416 3806 1491 mul-

2159 1496 2350 1547 ctatur
2381 1508 2394 1547 ε
2431 1492 2529 1563 qui
2555 1497 2749 1547 autem
2786 1489 2854 1547 ex
2878 1492 3050 1546 domo
3083 1489 3319 1561 privata,
3370 1489 3517 1563 furti
3548 1489 3804 1563 pretium

2158 1564 2410 1636 duplum
2439 1558 2757 1636 persolvit?
2787 1585 2815 1613 »
2849 1564 2918 1618 Et
2966 1558 3289 1636 respondet
3321 1579 3334 1617 :
3366 1562 3437 1636 Ἦ
3487 1558 3569 1636 81:1
3620 1558 3669 1636 ἐν
3707 1559 3801 1636 μζν

2155 1632 2274 1708 ταῖς
2307 1632 2503 1695 οἷ’κίοῐις
2533 1632 2787 1708 φυλάξαι,
2819 1641 2924 1708 etc.
2962 1634 3001 1688 i.
3034 1632 3091 1689 ϐξ
3138 1655 3163 1682 ‹‹
3214 1636 3299 1687 An
3334 1633 3473 1704 quia
3520 1633 3579 1689 in
3612 1633 3803 1687 domi-

2156 1707 2267 1762 bus
2300 1725 2421 1763 rem
2455 1706 2749 1763 custodire
2789 1706 2999 1761 melius
3050 1709 3415 1777 possumus?
3444 1710 3585 1760 Nam
3619 1711 3675 1758 et
3705 1720 3806 1775 pa-

2158 1781 2272 1834 ries
2302 1781 2513 1835 ﬁrmus
2542 1785 2597 1834 et
2628 1779 2805 1833 clavis
2837 1784 2944 1844 est,
2973 1782 3028 1832 et
3058 1777 3449 1833 familiaribus
3476 1793 3566 1833 res
3598 1778 3801 1831 dome-

2156 1854 2313 1906 sticae
2346 1868 2499 1907 cura}
2528 1850 2803 1905 omnibus
2834 1855 2995 1919 sunt,
3025 1855 3087 1904 ut
3118 1853 3241 1904 tuto
3273 1852 3597 1905 serventur.
3631 1852 3706 1902 At
3737 1847 3799 1904 in

2157 1922 2399 1991 balneis,
2433 1924 2775 1993 ceaterisque
2820 1921 3067 1990 publicis
3126 1920 3268 1993 locis
3329 1920 3516 1993 facilis
3582 1920 3795 1993 cuique

2154 1995 2429 2051 facinoris
2460 1992 2810 2067 perpetratio
2842 1998 2932 2049 est
2959 2011 2972 2060 ;
3008 1992 3088 2067 nil
3118 1992 3275 2067 enim
3335 1992 3405 2046 ad
3455 1992 3791 2067 custodien-

2156 2067 2296 2121 dum
2329 2063 2496 2133 satis,
2530 2063 2629 2138 qui
2660 2084 2769 2122 sua
2800 2066 3079 2136 posuerit,
3106 2065 3288 2138 habet
3336 2071 3544 2138 praeter
3573 2063 3792 2118 oculos.

2156 2140 2357 2209 Itaque
2390 2136 2637 2194 facultas
2670 2141 2843 2193 datur
2883 2137 3143 2202 furandi,
3173 2136 3443 2209 etiamsi
3488 2138 3792 2206 aspectum

2154 2205 2451 2282 paulisper
2472 2211 2735 2266 devertit.
2771 2210 2953 2273 Quam
2987 2209 3060 2282 ob
3091 2224 3209 2263 rem
3265 2205 3797 2282 legislator,_ratus

2155 2277 2263 2337 sua
2329 2277 2488 2354 ipsos
2555 2282 2851 2337 custodire
2934 2281 3101 2354 satis
3143 2295 3257 2333 non
3335 2277 3560 2354 posse,_
3604 2277 3794 2349 legem

2155 2349 2429 2409 adhibuit
2490 2354 2857 2408 minitantem
2920 2349 3222 2417 acerrime,
3298 2349 3476 2405 vitam
3524 2349 3796 2405 futuram

2156 2427 2397 2490 nemini,
2430 2424 2541 2497 qui
2576 2426 2798 2480 furtum
2823 2422 3101 2497 ‘publicis
3143 2420 3287 2497 locis
3332 2422 3714 2497 commiserit.
3757 2444 3791 2497 _»

2156 2443 2397 2490 nemini,
2430 2442 2529 2497 qm
2576 2440 2798 2480 Iurtum
2891 2440 3101 2478 UDIICIS
3143 2440 3287 2477 IOCIS
3332 2440 3714 2477 commiserit.
3769 2444 3791 2471 ι

2154 2497 2347 2569 Pergit
2378 2496 2586 2552 deinde
2619 2513 2632 2552 :
2666 2500 2783 2549 Ἔτι
2819 2440 2882 2548 δξ
2920 2492 2994 2554 εἷς
3045 2493 3136 2569 μὶν
3197 2491 3294 2569 τὴν
3348 2491 3542 2569 οἰκμίαν,
3594 2498 3703 2549 etc.
3754 2492 3796 2547 i.

2156 2586 2206 2625 e.
2245 2564 2446 2625 «'Item
2487 2570 2545 2623 in
2602 2569 2776 2624 domo
2835 2584 3011 2639 penes
3046 2564 3373 2639 dominum
3414 2566 3624 2639 ipsum
3685 2568 3795 2633 est,

2155 2658 2325 2714 quem
2358 2640 2493 2714 velit
2521 2641 2794 2714 recipere,
2838 2638 2893 2695 et
2920 2638 3012 2714 cui
3062 2638 3259 2693 minus
3300 2638 3514 2714 credat,
3574 2653 3798 2714 cavere.

2153 2709 2226 2768 Ᾰι
2253 2713 2302 2767 ei
2336 2712 2438 2784 qui
2469 2712 2527 2766 in
2572 2709 2798 2767 balneis
2854 2711 3175 2784 quidquam
3214 2712 3436 2784 posuit,
3487 2709 3800 2781 prohibere

2154 2780 2448 2841 neminem
2484 2784 2616 2838 licet
2650 2800 2753 2839 nec
2784 2780 3031 2855 ingredi,
3066 2798 3177 2855 nec
3210 2780 3543 2852 ingressum
3573 2786 3799 2855 vestem

2154 2873 2325 2912 suam
2377 2857 2460 2910 ibi
2516 2856 2824 2926 deponere,
2852 2852 3034 2909 'unde
3074 2853 3480 2926 subrepturus
3536 2853 3632 2922 sit,
3679 2852 3796 2926 sed

2154 2932 2326 3002 prout
2376 2924 2606 3002 libitum
2655 2932 2767 3002 est,
2816 2928 3018 3002 eodem
3067 2925 3129 3002 in
3178 2924 3305 3002 loco
3355 2924 3692 3002 subrepturi
3740 2928 3797 3002 et

2153 2996 2429 3057 amissuri
2455 2998 2710 3071 amicula
2741 2996 3075 3071 promiscue
3106 2998 3325 3068 jacent.
3359 3017 3388 3047 »
3417 2996 3597 3071 AUnde
3642 3000 3795 3050 recte

2153 3071 2421 3128 concludi
2454 3068 2881 3142 gravissimam
2925 3085 3050 3125 esse
3108 3085 3382 3142 pmnam__
3400 3068 3609 3123 debere
3661 3082 3789 3137 quae

2153 3160 2366 3200 manus
2400 3138 2624 3198 furaces
2655 3142 2753 3197 illo
2783 3141 2841 3197 in
2868 3140 2993 3197 loco
3025 3138 3305 3197 coerceat.
3336 3138 3478 3197 HAV.

2220 3216 2331 3287 (58)
2376 3215 2594 3284 Semper
2638 3222 2829 3287 aestuat
2874 3229 3077 3269 carcer.
3129 3212 3207 3266 Ex
3248 3214 3446 3267 nostro
3498 3209 3790 3266 Minucius

399 3269 724 3371 ξξξζᾶέτῖλνβν
775 3269 856 3345 ἷεῷ
889 3269 1221 3371 ᾼβαλαῦείαζ,
1252 3275 1385 3371 ἐΕτϐ
1444 3271 1806 3345 ἀλειμμάτιον
1946 3269 2034 3371 ἐπ’

404 3366 430 3371 ..
515 3367 531 3371 -
600 3366 785 3371 .-μ-.-μ
816 3365 827 3371 -
864 3347 876 3371 ξ
955 3354 1038 3371 ..-Δ
1065 3364 1075 3371 .
1229 3348 1238 3371 ε
1295 3365 1391 3371 -..-
1424 3347 1909 3371 --.ιι-ιξ-νιη.ιιιΑ-..ε-νι
1970 3362 2001 3371 .-

2153 3269 2353 3356 p.‘/iO':
2390 3309 2416 3337 ‹‹
2454 3269 2708 3357 Drnique
2738 3286 2808 3371 d‘e
2838 3290 3301 3371 ves'trqlnumero
3334 3297 3794 3371 semper'carcer

399 3342 538 3400 ἄλλο
570 3342 786 3418 ἱμάτιον
816 3342 840 3413 ;’
864 3342 928 3401 Μ’
953 3354 1076 3401 est:
1113 3370 1140 3396 «
1176 3347 1393 3401 Videas
1424 3342 1912 3418 vesti’montornm
1946 3347 2033 3398 fu-

394 3435 514 3474 rem
550 3417 606 3473 in
641 3419 887 3486 balneis,
922 3423 1095 3489 Num,
1132 3419 1347 3490 inquit,
1381 3421 1449 3473 ad
1481 3417 1928 3489 unguentulum,
1963 3434 2036 3471 an

393 3507 526 3546 vero
557 3492 627 3546 ad
662 3491 818 3547 aliud
851 3493 1266 3546 vestimentum
1291 3492 1318 3546 ?
1348 3515 1368 3543 ι)
1408 3492 1614 3546 Noster
1647 3491 1712 3544 de
1740 3490 1871 3544 Idol.
1907 3504 1956 3543 c.
1980 3490 2033 3543 5:

394 3584 421 3613 «
455 3565 635 3618 Credo
663 3570 720 3618 et
751 3566 907 3617 fures
938 3562 1271 3618 balnearios
1303 3564 1578 3618 manibus
1608 3562 1732 3617 suis
1764 3562 1970 3615 vivere.
2008 3582 2035 3609 ››

393 3640 450 3690 et
483 3641 563 3690 De
585 3640 718 3706 fuga
745 3637 803 3690 in
831 3637 1041 3689 Per-sec.
1076 3651 1203 3705 cap.
1241 3637 1305 3689 13
1340 3652 1351 3689 :
1390 3656 1417 3685 «
1469 3635 1621 3689 Inter
1673 3632 2036 3706 tabernarios

390 3711 448 3761 et
481 3705 665 3761 lanios
688 3713 745 3762 et
775 3708 931 3761 fures
955 3706 1297 3761 balnearum
1326 3712 1383 3762 et
1406 3706 1638 3762 aleones
1662 3714 1717 3760 et
1739 3705 2030 3760 lenones.-

390 3778 586 3852 Gloss.
614 3780 730 3833 Fur
760 3779 1092 3852 balnearius
1142 3775 1609 3852 βαλανοκλξπῖης.
1660 3779 1727 3852 Et
1774 3777 1889 3831 huc
1919 3778 2033 3852 for-

396 3866 499 3905 san
531 3850 674 3906 illud
705 3850 1113 3922 Aristophanis
1142 3846 1389 3921 'spectat
1434 3850 1493 3904 in
1547 3851 1733 3918 Ranis,
1770 3853 1893 3904 Act.
1936 3846 2032 3919 IV,

388 3926 477 3978 Sc.
516 3938 575 3977 11.

796 4004 1026 4079 κάκϐὰς,
1056 4009 1178 4064 τινὰ
1208 4005 1618 4078 λωποδυτῆσαι.

386 4136 425 4192 i.
468 4151 517 4191 e.
554 4158 582 4186 ‹‹
636 4137 701 4191 Et
756 4153 1030 4208 egressus
1088 4136 1342 4207 aliquem
1403 4135 1617 4192 vestitu
1657 4133 1946 4208 spoliare.
2001 4152 2029 4182 ››

388 4208 682 4274 Qusmodo
714 4206 869 4279 apud
902 4206 1236 4264 Petronium
1268 4209 1615 4262 inducituru
1646 4206 1884 4279 Juvenis
1918 4221 2031 4260 nu-

387 4282 522 4345 dus,
555 4281 653 4351 qui
684 4278 1034 4336 vestimenta
1065 4281 1416 4352 perdiderat.
1442 4278 2033 4352 anretiosioremque

390 4349 661 4407 ornatum
717 4353 1004 4425 depretiat
1053 4349 1250 4425 etiam,
1281 4352 1421 4425 inde
1469 4350 1937 4425 Chrysostomus
1970 4349 2035 4405 de

393 4425 744 4496 Virginitale,
776 4421 1055 4495 quoniam
1090 4446 1118 4473 ‹‹
1153 4429 1210 4479 et
1240 4424 1297 4496 in
1332 4422 1559 4479 balneis
1592 4421 1799 4495 praesto
1830 4421 1948 4478 sint
1978 4425 2035 4476 et

390 4496 451 4551 in
484 4496 721 4567 templis
752 4496 1031 4552 mulieres
1077 4513 1203 4567 quis
1235 4495 1404 4551 illum
1465 4496 1753 4550 furentur.
1790 4515 1818 4544 «
1862 4497 2037 4564 Coge-

390 4568 609 4623 bantur
638 4569 836 4640 itaque
867 4568 1145 4624 lautiores
1176 4584 1376 4623 secum
1409 4568 1696 4622 abducere
1744 4570 2035 4633 servatos,

393 4641 489 4712 qui
524 4648 823 4697 servarent
854 4645 1057 4709 vestes,
1092 4640 1399 4708 Martialis,
1431 4657 1528 4707 xu,
1561 4640 1635 4694 70
1666 4656 1679 4697 :

484 4738 670 4788 Linteo
700 4752 797 4801 pro
825 4737 1179 4801 variisqferret
1206 4751 1326 4787 cum
1357 4736 1579 4786 vernula
1609 4750 1800 4800 nuper,

578 4800 642 4851 Et
670 4800 832 4865 supra
862 4800 1096 4864 togulam
1128 4800 1275 4851 lusca
1305 4801 1516 4850 sederet
1542 4813 1696 4849 anus.

397 4900 635 4957 Ovidius
668 4900 770 4956 lib.
806 4917 870 4955 III
900 4899 967 4956 de
990 4901 1118 4957 Arte
1144 4900 1384 4956 Amandz‘
1411 4915 1581 4957 versu
1612 4900 1718 4955 539
1749 4915 1764 4957 :

488 5018 635 5079 Cum,
668 5015 890 5065 custode
922 5015 1051 5065 foris
1080 5015 1321 5079 tunicam
1350 5018 1594 5066 servante
1624 5016 1837 5079 puellae,

613 5078 831 5129 Certent
861 5080 1088 5129 furtivos
1115 5078 1313 5129 balnea
1342 5079 1507 5129 multa
1529 5078 1699 5143 jocos.

396 5186 622 5253 Quibus
653 5203 734 5242 vsa
766 5185 1227 5255 miseris,minus
1261 5185 1465 5241 sedulo
1496 5186 1544 5241 si
1572 5186 2045 5242 custodientibus

398 5259 616 5329 aliquid
648 5275 776 5315 esse
823 5258 1110 5315 ablatum.
1166 5258 1308 5313 Hinc
1358 5275 1561 5314 servus
1610 5259 1706 5315 ille
1757 5258 2047 5315 Petronia-

397 5349 531 5395 nus,
565 5348 692 5403 cap.
725 5332 795 5386 30
827 5347 839 5384 :
875 5354 902 5380 ‹‹
937 5330 1301 5402 Dispoliatus
1335 5332 1648 5401 procubuit
1678 5338 1813 5387 ante
1843 5333 2044 5402 pedes,

401 5410 454 5459 et
489 5402 690 5475 rogare
722 5402 895 5473 coepit
920 5409 986 5457 ut
1014 5419 1076 5458 se
1108 5420 1287 5473 poenae
1322 5404 1683 5474 eriperemus
1717 5420 1729 5457 :
1763 5419 1869 5459 nec
1923 5420 2047 5458 ma-

397 5493 576 5547 gnum
610 5492 740 5529 esse
772 5480 1091 5547 peccatum,
1111 5490 1285 5529 suum
1318 5481 1553 5546 propter
1591 5476 1748 5546 quod
1811 5476 2047 5546 pericli-

398 5546 641 5602 taretur.
675 5547 973 5602 Subducta
1003 5546 1159 5602 enim
1192 5548 1546 5602 vestimenta
1576 5548 1686 5601 sibi
1740 5548 2048 5618 dispensa—

400 5620 546 5675 toris
583 5620 639 5674 in
668 5619 876 5674 balneo
909 5619 1001 5673 vix
1035 5618 1285 5672 fuissent
1312 5636 1366 5672 x.
1400 5619 1511 5674 HS.
1548 5642 1576 5669 »
1613 5618 1714 5673 Ubi
1767 5620 1914 5675 adde
1946 5636 2048 5673 nos

404 5696 525 5746 tam
562 5690 893 5749 Wouwerii.
947 5690 1397 5763 Deponebantur
1442 5691 1529 5746 hie
1575 5696 1765 5746 vestes
1816 5692 1878 5747 in
1909 5707 2052 5762 apo-

410 5763 653 5834 dyterio,
689 5760 1046 5835 furtumque
1074 5760 1265 5832 capite
1307 5763 1682 5835 puniebatur,
1736 5766 1801 5835 ut
1825 5760 2055 5819 constat

407 5850 478 5891 ex
508 5835 676 5892 libris
704 5835 997 5893 JCtorum.
1031 5835 1336 5892 Rationem
1374 5834 1475 5891 dat
1513 5834 1852 5892 Aristoteles
1883 5835 2053 5906 cujus

2149 3354 2445 3414 exaestuat.
2498 3380 2527 3405 »
2567 3354 2809 3413 Tertull.
2868 3358 2946 3412 Ad
3000 3357 3157 3412 Mart.
3215 3354 3524 3428 cap.1:’-r
3568 3354 3792 3428 Domus

2150 3431 2387 3501 quidem
2439 3428 2654 3485 diaboli
2719 3433 2911 3501 estet
2954 3443 3170 3495 carcer,
3220 3425 3445 3501 in'qua
3508 3425 3792 3501 familiam

2149 3498 2315 3557 suam
2350 3503 2628 3557 continet.
2666 3523 2692 3550 »
2723 3502 2793 3555 Et
2830 3500 3049 3555 ibidem
3103 3516 3151 3554 c.
3211 3502 3264 3569 2,
3327 3498 3468 3553 dicit
3522 3500 3788 3569 exspirat,

2148 3575 2302 3645 quod
2337 3573 2429 3627 hic
2475 3577 2674 3629 aestuat
2710 3589 2721 3627 :
2754 3596 2782 3624 «
2814 3572 2997 3627 Triste
3054 3570 3172 3645 illic
3224 3571 3504 3645 exspirat,
3554 3570 3652 3645 sed
3689 3586 3788 3645 vos

2148 3641 2290 3701 odor
2320 3646 2462 3699 estis
2494 3646 2821 3700 suavitatis.
2857 3666 2886 3693 «
2917 3648 3065 3698 Nota
3098 3644 3187 3698 hic
3220 3641 3405 3699 electa
3436 3643 3494 3697 in
3540 3641 3788 3712 singulis

2145 3719 2321 3773 verba
2351 3722 2404 3771 et
2443 3734 2734 3772 summam
2769 3716 3025 3771 auctoris
3055 3732 3278 3771 curam.
3310 3714 3450 3771 Hav.

2218 3789 2574 3870 (SQLMetalla
2602 3790 2920 3870 suspirant.
2947 3787 3271 3870 admodum
3290 3859 3303 3870 ‘
3322 3788 3554 3870 proprio
3594 3783 3785 3870 loq‘ui-

2144 3856 2256 3915 tur.
2309 3856 2512 3915 Gravis
2559 3856 2714 3916 enim
2755 3859 2864 3915 iste
2905 3858 3090 3924 labor,
3145 3863 3201 3915 et
3249 3856 3347 3913 ubi
3394 3856 3509 3929 prae
3542 3856 3783 3912 lassitu-

2145 3933 2278 3988 dine
2308 3932 2511 3987 crebra
2556 3933 2853 3988 ducuntur
2898 3930 3174 4003 suSpiria.
3210 3930 3587 4003 Describitur
3616 3944 3787 4003 paena

2141 4004 2258 4060 ista
2284 4020 2315 4057 a
2340 4004 2566 4074 Plauto,
2601 4005 2814 4059 Paenul.
2847 4004 2944 4072 IV,
2986 3998 3049 4074 1i,
3081 4003 3115 4056 8
3146 4019 3159 4071 ;
3193 4001 3404 4074 Captiv.
3455 4000 3553 4070 III,
3601 3998 3658 4070 v,
3689 3998 3781 4067 65,

2142 4081 2199 4132 et
2226 4076 2548 4147 praesertim
2576 4076 2646 4143 V,
2678 4093 2754 4145 IV,
2788 4076 2814 4132 1
2851 4090 2866 4131 :

2232 4191 2350 4243 Vidi
2380 4206 2478 4253 ego
2514 4193 2684 4244 multa
2711 4206 2854 4256 saepe
2886 4192 3043 4255 picta,
3074 4204 3193 4253 quas
3220 4189 3511 4256 Acherunti
3538 4188 3727 4238 ﬁerent

2233 4256 2605 4306 Cruciamenta
2637 4271 2649 4317 ;
2680 4253 3186 4306 verum'enimvero
3233 4254 3382 4303 nulla
3433 4253 3654 4315 adatque
3710 4253 3791 4301 est

2239 4318 2668 4443 Α’ῗξξὲΐῗιῗῗέεο
2703 4379 2780 4430 fui
2809 4380 2865 4429 in
2895 4377 3213 4442 lapidicinis.
3233 4377 3343 4428 Illic
3370 4377 3443 4428 ibi
3473 4376 3690 4427 demum
3711 4378 3793 4425 est

2240 4443 2546 4556 llgbore
2577 4504 2840 4555 lassitudo
2871 4504 3020 4554 omni
3055 4502 3121 4554 ’st
3149 4502 3422 4567 exigunda
3454 4517 3520 4553 ex
3548 4515 3792 4566 corpore.

2148 4616 2217 4667 Et
2273 4612 2355 4668 sic
2410 4612 2694 4684 agricolas
2766 4612 2915 4667 duro
2972 4611 3170 4667 labore
3249 4610 3527 4681 fatigatos
3611 4609 3792 4684 etiam

2068 4686 2115 4751 D
2145 4687 2432 4757 suspirare
2452 4682 2608 4741 'facit
2650 4684 2978 4753 Lucretius,
3030 4685 3201 4755 cujus
3245 4691 3383 4739 sunt
3432 4699 3637 4739 versus
3669 4682 3788 4748 ,lib.

2148 4774 2211 4827 ιι,
2246 4758 2404 4812 1163.

2240 4874 2463 4937 Jamque
2494 4875 2654 4936 caput
2683 4886 2944 4937 quassans
2976 4872 3197 4936 grandis
3230 4873 3461 4937 suspirat
3493 4876 3673 4937 arator

2243 4936 2488 4986 Crebrius
2518 4935 2786 4987 incassum
2817 4935 3073 5000 magnum
3103 4935 3356 4987 cecidisse
3383 4935 3638 4986 laborem.
3665 4935 3799 4986 ΗΜ.

2226 5044 2338 5115 (60)
2371 5045 2570 5101 Bestiae
2597 5045 2960 5115 saginanlur.
2995 5049 3105 5099 Pro
3153 5061 3365 5115 semper
3411 5044 3577 5101 Fuld.
3625 5043 3801 5099 habet

2154 5118 2323 5189 etiam
2348 5133 2547 5189 prave.
2576 5117 2862 5188 Loquitur
2904 5118 2999 5189 de,
3029 5116 3148 5171 illis
3194 5118 3294 5189 qui
3327 5118 3397 5173 ob
3456 5116 3666 5172 delicta
3697 5116 3797 5189 be-

2156 5188 2285 5243 stiis
2316 5187 2404 5243 vel
2436 5187 2885 5259 objicieb’antur,
2915 5187 3003 5242 vel
3036 5205 3169 5244 cum
3204 5187 3322 5243 illis
3355 5205 3613 5260 pugnare
3637 5187 3803 5260 jube-

2156 5261 2390 5315 bantur.
2429 5258 2681 5332 InSignis
2712 5260 3031 5332 crudelitas
3064 5260 3334 5330 Caligulae
3359 5258 3435 5315 'et
3467 5258 3806 5332 inhumani:

2157 5338 2248 5388 tas
2284 5338 2516 5388 notatur
2546 5330 2579 5387 ὁ.
2623 5333 2898 5388 Suetonio
2952 5331 3053 5386 lib.
3098 5349 3175 5400 ιν,
3226 5350 3275 5387 c.
3309 5334 3424 5386 27:
3466 5351 3489 5379 α
3540 5332 3685 5387 Cum
3733 5330 3806 5385 ad

2159 5405 2425 5475 saginam
2478 5406 2731 5460 ferarum
2801 5403 3027 5459 muneri
3089 5408 3546 5475 praeparatarum
3615 5401 3809 5457 carius

2161 5479 2413 5548 pecudes
2444 5484 2941 5548 compararentur,
2975 5492 3043 5548 ex
3075 5476 3264 5532 noxiis
3289 5475 3598 5548 laniandos
3629 5476 3809 5548 adno-

2160 5546 2324 5604 tavit.
2358 5570 2385 5599 »
2421 5549 2531 5604 Sed
2566 5546 2879 5605 Christiani
2911 5547 3085 5602 etiam
3120 5548 3190 5601 ad
3240 5546 3478 5605 metalla
3524 5547 3810 5615 damnati,

2161 5621 2369 5676 bestiis
2402 5622 2634 5693 objecti.
2690 5620 3224 5693 Respondeo,gnou
3274 5636 3529 5693 semper,
3578 5620 3803 5675 habue-

2162 5698 2301 5765 runt
2329 5690 2489 5749 enim
2520 5693 2735 5765 saepius
2763 5690 2963 5765 pacem
2994 5690 3105 5747 sub
3154 5691 3631 5765 imperatoribus.
3676 5696 3809 5765 _Non

2162 5781 2229 5848 eo
2256 5764 2468 5848 elogio,
2502 5762 2680 5848 etiam
2713 5762 2946 5837 objecti,
2976 5779 3089 5836 quo
3142 5762 3361 5832 sicarii,
3411 5762 3808 5823 manticularii

2162 5840 2221 5893 et
2249 5836 2497 5893 similes.
2534 5838 2668 5893 ΗΑν.
