4264 6410
393 370 513 430 569

1500 369 2096 433 APOLOGETICUS
2140 371 2323 432 ADV.
2373 370 2700 433 GENTES.

3688 373 3808 436 570

392 501 547 560 504
579 499 843 557 omnium
892 500 1123 557 cecinit.
1170 501 1213 557 Ο
1260 500 1588 575 Apollinem
1637 502 2038 559 inconsidera-
2070 505 2125 571 Α
2156 502 2276 571 dit;
2312 505 2409 575 qui
2444 509 2635 559 autem
2669 504 2963 560 adulterat
3009 507 3065 559 et
3113 506 3363 573 affectat,
3411 504 3520 560 hoc
3550 506 3805 563 maxime

391 597 516 647 tum
544 590 556 646 Ι
591 589 890 662 sapientiae
922 590 1326 646 testimonium
1376 592 1630 647 reddidit
1687 592 1739 647 ei
1771 592 1913 661 viro,
1942 591 2041 663 qui

393 680 641 752 negabat
689 680 829 735 deos
873 695 1022 736 esse.
1070 682 1131 735 in
1187 685 1475 753 quantum
1527 682 1728 737 odium
1760 683 1804 715 ³³
1836 682 2044 753 ﬂagrat

389 770 622 837 veritas,
649 768 709 826 in
738 772 969 825 tantum
1002 770 1103 842 qui
1153 786 1280 827 eam
1330 786 1397 826 ex
1459 771 1569 827 ﬁde
1601 776 1831 843 praestat
1862 772 2041 826 oﬂ‘en-

2153 593 2391 647 nomine
2420 592 2665 663 gratiam
2694 592 2895 664 pangit
2924 594 3078 664 apud
3104 594 3484 648 insectatores
3517 593 3804 656 veritatis.

2152 680 2289 751 (qua
2321 685 2375 734 et
2400 680 2668 734 illuseres
2691 684 2746 735 et
2776 685 3201 750 contemptores
3218 678 3803 752 3“.Mimico(7li)phi-

2149 768 2381 842 losophi
2411 768 2685 824 ail'ectant
2714 768 3015 825 veritatem
3037 768 3374 826 505-501
3403 772 3459 824 et
3479 768 3802 824 affectando

1939 872 2013 931 iae
2040 871 2364 931 lectiones.

1812 872 2013 933 Varias

462 968 510 1003 ³²
540 967 703 1035 Odio,
738 968 904 1042 Kron.
935 968 1118 1042 Poris.
1194 967 1241 1003 ⁸³
1273 968 1365 1037 νυ,
1395 967 1561 1023 undis
1590 968 1803 1025 inclusa
1830 977 1881 1026 et
1903 986 1982 1042 sq.
2016 985 2040 1025 ῑ

2150 871 2364 931 ﬁones.

2150 968 2252 1024 iice
2281 968 2480 1026 delevit
2506 966 2771 1039 Rig.Cod.
2805 966 2974 1039 Lugd.
3008 984 3188 1041 quam
3222 966 3547 1023 inclusores
3580 968 3638 1023 et
3671 982 3802 1023 cor-

392 1045 688 1113 ruptores,
714 1040 795 1095 al.
827 1056 945 1111 qua
974 1037 1243 1097 illusores
1273 1046 1331 1097 et
1358 1045 1752 1113 corruptores.

1838 1138 2360 1203 Commentarios.

387 1243 743 1317 obvolverat,
765 1243 918 1315 quod
943 1242 1175 1317 quidem
1199 1244 1475 1300 ultimum
1500 1246 1627 1317 ejus
1648 1244 1883 1301 effatum
1911 1246 2039 1301 fuit.

384 1319 429 1372 Ο
458 1317 633 1390 Crito,
681 1316 892 1387 inquit,
935 1315 1489 1390 gallumdebemus
1532 1315 1892 1390 VIEsculapio.
1923 1318 2041 1373 Vos

388 1388 717 1461 persolvite,
752 1388 1265 1461 nequenegligite.
1299 1408 1325 1440 ι
1364 1388 1527 1444 Unde
1560 1388 1851 1445 Lucianus
1884 1407 2038 1445 mor-

386 1457 556 1533 tuum
590 1459 729 1533 dicit
760 1457 1027 1531 ne'gallo
1051 1457 1295 1533 quidem
1324 1460 1657 1533 rEsculapio
1689 1461 1986 1533 persoluto
2022 1479 2035 1517 :

385 1532 571 1603 ’Ἒξπιεν
628 1527 814 1603 ἄθλιρς
857 1527 977 1603 {cui
1017 1527 1267 1603 amvsloo,
1322 1532 1396 1602 μὴ
1457 1530 1513 1585 δὲ
1561 1527 1651 1585 ’ἱὸν
1690 1527 2042 1603 ’ἀλεκτρυόνα

382 1600 462 1688 ἰῷ
494 1600 817 1688 ᾊσκλητςίῳ
842 1598 1331 1688 έιποδςδφδξὼςέςᾳζ
1354 1675 1367 1688 ‘
1388 1605 1563 1688 verba
1612 1606 1740 1688 ejus
1798 1598 1937 1688 sunt
1982 1606 2039 1659 in

385 1675 483 1731 Bis
511 1678 813 1747 Accusato.
842 1675 1091 1747 inquirit
1111 1676 1168 1729 in
1192 1675 1331 1731 dicti
1354 1675 1533 1747 hujus
1556 1678 1839 1731 rationem
1860 1676 2042 1747 Theo-

387 1746 748 1821 d_oretus_Gr.
780 1746 886 1821 A/f,
931 1745 1073 1801 Dur.
1129 1747 1186 1801 d.
1232 1748 1363 1821 7109,
1413 1745 1467 1803 et
1516 1748 1762 1803 scribit:
1798 1748 1936 1821 Ἐγὼ
1985 1745 2042 1801 δὲ

387 1817 657 1893 οἷμριικαὶ
695 1817 1014 1893 Σωκράτη-ν,
1067 1820 1365 1893 θιεηὶχ-β.
1418 1842 1442 1869 ς(
1495 1821 1612 1893 Ego
1670 1817 1879 1893 autem
1903 1827 2040 1891 puto

386 1894 445 1945 et
474 1890 801 1963 Socratem,
818 1889 1210 1963 :Sophronisci
1247 1889 1454 1963 tilium,
1496 1889 1789 1946 immolari
1816 1889 2038 1963 gallum

381 1963 661 2033 jussisse,
687 1968 749 2017 ut
772 1961 1001 2035 illatum
1025 1962 1245 2018 crimen
1278 1962 1598 2029 refelleret;
1623 1961 1843 2035 quippe
1862 1981 2037 2035 quem

382 2036 610 2105 Anytus
641 2040 699 2089 et
732 2034 959 2107 Melitae
982 2040 1047 2089 ut
1068 2050 1198 2107 esse
1214 2035 1364 2107 deos
1386 2034 1783 2107 abnagantem’
1809 2034 2034 2090 detule-

386 2112 538 2161 rant.
576 2128 603 2155 ››
635 2110 777 2161 Cum
810 2106 940 2173 hoc,
972 2112 1099 2161 tum
1150 2105 1266 2161 alia
1310 2105 1563 2162 Socratis
1618 2107 2032 2176 Tertullianus,

382 2177 562 2250 rid.in
587 2177 687 2232 lib.
713 2178 778 2231 de
798 2180 1015 2243 Anima,
1035 2193 1161 2246 cap.
1188 2180 1211 2231 1
1239 2194 1297 2232 ;‹‹
1313 2179 1473 2242 Quod
1500 2179 1548 2233 si
1566 2178 1781 2233 idcirco
1802 2179 2033 2250 sapien-

380 2248 652 2332 tissimus
681 2254 945 2331 Socrates
982 2250 1306 2332 secundum
1339 2250 1525 2332 Pythii
1559 2266 1790 2332 quoque
1821 2248 2038 2332 daamo-

381 2321 475 2376 nis
517 2321 883 2391 suffragium,
935 2320 1159 2376 scilicet
1207 2320 1507 2392 negotium
1554 2320 1822 2376 navantis
1879 2324 2035 2378 socio

380 2408 509 2459 suo,
539 2399 752 2464 quanto
784 2392 1015 2464 dignior
1057 2396 1233 2464 atque
1280 2393 1621 2449 constantiae
1672 2393 2035 2459 Christianae,

383 2472 557 2536 atque
614 2465 914 2536 sapientiae
973 2466 1241 2527 assertio,
1297 2466 1466 2536 cujus
1524 2465 1751 2520 ai'ilatui
1800 2470 1921 2520 tota
1952 2466 2036 2521 vis

384 2537 714 2592 daemonum
739 2536 933 2591 cedit?
953 2536 1083 2592 Haec
1112 2537 1399 2608 sapientia
1427 2538 1498 2592 de
1528 2536 1725 2593 schola
1747 2537 1872 2591 cceli
1899 2540 2037 2593 deos

387 2608 627 2681 quidem
659 2608 853 2681 szeculi
887 2625 1098 2681 negare
1130 2609 1389 2664 liberior‘
1425 2626 1552 2681 quae
1583 2608 1813 2663 nullum
1844 2610 2034 2665 1Escu-

384 2678 538 2752 lapio
569 2678 1155 2753 gallinaceum—reddi
1199 2681 1419 2751 jubens
1443 2678 1898 2752 _prtevaricetur,
1933 2698 2037 2737 nec

386 2769 531 2824 nova
563 2752 821 2807 inferens
851 2752 1158 2824 daemonia,
1193 2754 1294 2807 sed
1319 2758 1512 2808 vetera
1542 2753 1839 2824 depellens
1887 2771 1900 2808 :
1934 2770 2038 2809 nec

382 2822 839 2879 adolescentiam
872 2823 1111 2890 vitians,
1143 2825 1243 2879 sed
1276 2825 1433 2879 omni
1496 2822 1643 2880 bono
1674 2825 1915 2896 pudoris
1944 2826 2037 2881 in-

382 2896 669 2958 formans,
737 2895 983 2964 ideoque
1042 2912 1157 2949 non
1218 2895 1394 2950 unius
1480 2895 1690 2963 urbis,
1737 2897 1836 2950 sed
1906 2897 2038 2951 uni-

382 2966 536 3037 versi
567 2965 725 3037 orbis
758 2966 1023 3036 iniquam
1065 2966 1414 3021 sententiam
1464 2968 1768 3037 sustinens
1799 2983 1901 3037 pro
1933 2985 2037 3023 no-

389 3036 546 3108 mine
593 3036 879 3102 veritatis,
927 3042 1091 3091 tanto
1135 3037 1358 3092 scilicet
1400 3036 1772 3107 operosioris,
1820 3044 2039 3108 quanto

394 3106 698 3179 plenioris,
733 3112 790 3163 et
838 3112 903 3162 ut
955 3113 1203 3163 mortem
1254 3126 1368 3164 non
1415 3109 1485 3163 de
1525 3108 1730 3178 poculo
1780 3106 1883 3178 per
1938 3111 2039 3164 ha-

388 3180 579 3234 bitum
627 3179 1023 3248 jucunditatis
1079 3180 1406 3245 abst-rbeat,
1440 3182 1540 3234 sed
1574 3181 1645 3237 de
1692 3179 1954 3251 patibulo
1985 3185 2042 3236 et

383 3250 806 3322 vivicomburio
887 3267 990 3321 per
1062 3268 1236 3307 omne
1313 3251 1615 3322 ingenium
1677 3252 2040 3308 crudelitatis

386 3321 716 3388 exhauriat,
774 3323 996 3378 interea
1053 3322 1111 3377 in
1170 3323 1282 3378 isto
1341 3321 1738 3379 te’nebrosiore
1811 3341 2039 3380 carcere

378 3393 569 3451 Iaculi
612 3364 769 3448 int’er
824 3410 962 3449 suos
1016 3395 1261 3450 Cabetas
1312 3400 1369 3450 et
1416 3412 1554 3450 suos
1610 3394 1956 3461 Phasdonas,
1989 3397 2039 3452 si
2071 3363 2114 3431 C

382 3465 525 3539 quid
559 3465 630 3519 de
659 3465 1350 3539 animaexaminandum
1390 3472 1500 3539 est,
1533 3466 1605 3521 ad
1665 3467 1767 3539 Dei
1817 3468 2051 3539 regulas

379 3536 613 3610 dirigat.
639 3560 675 3610 γ»
708 3536 1124 3609 Degallinaceo
1146 3542 1334 3610 tangit
1358 3538 1534 3593 etiam
1568 3540 1626 3592 in
1678 3537 1779 3594 lib.
1829 3536 1909 3595 de
1951 3539 2050 3596 Co-

380 3609 518 3666 rona
547 3609 791 3675 Millitis,
818 3626 942 3681 cap.
981 3611 1047 3683 10
1080 3627 1094 3665 ε
1131 3632 1158 3661 ‹‹
1188 3609 1334 3665 Nam
1362 3616 1419 3683 et
1447 3626 1552 3683 ego
1607 3609 1755 3683 mihi
1802 3611 2048 3683 gallina-

382 3697 546 3737 ceum
585 3686 921 3746 macto,non
944 3682 1142 3753 minus
1164 3698 1341 3753 quam
1363 3682 1694 3753 {Esculapio
1722 3682 2042 3739 Socrates.-

382 3753 772 3809 Vehementer
796 3769 930 3808 vero
949 3752 1348 3810 Theodoretus
1364 3754 1503 3808 dum
1552 3752 1791 3810 causam
1841 3757 2048 3812 Socra-

384 3825 483 3881 tici
514 3824 817 3897 gallinacei
850 3824 1106 3896 Apollini
1128 3826 1474 3882 immolandi
1514 3832 1833 3895 scrutatur,
1867 3833 2042 3884 errat.

386 3896 535 3952 Nam
560 3896 958 3953 Tertullianus
990 3902 1208 3963 noster,
1243 3899 1340 3969 qui
1374 3898 1524 3954 scire
1557 3900 1767 3968 potuit,
1802 3902 1870 3954 ad
1903 3916 2041 3955 cau-

383 3985 510 4023 sam
543 3986 711 4024 suam
733 3969 997 4024 detorsit.
1038 3970 1314 4025 Solebant
1343 3987 1475 4025 vero
1506 3970 1722 4037 gallum
1755 3970 1840 4025 vel
1872 3972 2039 4037 galli-

382 4057 629 4114 naceum
662 4040 745 4095 illi
777 4041 890 4114 qui
909 4058 978 4095 ex
1007 4044 1211 4096 morbo
1243 4059 1307 4097 se
1343 4046 1679 4114 receperant
1707 4040 2038 4114 [Esculapio

381 4113 707 4184 immolare,
742 4113 1173 4184 quodapparet
1197 4131 1265 4168 ex
1296 4113 1600 4183 sculptura
1628 4130 1867 4179 gemmae
1901 4113 2041 4169 Ger-

380 4183 596 4240 lieame.
658 4185 846 4248 Quare
902 4183 1230 4240 ille’etiam
1294 4185 1353 4239 in
1414 4184 1738 4241 Chouliana
1794 4186 2037 4240 notabili

382 4257 698 4329 admodum
722 4255 913 4327 gallus
929 4256 1275 4329 adjungitur
1294 4258 1448 4312 inter
1468 4261 1673 4311 caatera
1694 4262 2038 4314 ornamenta

381 4346 507 4400 quas
529 4328 619 4400 ita
649 4328 959 4400 descripsit
988 4328 1201 4384 Sextus
1231 4329 1541 4400 Pompeius
1576 4332 1779 4384 Festus
1810 4332 1866 4384 in
1898 4346 2037 4385 voce

378 4399 593 4460 Insula.
630 4421 658 4449 «
692 4400 751 4454 in
784 4399 982 4455 insula
1010 4400 1342 4472 Esculapio
1375 4399 1527 4457 facta
1551 4401 1701 4455 aedes
1730 4401 2035 4471 fuit,quod

379 4472 578 4544 aegroti
612 4489 644 4527 a
676 4472 922 4527 medicis
955 4489 1110 4543 aqua
1140 4474 1392 4528 maxime
1424 4476 1849 4528 sustententur.
1872 4475 2036 4543 Ejus-

380 4545 512 4599 dem
556 4560 697 4616 esse
733 4545 921 4599 tutela
952 4546 1294 4611 draconum,
1324 4546 1479 4615 quod
1511 4544 2031 4616 vigilantissimum

380 4617 459 4675 sit
486 4614 861 4686 animal,quaa
890 4633 979 4672 res
1013 4617 1081 4670 ad
1105 4618 1279 4672 tuend
1292 4614 1383 4672 am
1408 4614 1801 4671 valetudinem
1834 4618 2033 4687 aegroti

381 4688 635 4743 maxime
665 4692 800 4758 apta
831 4692 939 4742 est.
986 4688 1170 4744 Canes
1219 4689 1573 4745 adhibentur
1615 4690 1743 4760 ejus
1791 4689 2029 4760 templo,

381 4760 538 4832 quod
570 4760 620 4815 is
652 4744 933 4816 uberibus
962 4760 1124 4815 canis
1156 4760 1232 4816 sit
1252 4744 1530 4816 nutritus.
1560 4744 1837 4816 Bacillum
1872 4744 2047 4817 habet
2075 4744 2121 4809 D

381 4833 856 4904 nodosum,quod
877 4832 1282 4888 difﬁcultatem
1316 4833 1610 4904 signiﬁcat
1640 4833 2035 4890 artis.Laurea

382 4910 715 4968 coronatur,
766 4905 922 4977 quod
966 4921 1033 4961 ea
1053 4905 1226 4977 arbor
1247 4904 1630 4977 plurimorum
1655 4905 1732 4960 sit
1754 4906 2036 4962 remedio-

383 4982 531 5032 tum.
569 4977 711 5031 Huic
742 4976 969 5046 gallinaa
1011 4976 1412 5034 immolantur.
1468 5001 1490 5027 ι
1536 4978 1698 5034 Certe
1730 4993 1909 5048 quare
1946 4978 2034 5033 illi

383 5048 602 5119 gallum
656 5048 948 5121 immolari
1001 5048 1251 5104 voluerit
1299 5054 1563 5105 Socrates
1606 5053 1787 5120 patet,
1834 5055 2034 5121 utpote

382 5121 477 5192 qui
496 5121 620 5191 jam
645 5120 1036 5176 convaluisset
1060 5122 1419 5192 primum.ad
1443 5121 1743 5178 meliorem
1766 5120 1942 5178 vitam
1967 5140 2035 5178 ex

383 5195 606 5248 caduca
655 5192 763 5246 hac
808 5196 866 5248 et
911 5193 1180 5248 morbida
1210 5194 1630 5265 emigraturus,
1681 5194 2034 5249 inimicorum

381 5265 785 5337 existimatione
835 5266 1083 5334 punitus,
1130 5281 1229 5337 suo
1267 5267 1487 5337 judicio
1528 5267 1736 5336 ﬁnitus.
1790 5266 1863 5322 Ut
1920 5266 2033 5322 cle-

383 5343 590 5464 garﬁier
619 5337 687 5391 de
721 5335 1081 5392 Theramene
1127 5335 1279 5392 ναι(
1302 5338 1614 5404 Maximus,
1647 5337 1751 5393 lib.
1786 5354 1869 5408 In,
1902 5356 2026 5411 cap.

422 5452 434 5464 .
518 5426 609 5464 AV.

380 5414 434 5465 2.
468 5414 609 5464 HAV.

452 5481 565 5552 (74)
597 5480 836 5541 Mimice,
858 5476 1078 5552 Vitiosa
1106 5478 1162 5533 in
1199 5479 1804 5552 Fuld.z’m’mz’ci.Agob.
1838 5482 2031 5536 inimi-

381 5549 475 5611 cae.
503 5555 565 5609 In
594 5553 770 5623 Lugd.
802 5555 919 5625 Bat.
946 5549 1270 5623 descriptor
1287 5555 1521 5625 assequi
1548 5570 1660 5609 non
1677 5549 2032 5625 poterat,so-

382 5627 501 5683 lam
536 5628 764 5680 itteram
803 5623 874 5677 Μ.
910 5639 1151 5692 ponens,
1182 5623 1512 5694 etspatium
1547 5623 1817 5681 vaco—um.
1850 5625 2034 5680 Taxat

384 5699 532 5753 tales
571 5696 734 5752 Philo
764 5696 1001 5767 Judaaus
1032 5694 1093 5767 in
1124 5694 1223 5767 lib.
1257 5698 1414 5765 Quod
1457 5698 1636 5755 Detcr.
1684 5699 1808 5753 Pot.
1870 5696 2027 5767 inﬁd.

386 5769 479 5826 his
509 5760 1111 5847 νθῲἱεηυεφρκοεσιῇὲ
1146 5766 1208 5847 ,οἱ
1256 5760 1504 5847 οἷοφισταὶ
1535 5767 1864 5847 ’πολεμίοις-
1885 5760 2030 5847 χρῆέ

387 5852 507 5906 σθαι
549 5844 669 5903 ταῖς
716 5838 768 5896 ἐν
818 5832 1004 5902 άῦτοῖς
1037 5832 1476 5913 δυνάμεσι,’θῑο.
1529 5841 1571 5898 i.
1631 5832 1707 5900 e.'
1742 5862 1773 5895 α
1829 5832 2034 5901 Sdletit

2150 1244 2305 1301 enim
2336 1244 2600 1316 plerique
2622 1244 2897 1316 sophistes
2916 1243 3279 1301 adversariae
3304 1243 3515 1316 habere
3541 1246 3803 1299 suasmet

2150 1315 2411 1388 ipsorum
2430 1315 2792 1383 facultates,d
2805 1334 2901 1371 um
2925 1318 3096 1371 verba
3108 1332 3307 1372 eorum
3322 1315 3799 1386 cogitationibus,

2150 1395 2207 1444 et
2260 1389 2505 1445 consilia
2552 1389 2740 1445 verbis
2791 1390 3092 1455 resistunt,
3142 1389 3297 1443 haud
3351 1388 3466 1443 ullo
3507 1404 3797 1443 consensu

2150 1462 2567 1516 intercedente.
2618 1461 2917 1516 Deliniuut
2957 1461 3112 1515 enim
3147 1476 3317 1515 aures
3350 1466 3584 1514 nostras
3614 1460 3796 1513 disse-

2152 1535 2351 1598 rendo,
2422 1550 2597 1603 quam
2650 1533 2886 1588 socialis
2942 1550 3035 1587 res
3068 1532 3145 1587 sit
3192 1533 3449 1603 justitia,
3516 1538 3798 1601 quantum

2151 1607 2424 1659 omnibus
2457 1606 2717 1659 conferat
2751 1604 3156 1675 temperantia,
3198 1609 3555 1675 quantOpere
3594 1603 3799 1675 probe-

2150 1680 2248 1731 tur
2272 1678 2567 1746 fortitudo,
2604 1694 2779 1745 quam
2816 1680 3025 1748 ingens
3056 1678 3320 1746 capiatur
3350 1692 3415 1729 ex
3447 1675 3657 1746 pietate
3690 1675 3802 1728 uti-

2149 1748 2306 1815 litas,
2374 1765 2549 1818 quam
2601 1751 2865 1803 salubres
2915 1750 3157 1801 virtutes
3216 1748 3449 1817 reliquae
3489 1762 3500 1801 :
3535 1763 3564 1801 e
3596 1752 3802 1818 contra

2148 1817 2497 1890 injustitiam
2541 1836 2667 1875 esse
2714 1836 2833 1874 rem
2866 1819 3239 1891 impacatam,
3288 1817 3799 1891 intemperantiarn

2150 1889 2547 1958 merbii'eram,
2582 1889 3280 1963 impietatem—nefariam,
3315 1891 3605 1963 reliquam
3632 1889 3800 1963 mali-

2149 1964 2291 2019 tiam
2326 1960 2712 2036 perniciosam
2767 1982 2778 2019 :
2832 1969 2897 2019 ut
2926 1968 3121 2018 tamen
3153 1960 3642 2036 contrariadictis
3675 1960 3801 2036 suis

2148 2032 2354 2106 sapere
2386 2053 2499 2090 non
2534 2036 2815 2090 desinunt
2848 2053 2861 2101 ;
2915 2036 3015 2090 sed
3064 2039 3196 2106 post
3227 2036 3565 2106 decantatas
3597 2032 3804 2086 laudes

2147 2105 2492 2178 prudentia,
2525 2107 2948 2178 temperantiae,
2975 2105 3221 2176 justitioe
3264 2105 3642 2178 pietatisque,
3673 2109 3800 2158 tum

2147 2177 2400 2234 maxime
2430 2177 2749 2250 desipiunt,
2783 2179 3114 2241 lasciviunt,
3148 2179 3365 2250 injuste
3402 2177 3710 2250 impieque
3743 2191 3807 2229 se

2145 2255 2358 2322 gerunt
2389 2266 2402 2305 :
2436 2256 2491 2305 et
2522 2249 2585 2304 ut
2614 2252 2785 2306 verba
2833 2251 3047 2315 dicam,
3084 2249 3600 2322 deprehenduntar
3627 2263 3802 2301 omne

2146 2319 2234 2378 f'as
2258 2322 2476 2392 jusque
2498 2322 2853 2376 confundere
2878 2338 2943 2376 ac
2972 2319 3329 2375 subvertere.
3365 2341 3393 2369 »
3426 2319 3636 2374 Noster
3665 2334 3800 2392 vero

2147 2389 2412 2465 apposite
2435 2393 2578 2448 dicit
2602 2393 2982 2465 philosophos
3010 2392 3255 2447 mimum
3281 2408 3468 2461 agere,
3490 2407 3672 2465 quum
3699 2389 3796 2465 alii

2144 2462 2453 2520 videantur
2483 2462 2644 2533 foris,
2678 2465 2773 2520 alii
2806 2462 2924 2519 sint
2961 2463 3142 2531 intus,
3194 2465 3451 2533 adeoque
3481 2462 3796 2533 aliquando

2146 2538 2391 2592 detectis
2442 2536 2596 2591 villis
2631 2536 2859 2591 ridiculi
2911 2537 3069 2591 fiant.
3127 2536 3364 2589 [.uciani
3413 2535 3795 2589 accommoda

2148 2610 2291 2663 illud
2352 2608 2411 2662 in
2470 2609 2679 2663 Gallo:
2714 2608 2822 2663 Εἶτ’
2873 2605 3087 2660 ἐπειδὰν
3144 2605 3396 2671 πέσωσιν,
3453 2604 3637 2677 ὅμοιοι
3690 2602 3796 2676 μά-

2148 2678 2306 2735 λιστα
2358 2677 2616 2755 φαίνοντα
2670 2684 2807 2755 τοῖς⁸
2841 2682 3092 2753 τραγικοῖ
3139 2678 3473 2755 ᾧποῃριταῖς,
3507 2683 3619 2755 εἰςΖ
3671 2677 3710 2731 i.
3743 2693 3793 2731 e.

2147 2758 2257 2809 etc.
2293 2773 2321 2802 «
2354 2750 2452 2825 qui
2480 2750 2988 2825 ‘ubiconcider'int,
3018 2750 3347 2825 persimiles
3373 2766 3509 2825 esse
3528 2750 3803 2825 videntur

2147 2822 2387 2895 tragicis
2435 2823 2843 2881 histrionibus.
2885 2822 3031 2879 Nam
3092 2822 3286 2889 multi,
3347 2826 3413 2877 ut
3457 2822 3656 2895 videre
3686 2824 3797 2895 est,

2148 2891 2303 2966 quod
2362 2896 2641 2966 Cecropes
2700 2901 2855 2961 sunt,
2918 2901 3021 2949 aut
3074 2895 3328 2965 Sisyphi,
3381 2897 3483 2966 aut
3539 2891 3800 2966 Telephi,

2148 2964 2480 3023 diademata
2527 2964 2778 3037 gestant,
2830 2964 3222 3036 eburneisque
3282 2965 3508 3035 capulis
3554 2964 3802 3037 gladios,

2148 3055 2498 3109 comamque
2536 3035 2919 3102 r'ventilatam,
2953 3044 3010 3091 et
3041 3035 3406 3109 chlamydem
3444 3052 3587 3089 auro
3618 3035 3804 3109 inter-

2150 3106 2580 3172 textameuod
2616 3109 2664 3163 si
2697 3110 2851 3178 quis,
2894 3108 3090 3177 qualia
3138 3110 3490 3180 plerumque,
3529 3106 3805 3180 accidunt

2150 3181 2407 3247 illorum,
2442 3181 2775 3251 impingens
2819 3180 3029 3251 media,
3067 3178 3153 3232 in
3186 3194 3362 3251 scena
3393 3179 3581 3251 cadat,
3615 3178 3803 3231 risum

2149 3254 2404 3325 profecto
2456 3249 2659 3325 movet
2702 3250 3132 3325 spectatoribus
3192 3267 3205 3302 :
3258 3249 3526 3325 videlicet
3554 3264 3805 3325 persona

2153 3321 2271 3380 una
2328 3341 2461 3380 cum
2521 3324 2649 3394 ipso
2707 3323 3031 3377 diademate
3089 3321 3357 3389 contrita,
3415 3336 3548 3375 vero
3607 3323 3801 3374 autem

2159 3397 2371 3452 actoris
2422 3396 2609 3466 capite
2664 3400 3017 3466 cruentato,
3051 3395 3403 3462 curibusque
3445 3408 3677 3466 magna
3734 3408 3805 3466 ex

2161 3474 2325 3541 parte
2357 3464 2681 3541 renudatis,
2716 3472 2803 3541 Aut_
2834 3467 2960 3536 jam
3008 3465 3298 3541 interioris
3340 3464 3596 3541 amictus
3628 3464 3803 3534 panni

2159 3534 2334 3611 quam
2369 3539 2489 3593 sint
2531 3539 2727 3593 miseri
2777 3534 2878 3591 ﬁat
2925 3538 3308 3607 conspicuum
3344 3553 3355 3589 :
3391 3534 3802 3611 ac_cothurno-

2158 3607 2290 3667 rum
2324 3628 2470 3683 quos
2499 3612 2748 3683 pedibus
2774 3611 3128 3664 induxerunt
3148 3612 3423 3683 appareat
3440 3607 3803 3683 deformitas,

2157 3701 2291 3739 cum
2340 3679 2517 3755 pedis.
2554 3682 2728 3755 modo
2783 3699 2897 3755 non
2942 3682 3362 3755 respondeant,
3414 3701 3461 3755 ››Δ
3492 3679 3600 3755 Qui
3646 3679 3801 3734 idem

2156 3773 2289 3811 cum
2322 3751 2537 3825 saepius
2560 3759 2684 3809 tum
2717 3753 2907 3823 lepide
2938 3753 3138 3825 irridet
3162 3751 3497 3825 inDialogis
3522 3751 3800 3821 Mortuor,

2154 3824 2462 3883 Charontis
2492 3831 2548 3883 et
2580 3826 2868 3881 Mercurii.
2903 3824 2985 3879 Ibi
3044 3824 3307 3894 deposito
3366 3824 3562 3891 mimo,
3594 3827 3805 3877 cuncta

2154 3898 2486 3971 philosophi
2517 3898 2764 3953 ridicula
2794 3902 3097 3968 apparent.
3121 3898 3227 3971 Sed
3261 3897 3456 3971 ipsum
3489 3895 3800 3971 audiamus

2151 3966 2499 4034 Lucianum,
2533 3972 2685 4039 apud
2738 3966 2921 4039 quem,
2959 3966 3300 4023 Mercurius'
3324 3968 3393 4021 ad
3430 3966 3801 4039 barbatulum

2149 4042 2317 4097 illum
2382 4060 2395 4097 :
2455 4035 2698 4103 Κατᾶθου
2756 4035 2938 4112 chao
2992 4046 3183 4112 σχῆμα
3221 4041 3475 4112 Απρῷῖον,
3535 4036 3644 4112 εἶτα
3707 4035 3796 4088 καὶ

2146 4112 2298 4168 ταυτὶ
2342 4114 2533 4168 πάντα.
2567 4116 2630 4165 *Ω
2684 4112 2802 4178 Ζεῦ,
2834 4108 2966 4179 ὅσην
3022 4107 3289 4181 il‘evurﬁv'
3331 4107 3669 4181 ἀλαζονείᾳν-
3697 4127 3799 4181 ’κο-

2152 4186 2318 4265 μίζεξ,
2365 4184 2496 4255 ὅσην
2560 4182 2617 4237 δὲ
2668 4175 2929 4265 ἀμᾳὸίᾳνέ
2980 4175 3070 4265 κξξὶ
3113 4175 3260 4265 ἔριν,
3320 4180 3417 4264 καὶ
3464 4175 3797 4265 κενοδοξίριν,

2146 4252 2254 4314 etc.
2284 4252 2320 4312 i.
2349 4274 2398 4313 e.
2426 4252 2463 4307 ‹‹’
2490 4252 2719 4327 Depone
2751 4260 2812 4309 tu
2846 4255 3005 4327 hunc
3033 4252 3298 4309 habitum
3333 4252 3611 4324 primum,
3635 4252 3800 4327 dein-

2146 4331 2218 4385 de
2266 4330 2387 4384 ἱλωο
2435 4322 2665 4400 quoque
2724 4328 2942 4400 omnia,
2976 4322 3648 4400 O_J_upiter,'quantam
3702 4322 3801 4378 ille

2145 4397 2881 4471 arrogantiaquuantam
2911 4397 3225 4471 inscitiam,
3258 4402 3315 4452 et
3344 4402 3630 4471 quantum
3660 4411 3803 4449 con-

2144 4468 2475 4529 tentionum
2509 4478 2566 4528 et
2596 4468 2790 4526 inanis
2833 4470 3050 4541 gloriae,
3084 4474 3382 4541 quantum,
3404 4468 3798 4541 quaastionum

2144 4545 2480 4609 dubiarum,
2542 4538 2860 4614 quantum'
2883 4538 3271 4614 spinosarum
3331 4538 3799 4614 disputationum

2143 4621 2199 4673 et
2256 4612 2675 4687 cogitationum
2738 4612 3143 4687 perplexarum
3221 4613 3600 4687 circumfert!
3677 4612 3799 4666 Imo

2154 4684 2582 4760 quamvmultos
2611 4702 2793 4741 vanos
2833 4684 3060 4740 labores
3089 4711 3102 4749 ;
3150 4688 3204 4739 et
3251 4684 3635 4760 deliramenta
3664 4699 3800 4760 ‘non

2195 4764 2618 4832 auca,quantas
2644 4759 2780 4813 item
2808 4774 2998 4832 nugas
3011 4762 3067 4812 et
3082 4762 3359 4832 quantam
3376 4756 3799 4832 curiositatem.

2195 4779 2618 4832 auca,quantas
2644 4779 2780 4813 ὶίϐῐῐι
2809 4779 2995 4829 nugas
3011 4779 3359 4829 etquamam
3376 4779 3799 4812 οωΊυδιιᾶιωιι.

2146 4779 2255 4889 ἕθά
2292 4850 2393 4904 per
2432 4832 2633 4887 Jovem
2667 4846 2876 4904 aurum
2926 4829 3101 4904 etiam
3138 4829 3261 4904 hoc,
3291 4833 3367 4904 Aet
3416 4830 3799 4904 voluptatem,

2147 4910 2203 4961 et
2227 4898 2675 4976 impudentiam,
2708 4901 3096 4976 iracundiam,
3135 4901 3461 4976 deliciaset
3492 4898 3799 4976 mollitiem

2146 4970 2345 5035 secum
2378 4977 2555 5032 habet
2588 4993 2600 5029 :
2636 4991 2823 5043 neque
2854 4973 3009 5028 enim
3041 4975 3226 5028 latent
3254 4990 3346 5028 me
3380 4974 3513 5041 ista,
3566 4970 3801 5027 etiamsi

2146 5051 2409 5106 studiose
2452 5048 2628 5103 celas.
2681 5050 2895 5100 Verum
2945 5045 3133 5114 abjice
3191 5046 3493 5101 mendacia
3540 5043 3716 5099 etiam
3746 5049 3800 5097 et

2145 5122 2595 5193 superbiam,_et
2625 5116 2958 5193 opinionem
2985 5117 3183 5193 __illam
3243 5135 3360 5189 qua
3397 5116 3708 5193 existimas
3742 5118 3799 5169 te

2143 5187 2419 5249 omnibus
2451 5187 2689 5261 reliquis
2721 5189 3182 5261 praestantiorem
3215 5187 3363 5246 esse.
3397 5189 3542 5244 Nam
3577 5187 3622 5241 si
3646 5201 3792 5261 ‘cum

2145 5266 2420 5323 omnibus
2466 5258 2597 5319 istis
2646 5258 3017 5333 ingrediaris,
3071 5278 3200 5332 quae
3250 5258 3691 5333 quinqueremis
3742 5260 3798 5311 te

2145 5338 2479 5409 acciperet?
2513 5331 2872 5409 nAPostwhaec
2898 5331 3219 5409 amputata
3263 5334 3445 5409 barba
3493 5336 3549 5409 et
3589 5331 3797 5409 abraso

2145 5396 2458 5480 supercilio
2489 5407 2660 5463 etiam
2712 5404 2969 5461 adulatio
3015 5396 3338 5460 adimitur:
3372 5405 3464 5459 Ἓν
3498 5396 3664 5454 ἔτιτὸ
3694 5398 3793 5526 ξα.

2145 5481 2369 5526 ονίτητηυ
2430 5480 2529 5526 ὑπὸ
2593 5476 2770 5526 ιιάλτπε
2826 5470 2961 5526 ἔγει.
3021 5477 3108 5526 Τί.
3163 5476 3206 5526 ὦ
3277 5474 3564 5526 Μένιππεί
3615 5479 3687 5525 ΚΟ
3734 5491 3793 5525 α-

2145 5470 2369 5555 ρύέατθν
2430 5480 2529 5534 ὑπὸ
2592 5470 2961 5555 μάληςιέχεξ.
3021 5477 3109 5540 Τί,
3277 5474 3564 5539 Μὲνιππε;
3606 5470 3794 5555 ⁹Κθλςλι-

2141 5544 2311 5623 ἆεείαν,
2346 5552 2389 5606 ὦ
2446 5544 2644 5626 Ἑρμῆ,
2703 5544 2983 5626 ἰτὲολΛᾶΔ
3041 5552 3120 5620 τῷ
3344 5544 3789 5626 γρησιμεᾷσασαν

2142 5619 2307 5697 αὐτῷξ
2338 5628 2377 5681 i.
2413 5643 2463 5681 e.
2498 5619 2523 5675 (ἒ
2549 5619 2751 5697 Unum
2811 5619 3789 5697 quiddamua‘dhuc'gravissimum

2182 5692 2334 5755 estat
2363 5699 2473 5754 sub
2523 5696 2652 5751 alis.
2687 5695 2860 5749 Mere.
2897 5693 3068 5759 Quid,
3100 5692 3418 5764 Menippo?
3449 5692 3602 5747 Men.
3637 5693 3796 5764 Adu-

2165 5763 2442 5837 ationem,
2499 5766 2769 5833 Mercuri,
2820 5781 2963 5837 quas
2989 5764 3073 5821 illi
3124 5764 3266 5820 dum
3296 5763 3511 5837 viveret
3538 5763 3791 5837 multum

2139 5842 2377 5918 profuit.
2414 5835 2440 5894 »ὲ
2471 5839 2580 5898 Ubi
2625 5838 2784 5896 idem
2831 5835 3006 5911 paulo
3038 5842 3172 5910 post
3199 5835 3500 5910 pueriliter
3526 5836 3790 5911 plorans,
