4264 6382
343 458 461 523 585

1456 461 1497 515 A
1514 453 2045 517 POIJ’)GETICUS
2094 453 2267 511 ADV.
2325 457 2654 518 GENTES.

3640 460 3764 521 586

343 596 518 666 queat
550 589 762 645 molem
814 588 988 659 hanc,
1021 588 1175 644 intra
1220 590 1507 644 mundum
1554 586 1857 654 Platonici,
1895 585 1993 658 qui
2027 592 2075 656 Α
2114 591 2252 643 nota
2282 589 2530 645 varietas
2574 596 2741 645 SBCltB
2774 590 2953 661 hujus
2988 591 3045 645 in
3076 590 3187 647 hoc
3218 606 3455 663 quoque
3485 608 3592 647 nos
3638 590 3765 663 phi-

354 680 768 756 gubernstoris
826 677 1104 750 exemplo,
1155 677 1307 733 intra
1356 678 1500 733 illud
1549 682 1802 742 maneat,
1845 676 1999 748 quod

345 776 508 844 regat
540 770 639 841 (9).
676 768 768 825 Sic
812 772 868 822 et
916 768 985 822 de
1034 766 1161 839 ipso
1195 768 1435 833 mundo,
1472 771 1643 822 natus
1690 766 2001 821 innatusve

342 863 438 927 sit,
473 861 829 915 decessurus
878 872 1267 911 mansurusve
1299 856 1374 911 sit
1402 858 1534 928 (10),
1561 856 1813 923 variant;
1847 854 1998 911 519

343 952 428 1007 sic
458 954 515 1005 et
546 950 616 1004 de
648 947 857 1003 anima:
906 950 1083 1012 statu,
1121 962 1297 1017 quam
1340 947 1437 1000 alii
1471 946 1725 1000 divinam
1752 948 1809 1000 et
1838 951 2000 999 ister-

346 1056 506 1106 nam,
528 1037 625 1094 alii
659 1034 1065 1092 dissolubilcm
1099 1036 1496 1091 contendunt:
1532 1039 1597 1090 ut
1628 1035 1761 1107 quis
1793 1033 1999 1115 sensit,

344 1130 427 1185 ita
458 1132 514 1184 et
544 1126 745 1182 intulit
792 1129 894 1181 aut
944 1124 1300 1180 reformavit.
1333 1124 1446 1180 Nec
1482 1124 1719 1194 mirum,
1755 1124 1804 1179 si
1835 1126 2001 1178 vetus

348 1218 807 1274 instrumentum
854 1212 1091 1285 ingenia
1138 1212 1623 1285 philosophorum
1657 1213 2001 1268 interverte-

349 1310 506 1361 runt.
542 1306 621 1361 Ex
661 1304 871 1360 horum
921 1303 1147 1359 semine
1179 1307 1231 1358 et
1264 1308 1523 1358 nostram
1573 1302 1723 1358 hanc
1756 1301 1999 1358 novitio-

350 1395 467 1451 lam
519 1392 989 1466 paraturam(tt)
1022 1391 1129 1447 viri
1178 1391 1420 1463 quidam
1471 1391 1595 1447 suis
1627 1391 2001 1463 opinionibus

349 1485 420 1540 ad
456 1482 889 1556 pbi1030phicas
942 1480 1264 1537 sententias
1315 1480 1810 1547 adulteraverunt,
1845 1483 1901 1535 et
1932 1480 2002 1534 de

354 1590 470 1629 una
517 1572 607 1629 via
655 1570 925 1642 obliquos
985 1569 1205 1627 multos
1261 1570 1525 1626 tramites
1578 1574 1634 1624 et
1684 1568 2006 1641 inexplica-

354 1660 499 1719 biles
520 1661 562 1695 ⁵⁸
607 1660 932 1717 sciderunt.
964 1659 1126 1724 Quod
1178 1660 1305 1715 ideo
1356 1659 1775 1731 suggesserim,
1809 1675 1879 1713 ne
1909 1658 2003 1714 cui

2110 674 2373 747 losophis
2413 682 2715 751 adaequare
2746 680 3033 748 videatur,
3058 685 3112 734 et
3142 696 3210 735 ex
3255 680 3532 735 varietate
3564 681 3764 735 defen—

2112 765 2343 821 sionum
2403 767 2620 823 indicet
2675 768 2973 824 veritatem
2998 769 3041 804 59
3078 770 3208 840 (12).
3243 769 3516 840 Expedite
3564 775 3763 826 autem

2110 856 2545 927 praescribimus
2579 857 2862 913 adulteris
2894 859 3108 913 nostris
3141 856 3301 914 illam
3336 874 3465 913 esse
3495 860 3759 930 regulam

2110 944 2393 1015 veritatis,
2436 964 2557 1018 qam
2619 948 2804 1003 veniat
2868 965 2900 1002 a
2956 947 3203 1014 Christo,
3257 947 3607 1003 transmissa
3658 963 3760 1016 per

2109 1034 2350 1089 comites
2399 1035 2605 1106 ipsius,
2640 1037 2854 1108 quibus
2902 1035 3218 1107 aliquando
3268 1036 3614 1107 posteriores
3665 1035 3753 1090 di-

2109 1123 2258 1179 versi
2290 1124 2386 1180 isti
2420 1130 2909 1181 commentatores
2953 1126 3378 1197 probabuntur.
3414 1124 3624 1181 Omnia
3652 1125 3754 1180 ad-

2111 1230 2311 1268 versus
2342 1214 2643 1270 veritatem
2685 1216 2757 1270 de
2800 1214 2931 1287 ipsa
2961 1214 3199 1269 veritate
3229 1219 3565 1270 constructa
3594 1216 3754 1282 sunt,

2109 1301 2490 1373 operantibus
2539 1303 2969 1359 aemulationem
3020 1304 3191 1358 istam
3245 1303 3550 1375 spiritibus
3599 1319 3757 1359 erro-

2111 1388 2189 1445 ris
2228 1391 2362 1462 (13).
2393 1392 2478 1445 Ab
2529 1391 2621 1448 his
2680 1391 3029 1447 adulteria"0
3081 1392 3425 1463 hujusmodi
3481 1391 3762 1449 salutaris

2113 1480 2435 1552 disciplinae
2481 1482 2891 1549 subornata“;
2925 1481 2996 1537 ab
3030 1481 3118 1536 his
3169 1481 3434 1553 quaedam
3467 1481 3644 1537 etiam
3678 1482 3761 1536 fa-

2114 1568 2261 1623 bulae
2294 1569 2597 1636 immissa),
2627 1588 2754 1642 quae
2789 1572 2858 1626 de
2908 1570 3302 1626 similitudine
3323 1572 3366 1605 ⁶²
3395 1571 3568 1627 ﬁdem
3602 1570 3765 1625 infir-

2115 1663 2345 1713 marent
2373 1660 2659 1725 veritatis,
2694 1660 2779 1713 vel
2817 1675 2944 1714 eam
2977 1660 3087 1714 sibi
3121 1660 3317 1731 potius
3349 1660 3681 1716 evincerent
3699 1658 3767 1727 ⁸³,

1773 1786 1979 1845 Variae
2011 1784 2333 1844 lectiones.

428 1896 471 1931 ⁸⁸
505 1894 720 1949 Multos
774 1903 825 1947 et
872 1891 1311 1963 ineXplicabiles
1359 1892 1647 1958 tramites,
1682 1890 1849 1945 Semt.
1926 1890 2091 1963 l“Sic
2118 1891 2269 1957 Her.,
2304 1894 2495 1963 Pam,
2548 1896 2624 1947 La
2668 1890 2864 1957 Cerdo,
2914 1892 3063 1961 Rig.,
3109 1894 3272 1957 Hav.,
3306 1889 3426 1963 Ald.
3476 1893 3525 1963 et
3573 1890 3769 1959 Rhen.,

358 1970 423 2022 ut
470 1984 538 2021 ex
582 1967 821 2022 veritate
870 1961 1277 2019 defensionum
1308 1964 1562 2019 vindicet
1610 1965 1933 2017 veritatem.
1976 1961 2180 2018 Wouw.
2215 1961 2552 2030 vanitatem,
2601 1962 2713 2019 cod.
2749 1963 2905 2018 Fuld.
2940 1962 3323 2018 defectionem
3372 1961 3626 2019 vindicet
3671 1978 3769 2018 ve-

358 2038 571 2093 ritatis.
646 2038 691 2072 ⁶⁰
720 2034 1063 2106 Adulteriis,
1138 2037 1359 2090 Haverc.
1426 2051 1454 2089 e
1516 2034 1630 2089 cod.
1674 2036 1850 2105 Lugd.
1928 2034 2342 2100 61Subortata,
2408 2036 2573 2090 Fran.
2642 2036 2828 2090 Paris.
2887 2034 2951 2106 _3‘-’
3001 2033 3517 2105 Dissimilitudine,
3576 2035 3772 2104 From,

357 2111 538 2165 Paris.
614 2110 658 2143 ⁸³
687 2109 833 2165 Rhen
869 2149 881 2172 ,
916 2104 1069 2173 Αιιιζ,
1103 2106 1326 2163 Hcrald.
1360 2107 1445 2161 vel
1478 2107 1653 2163 etiam
1704 2104 1765 2161 si
1804 2110 2045 2178 possent
2087 2106 2446 2173 evincerent,
2476 2106 2590 2163 cod.
2626 2107 2782 2163 Fuld.
2816 2104 2901 2163 vel
2933 2107 3135 2163 eadem
3189 2106 3301 2162 sibi
3352 2106 3547 2178 potius
3593 2107 3773 2162 fidem

360 2185 652 2254 raperent.

1810 2284 2330 2345 Commentarius.

431 2397 509 2468 (9)
577 2396 961 2468 Gubernatoris
1040 2394 1285 2468 ercemplo
1355 2393 1507 2447 intra
1581 2391 1722 2468 illud
1794 2397 2016 2468 maneat
2046 2394 2091 2458 B
2125 2407 2238 2468 nec
2262 2390 2607 2468 interiturus
2638 2407 2765 2468 esse
2796 2391 3022 2468 videtur
3052 2408 3064 2445 :
3102 2390 3200 2446 alii
3233 2395 3288 2468 et
3323 2390 3449 2461 ejus
3480 2389 3774 2468 opificem,

360 2463 501 2552 quod
547 2471 719 2538 regat.
775 2467 1038 2534 Boetius,
1089 2463 1304 2532 libIm,
1339 2470 1523 2521 metro
1571 2466 1627 2528 9,
1657 2465 1773 2519 huc
1826 2463 2011 2533 respi-

363 2557 522 2597 OIBDS
557 2557 571 2597 ἒ

486 2648 526 2697 Ο
558 2647 650 2710 qui
681 2649 942 2710 perpetua
976 2644 1237 2694 mundum
1268 2644 1477 2694 ratione
1510 2643 1797 2706 gubernas,

488 2708 1030 2771 Terrarum’coelique
1062 2711 1224 2757 sator.

365 2819 435 2874 Et
463 2817 676 2873 clarius
707 2816 805 2870 lib.
843 2832 919 2879 1v,
957 2820 1139 2869 metro
1168 2815 1203 2867 6
1236 2829 1249 2867 :

618 2921 781 2972 Sedet
815 2921 1022 2969 interea
1054 2918 1300 2967 conditor
1335 2918 1493 2976 altus,

621 2986 927 3044 Rerumque
962 2995 1151 3044 regens
1191 2981 1351 3030 ﬂectit
1392 2980 1649 3044 habenas.

620 3047 748 3104 Rex,
783 3043 1053 3099 dominus,
1086 3043 1204 3091 fons
1241 3047 1291 3091 et
1324 3043 1494 3105 origo,

622 3109 727 3156 Lex
758 3110 810 3155 et
841 3106 1056 3168 sapiens
1077 3106 1276 3153 arbiter
1301 3105 1461 3167 aequi.

622 3171 685 3240 Et
714 3182 836 3240 quae
866 3171 1011 3240 motu
1046 3169 1279 3216 concitat
1306 3168 1381 3214 ire

624 3228 772 3280 Bistit
803 3231 1097 3286 retrahens,
1131 3244 1193 3277 ac
1222 3243 1357 3291 vaga
1382 3228 1575 3289 ﬁrmat,

624 3296 757 3342 Nam
789 3293 893 3341 nisi
924 3297 1098 3341 rectos
1126 3305 1386 3341 revocans
1415 3292 1560 3339 intus

629 3356 820 3405 Plexos
849 3356 1039 3404 iterum
1072 3358 1225 3417 cogat
1253 3354 1308 3403 in
1342 3354 1517 3403 orbes.

627 3420 753 3476 Quae
788 3432 933 3466 nunc
962 3415 1166 3466 stabilis
1192 3417 1431 3466 continet
1459 3415 1609 3476 ordo,

628 3483 869 3543 Dissepta
897 3494 994 3529 suo
1026 3481 1170 3529 fonte
1202 3479 1465 3529 fatiscant.

454 3582 565 3653 (10)
592 3582 685 3634 Sic
712 3586 761 3632 et
791 3577 855 3633 de
884 3578 1001 3647 ipso
1045 3576 1279 3653 mundo,
1299 3587 1462 3653 natus
1493 3576 1780 3653 innatusve
1808 3576 1897 3639 sit,
1930 3572 2023 3653 de-

378 3646 629 3708 cessurus
658 3666 1021 3704 mansurusve
1051 3650 1141 3702 sit.
1180 3649 1320 3702 Vide
1368 3649 1647 3702 Senecam
1682 3648 1805 3701 loco
1852 3646 2022 3699 modo

381 3724 577 3781 citato.
611 3727 822 3775 Praeter
854 3719 1231 3790 pbi1050phos
1272 3720 1488 3773 multos
1537 3721 1824 3773 mundum
1858 3724 2020 3771 acter-

381 3813 548 3860 num,
581 3795 694 3848 ﬁne
738 3793 1155 3863 principioque
1184 3799 1474 3846 carentem
1510 3793 1734 3861 putavit
1762 3791 2013 3861 insignis

383 3873 551 3940 poeta
584 3867 875 3932 Manilius,
910 3864 1010 3917 lib.
1044 3882 1060 3917 ι
1091 3866 1301 3918 Astrcn.
1338 3882 1356 3917 :

485 3983 606 4029 Haec
633 3984 831 4029 aeterna
860 3982 1054 4033 manet,
1087 3978 1327 4040 divisque
1358 3978 1627 4026 simillima
1655 3977 1843 4026 forma.

388 4078 399 4101 ,
472 4045 568 4093 Cui
600 4056 771 4102 neque
801 4041 1120 4102 principium
1153 4044 1232 4089 est
1254 4054 1499 4102 usquam,
1521 4054 1618 4089 nec
1638 4040 1757 4089 ﬁnis
1786 4041 1837 4088 in
1870 4040 1986 4100 ipso
2011 4052 2023 4085 :

472 4106 576 4156 Sed
607 4106 794 4155 similis
824 4108 936 4154 toto
966 4108 1221 4164 remanet,
1253 4116 1456 4166 perque
1486 4103 1665 4153 omnia
1698 4117 1792 4165 par
1823 4107 1918 4152 est.

384 4215 565 4283 Idem,
597 4212 817 4268 ibidem
856 4228 868 4265 :

469 4322 533 4370 At
559 4325 744 4368 manet
770 4316 1053 4366 incolumis
1082 4316 1336 4375 mundus,
1369 4329 1574 4378 suaque
1606 4316 1788 4364 omnia
1818 4320 1993 4365 versat

471 4384 601 4442 Qum
633 4395 731 4430 nec
760 4381 921 4443 longa
950 4380 1064 4428 dies
1090 4382 1264 4438 auget.
1297 4379 1599 4443 minuitque
1630 4383 1893 4443 senectus,

473 4441 579 4495 Nec
608 4448 783 4493 motus
814 4441 1011 4506 puncto
1042 4443 1225 4506 currit.
1257 4455 1547 4503 cursusque
1574 4441 1783 4506 fatigat.

478 4509 622 4558 Idem
654 4503 861 4568 semper
892 4506 1011 4567 erit,
1044 4505 1305 4568 quoniam
1322 4518 1539 4568 semper
1568 4503 1667 4553 fuit
1694 4503 1856 4553 idem.

479 4573 594 4620 Non
627 4566 784 4618 aliain
816 4568 996 4617 videre
1028 4566 1223 4630 patres,
1262 4566 1493 4616 aliumve
1523 4571 1744 4629 nepotes

481 4632 771 4696 Aspicient.

382 4731 493 4786 Sed
529 4725 1133 4801 praeterSophoclem,
1167 4725 1338 4801 cujus
1360 4724 1747 4801 memorabile
1779 4739 2036 4801 exercep-

384 4809 510 4858 tum
531 4796 726 4856 'habes
750 4799 810 4853 in
834 4796 1183 4853 Collectione
1211 4797 1509 4861 Gratiana,
1536 4814 1661 4864 quae
1698 4796 2039 4850 inscribitur

385 4876 662 4944 Excerpta
711 4888 781 4926 ex
828 4871 1080 4944 Tragset
1125 4868 1421 4944 Com._Gr.,
1458 4886 1513 4938 p.
1551 4870 2037 4944 itm-Lucanum.

388 4947 489 5001 lib.
524 4938 570 5014 ι,
596 4960 765 4999 versu
799 4944 881 4995 7‘3.
917 4941 1186 5014 Ovidium
1218 4940 1497 5009 aliosque,
1530 4938 2040 5014 excellentissimis

387 5024 444 5073 et
473 5012 839 5087 argumentis
870 5018 927 5068 et
955 5013 1229 5087 versibus
1274 5018 1467 5087 ortum
1494 5012 1835 5087 aliquando
1857 5028 2040 5087 mun-

391 5083 616 5145 dum'et
652 5086 977 5156 periturum
1027 5085 1167 5140 olim
1217 5085 1428 5140 invicte
1475 5083 1899 5139 demonstravit
1935 5089 2040 5137 Lu-

393 5161 632 5225 cretius,
663 5158 765 5213 lib.
799 5174 855 5224 v,
887 5174 1057 5212 versu
1090 5158 1180 5211 94.

490 5266 690 5314 Horum
723 5266 969 5312 naturam
1007 5261 1297 5324 triplicem;
1328 5261 1427 5310 tria
1463 5275 1689 5323 corpora
1717 5262 1927 5310 Memmi

484 5329 609 5377 Tres
638 5327 842 5389 species
870 5330 979 5373 tam
1009 5325 1311 5389 dissimiles,
1341 5325 1443 5373 tria
1472 5325 1595 5373 talia
1626 5328 1784 5384 texta,

489 5392 602 5441 Una
630 5391 743 5438 dies
772 5389 922 5437 dabit
953 5388 1114 5436 exitio
1144 5402 1154 5435 :
1189 5390 1494 5449 multosque
1535 5400 1630 5448 per
1661 5400 1831 5435 annos

484 5456 794 5504 Sustentata
824 5453 944 5500 ruet
970 5450 1139 5498 moles
1163 5454 1215 5499 et
1243 5450 1490 5499 machina
1518 5449 1725 5498 mundi.

396 5551 544 5607 Vide
574 5567 699 5621 quae
748 5548 965 5621 ibidem
1016 5554 1366 5621 sequuntur.
1408 5546 1517 5601 Sed
1576 5546 1670 5621 hic
1730 5545 1846 5621 sibi
1874 5545 2050 5621 etiam

400 5640 516 5678 non
564 5616 752 5677 defuit
803 5616 1116 5682 Lucianus,
1146 5621 1286 5687 quin
1318 5618 1503 5673 risum
1540 5635 1603 5673 ex
1634 5618 1743 5673 hac
1794 5616 2051 5689 philoso-

400 5696 650 5767 phorum
712 5693 835 5767 rixa
892 5689 1281 5767 cantaret,_in
1336 5687 2051 5767 lcaro_menip_po,_p._276_,

404 5759 545 5821 edit.
582 5765 794 5821 Bened.
820 5787 847 5815 ‹‹
885 5765 1104 5836 Πρῶτον
1157 5759 1249 5836 μὲν
1293 5759 1393 5835 γὰρ
1442 5760 1629 5836 αῷτοῖς
1778 5759 1901 5835 πεξρὶ
1960 5763 2053 5836 τῷ

404 5836 636 5907 κόσμου,
669 5842 803 5903 etc.,
853 5836 893 5890 i.
928 5832 978 5891 e.
1015 5857 1042 5885 «
1092 5832 1373 5907 Primum
1413 5833 1567 5907 enim
1624 5834 1781 5889 varia
1840 5832 1928 5907 est
1985 5832 2056 5887 de

407 5905 628 5967 mundo
685 5908 1035 5966 sententia:
1088 5905 1379 5980 siquidem
1436 5905 1567 5963 aliis
1624 5922 1739 5963 non
1796 5905 2054 5979 genitus,

732 6037 997 6102 PATROL.
1042 6034 1093 6099 Ι.

2127 2466 2183 2516 et
2214 2462 2537 2517 fabricandi
2573 2464 2809 2517 modum
2863 2464 2990 2518 ausi
3042 2468 3181 2517 sunt
3228 2464 3436 2518 dicere.
3468 2484 3494 2510 ››
3529 2467 3777 2518 Prorsus

2126 2534 2309 2605 impia
2340 2540 2481 2589 sunt
2511 2535 2896 2605 quaagibidem
2932 2540 3281 2604 sequuntur.
3320 2537 3379 2605 In
3412 2535 3616 2605 eodem
3643 2534 3776 2605 Dia-

2128 2603 2278 2677 logio,
2314 2623 2369 2680 ι)ἶ
2404 2603 2556 2680 273ίε
2592 2603 2667 2680 ρύ
2718 2605 2821 2679 γὰρ
2873 2603 3026 2680 eum
3059 2605 3244 2680 stipati)
3295 2603 3407 2680 9'38'
3455 2603 3610 2680 iian
3659 2604 3779 2680 ἰγᾶτ

2125 2672 2269 2753 νεξξο,
2314 2672 2439 2753 per:
2469 2677 2559 2753 τὸγ
2611 2672 2967 2753 δημὶοὐργὸῦξ
3023 2672 3144 2731 οὔτέ
3193 2678 3367 2753 ἀρχὴ,
3417 2673 3532 2731 οὔθ’
3566 2674 3670 2753 Δὅτε
3700 2672 3778 2730 ’τὸ

2126 2747 2283 2807 τέλος
2312 2746 2451 2802 ἐστὶν
2493 2746 2750 2820 αὐτοῦ,”ί.
2785 2746 2833 2806 θζ
2866 2746 2897 2799 ἱ(
2933 2755 3131 2820 Neque
3184 2746 3361 2806 enim
3390 2749 3646 2807 invenire
3676 2765 3780 2821 po-

2126 2826 2332 2906 teram,
2365 2838 2553 2893 neque
2585 2838 2699 2893 quo
2746 2827 2934 2906 pacto,
2970 2838 3159 2906 neque
3189 2840 3304 2894 quo
3337 2821 3557 2906 ppifice
3587 2822 3778 2906 factus

2129 2893 2359 3017 guisset,
2402 2891 2796 2965 nequequod
2845 2899 3001 2951 esset
3053 2891 3222 2951 illius
3267 2893 3353 2951 vel
3390 2891 3639 2950 initium
3689 2891 3781 2950 vel

2150 2980 2280 3017 lnlS.
2315 2986 2335 3012 ι

2150 2980 2335 3017 1n1s.¢

2200 3034 2312 3104 (11)
2348 3036 2499 3089 Hanc
2528 3035 2855 3089 novitiolam
2895 3045 3244 3107 paraturam.
3278 3035 3502 3090 Novum
3557 3035 3779 3107 instru-

2131 3109 2417 3161 mentum.
2447 3109 2685 3178 ⁸Βξοισ-
2716 3105 3044 3163 Novitibtam
3087 3110 3433 3178 paraturam.
3482 3105 3785 3178 Novellam

2132 3182 2348 3232 sectam
2405 3175 2867 3233 Christianorum
2922 3179 3058 3234 alibi
3087 3175 3319 3235 'vocat:
3363 3182 3451 3234 est
3500 3179 3658 3234 enim
3710 3177 3783 3233 ab

2131 3249 2382 3323 Tiberio,
2417 3249 2586 3319 cujus
2618 3266 2732 3304 aevo
2772 3250 3046 3323 explicari
3078 3250 3247 3322 coepit
3279 3251 3397 3306 haec
3417 3249 3537 3323 lex.
3574 3250 3708 3306 Lac.

2204 3321 2312 3391 (12)
2349 3322 2418 3373 Et
2461 3337 2529 3375 ex
2579 3321 2861 3377 varietate
2892 3322 3276 3449 degensionum
3321 3321 3532 3392 judicet
3580 3323 3785 3377 verita-

2204 3408 2258 3445 η.
2293 3390 2383 3447 Sic
2414 3392 2628 3449 legitur
2676 3394 2896 3449 nassim
2992 3395 3044 3449 ic
3098 3392 3283 3449 locus.
3316 3400 3536 3449 tamen.
3571 3394 3620 3449 si
3652 3392 3785 3449 auis

2132 3394 2258 3464 tem.
2293 3390 2383 3447 Sic
2414 3392 2628 3464 legitur
2674 3394 2896 3464 passim
2950 3390 3044 3451 hic
3098 3392 3283 3464 locus,
3316 3390 3537 3464 tamen,
3571 3394 3620 3449 si
3652 3392 3787 3463 quis

2134 3462 2305 3529 alius,
2339 3462 2495 3519 male
2549 3462 2809 3521 affectus.
2842 3466 2974 3529 Quae
3034 3466 3189 3522 enim
3250 3462 3308 3521 in
3368 3465 3466 3521 illo
3508 3462 3595 3520 vel
3636 3462 3789 3520 mica

2133 3537 2271 3609 sani
2308 3535 2555 3609 sensus?
2578 3540 2745 3609 ,Cum
2796 3537 3033 3593 videant
3062 3539 3386 3606 veritatem,
3419 3536 3658 3609 exponit
3706 3536 3788 3609 La

2133 3606 2336 3673 Cerda,
2360 3627 2386 3661 a
2420 3607 2623 3662 multis
2655 3609 2882 3664 diverso
2924 3611 3154 3665 tramite
3196 3610 3450 3665 defendi.
3483 3606 3664 3676 itane,
3699 3608 3788 3663 vir

2134 3679 2320 3744 docte,
2373 3679 2745 3746 Marcionitae,
2780 3680 3061 3750 Gnostici,
3090 3680 3485 3737 Valentiniani
3517 3686 3572 3736 et
3619 3680 3784 3736 simi-

2134 3750 2569 3825 liaihominuing
2591 3758 2978 3823 purgamenta
3008 3754 3310 3810 veritatem
3362 3755 3555 3825 aliquo
3584 3753 3782 3825 imodo

2135 3824 2493 3896 defendunt?
2526 3823 2648 3880 Non
2692 3829 2883 3896 potest
2922 3826 3198 3896 ineptius.
3233 3823 3550 3883 Videamus
3579 3824 3779 3896 itaque

2136 3895 2272 3966 quid
2310 3894 2439 3969 libri
2474 3895 2614 3969 editi
2664 3894 2720 3969 et
2769 3913 2910 3969 mss.
2944 3894 3337 3969 suppeditent.
3387 3896 3569 3951 Aldus
3604 3912 3617 3950 :
3646 3917 3675 3946 «
3705 3894 3779 3950 Ut

2135 3984 2200 4020 ex
2267 3967 2509 4021 veritate
2576 3968 2981 4023 defensionum
3021 3967 3304 4025 'vindicet
3370 3969 3693 4024 veritatem.
3748 3987 3778 4015 »

2137 4038 2320 4092 Rhcn.
2349 4055 2361 4093 :
2391 4060 2416 4086 ‹‹
2449 4038 2520 4093 Ut
2549 4054 2613 4093 ex
2645 4040 2881 4096 veritate
2920 4042 3324 4096 defensionum
3359 4040 3607 4095 vindicet
3634 4036 3783 4093 veri-

2136 4115 2338 4164 tatem.
2368 4131 2388 4157 »
2420 4111 2649 4166 Hcrald.
2688 4116 2848 4167 Pam.
2889 4111 2963 4166 La
2993 4112 3175 4168 Cerda
3199 4130 3212 4168 :
3236 4136 3263 4163 «
3292 4112 3355 4166 Et
3392 4129 3462 4167 ex
3506 4109 3783 4165 varietate

2139 4180 2543 4235 defensionum
2584 4182 2809 4251 judicet
2847 4184 3171 4239 veritatem.
3202 4206 3229 4232 »
3262 4184 3371 4239 Sed
3406 4184 3486 4238 La
3514 4183 3696 4238 Cerda
3725 4180 3785 4235 in

2139 4253 2316 4336 notis.
2340 4269 2474 4307 cum
2506 4256 2744 4336 \Vouvy:
2778 4254 2917 4336 legit
2962 4257 3295 4336 vanitatem.“
3315 4254 3423 4336 Ms‘.
3455 4254 3515 4310 L.
3550 4258 3611 4308 Β.
3638 4270 3786 4336 con-

2142 4325 2499 4398 spiratcum
2538 4324 2769 4398 Hcrald.
2805 4324 2915 4379 nisi
2960 4329 3115 4398 quod
3148 4327 3415 4398 praeferat
3457 4342 3591 4398 cum
3635 4325 3789 4398 Bhe-

2142 4414 2294 4469 nano
2326 4394 2501 4469 [quod
2524 4401 2606 4469 Aet
2640 4397 2793 4469 facit
2822 4398 2957 4451 Cod.
2979 4394 3197 4469 'Agob—.]
3230 4398 3481 4453 vindicet.
3512 4397 3788 4468 Optimus

2142 4466 2394 4538 denique
2437 4466 2601 4521 Fuld.
2638 4468 2788 4524 hanc
2822 4466 3144 4540 .lectioniam
3175 4466 3409 4525 exhibet
3434 4466 3793 4539 defectionem

2142 4540 2379 4596 vindicet
2423 4541 2689 4610 veritatis,
2722 4541 2995 4611 ascripsit
3033 4542 3266 4597 Junius.
3302 4542 3436 4605 Quae
3481 4540 3649 4597 lectio
3700 4542 3791 4595 est

2144 4611 2489 4666 rectissima.
2524 4615 2639 4683 Ego
2683 4612 2817 4667 huic
2848 4629 3081 4683 quoque
3113 4613 3441 4684 acquiesco,
3475 4629 3610 4668 nam
3642 4611 3792 4683 cpti-

2146 4700 2278 4758 mus
2309 4688 2397 4737 est
2426 4700 2635 4739 sensus
2669 4701 2680 4739 :
2717 4700 2787 4738 ne
2814 4684 2965 4758 quis,
2998 4684 3213 4758 inquit,
3256 4690 3464 4758 arguat
3493 4701 3664 4758 nos_a
3691 4699 3791 4739 ve-

2147 4755 2337 4820 ritate,
2373 4772 2499 4825 quce
2553 4772 2669 4809 una
2699 4760 2807 4819 est,
2841 4756 3142 4821 defecisse,
3177 4755 3457 4812 cum'tam
3508 4756 3706 4812 multae
3736 4758 3795 4811 et

2147 4827 2387 4900 diversae
2419 4825 2573 4900 inter
2604 4844 2720 4900 nos
2742 4827 2859 4882 sint
2881 4830 3201 4899 sententiae,
3234 4831 3387 4900 quod
3420 4830 3627 4886 abnuit
3655 4829 3794 4900 Ter:

2148 4898 2612 4971 tullianus,_quia
2642 4898 2723 4952 illi
2750 4900 2849 4971 qui
2883 4898 3193 4956 nobiscum
3225 4898 3583 4957 dissentiunt
3613 4899 3802 4971 nostri

2150 4988 2264 5025 non
2326 4969 2579 5040 amplius
2632 4969 2978 5040 jam—sunt,
3010 4974 3110 5028 sed
3168 4974 3417 5030 adulteri
3473 4992 3542 5030 ex
3598 4970 3802 5029 schola

2152 5046 2352 5097 nostra
2382 5042 2567 5111 ejecti.
2607 5042 2742 5098 Vide
2774 5060 2896 5112 cap.
2934 5046 3019 5109 46,
3054 5045 3110 5099 in
3145 5047 3275 5099 line.

2226 5114 2339 5183 (l3)
2393 5115 2759 5184 Operuntz'bus
2823 5117 3225 5171 aemulationem
3299 5119 3463 5171 istam
3511 5115 3801 5186 spiritibus

2156 5185 2779 5258 erroris.‘Augustin.,
2839 5185 2903 5241 de
2963 5188 3152 5243 Trz'nz't.
3204 5188 3305 5242 lib.
3366 5205 3451 5250 III,
3504 5185 3630 5257 cap.
3676 5186 3801 5258 10‘:

2159 5280 2184 5306 ‹‹
2224 5253 2807 5313 ῡίεὼοίυωέιηὶωθζε
2851 5259 3121 5329 deceptas
3172 5259 3492 5329 illusasque
3540 5253 3804 5329 praecipi-

2158 5334 2335 5394 tasse,
2377 5345 2510 5383 cum
2612 5329 2942 5384 olliceretur
2990 5332 3395 5401 purgationem
3446 5333 3674 5394 animae,
3705 5340 3808 5398 per

2159 5417 2258 5455 cas
2316 5417 2463 5455 uuas
2507 5347 2724 5455 τεξετὰς
2775 5400 3093 5455 anncllant.
3122 5398 3615 5455 ‘transﬁgurando
3654 5414 3717 5454 se
3746 5398 3807 5451 in

2159 5417 2258 5455 cas
2309 5417 2473 5473 quas,
2507 5398 2724 5460 τελετὰς
2775 5398 3615 5473 appellant,“transﬁgurando
3654 5414 3717 5454 se
3746 5398 3807 5451 in

2159 5472 2431 5544 angelum
2464 5472 2634 5542 lucis,
2670 5490 2768 5543 per
2817 5472 3238 5528 multiformem
3288 5472 3806 5535 machinationem,

2163 5544 2218 5597 in
2251 5544 2439 5617 signis
2468 5550 2552 5617 et
2610 5545 2891 5617 prodigiis
2932 5545 3241 5601 mendacii.
3270 5568 3296 5595 »
3330 5544 3627 5612 Quomodo
3674 5556 3809 5617 vero

2160 5616 2320 5671 varia
2351 5616 2617 5689 Ecclesia:
2650 5617 2749 5671 Dei
2783 5615 2996 5673 arcana
3040 5617 3269 5673 miseris
3300 5616 3619 5689 gentilibus
3651 5615 3812 5689 abte-7

2164 5688 2427 5761 nebravit
2485 5690 2765 5761 antiquus
2826 5706 3089 5759 serpens,
3123 5687 3361 5745 omnino
3410 5688 3593 5761 videri
3641 5687 3816 5761 debet

2165 5760 2507 5816 doctissima
2537 5756 2861 5816 Casauboni
2911 5756 3083 5830 opera
3132 5761 3190 5816 in
3238 5761 3478 5818 Exercit.
3513 5759 3581 5817 ad
3612 5756 3812 5814 Annal.

2167 5838 2396 5907 garum,
2451 5835 2684 5889 exercit.
2722 5834 2807 5899 16,
2852 5834 3100 5907 σειρη43,
3134 5838 3191 5891 et
3240 5835 3504 5907 ejusdem
3553 5837 3695 5890 nota
3740 5830 3814 5887 ad

2169 5904 2369 5961 Persii.
2401 5910 2516 5962 Sat.
2553 5924 2606 5976 v,
2641 5921 2873 5963 versum
2909 5906 3031 5964 129.

3424 6034 3501 6102 19
