4264 6368
556 420 677 481 587

1079 419 1602 481 TEHTULLIANI
1649 420 1967 480 OPEHUM
2021 421 2215 479 PARS
2262 419 2309 478 Ι.
2343 452 2413 462 -—
2446 418 2718 478 SERIES
2767 419 2810 487 Ι,
2861 415 3432 477 APOLOGETICA.

3837 414 3956 476 588

558 557 623 607 ut
653 551 788 624 quis
817 551 946 606 ideo
967 567 1079 606 non
1122 556 1284 623 putet
1303 550 1647 606 Christianis
1669 551 2205 622 credendum,quia
2234 566 2287 630 Α
2319 567 2432 605 non
2473 549 2752 615 sustinet;
2805 563 3108 619 nunquam
3137 545 3294 602 enim
3343 560 3556 617 corpus
3602 544 3812 600 umbra
3858 551 3962 602 aut

554 657 660 697 nec
691 641 898 713 poetis,
932 657 1036 696 nec
1081 639 1470 713 philosophis,
1501 640 1587 696 vel
1619 639 1748 696 ideo
1779 640 1968 712 magis
2019 641 2206 712 poetis

555 733 613 786 et
669 727 1034 801 philosophis
1092 729 1389 784 existimet
1445 729 1831 797 credendum,
1893 730 2030 800 quia
2089 745 2201 783 non

557 817 924 874 Christianis.
954 823 1153 890 Itaque
1187 823 1241 873 et
1285 819 1546 873 ridemur
1595 817 1776 874 Deum
1821 819 2204 889 praedicantes

549 905 973 978 judicaturum.
999 907 1093 962 Sic
1129 907 1283 962 enim
1321 912 1377 962 et
1398 908 1553 963 520
1582 913 1757 978 poetae
1781 913 1837 962 et
1868 906 2204 978 phi1050phi

554 994 812 1049 tribunal
856 997 1007 1067 apud
1058 997 1271 1052 inferos
1317 1001 1564 1067 ponunt.
1596 998 1652 1051 Si
1683 997 2006 1066 gehennam
2041 1012 2202 1050 com~

554 1083 870 1154 minemur,
903 1101 1029 1155 quae
1081 1090 1170 1141 est
1217 1085 1373 1157 ignis
1421 1086 1615 1140 arcani
1667 1086 2084 1140 subterraneus
2131 1085 2201 1139 ad

552 1189 784 1244 poenam
836 1172 1187 1238 thesaurus,
1238 1173 1479 1245 proinde
1540 1173 2056 1228 decachinnamur.
2108 1173 2203 1228 Sic

554 1262 709 1318 enim
734 1265 792 1317 et
818 1261 1307 1334 Pyriphlegethon
1334 1264 1488 1334 apud
1524 1268 1784 1318 mortuos
1804 1264 1849 1296 δι
1880 1263 2070 1317 amnis
2093 1266 2198 1316 est.

553 1351 625 1406 Et
671 1349 720 1406 si
778 1351 1116 1423 paradisum
1177 1351 1548 1407 nominemus
1582 1352 1712 1421 (14),
1747 1350 1938 1406 locum
1996 1350 2202 1405 divinae

535 1440 914 1497 amoenitatis
944 1441 1295 1512 recipiendis
1317 1446 1654 1496 sanctorum
1687 1440 1992 1512 spiritibus
2023 1440 2200 1495 desti-

554 1533 782 1597 natum,
816 1530 1071 1586 maceria
1103 1530 1355 1602 quadam
1397 1529 1577 1601 igneae
1609 1529 1768 1584 illius
1799 1546 1956 1586 zonas
1987 1546 2020 1584 a
2051 1529 2201 1584 noti-

553 1617 635 1673 tia
654 1618 812 1674 orbis
835 1620 1165 1673 communis
1192 1623 1579 1690 segregatum,
1603 1619 1779 1690 Elysii
1804 1620 1994 1690 campi
2029 1619 2200 1685 fidem

553 1713 1003 1778 occupaverunt.
1044 1707 1206 1762 Unde
1256 1706 1398 1774 haec,
1432 1724 1530 1762 oro
1562 1725 1684 1776 vos,
1709 1707 2073 1778 philosophis
2105 1711 2207 1762 aut

553 1794 740 1866 poetis
768 1799 890 1849 tam
942 1795 1315 1851 consimilia?
1344 1813 1456 1851 non
1492 1795 1604 1851 nisi
1638 1799 1708 1851 de
1742 1795 1959 1851 nostris
2009 1812 2203 1851 sacra-

554 1883 770 1939 mentis
797 1900 810 1938 :
835 1883 882 1939 si
914 1883 984 1939 de
1017 1886 1232 1940 nostris
1264 1884 1752 1951 sacramentis,ut
1783 1885 1853 1940 de
1883 1885 2205 1966 prioribus,

552 1988 690 2045 ergo
751 1972 1038 2028 ﬁdelioria
1070 1979 1211 2028 sunt
1259 1979 1482 2041 nostra,
1535 1975 1842 2047 magisque
1895 1975 2205 2043 credenda,

554 2077 806 2133 quorum
859 2059 1145 2134 imagines
1179 2079 1407 2134 quoque
1453 2064 1629 2118 ﬁdem
1678 2063 2007 2131 inveniunt;
2050 2063 2099 2118 si
2131 2064 2201 2119 de

556 2149 682 2205 suis
712 2151 1156 2222 sensibus,jam
1208 2168 1344 2223 ergo
1390 2157 1757 2208 sacramenta
1805 2158 2005 2207 nostra
2055 2154 2203 2208 ima-

555 2238 720 2310 gines
752 2239 1143 2310 posteriorum
1177 2239 1572 2311 habebuntur,
1602 2242 1758 2312 quod
1790 2258 1984 2298 rerum
2017 2242 2204 2299 forma

2314 638 2618 695 veritatem
2651 639 2845 710 imago
2877 635 3166 710 praecedit.

2878 743 3105 799 CAPUT
3144 741 3385 797 XLVIII.

2311 838 2752 890 ARGUMENTUM.
2785 863 2852 873 —
2900 833 3100 887 Mirum
3147 847 3381 903 quoque,
3425 830 3566 903 quod
3617 829 3967 903 philosophis

2385 907 2755 962 incredibilia
2806 906 3120 961 docentibus
3157 902 3405 968 credant,
3435 902 3630 972 imagis
3680 902 3969 958 credibilia

2382 979 2526 1048 apud
2579 978 2927 1032 (,‘hrislianos
2979 978 3272 1041 damnent;
3317 974 3459 1046 quod
3511 975 3816 1030 luculenter
3867 973 3964 1028 ad-

2382 1050 2602 1104 modum
2650 1051 2968 1119 exsequitur
3012 1051 3070 1102 in
3119 1048 3522 1119 resurrectione
3574 1053 3625 1101 et
3683 1054 3964 1102 restaura-

2382 1125 2534 1176 tione
2579 1124 2764 1176 carnis
2789 1118 2897 1175 iseu
2927 1121 3178 1192 corporis
3211 1118 3468 1187 humani,
3501 1120 3749 1190 opposita
3795 1119 3968 1173 bruta:

2382 1194 2600 1320 Llczzberii
2689 1193 3124 1264 Pythagoraeque
3209 1193 3530 1247 animarum
3624 1194 3957 1262 metempsy-

2382 1282 2410 1320 ο
2443 1282 2550 1320 .osz.

2381 1282 2550 1321 0/1082.

2383 1359 2500 1425 Age
2523 1356 2670 1424 jam,
2692 1354 2738 1408 si
2773 1353 2904 1424 quis
2936 1351 3323 1424 philosophus
3357 1351 3635 1417 afﬁrmet,
3667 1355 3731 1406 ut
3760 1350 3842 1406 ait
3873 1351 3969 1406 La-

2312 1443 2510 1498 berius
2542 1444 2688 1500 521
2745 1443 2857 1513 (15)
2913 1442 2983 1496 de
3033 1440 3322 1497 sententia
3371 1441 3730 1512 Pythagorae,
3773 1438 3968 1494 homi-

2312 1525 2445 1588 nem
2498 1532 2622 1586 fieri
2679 1548 2747 1587 ex
2805 1529 2989 1597 mulo,
3024 1529 3329 1585 colubram
3352 1529 3396 1564 ⁶⁶
3426 1545 3496 1584 ex
3552 1528 3796 1584 muliere
3830 1528 3964 1600 (16),

2311 1626 2369 1676 et
2415 1621 2473 1675 in
2533 1637 2660 1676 eam
2711 1619 3045 1691 opinionem
3078 1619 3276 1674 omnia
3333 1621 3683 1690 argumenta
3747 1615 3965 1689 eloquii

2312 1709 2524 1763 virtute
2567 1706 2875 1763 deterserit
2893 1708 2958 1774 ⁸⁸,
3003 1722 3196 1762 nonne
3243 1721 3598 1761 consensum
3617 1705 3661 1741 ⁸⁷
3715 1704 3966 1760 movebit

2313 1801 2369 1853 et
2401 1797 2573 1852 fidem
2625 1796 2828 1868 infiget
2859 1797 3037 1852 etiam
3067 1796 3138 1851 ab
3173 1794 3528 1851 animalibus
3581 1792 3967 1850 abstinendi?

2316 1890 2737 1958 proptereaque
2766 1901 3115 1956 persuasum
3146 1884 3280 1957 quis
3309 1883 3419 1940 hoc
3449 1883 3683 1952 habeat,
3711 1897 3782 1938 ne
3815 1884 3965 1940 forte

2316 1974 2596 2031 bubulam
2653 1975 2725 2031 de
2776 1973 2974 2046 aliquo
3006 1989 3217 2046 proavo
3279 1990 3386 2028 suo
3444 1973 3690 2029 obsonet
3726 1971 3859 2042 (17).
3895 1974 3968 2028 At

2310 2064 2464 2120 enim
2497 2063 2886 2132 Christianus,
2920 2062 2972 2118 si
3021 2063 3092 2118 de
3122 2061 3359 2118 homine
3389 2060 3689 2117 hominem
3738 2059 3964 2132 ipsum-

2312 2169 2422 2225 que
2453 2153 2524 2208 de
2554 2153 2686 2208 Caio
2718 2151 2922 2208 Caium
2969 2152 3239 2207 reducem
3280 2150 3648 2222 repromittat
3677 2150 3808 2221 (18),
3841 2155 3960 2206 sta-

2311 2243 2418 2298 tim
2476 2241 2594 2298 illic
2650 2241 2840 2298 vesica
2891 2241 3158 2313 queritur
3178 2241 3221 2276 ⁸⁸
3249 2241 3379 2313 (19),
3429 2239 3725 2313 lapidibus
3753 2240 3958 2312 magis,

1963 2443 2164 2504 Variae
2195 2442 2515 2504 lectiones.

623 2593 671 2667 ξι
695 2592 785 2667 Ad
816 2595 1102 2667 mortuos,
1122 2593 1367 2667 _Haverc.
1404 2611 1446 2667 Ae
1492 2594 1614 2667 cod.
1667 2595 1822 2649 Fuld.
1899 2595 1943 2629 δδ
1974 2594 2311 2667 Colubrum,
2343 2598 2504 2653 Fron.
2581 2597 2625 2632 ⁸⁸
2655 2594 2996 2652 Distorserit
3021 2594 3189 2652 Seml.
3265 2594 3308 2631 ⁸⁷
3338 2595 3589 2652 Sensum
3619 2594 3741 2651 Ald.
3776 2597 3944 2652 Rhen.

551 2662 595 2701 ⁸⁸
627 2663 839 2722 Statim
871 2663 986 2720 illic
1018 2663 1209 2720 vesica
1238 2665 1516 2736 quaeritur
1545 2665 1695 2722 addit
1728 2672 1867 2722 Hau.
1901 2684 1930 2722 e
1957 2668 2070 2724 cod.
2106 2669 2264 2724 Fuld.

1985 2848 2504 2910 Commentarius.

616 2989 822 3063 (14)ᾼεί
866 2991 918 3063 si
959 2990 1287 3063 paradisum
1316 2994 1679 3050 nominemus.
1715 2995 1776 3049 In
1827 3011 1891 3050 eo
1944 2995 2053 3050 fuit
2101 3013 2190 3050 er—

544 3077 674 3118 rore
701 3061 1122 3148 Tertuiiianus,
1154 3069 1220 3120 ut
1269 3070 1606 3148 sanctorum
1641 3067 1866 3148 animas
1918 3069 2012 3148 ad_
2036 3068 2189 3148 diem

544 3149 734 3261 iisqu
795 3134 1005 3206 judicii
1088 3135 1147 3190 in
1226 3138 1496 3207 paradiso
1563 3140 1773 3194 servari
1859 3139 2188 3195 crediderit.

593 3223 626 3262 E
699 3222 756 3260 Β.

615 3247 824 3354 (ἰδ’)ὐι
880 3278 1297 3354 ail_Laberiu:.
1354 3283 1551 3354 Poeta,
1584 3281 1692 3354 fuit
1747 3280 2191 3354 mimographus

546 3349 720 3419 cujus
749 3349 1020 3431 meminit
1067 3350 1239 3405 etiam
1269 3355 1470 3433 auctor
1499 3351 1598 3407 lib.
1632 3353 1696 3407 de
1729 3349 2090 3435 Palliofcap.
2127 3355 2188 3422 1;

545 3423 604 3474 et
633 3419 984 3480 Macrobius,
1029 3419 1310 3476 Saturnal.
1363 3422 1463 3477 Ιώ.
1500 3440 1541 3476 11
1566 3441 1578 3477 :
1603 3441 1669 3478 ac
1701 3423 1945 3480 Gellius.
1975 3424 2076 3479 lib.
2110 3442 2188 3480 x1.

545 3438 604 3474 et
633 3438 984 3485 macroolus,
1029 3438 1310 3476 oaturnat.
1363 3438 1463 3477 lli).
1500 3440 1541 3476 II
1566 3441 1578 3477 :
1603 3441 1669 3478 ac
1701 3438 1945 3492 uellms,
1976 3438 2076 3479 Ill).
2110 3442 2189 3489 x1,

543 3507 667 3563 cap.
700 3491 762 3560 9;
797 3491 868 3546 de
899 3507 1011 3616 ἓᾳο
1055 3493 1225 3564 plura
1263 3496 1417 3564 apud
1448 3494 1732 3549 Crinitum
1781 3498 1840 3551 in
1875 3496 2041 3551 Decio
2075 3497 2181 3550 La.

543 3562 722 3616 berio.
764 3562 895 3616 Allu
946 3568 987 3616 lt
1035 3565 1105 3616 ad
1156 3567 1427 3616 eumdem
1471 3567 1752 3616 Minutius
1800 3567 1892 3616 his
1939 3567 2177 3616 verbis:

543 3562 722 3618 berio.
764 3562 987 3618 Alludit
1035 3562 1105 3619 ad
1156 3562 1428 3621 eumdem
1471 3567 1752 3621 Minutius
1800 3567 1892 3622 his
1939 3567 2178 3623 verbis:

541 3656 570 3715 fc
615 3633 796 3715 Mimi_
835 3634 1254 3715 ot'ticio_d_ign_a_
1305 3637 1418 3715 ista
1475 3639 1765 3715 sapientia
1813 3643 1970 3715 est};
2006 3639 2180 3715 atqui

537 3704 734 3780 ipsum
781 3705 978 3780 ipsum
1033 3704 1265 3780 Labérii
1305 3709 1396 3764 bis
1428 3710 1634 3780 verbis
1690 3711 1978 3780 expressit
2026 3704 2182 3765 idem

538 3774 824 3844 Crinitus;
849 3777 913 3834 de
941 3777 1206 3836 honestat.
1234 3779 1479 3853 discipL,
1504 3780 1607 3836 lib.
1642 3780 1712 3848 II,
1745 3774 1869 3853 cap.
1902 3782 1953 3835 3.

627 3901 692 3950 Et
725 3901 886 3951 audio
916 3903 1057 3954 mala
1085 3903 1250 3955 multa
1275 3905 1434 3955 etiam
1465 3918 1526 3954 ex
1557 3905 1729 3964 bonis,

629 3965 730 4032 ξει-
758 3965 998 4032 ὶιὶιιᾱηυι
1024 3978 1123 4032 nos
1156 3967 1525 4032 olimrmutant
1552 3968 1874 4032 philosophi,

630 4025 695 4094 Et
721 4039 868 4094 nunc
897 4027 962 4078 de
995 4031 1138 4094 mulo
1168 4031 1456 4092 hominem,
1479 4025 1793 4094 de'mulieré
1823 4025 2118 4094 celubrum,

631 4089 869 4152 Faciunt,
901 4095 954 4140 et
983 4105 1046 4141 ex
1077 4092 1302 4143 diversis
1331 4089 1541 4144 diversa
1575 4093 1691 4143 alia.
1722 4095 1842 4144 Pu.

609 4203 720 4276 (16)
753 4205 1047 4263 Calabram
1095 4225 1169 4265 ex
1212 4209 1462 4265 muliere.
1500 4210 1667 4264 Recte
1716 4209 1800 4264 sic
1856 4207 2068 4264 Junius
2124 4213 2182 4265 et

538 4273 749 4350 Rigalt.
792 4279 977 4352 etiam
1027 4281 1166 4336 Cod.
1216 4282 1508 4352 Agobard.
1561 4280 1660 4336 alii
1716 4281 2022 4336 colubrum.
2071 4282 2179 4337 Sed

532 4349 871 4423 veteresilli
923 4349 1295 4409 femininum“
1320 4353 1509 4423 magis
1556 4356 1849 4419 amarunt,
1884 4353 2038 4423 quod
2086 4353 2180 4409 hic

532 4369 756 4405 veteres
787 4369 871 4405 un
923 4369 1270 4409 teminlnum
1320 4369 1415 4408 ma
1462 4369 1509 4408 is
1556 4369 1849 4419 amarunt,
1884 4369 2038 4423 quoa
2087 4369 2180 4409 mc

532 4420 595 4475 in
645 4420 889 4498 muiiere
936 4423 1109 4498 etiam
1159 4424 1376 4498 aptius.
1419 4369 1676 4481 Eucilius
1724 4425 2180 4498 satyrographus

533 4441 595 4475 In
645 4441 889 4478 munere
936 4441 1109 4479 etiam
1159 4441 1192 4479 a
1237 4441 1376 4480 tius.

533 4493 689 4566 apud
721 4493 974 4551 Nonium
1008 4441 1345 4552 Marceflum
1377 4511 1391 4552 :

617 4607 735 4673 iam
765 4608 1129 4672 disrumpetur
1157 4610 1364 4661 medius
1389 4610 1503 4673 jam
1535 4614 1593 4661 ut
1623 4612 1798 4662 Marsa
1828 4610 2071 4662 colubras

619 4671 911 4734 Disrumpit
939 4671 1125 4724 cantu.

525 4775 1078 4852 Qurpiliusibidemi
1107 4795 1161 4852 τες
1188 4779 1448 4852 Arripuit
1479 4779 1781 4837 colubram
1820 4782 2170 4838 mordicus.»

524 4847 597 4904 Et
623 4847 804 4905 Varro
836 4850 1263 4907 Eumenidibus
1297 4868 1309 4907 :

649 4966 784 5032 Quid
819 4966 1095 5032 dubitatis,
1130 4973 1308 5018 utrum
1342 4983 1487 5019 nunc
1526 4970 1640 5019 sitis
1668 4969 2038 5032 cercopitheci,

598 5030 680 5079 An
705 5030 957 5088 colubrae,
978 5045 1043 5080 an
1061 5032 1259 5082 beluis!
1284 5047 1351 5082 an
1369 5035 1433 5083 de
1456 5033 1578 5083 albu
1599 5033 1749 5082 cibus
1764 5030 1915 5082 labus
1932 5031 2180 5082 Athenis?

522 5131 644 5212 Quo
696 5131 756 5190 in
811 5136 938 5192 loco
989 5138 1183 5194 forsan
1229 5145 1285 5196 et
1327 5143 1449 5212 ipse
1483 5141 1683 5194 irridet
1731 5139 2175 5212 Pythagoricum

521 5209 755 5280 dogma,
792 5225 949 5278 nam,
987 5217 1047 5266 ut
1092 5209 1420 5285 fragmen—ta
1453 5213 1680 5285 docent,
1703 5209 1790 5285 in'
1824 5209 1929 5264 illa
1973 5216 2176 5285 satyris

517 5287 704 5356 parte,
746 5296 925 5352 super
976 5283 1208 5340 comam
1261 5285 1330 5339 de
1378 5284 1745 5356 philosophis
1792 5283 2174 5356 sermofuit.

516 5351 679 5416 Quod
714 5351 872 5424 patet
901 5356 1230 5412 evidentius
1265 5359 1337 5423 si,
1370 5351 1501 5412 cum
1537 5351 1799 5426 populari
1836 5369 1963 5407 meo
1998 5355 2175 5408 Auso-

515 5426 611 5479 nio
669 5429 913 5495 Popma,
968 5427 1179 5484 ultima
1239 5430 1352 5484 ista
1408 5428 1714 5483 manifesto
1775 5428 2047 5495 corrupta
2103 5426 2175 5481 ad

509 5495 736 5551 Graecas
760 5495 996 5554 litteras
1034 5500 1322 5567 retrahas,
1355 5499 1664 5570 locumque
1696 5495 1779 5552 sic
1811 5496 2087 5552 restituas
2124 5513 2136 5554 :

599 5602 684 5652 An
701 5601 957 5664 colubrae,
974 5619 1041 5654 an
1063 5607 1260 5658 bellua:
1285 5606 1335 5655 ἐν
1356 5605 1574 5670 κεφαλεῆ
1591 5603 1785 5667 quibus
1807 5600 1950 5665 λόγος
1970 5602 2171 5702 ἀτενήςὶ

509 5711 576 5763 ut
605 5707 677 5785 de
706 5708 969 5785 cristatis
999 5710 1171 5785 gallis
1200 5717 1278 5772 sit
1321 5731 1534 5784 sermo,
1567 5710 1965 5785 Pythagoricis
1998 5713 2172 5770 etiam

512 5779 1032 5860 apludiliuci‘anum
1062 5785 1121 5842 in
1156 5787 1383 5860 Micyllo
1415 5779 1803 5860 philosophis.
1837 5782 1977 5839 Hav.

581 5850 692 5935 (17)
724 5851 802 5908 Ne
825 5855 965 5927 forte
992 5850 1352 5915 bubulam'de
1375 5850 1560 5932 aliqua
1591 5850 1789 5930 pr'oavo
1811 5871 1908 5912 suo
1931 5873 1960 5914 ο

2300 2995 2450 3050 Satis
2508 2992 2752 3068 ridicule
2813 2993 3060 3068 dictum,
3117 2993 3539 3068 potuissetque,
3597 2995 3648 3050 si
3714 3007 3949 3050 carmen

2302 3068 2680 3139 condidisset,
2715 3067 2796 3122 ita
2826 3067 3027 3122 efferre
3061 3082 3073 3122 :

2391 3202 2628 3264 Cumque
2660 3201 2862 3250 bonum
2894 3199 3379 3264 dabitisicaasorum
3403 3197 3646 3264 membra
3683 3198 3886 3261 palato,

2393 3261 2646 3312 Mand’ere
2675 3277 2770 3312 vos
2803 3267 3005 3312 vestros
3035 3261 3164 3311 scite
3193 3266 3246 3312 et
3278 3262 3468 3312 sentite
3499 3264 3767 3323 parentes.

2302 3388 2408 3443 Ubi
2455 3391 2650 3443 tamen
2710 3386 2920 3442 melius
2982 3386 3178 3441 forsan
3236 3384 3396 3457 legas
3454 3385 3698 3446 sentire;
3757 3382 3945 3457 0vidii

2301 3464 2440 3514 sunt
2467 3475 2690 3526 versus,
2723 3459 2821 3513 sed
2856 3459 2925 3512 ad
2959 3455 3318 3528 prementem
3336 3472 3453 3511 rem
3490 3455 3943 3528 accommodati,

2214 3538 2254 3602 (ξ’,
2294 3547 2426 3586 cum
2452 3531 2554 3602 ille
2585 3527 2889 3602 scripserit
2910 3527 3048 3602 _n’oin
3088 3533 3371 3602 parentes,
3405 3527 3502 3602 sed
3523 3598 3535 3602 Α
3557 3529 3781 3602 colono:
3813 3527 3942 3602 (lib.

2294 3620 2365 3656 xv
2411 3601 2532 3656 Mel.
2572 3597 2742 3655 versu
2804 3600 2945 3670 141).
2991 3597 3102 3655 Sed
3161 3616 3362 3655 eccum
3421 3598 3639 3654 ibidem
3699 3597 3828 3670 ipse
3879 3597 3941 3654 in

2293 3673 2448 3800 impiis
2505 3673 2744 3728 modum
2803 3673 3067 3743 apposite
3118 3671 3276 3728 fatur
3330 3671 3709 3744 Pythagoras,
3769 3687 3942 3727 versu

2383 3878 2518 3940 Ergo
2547 3875 2812 3940 ne_pietas
2843 3876 2910 3926 sit
2936 3877 3077 3926 victa
3107 3875 3357 3940 cupidine
3387 3875 3612 3940 ventris,

2382 3938 2590 4004 Parcite
2623 3938 2921 4004 [vaticinor]
2955 3939 3392 4004 eognatasrcazde
3426 3938 3660 4004 nefanda

2381 4000 2674 4054 Exturbare
2703 4000 2923 4063 animas,
2948 4000 3309 4066 ne'sanguine
3338 4001 3556 4066 sanguis
3588 4001 3778 4051 alatur.
3810 4000 3937 4050 lin.

2362 4137 2470 4207 (18)
2504 4137 2575 4191 De
2627 4133 2757 4207 Caio
2817 4133 3009 4207 Caium
3055 4134 3311 4207 reducem
3356 4135 3723 4207 repromittat.
3767 4131 3936 4207 Caius

2281 4203 2746 4279 jurisconsultus
2776 4206 3089 4262 adhibetur
3118 4206 3177 4261 in
3210 4203 3540 4278 exemplum
3575 4205 3653 4279 ad
3687 4220 3779 4279 res
3809 4203 3934 4279 sin-

2289 4275 2478 4352 gulas.
2513 4280 2907 4352 Repromittere
2936 4285 3131 4334 autem
3176 4287 3262 4334 est
3310 4275 3469 4352 nuda
3517 4275 3935 4352 pollicitatione

2289 4347 2675 4422 cautioneque
2705 4351 3068 4420 promittere,
3101 4367 3214 4404 non
3247 4347 3553 4404 satisdatd.
3580 4349 3732 4403 Alias
3763 4347 3936 4402 habet

2287 4425 2767 4497 significationes,
2794 4422 2933 4497 vide
2963 4422 3347 4497 Schardium._
3366 4422 3510 4477 PAM.

2361 4487 2473 4570 (19)
2531 4487 3134 4570 Statim'illicuoesica
3184 4495 3459 4570 queritur:
3502 4493 3768 4570 _Apparet
3820 4487 3934 4570 hic,

2289 4561 2389 4642 sed
2449 4561 2507 4623 et
2564 4566 2784 4638 passim
2842 4564 3002 4634 alibi,
3061 4561 3293 4642 bonitas
3321 4561 3933 4642 Codicis’Fulden-sis,

2289 4641 2510 4711 absque
2540 4634 2654 4710 quo
2687 4653 2760 4691 ne
2808 4651 2910 4706 per
2967 4637 3262 4711 somnium
3323 4636 3560 4711 quidem
3593 4634 3937 4711 _excogitari

2287 4705 2760 4782 hoc-potuisset.
2801 4705 2864 4760 in
2924 4708 3215 4782 omnibus
3257 4705 3822 4782 certe_editionibus
3877 4708 3939 4782 _et

2288 4774 2596 4839 mssfaliis
2636 4782 2864 4856 _frustra
2895 4794 3124 4856 quaeras
3157 4796 3171 4836 :
3203 4779 3367 4837 locus
3396 4778 3480 4835 sic
3517 4774 3935 4856 concipiturjn

2291 4856 2422 4911 istis
2479 4851 2856 4924 membranis,
2890 4872 2917 4900 ‹‹
2974 4849 3693 4924 reducemirepromittst,
3727 4849 3928 4924 statim

2215 4913 2260 4977 D
2293 4927 2412 5005 illic
2439 4926 2626 5005 vesica
2673 4913 2985 5005 queritur,
3005 4928 3062 4978 et
3097 4913 3462 5005 lapidibus:
3499 4926 3606 5004 etc.
3643 4913 3936 5002 Ascripsit

2292 4997 2609 5061 collationi,
2657 4989 2776 5049 sive
2837 4994 3064 5050 Modius
3121 4989 3193 5063 is,
3248 4996 3368 5050 sive
3403 4989 3753 5065 Scioppius,
3813 4989 3934 5065 sive

2286 5071 2502 5126 Junius
2534 5085 2546 5122 :
2590 5067 2906 5139 legendum
2957 5070 3134 5122 vesica
3178 5071 3489 5138 qua-itur,-
3521 5062 3576 5120 id
3603 5062 3931 5139 _estuquasi

2287 5142 2475 5197 ventis
2534 5133 2894 5210 disténditur
2954 5133 3365 5210 cruciaturque
3441 5144 3647 5210 pectus
3698 5133 3928 5190 illorum

2285 5211 2817 5270 vehementissime.
2861 5209 3152 5266 Hactenus
3196 5209 3314 5266 ille.
3347 5211 3458 5267 Sed
3507 5209 3929 5280 mihiiproverg

2284 5287 2444 5341 bium
2505 5286 2613 5340 hoc
2660 5283 2888 5338 videtur
2940 5282 3318 5353 desumptum
3375 5300 3407 5338 a
3465 5277 3765 5354 puerulis,
3825 5277 3927 5354 qui

2286 5358 2586 5431 mingendi
2617 5355 3037 5431 necessitatem
3068 5355 3242 5431 _ultra
3299 5353 3607 5431 ferre’non
3657 5353 3925 5422 possunt,

2282 5425 2474 5486 vesica
2531 5428 2669 5504 lotio
2724 5425 2989 5504 impleta,
3016 5427 3480 5504 adeoquesmpe
3521 5425 3770 5504 virgam.
3799 5434 3925 5474 me-

2286 5508 2512 5558 tuentes
2542 5495 2893 5576 eaclamant:
2923 5495 3014 5552 Sic
3043 5497 3127 5553 illi
3154 5495 3356 5576 audita
3403 5495 3924 5576 hac___Christiano:

2285 5592 2413 5630 rum
2447 5573 2728 5648 oratione,
2761 5568 2958 5648 statim
3000 5568 3925 5648 egrediuntunauditorio,“quasi

2282 5644 2578 5717 mingendi
2609 5638 2924 5717 necessitas
2950 5638 3206 5717 urgeret.
3239 5640 3524 5717 Rigaltius
3555 5638 3925 5717 transiitmec

2283 5708 2492 5775 ulloVin
2523 5713 2740 5772 notulis
2785 5713 2999 5771 indicio
3031 5708 3250 5773 relicto.
3282 5708 3406 5771 Non
3451 5709 3721 5768 absimile
3751 5708 3923 5764 nobis

2283 5796 2373 5848 est
2404 5787 2770 5862 proverbium
2796 5787 2871 5862 de
2902 5802 2964 5842 re
2992 5786 3223 5862 ingrata
3249 5803 3262 5844 :
3293 5787 3410 5845 Men
3440 5802 3542 5843 seu
3569 5801 3630 5841 er
3657 5782 3725 5841 de
3753 5779 3924 5840 koude

2275 5867 2364 5939 pis
2392 5860 2506 5920 uan
2535 5860 2759 5935 krygen.
2792 5861 2933 5916 HAV.

2912 6337 3551 6352 Ἤῌ--μλγ
