4264 6348
395 411 512 472 589

1503 413 2093 474 APOLOGl‘LTICUS
2141 419 2181 470 Α
2199 415 2320 472 DV.
2372 415 2696 474 GEN'I‘ES.

3685 415 3807 478 590

391 561 496 601 nec
527 543 734 600 saltem
783 544 1060 600 omstibus
1119 547 1163 580 ⁶⁰
1223 547 1334 616 (20)
1393 563 1428 600 a
1485 547 1702 616 pOpulo
1757 545 2036 618 exigetur.
2071 555 2123 616 Α
2159 546 2297 617 ipsis
2328 549 2465 618 (23),
2497 552 2598 602 aut
2630 551 2934 604 manentes
2985 547 3128 620 ipsas
3175 563 3292 604 non
3341 553 3516 603 erunt
3569 547 3809 604 aliunde

391 636 544 694 522
577 635 754 700 Quasi
815 651 951 698 non,
1016 651 1398 708 quaecumque
1457 636 1604 692 ratio
1669 641 1876 708 praeest
1930 637 2043 708 (21)

390 727 727 782 animarum
761 724 1158 780 humanarum
1193 725 1248 779 in
1309 741 1550 798 corpora
1599 726 2042 798 reciprocanda-

391 831 546 883 rum,
573 813 704 886 ipsa
733 815 927 886 exigat
957 813 1092 870 illas
1121 815 1180 868 in
1213 815 1416 870 eadem
1451 831 1694 886 corpora
1745 815 2000 870 revocari
2029 839 2044 882 ξ

393 903 532 975 quia
561 902 670 958 hoc
703 902 780 958 sit
811 903 1088 969 revocari,
1120 919 1249 958 esse
1280 905 1432 972 quod
1477 903 1725 958 fuerunt.
1791 903 1932 959 Nam
1995 904 2042 958 si

396 1009 510 1048 non
545 991 602 1046 id
633 997 773 1046 sunt
805 993 958 1063 quod
991 993 1244 1058 fuerant,
1280 992 1336 1046 id
1370 997 1478 1060 est,
1513 993 1840 1048 humanum
1872 997 1930 1048 et
1985 993 2042 1048 id

391 1081 590 1154 ipsum
653 1097 866 1154 corpus
925 1079 1164 1146 indutae,
1211 1081 1336 1150 jam
1397 1099 1510 1138 non
1545 1081 1686 1152 ipsa}
1715 1087 1887 1136 erunt
1917 1099 2044 1153 quae

395 1171 647 1226 fuerant.
681 1174 872 1239 Porro,
907 1186 1034 1240 quae
1056 1171 1180 1241 jam
1215 1187 1330 1226 non
1361 1175 1535 1226 erunt
1565 1171 1726 1242 ipsa),
1755 1172 2044 1242 quomodo

393 1259 616 1314 redisse
673 1259 1011 1314 dicentur?
1081 1261 1196 1314 Aut
1267 1259 1424 1316 aliud
1486 1261 1648 1316 factas
1707 1277 1822 1316 non
1875 1265 2048 1316 erunt

2155 635 2218 690 ⁷ο.
2253 635 2453 690 Multis
2485 637 2660 692 etiam
2686 637 2838 707 jocis
2869 643 2926 692 et
2952 636 3068 692 otio
3100 637 3140 672 τί
3195 653 3344 708 opus
3398 637 3530 702 erit,
3579 636 3628 692 si
3670 635 3808 692 veli-

2157 741 2290 780 mus
2323 725 2392 780 ad
2424 725 2574 780 hanc
2603 731 2824 796 partem
2859 725 3146 792 lascivire,
3182 727 3336 784 523
3369 725 3504 797 quis
3536 725 3595 781 in
3628 742 3808 798 quam

2157 814 2405 870 bestiam
2439 815 2742 870 reformari
2778 815 3072 870 videretur
3102 817 3146 850 ⁷³
3173 815 3304 887 (23).
3341 815 3450 870 Sed
3485 815 3557 870 de
3605 819 3809 872 nostra

2157 905 2346 976 magis
2375 905 2732 970 defenswne,
2770 904 2868 976 qui
2909 904 3311 976 preponinius,
3365 903 3552 960 multo
3601 904 3809 976 utique

2156 993 2394 1064 dignius
2425 993 2907 1060 credi,hominein
2941 1009 3008 1048 ex
3041 993 3276 1049 homine
3308 993 3636 1048 rediturum
3669 993 3804 1066 (24),

2157 1082 2480 1152 quemlibet
2509 1099 2611 1156 pro
2643 1081 2922 1152 quolibet,
2958 1082 3098 1136 dum
3128 1081 3453 1148 hominem,
3483 1085 3548 1138 ut
3599 1081 3806 1138 eadem

2157 1170 2410 1242 qualitas
2443 1173 2550 1242 (25)
2585 1171 2796 1227 anima:
2827 1171 2884 1226 in
2915 1173 3182 1228 eamdem
3213 1175 3574 1226 restaurator
3602 1171 3807 1228 condi-

2155 1259 2400 1328 tionem,
2431 1259 2540 1316 etsi
2573 1277 2686 1316 non
2715 1259 2994 1332 effigiem,
3026 1263 3180 1314 certe
3211 1259 3350 1330 quia
3381 1259 3530 1316 ratio
3563 1259 3805 1316 restitu-

1815 1363 2016 1424 Variaa
2044 1361 2367 1422 lectiones.

460 1449 504 1484 ‘9
535 1447 801 1504 Caedibus
831 1451 1010 1504 Fran.

1107 1449 1152 1482 7°
1181 1450 1262 1504 Ita
1293 1449 1426 1504 Hav.
1460 1465 1508 1504 θ.
1541 1449 1660 1506 cod.
1695 1450 1850 1505 Fuld.
1885 1453 1946 1506 In
1973 1449 2257 1521 prio-ribus
2287 1449 2406 1504 cdd.
2443 1449 2590 1504 locus
2621 1449 2700 1504 ita
2748 1456 2876 1504 erat
2923 1449 3228 1520 decsriplus

3276 1464 3288 1503 :
3339 1447 3395 1502 Si
3444 1463 3807 1520 quaecunque

389 1520 534 1576 ratio
565 1525 773 1592 praeest
817 1520 1152 1576 animarum
1201 1521 1600 1576 humanarum
1663 1520 2210 1592 reciprocandarum
2265 1521 2322 1574 in
2350 1537 2616 1592 corpora,
2649 1537 2754 1576 cur
2787 1537 2902 1576 non
2961 1521 3020 1576 in
3080 1521 3346 1575 eamdem
3408 1521 3805 1576 substantiam

391 1591 652 1660 redeant,
687 1609 820 1648 cum
851 1593 958 1648 hoc
992 1592 1070 1648 sit
1101 1593 1352 1662 restitui,
1385 1593 1442 1650 id
1476 1611 1604 1649 esse
1637 1591 1795 1664 quod
1827 1595 2058 1650 fuerat?
2088 1594 2217 1650 Jam
2253 1610 2364 1647 non
2397 1591 2540 1664 ipsa:
2571 1597 2731 1660 sunt,
2789 1609 2914 1664 qua:
2961 1593 3207 1660 fuerant,
3257 1592 3395 1662 quia
3442 1609 3555 1648 non
3601 1599 3810 1664 potue-

397 1669 535 1720 runt
564 1681 694 1721 esse
727 1665 883 1735 quod
917 1681 1030 1718 non
1057 1669 1244 1732 erant,
1279 1666 1392 1720 nisi
1420 1667 1692 1720 desinant
1723 1682 1850 1722 esse
1883 1668 2035 1737 quod
2073 1667 2323 1720 fuerant.
2381 1667 2463 1718 19.1:
2516 1665 2614 1719 hac
2675 1680 2882 1736 quoque
2937 1665 3228 1737 scriptura:
3281 1665 3610 1737 (lz’rersitate
3664 1665 3806 1737 coni.

405 1737 562 1806 Hau,
595 1737 1002 1807 Apologetzcum
1031 1753 1060 1790 α
1095 1737 1324 1791 Tertull.
1361 1739 1444 1792 bis
1469 1737 1676 1793 editum
1706 1753 1834 1794 esse.

1914 1741 1954 1774 τι
1991 1741 2078 1794 Sic
2117 1738 2310 1793 Wouw.
2347 1752 2375 1790 θ
2405 1754 2504 1791 ms.
2537 1746 2586 1791 et
2617 1738 2760 1806 Μέση
2792 1735 3004 1792 Pamel.
3055 1735 3310 1806 aliique;
3353 1735 3504 1804 jocis
3553 1752 3621 1792 ex
3666 1736 3806 1805 otio,

393 1807 506 1891 get.
543 1806 734 1891 :.joeis
763 1810 1008 1891 etrptio,
1045 1809 1180 1862 llav.
1206 1809 1364 1891 jueis
1395 1811 1631 1891 exnotio.
1694 1811 1753 1891 _”
1777 1812 1871 1891 ulla.
1896 1811 1996 1891 leg.
2035 1813 2092 1865 in
2122 1809 2241 1866 cod.
2275 1809 2455 1878 Fulcl.,
2488 1807 2628 1879 quod
2657 1807 2810 1880 prob.
2844 1809 2994 1876 Hem,
3025 1807 3166 1878 Rig.,
3201 1808 3330 1862 Ilav.
3383 1806 3442 1862 In
3489 1815 3613 1866 cal.
3677 1807 3804 1865 edd.

394 1879 534 1946 Quis
567 1879 804 1954 inquam
837 1879 1028 1952 [Rha-1i.
1065 1884 1371 1952 unquam],
1406 1883 1706 1938 reformari
1737 1883 1921 1938 vidit?

1831 1983 1980 2042 Com
1991 1979 2356 2042 mentarius.

469 2077 578 2150 (20)
639 2079 745 2133 Nec
797 2079 987 2132 saltim
1044 2079 1318 2134 caesi-ibus.
1381 2079 1611 2134 Veteres
1671 2081 2045 2146 membranae,

399 2149 650 2206 Calibus.
685 2150 936 2205 Omnino
973 2150 1306 2220 legendum,
1334 2155 1624 2215 (favi-tibus,
1657 2157 1710 2206 et
1754 2153 1896 2207 scite
1948 2155 2046 2206 ad-

399 2223 640 2296 modum
675 2229 885 2296 crestus
913 2222 1083 2296 dixit,
1117 2223 1503 2296 pugnosivilis
1533 2223 1846 2296 plebecula:
1881 2223 2050 2279 callo-

399 2310 517 2362 sos,
555 2294 877 2366 habuitque
909 2295 966 2348 in
1001 2299 1194 2349 mente
1225 2295 1372 2349 illud
1405 2294 1700 2351 Iuvenalis
1733 2311 1746 2350 :

834 2445 847 2458 .
919 2445 947 2474 ,ί
999 2445 1013 2459 .
1046 2414 1099 2458 et
1129 2409 1326 2474 pugnis
1350 2411 1596 2459 concisus
1627 2411 1830 2470 adorat,

513 2473 580 2522 Ut
607 2472 766 2522 liceat
798 2473 980 2536 paucis
1004 2472 1406 2522 cum’de'ntibus
1437 2475 1561 2522 inde
1595 2475 1788 2524 reverti
1820 2473 1946 2534 (Sat.
1979 2474 2046 2534 3.)

399 2578 491 2634 Ait
521 2579 702 2650 igitur
729 2579 1122 2652 Septimius:
1173 2581 1230 2634 Si
1289 2581 1657 2637 Christianus
1715 2581 1930 2652 aliquis
1987 2581 2046 2634 in

399 2654 574 2707 turba
603 2653 770 2722 forte,
803 2653 874 2706 ad
909 2651 1192 2724 populum
1227 2655 1402 2708 verba
1445 2655 1684 2722 faciens,
1735 2651 1829 2708 de,
1853 2669 2048 2708 resur-

400 2724 658 2779 rectione
689 2740 999 2796 corporum
1033 2741 1364 2780 sermonem
1395 2726 1629 2792 habeat,
1661 2727 1732 2780 de
1764 2742 1880 2796 qua
1916 2726 2048 2780 Caio

402 2799 503 2850 aut
557 2796 898 2865 Sempronio
957 2795 1152 2868 ipsum
1200 2797 1402 2852 Caium
1437 2803 1492 2852 et
1521 2795 1928 2868 Sempronium
1962 2813 2050 2851 re-

403 2885 470 2922 su
483 2871 666 2940 rrectu
679 2884 771 2921 ros
795 2873 1043 2940 asserat;
1073 2870 1121 2920 is
1147 2867 1290 2922 bene
1312 2885 1345 2924 a
1367 2869 1580 2940 populo
1603 2867 1802 2924 secum
1825 2871 1918 2940 agi
1943 2885 2050 2940 pu-

403 2939 626 3006 tabit,si
661 2939 1221 3012 pugnistant_um,et
1255 2939 1378 2994 non,
1401 2939 1591 3012 magis
1613 2939 1911 3011 lapidibus
1939 2939 2050 2994 exi-

403 3017 594 3082 gatur:
619 3081 622 3082 ν
652 3011 785 3082 ipse
830 3009 1266 3082 g'l‘ertullianus,
1323 3012 1397 3064 ad
1446 3009 1806 3067 Marcianum.
1841 3012 1940 3066 lib.
1973 3026 2048 3078 ιν,

405 3079 535 3154 pag.
569 3080 692 3145 368,
714 3079 1141 3154 lapidationem
1176 3081 1320 3154 dixit
1349 3083 1732 3154 papularibus
1781 3084 2048 3149 coetibus,

405 3150 728 3208 et'inermi
761 3151 1046 3206 tumultui
1079 3150 1447 3210 familiarem:
1481 3157 1549 3209 Et
1577 3154 1679 3210 lib.
1713 3173 1775 3220 II,
1807 3155 1879 3210 ad
1904 3154 2052 3223 Nal.,

406 3223 688 3350 lapidem,
723 3223 906 3278 telum
939 3240 1070 3279 esse
1101 3227 1181 3280 ait
1229 3225 1464 3298 vulgare
1521 3231 1696 3298 atque
1752 3227 2048 3282 caninum.

464 3311 540 3348 ια.

464 3311 540 3348 IG.

472 3365 584 3436 (21)
613 3365 957 3441 QiigL’cunque
987 3369 1130 3422 ratio
1159 3377 1377 3439 przecat.
1415 3369 1497 3424 Ita
1547 3369 1768 3441 explico
1817 3387 1830 3425 :
1883 3368 2052 3440 quasi

639 2079 745 2133 Nec
797 2079 987 2132 saltim
1044 2079 1318 2134 caesi-ibus.
1381 2079 1611 2134 Veteres
1671 2081 2045 2146 membranae,
2079 2085 2124 2148 Β

2227 2077 2335 2148 (23)
2387 2077 2519 2144 Quis
2568 2077 2628 2130 in
2675 2093 2842 2148 quam
2891 2077 3118 2132 bestiam
3164 2077 3461 2146 reformari
3507 2076 3804 2132 videretur.

2159 2150 2306 2204 Editi
2341 2157 2582 2216 veteres,
2617 2155 2678 2202 ut
2710 2148 2862 2212 Aldi,
2895 2149 3127 2216 Barrasi,
3161 2152 3323 2203 Pam.
3359 2154 3414 2203 et
3432 2165 3554 2220 gms.
3586 2150 3664 2220 7L.
3722 2153 3808 2220 B.,

2159 2244 2183 2271 ε(
2221 2220 2908 2292 Quis,inquam,bestiam
2943 2221 3248 2292 reformari
3277 2219 3452 2275 vidit?
3485 2242 3512 2268 υ
3537 2219 3803 2292 Βὴρῃαῐιῤ

2157 2309 2422 2363 unquam,
2458 2291 2700 2346 insulse.
2733 2293 2840 2346 Sed
2873 2307 2942 2347 ex
2971 2291 3098 2346 Vat.
3131 2292 3266 2346 Co‘d.
3319 2293 3570 2347 correxit
3611 2291 3802 2363 Wou-
3847 2305 3854 2310 ‘

2157 2362 2378 2419 werius
2409 2365 2562 2436 velit,
2597 2365 2760 2434 quasi
2795 2367 3030 2434 rogetur
3079 2363 3294 2418 mulier
3335 2369 3531 2418 utrum
3579 2362 3800 2436 gallina

2157 2453 2230 2490 an
2259 2452 2456 2500 vacca,
2489 2435 2576 2490 vir
2605 2452 2758 2506 vero,
2809 2453 2882 2490 an
2939 2451 3158 2505 passer,
3207 2439 3434 2500 taurus,
3485 2452 3560 2490 an
3609 2451 3802 2492 scara-

2159 2510 2316 2563 bzsus
2348 2525 2474 2562 esse
2504 2507 2656 2562 velit.
2687 2507 2792 2562 Sed
2825 2513 3060 2578 prrestat
3089 2506 3257 2578 lectio
3287 2506 3568 2574 Fuldana,
3619 2523 3800 2578 quam

2158 2580 2462 2652 amplexus
2493 2585 2582 2634 est
2611 2577 2931 2652 Scioppius
2963 2585 3020 2633 et
3057 2577 3288 2649 Rigalt,
3317 2585 3370 2632 et
3403 2595 3472 2652 ex
3497 2578 3622 2634 suis
3644 2577 3795 2636 mss.

2159 2651 2424 2724 probavit
2449 2652 2622 2706 etiam
2657 2651 3307 2724 Hcraldus,gvlileretur§
3353 2651 3446 2704 cui
3493 2667 3803 2707 assensum

2159 2721 2276 2780 non
2306 2729 2538 2780 tantum
2571 2724 2829 2795 praebent
2867 2721 3128 2795 Latinius
3170 2727 3224 2777 et
3278 2722 3493 2795 Junius
3543 2739 3612 2780 ex
3658 2739 3805 2780 mss.

2159 2801 2292 2850 Put.
2362 2801 2420 2851 et
2473 2793 2686 2862 Ursini,
2740 2795 2840 2850 sed
2892 2799 2950 2849 et
2997 2794 3136 2848 Cod.
3189 2793 3374 2866 Agob.
3424 2794 3518 2850 Sic
3568 2811 3807 2866 quaere-

2161 2873 2320 2923 retur
2364 2868 2454 2922 vir
2500 2867 2837 2940 bellicosus,
2889 2883 3121 2934 avarus,
3171 2864 3436 2933 timidus,
3494 2864 3810 2940 vol‘uptua-

2159 2941 2306 3008 rius,
2339 2940 2396 2994 in
2420 2955 2556 3010 quae
2588 2937 2866 2994 animalia
2898 2943 3027 3008 post
3075 2941 3322 3010 mortem
3369 2937 3651 3010 corporis
3677 2939 3810 2995 ani-

2161 3027 2316 3066 mam
2344 3009 2486 3082 velit
2516 3011 2792 3082 migrare,
2817 3014 2991 3080 prout
3017 3009 3322 3064 commode
3350 3009 3614 3082 Micyllus
3643 3027 3654 3064 :
3687 3011 3808 3076 ille,

2164 3081 2392 3139 somnio
2439 3082 2600 3136 divas
2617 3080 2687 3136 et
2728 3080 3037 3152 nunquam
3058 3097 3174 3152 non
3208 3081 3366 3152 aurei
3399 3080 3560 3136 illius
3585 3081 3808 3138 insom-

2161 3154 2242 3208 nii
2276 3169 2520 3222 memor,
2555 3151 2894 3209 sciscitatus
2941 3151 3075 3223 quis
3127 3151 3264 3223 ipse
3303 3151 3444 3207 olim
3493 3153 3725 3222 fuisset,
3775 3171 3810 3210 a

2161 3221 2563 3281 contubernali
2593 3224 2744 3296 gallo
2777 3241 2882 3280 suo
2916 3221 3368 3296 docetur‘fuisse
3395 3224 3698 3281 formicam
3716 3221 3809 3280 in-

2161 3298 2352 3353 dicam
2377 3315 2445 3352 ex
2477 3295 2770 3368 illis’quae,
2805 3312 3014 3368 aurum
3048 3295 3421 3368 effadiunt,ut
3443 3297 3676 3366 jocatur
3702 3297 3814 3352 Lu-

2163 3371 2368 3425 cianus
2399 3369 2457 3424 in
2492 3366 2675 3425 Gallo.
2723 3374 2846 3424 Imo
2895 3373 2952 3423 et
3001 3366 3299 3422 hominem
3348 3368 3556 3424 induta
3601 3385 3810 3426 rursus

410 3455 526 3524 non
559 3437 750 3524 amnis
785 3437 1264 3522 argumentorum
1301 3442 1410 3521 vis,
1442 3437 1666 3524 quibus
1687 3437 2051 3513 praastruitur
2080 3457 2122 3524 ρ
2165 3441 2566 3524 Pythagorica_
2591 3439 2696 3524 illa
2725 3438 3192 3524 .anima‘deberct
3223 3437 3594 3524 simillimum
3626 3441 3808 3524 priori

401 3515 458 3565 et
491 3511 825 3564 defenditur
853 3511 1228 3581 reciprocatio
1271 3513 1602 3568 animarum
1655 3511 2048 3569 humanarum

404 3587 460 3658 et
481 3581 689 3658 in‘alia
717 3598 958 3652 corpora
989 3585 1646 3658 transmigratio,magis
1678 3589 1852 3642 etiam
1883 3586 2054 3641 strin-

408 3654 490 3726 git
520 3653 565 3708 si
600 3655 922 3730 al'firuietur
953 3658 1204 3730 revocari
1241 3657 1468 3711 animas
1515 3653 1588 3712 ad
1639 3676 1744 3713 sua
1789 3673 2054 3730 quasque

409 3725 740 3800 oorporaJn
777 3726 882 3800 hoc
915 3728 1070 3800 enim
1105 3745 1280 3782 sensu
1313 3731 1556 3784 verbum
1605 3725 1838 3800 [incesse
1882 3725 2052 3786 usur-

415 3805 609 3923 pa‘m
645 3799 925 3852 discimus
959 3817 1024 3853 ex
1055 3799 1155 3854 lib.
1191 3800 1254 3854 ιίθ
1283 3805 1460 3856 Carne
1493 3799 1714 3868 Christi,
1759 3821 1882 3874 cap.
1937 3803 2004 3856 17
2039 3818 2052 3856 :

415 3890 440 3922 α
471 3875 512 3923 Α
563 3877 614 3923 te
645 3870 841 3923 omnia
873 3875 1066 3923 autem
1099 3875 1567 3923 commendanda
1598 3875 1706 3923 erit
1739 3877 1884 3923 rnlin
1929 3891 2052 3923 mla:

415 3890 440 3922 α
471 3870 615 3946 Alite
645 3870 841 3946 omnia
873 3875 1066 3926 autem
1099 3875 1567 3928 commendanda
1598 3875 1706 3928 erit
1739 3870 1884 3930 ratio
1929 3891 2056 3946 qua:

417 3943 668 4012 praefuit.
707 3963 728 3990 υ
767 3942 908 3996 Cum
940 3960 1072 3998 vero
1107 3950 1261 3998 totus
1293 3946 1434 3998 ordo
1463 3946 1736 4000 dictionis
1769 3965 1800 4001 a
1850 3942 1962 4001 me“
1990 3963 2058 4000 ex

413 4014 548 4087 Cod.
583 4013 747 4087 Fuld.
783 4014 857 4087 sit
887 4019 1320 4086 transumptus,
1353 4033 1584 4087 acquum
1631 4023 1722 4071 est
1771 4023 1834 4072 ut
1883 4019 2056 4074 etiam

413 4085 652 4154 vulgata
699 4085 868 4140 lectio
917 4085 1265 4158 apponatur,
1319 4085 1444 4160 quae
1479 4090 1558 4144 ita
1591 4105 1652 4144 se
1681 4090 1856 4144 habet
1889 4107 1900 4144 :
1937 4113 1963 4139 α
2002 4090 2060 4144 Si

417 4173 789 4232 qurccunque
833 4160 980 4213 ratio
1009 4163 1240 4232 praeest
1288 4162 1620 4216 animarum
1669 4161 2060 4216 humanarum

417 4229 966 4303 reciprocandarum
1001 4229 1058 4285 in
1093 4249 1356 4303 corpora,
1391 4250 1494 4286 cur
1525 4251 1636 4288 non
1687 4233 1742 4287 in
1795 4235 2060 4289 eamdem

418 4302 1122 4374 substantiamredeant?
1156 4302 1288 4360 cum
1319 4305 1426 4359 hoc
1458 4305 1535 4360 sit
1565 4305 1878 4372 restitui,id
1913 4323 2062 4374 esse,

420 4375 574 4444 quod
605 4373 838 4428 fuerat?
866 4376 991 4430 lam
1027 4393 1140 4431 non
1172 4379 1299 4449 ipsa
1332 4380 1470 4431 sunt
1500 4394 1627 4448 quae
1665 4373 2066 4450 fuerant,quia

423 4462 538 4500 non
573 4451 889 4520 potuerunt
919 4464 1048 4503 esse
1077 4453 1228 4520 quod
1265 4465 1377 4502 non
1414 4453 1599 4512 erant,
1633 4449 1742 4505 nisi
1797 4449 2068 4505 desinant

421 4519 736 4592 essequod
772 4519 1018 4574 fuerant.
1057 4519 1186 4575 ){Et
1235 4521 1470 4576 omissis
1519 4538 1644 4592 qua:
1693 4523 1960 4578 uberiora
2007 4521 2066 4576 in

423 4607 534 4645 ms.
573 4589 627 4643 F.
676 4595 929 4658 exstant,
979 4592 1247 4662 sequitur
1293 4593 1494 4660 Multis,
1535 4589 1652 4649 etc.
1707 4593 1811 4649 Ubi
1859 4595 1915 4649 in
1965 4597 2068 4648 Ju-

422 4663 598 4717 niana
625 4662 858 4732 ed.post
878 4669 1042 4719 erant
1059 4665 1430 4721 interseritur
1447 4665 1774 4722 etiamunisi
1800 4667 2074 4721 desinant

423 4749 550 4790 esse
584 4735 736 4804 quod
770 4751 884 4789 non
916 4743 1102 4792 erant.
1141 4759 1167 4786 »
1198 4741 1450 4808 Apparet
1485 4739 1535 4791 id
1571 4739 1721 4807 quod
1754 4740 2072 4794 statuimus

427 4823 627 4881 verum
661 4823 812 4870 esse.
844 4808 934 4881 bis
967 4826 1000 4863 a
1043 4811 1400 4866 Tertulliano
1447 4811 1848 4881 .elpologclz'cum
1897 4828 2072 4867 suum

430 4876 795 4951 publicatum
851 4879 991 4934 ΗΑν.

519 4950 611 5025 22)
671 4952 776 5025 Aut
831 4953 990 5006 aliud
1053 4955 1218 5022 faclze
1273 4969 1383 5006 non
1430 4961 1589 5008 erunt
1640 4955 1788 5025 ipsae.
1833 4952 1888 5006 Si
1923 4953 2078 5008 enim

431 5021 728 5097 Euphorbi
782 5027 980 5078 anima
1019 5021 1230 5094 cerpus
1279 5025 1486 5079 induat
1533 5021 1908 5097 Pythagoras,
1955 5026 2080 5095 jam

431 5094 542 5147 iste
575 5093 750 5169 homo
781 5113 898 5151 non
961 5093 1310 5167 Enph’orbus
1339 5102 1428 5151 est
1458 5093 1840 5168 amplius,scd
1877 5093 2084 5169 Pytha-

433 5181 626 5236 goras.
659 5167 854 5236 Itaque
887 5185 1002 5223 non
1037 5170 1208 5224 rediit
1239 5173 1394 5223 totus
1427 5167 1768 5240 homo,quia
1809 5171 1857 5223 is
1893 5167 2088 5224 anima

434 5243 491 5291 et
542 5253 780 5308 corpore
849 5247 1093 5296 constat.
1159 5242 1334 5296 Juvat
1401 5242 1687 5298 ascribere
1735 5242 2086 5297 sententiam

436 5309 596 5385 aurei
623 5310 760 5372 oris,
793 5315 988 5383 magni
1024 5313 1182 5368 illius
1213 5313 1634 5385 Chrysostomi.
1673 5316 1746 5383 Is,
1781 5314 1988 5368 homil.
2036 5314 2088 5380 1,

437 5380 502 5436 de
537 5385 756 5457 Restm;
791 5401 810 5438 :
849 5403 869 5431 α
895 5380 982 5438 ‘Ad
1021 5385 1160 5451 haec,
1195 5385 1242 5440 si
1279 5380 1392 5439 non
1425 5387 1680 5456 resurgit
1715 5380 1946 5457 corpus,
1973 5402 2090 5440 non

439 5454 696 5527 resurgit
729 5453 926 5512 homo.
960 5457 1140 5512 Homo
1189 5457 1346 5511 enim
1395 5473 1509 5510 non
1563 5453 1650 5513 est
1700 5453 1899 5513 anima
1946 5458 2090 5527 sola,

441 5525 542 5601 sed
575 5543 793 5601 corpus
823 5528 1194 5601 etanima.Si
1225 5545 1362 5600 ergo
1393 5529 1590 5584 anima
1637 5531 1758 5585 sola
1809 5525 2094 5601 resurget,

444 5597 760 5673 dimidium
810 5600 1028 5655 animal
1081 5597 1368 5672 resurget,
1417 5605 1472 5656 et
1514 5601 1595 5655 ita
1627 5620 1741 5659 non
1774 5597 2093 5673 integrum.

443 5669 552 5745 §ed
585 5673 642 5724 et
672 5671 741 5725 de
767 5673 974 5745 anima
1006 5689 1120 5727 non
1175 5669 1405 5745 proprie
1457 5674 1674 5728 dicitur
1725 5669 2095 5730 resurrectio.

447 5739 816 5819 llesurrectio
865 5746 1023 5801 enim
1072 5739 1198 5819 ejus
1248 5739 1337 5800 est
1386 5746 1540 5816 quod
1591 5749 1818 5818 cecidit,
1858 5751 1914 5803 et
1945 5745 2097 5819 quod

453 5811 806 5870 dissolutum
842 5823 951 5874 est.
985 5811 1190 5876 Anima
1221 5811 1420 5875 autem
1451 5835 1568 5874 non
1601 5811 1978 5890 dissolvitur;
1999 5817 2098 5876 sed

460 5899 693 5960 corpus.
731 5907 756 5939 ι
793 5893 934 5948 ΗΑν.

2162 3511 2569 3570 contubernali
2603 3513 2866 3568 reddere.
2913 3511 2980 3566 Et
3011 3515 3298 3583 quantum
3331 3513 3457 3583 ipse
3479 3511 3812 3570 Mnesarohi

2164 3587 2321 3641 filius
2354 3603 2386 3640 a
2415 3586 2739 3640 Panthoidc
2770 3585 3021 3654 aliisque
3052 3584 3325 3649 abfuerit,
3360 3601 3521 3640 more
3571 3603 3701 3653 suo,
3753 3585 3812 3641 id

2164 3665 2252 3714 est
2293 3659 2493 3728 jocose
2548 3659 2720 3730 docet
2751 3655 3016 3722 Tertull.,
3052 3656 3153 3730 _l_i_b.
3186 3655 3251 3710 de
3281 3657 3666 3730 Animmcap.
3699 3659 3814 3730 31,:

2165 3755 2194 3782 ‹‹
2227 3727 2369 3785 Ecce
2402 3730 2554 3785 enim
2583 3729 2959 3801 Euphorbum
2985 3727 3298 3801 militarem
3321 3727 3670 3801 etbellicain
3693 3729 3818 3786 ani-

2165 3819 2322 3858 mam
2359 3805 2502 3858 satis
2531 3799 2762 3858 constat
2808 3802 2896 3855 vel
2949 3802 3018 3854 de
3068 3801 3197 3872 ipsa
3246 3799 3434 3870 gloria
3475 3801 3814 3873 clypeorum

2167 3880 2634 3930 consecratorum
2671 3892 2683 3928 :
2719 3873 3102 3944 Pythsgeram
3131 3887 3272 3944 vero
3295 3877 3414 3927 tam
3459 3875 3709 3930 residem
3759 3879 3818 3930 et

2165 3947 2554 4010 imbellem,ut
2585 3943 2784 4016 praelia
2819 3951 2955 4000 tunc
2975 3945 3203 3999 Graeciae
3225 3943 3435 4016 vitans,
3471 3945 3652 4002 Italiae
3685 3963 3820 4001 ma-

2171 4019 2346 4074 luerit
2377 4015 2653 4089 quietem,
2688 4017 3014 4090 geometrias
3047 4020 3106 4090 et
3133 4015 3458 4090 astrologiae
3489 4019 3818 4090 etgmusicm

2171 4087 2436 4152 devotus.
2463 4087 2914 4145 alienus'studio
2945 4092 3002 4143 et
3030 4087 3237 4142 affectu
3271 4087 3584 4158 Euphorbi.
3622 4091 3729 4146 Sed
3763 4093 3821 4146 et

2171 4163 2430 4234 Pyrrhus
2455 4163 2553 4216 ille
2587 4161 2855 4216 fallendis
2888 4159 3162 4234 piscibus
3191 4159 3420 4234 agebat,
3460 4161 3819 4234 Pythagoras

2173 4230 2394 4302 centra,
2446 4249 2552 4290 nec
2599 4230 2906 4301 adeundis,
2961 4235 3023 4285 ut
3072 4230 3424 4286 animalibus
3493 4230 3818 4291 abstinens.

2173 4305 2492 4361 [Ethalides
2521 4311 2713 4360 autem
2747 4309 2804 4378 et
2838 4303 3230 4378 llermotimus
3263 4303 3455 4378 fabam
3484 4321 3718 4378 quoque
3761 4309 3822 4364 in

2175 4377 2431 4450 pabulis,
2473 4377 2890 4450 communibus
2937 4375 3233 4450 inruerat'Z
3285 4375 3641 4450 Pythagoras
3689 4393 3823 4436 vero

2176 4445 2248 4505 ne
2279 4467 2389 4522 per
2413 4448 2625 4504 fabalia
2657 4449 2892 4520 quidem
2917 4445 3344 4522 transeundum
3365 4445 3670 4520 discipulis
3699 4451 3826 4509 suis

2179 4517 2441 4579 tradidit.
2472 4517 2771 4586 Quomodo
2805 4535 2936 4593 ergo
2969 4519 3180 4593 eaedem
3202 4517 3420 4593 animae
3471 4517 3829 4593 recupera“-

2179 4603 2295 4661 tur,
2331 4609 2456 4665 quas
2489 4609 2595 4648 nec
2627 4589 2904 4664 ingeniis.
2937 4589 3364 4665 nec‘institutis
3385 4591 3536 4664 jam,
3570 4589 3676 4652 nec
3705 4597 3828 4652 vie.

2178 4661 2582 4722 tibus-eradem
2617 4661 3019 4736 prebabuntur
3039 4661 3068 4716 ’ἶ
3097 4661 3240 4736 Ilav.

2254 4738 2366 4810 (24)
2395 4732 2678 4792 Hominem
2708 4754 2778 4792 ea:
2801 4737 3028 4812 Ahomine
3057 4732 3393 4812 rediturum.
3413 4734 3726 4812 Minucius
3771 4757 3828 4812 p.

2185 4804 2300 4864 38':
2338 4804 2364 4860 ά
2399 4815 2678 4864 αδδιδι-ηπ]
2713 4809 3007 4880 quietam
3031 4804 3250 4861 stultus
3282 4811 3383 4860 ant
3413 4808 3623 4866 brutus
3654 4804 3838 4878 est,ut

2189 4882 2400 4938 audeat
2451 4879 2796 4953 repugnare,
2851 4879 3151 4935 hominem
3202 4895 3234 4933 a
3283 4883 3417 4949 Deo,
3467 4886 3532 4936 ut
3622 4887 3838 4940 rimam

2191 4955 2452 5010 noluisse
2487 4955 2647 5010 ﬁngi.
2681 4955 2760 5009 ita
2792 4969 2962 5010 posse
3005 4951 3199 5005 denuo
3246 4900 3616 5010 reformari‘l)
3652 4979 3681 5006 ››
3731 4955 3838 5010 Ubi

2191 4955 2452 5025 potuisse
2487 4951 2647 5024 fingi,
2681 4955 2760 5009 ita
2792 4951 3200 5025 possedean
3246 4951 3604 5025 reformari?
3652 4979 3681 5006 »
3731 4955 3838 5012 Ubi

2190 5021 2320 5080 vide
2353 5021 2996 5100 notamflﬂlmehhorstii
3057 5021 3325 5100 Pertinet:
3340 5028 3394 5077 et
3423 5023 3838 5100 huc_Chryso-

2195 5100 2368 5153 stomi
2403 5099 2741 5154 simillimus
2767 5099 2930 5152 locus
2963 5097 3020 5149 in.
3053 5099 3080 5148 Ι
3108 5095 3266 5161 epist
3291 5097 3458 5150 Pauli
3503 5097 3573 5152 ad
3621 5095 3843 5156 Thessa-

2199 5173 2314 5254 Ιρηἱ
2340 5187 2466 5254 cap.
2503 5188 2580 5254 iv,
2610 5171 2835 5254 hom...7
2866 5185 2939 5254 ‘:_u
2972 5167 3026 5220 bi
3063 5165 3182 5248 sint
3211 5168 3705 5254 quidem‘qrazciL
3740 5171 3842 5254 qui

2199 5245 2269 5298 de
2302 5238 2713 5308 his-dubitant,
2747 5242 2819 5297 iis
2850 5239 3113 5294 dicemus
3143 5238 3619 5296 innumerabilia.
3667 5238 3844 5307 Quid-

2201 5331 2334 5370 nam
2357 5314 2383 5367 ?
2413 5315 2556 5369 Sunt
2587 5317 2740 5369 enim
2775 5313 2926 5384 apud
2959 5313 3116 5382 ipsos
3150 5311 3250 5380 qui
3283 5311 3512 5385 animus
3557 5314 3626 5367 ad
3653 5313 3847 5385 plan-

2200 5393 2292 5442 tas
2325 5387 2643 5450 deducunt,
2679 5387 2746 5442 ad
2781 5383 3041 5448 frutices,
3075 5385 3132 5436 et
3164 5398 3360 5458 canes.
3393 5383 3493 5438 Die
3523 5383 3850 5458 mihi—quid

2203 5463 2293 5586 ἓξ(
2325 5458 2575 5528 facilius,
2613 5475 2784 5515 suum
2819 5471 3028 5528 corpus
3063 5453 3344 5526 accipere,
3381 5471 3452 5510 an
3485 5453 3742 5514 alienum
3764 5459 3792 5514 ?
3821 5479 3851 5510 π

2256 5547 2344 5585 AV.

2256 5548 2286 5584 Α
2293 5547 2328 5585 V
2335 5573 2344 5583 .

2278 5605 2386 5670 (-25)
2426 5603 2485 5658 Ut
2515 5603 2706 5658 eadem
2736 5601 3006 5673 qualitas.
3040 5595 3226 5673 Etiam
3269 5594 3379 5673 hoc
3428 5598 3582 5656 inter
3627 5601 3858 5660 Tertul-

2206 5673 2348 5746 liani
2395 5693 2640 5740 errores,
2694 5669 2846 5746 quod
2898 5671 3189 5746 vi_(leatur_
3214 5669 3423 5746 animae
3471 5673 3724 5746 effigiem
3776 5679 3862 5733 αι-

2209 5745 2597 5814 tribuere,aut
2625 5746 2673 5801 si
2705 5741 2776 5802 de
2807 5742 3066 5816 hominis
3098 5741 3292 5816 effigie
3322 5741 3663 5816 agat,etiam
3696 5753 3865 5806 caute

2211 5818 2520 5889 legendum
2571 5819 2810 5892 perinde
2861 5833 2926 5892 ac
2978 5815 3026 5870 si
3075 5813 3343 5892 videatur
3364 5813 3488 5876 non
3518 5822 3663 5878 satis
3693 5820 3864 5878 intel-

2217 5887 2428 5949 leiisse
2457 5887 2731 5950 eumdem
2762 5889 3065 5949 hominem
3095 5887 3156 5945 in
3189 5890 3394 5949 eadem
3425 5892 3618 5967 efﬁgie
3667 5909 3862 5958 resur-
