4264 6354
408 309 516 369 601

1510 306 2101 371 APOLOGETIGUS
2155 307 2336 371 ADV.
2401 309 2729 370 Gl'ZN'l‘ES.

3690 308 3813 371 609

405 438 561 496 enim
616 454 729 494 non
785 439 989 494 tundis
1037 438 1186 509 (5t):
1222 456 1253 494 ο
1285 438 1621 512 philosOphi
1656 439 2044 511 magnanimi-
2074 443 2134 509 Α
2162 441 2318 497 534
2347 446 2634 512 quantum
2665 439 2974 513 sanguinis
3006 438 3285 495 fuderint.
3320 440 3364 496 Ο
3404 437 3651 512 gloriam
3686 438 3810 496 lici-

406 528 719 600 tatem,qui
752 529 823 583 de
853 528 956 583 tali
989 545 1094 584 suo
1128 530 1279 583 exitu
1310 529 1484 584 etiam
1506 529 1846 599 jocabaturl
1875 529 2053 585 Omit-

406 622 464 674 to
496 634 594 673 eos
626 617 727 689 qui
759 634 888 673 cum
922 618 1114 689 gladio
1139 618 1368 689 proprio
1400 619 1581 674 aliove
1612 635 1822 691 genere
1844 619 2051 674 mortis

409 708 642 764 mitiore
675 709 744 763 de
778 706 949 762 laude
973 708 1339 779 pepigerunt.
1366 709 1507 763 Ecce
1530 709 1685 763 enim
1709 712 1765 763 et
1794 712 2050 763 tormen-

409 802 599 853 torum
632 796 953 852 certamina
983 802 1338 851 coronantur
1368 814 1400 851 a
1428 797 1611 852 vobis.
1643 798 1832 852 Attica
1867 812 2049 852 mere-

408 888 522 941 trix
553 888 685 957 (52),
721 885 991 941 carnifice
1013 887 1135 956 jam
1171 886 1428 958 fatigato,
1464 892 1756 957 postremo
1788 886 2049 958 linguam

409 993 579 1031 suam
613 982 929 1031 comestam
981 976 1036 1029 in
1082 976 1289 1030 faciem
1344 976 1574 1047 tyranni
1634 976 1921 1031 saevientis
1952 993 2051 1031 ex-

408 1065 663 1138 spuit,ut
692 1068 1005 1136 exspueret
1035 1069 1092 1119 et
1120 1080 1419 1132 vocem,ne
1446 1066 1782 1135 conjuratos
1813 1065 2050 1121 confite—

407 1155 455 1210 ri
488 1159 705 1227 posset,
739 1154 788 1208 si
847 1153 1023 1208 etiam
1068 1152 1217 1207 victa
1274 1152 1576 1209 voluisset.
1629 1155 1778 1210 Zeno
1809 1153 2051 1223 Eleates,

406 1244 715 1299 consultus
747 1261 779 1298 a
814 1243 1085 1315 Dionysio
1117 1244 1400 1314 quidnam
1425 1243 1796 1316 philosophia
1818 1248 2053 1317 praasta-

404 1338 511 1399 ret,
540 1349 671 1388 cum
707 1333 1125 1405 respondisset,
1158 1336 1555 1404 contemptum
1591 1334 1817 1404 mortis,
1852 1333 2051 1403 ﬂagel-

405 1423 477 1479 lis
509 1424 553 1458 θο
584 1422 811 1495 tyranni
865 1422 1163 1492 subjectus
1213 1423 1566 1478 sententiam
1598 1439 1765 1479 suam
1790 1424 1860 1478 ad
1894 1440 2051 1478 mor-

402 1517 521 1569 tem
556 1528 741 1585 usque
772 1512 1064 1583 signabat.
1099 1512 1261 1568 Certe
1318 1512 1610 1569 Laconum
1662 1512 1908 1585 ﬂagella,
1940 1513 2051 1569 sub

402 1601 590 1658 oculis
622 1602 796 1657 etiam
849 1601 1211 1657 hortantium
1267 1602 1725 1673 propinquorum
1759 1603 2048 1669 acerbata,

402 1695 637 1749 tantum
697 1690 977 1747 honorem
1057 1690 1378 1747 tolerantiae
1455 1692 1651 1747 domui
1721 1692 2048 1763 conferunt,

2162 534 2304 592 tam,
2340 530 2477 601 quia
2507 530 2850 599 humanam,
2883 529 2974 585 cui
3010 545 3114 585 nec
3148 530 3525 601 prassumptio
3556 530 3804 602 perdita,

2161 635 2265 673 nec
2299 620 2597 690 persuasio
2630 619 2938 688 desperata
2985 618 3302 690 deputatur
3356 618 3415 673 in
3466 623 3804 691 contemptu

2163 709 2365 764 mortis
2395 712 2453 763 et
2502 707 2825 763 atrocitatis
2886 707 3256 773 omnimodae,
3296 707 3391 763 cui
3438 711 3668 765 tantum
3700 724 3804 780 pro

2162 798 2370 869 patria,
2400 814 2503 869 pro
2550 813 2688 868 agro
2748 796 2878 868 (53),
2913 812 3017 868 pro
3075 796 3342 869 imperio,
3398 812 3501 868 pro
3550 797 3809 853 amicitia

2164 886 2284 958 pati
2318 887 2669 958 permissum
2712 891 2821 951 est,
2855 889 3142 956 quantum
3190 902 3293 957 pro
3333 885 3446 942 Deo
3478 902 3592 941 non
3625 884 3801 942 licet!

2162 976 2231 1030 Et
2260 982 2455 1031 tamen
2490 974 2606 1030 illis
2638 975 2913 1029 omnibus
2954 979 3008 1028 et
3059 979 3287 1030 statuas
3318 975 3431 1047 (54)
3460 975 3803 1042 defunditis,

2161 1069 2219 1121 et
2248 1064 2532 1137 imagines
2580 1064 2901 1119 inscribitis
2950 1064 3061 1135 (55)
3094 1068 3152 1120 et
3207 1064 3410 1119 titulos
3454 1064 3712 1120 inciditis
3744 1064 3803 1121 in

2161 1154 2543 1209 aeternitatem
2577 1154 2689 1224 (56)
2716 1179 2728 1220 ;
2760 1157 3047 1223 quantum
3081 1153 3152 1209 de
3185 1152 3583 1209 monumentis
3622 1158 3809 1226 potes-

2160 1243 2237 1298 tis
2267 1242 2509 1310 scilicet,
2543 1244 2832 1315 praastatis
2860 1247 2915 1297 et
2946 1242 3059 1314 ipsi
3090 1242 3525 1314 quodammodo
3557 1242 3806 1299 mortuis

2162 1332 2669 1388 resurrectionem.
2714 1333 2867 1387 Hanc
2898 1332 2998 1403 qui
3046 1348 3245 1387 veram
3297 1348 3331 1387 a
3363 1333 3474 1387 Deo
3505 1337 3721 1405 sperat,
3754 1332 3806 1390 si

2161 1438 2265 1494 pro
2297 1422 2413 1476 Deo
2445 1421 2720 1493 patiatur,
2753 1420 2999 1475 insanus
3024 1425 3133 1475 est.
3166 1420 3274 1476 Sed
3306 1420 3417 1476 hoc
3456 1421 3632 1493 agite,
3666 1422 3805 1477 boni

2162 1510 2461 1583 praesides,
2494 1509 2761 1565 meliores
2814 1508 2999 1565 multo
3048 1510 3203 1583 apud
3253 1508 3558 1582 populum,
3592 1510 3640 1565 si
3689 1510 3807 1568 illis

2160 1600 2526 1657 Christianos
2594 1599 3051 1655 immolaveritis.
3145 1598 3427 1666 Cruciate,
3518 1602 3805 1671 torquete,

2160 1690 2454 1761 damnate,
2477 1688 2704 1745 atterite
2717 1705 2823 1745 nos
2848 1706 2861 1755 ;
2887 1688 3151 1761 probatio
3169 1688 3429 1744 est‘enim
3460 1687 3803 1746 innocentiae

1796 1837 2000 1899 Varias
2032 1836 2351 1899 lectiones.

472 1961 518 1993 ὀ
544 1951 631 2007 Sic
660 1950 842 2007 Gelon.
874 1955 925 2006 et
954 1952 1070 2019 Rig.
1103 1951 1233 2008 God.
1259 1952 1418 2008 Fuld.
1451 1956 1502 2007 et
1550 1952 1632 2007 ed.
1670 1954 1800 2009 Hac.
1844 1956 2183 2023 contemptu
2243 1949 2463 2023 mortis,
2500 1947 2937 2023 impassibilem
2973 1949 3116 2005 ﬁeri.
3158 1954 3267 2006 etc.
3302 1950 3471 2007 Rhen.
3532 1954 3603 2006 et.
3662 1952 3792 2023 Her.

400 2023 870 2097 impassibilibus
901 2022 1166 2095 ﬂagellis.
1201 2024 1305 2079 alii
1335 2024 1720 2096 impassibilis
1752 2024 2019 2097 ﬂagellis,
2068 2022 2176 2080 etc.
2215 2024 2332 2080 Vae.
2379 2022 2680 2094 subjectus
2738 2023 3039 2094 recepimus
3084 2037 3154 2079 ex
3215 2023 3335 2081 cad.
3392 2023 3573 2091 Futd.,
3629 2022 3800 2094 vulgo

397 2096 498 2161 leg.
533 2097 820 2167 objectus.

1812 2195 1960 2255 Com
1972 2193 2335 2255 mentarius.

394 2309 507 2384 vidi
542 2309 809 2384 exempla
840 2310 896 2365 in
929 2309 1092 2384 Notis
1128 2309 1535 2384 Lindenbrogii
1573 2312 1644 2366 ad
1678 2310 1904 2384 Virgilii
1938 2312 2040 2366 Ca-
2074 2314 2118 2378 Β
2155 2308 2551 2384 regina_Dido,
2585 2324 2733 2384 quea,
2770 2307 2924 2384 corio
2954 2308 3119 2364 bovis
3150 2310 3499 2384 immensam
3532 2309 3793 2367 latitudi-

398 2381 631 2445 talecta,
666 2381 725 2453 p.
754 2382 877 2436 301.
932 2382 1341 2437 Elmenhorstii
1374 2383 1446 2436 ab
1498 2384 1737 2449 Arnob.,

397 2454 575 2526 Lydio
605 2455 671 2507 de
703 2457 772 2509 Re
794 2454 929 2517 Mil.,
966 2472 1020 2525 p.
1054 2456 1142 2508 77.
1170 2454 1456 2509 Omnibus
1510 2455 1643 2510 addi
1677 2460 1869 2526 potest
1898 2455 2038 2510 illud

399 2525 659 2596 Gregorii
694 2530 960 2581 Nuzianz.
994 2526 1067 2581 de
1104 2528 1234 2581 Vitae
1263 2528 1441 2596 diﬂ'er.
1478 2549 1505 2575 «
1538 2525 2039 2596 Esto’autem,non

390 2598 515 2681 jam
551 2598 887 2681 imperatori
924 2605 985 2651 ut
1020 2598 1181 2681 prius
1210 2598 1645 2681 contubernalis
1685 2600 1794 2681 erit
1826 2599 2039 2670 Grego-

398 2669 541 2743 rius,
572 2669 684 2743 utri
719 2686 824 2724 suo
857 2669 1121 2743 nonnihil
1149 2671 1509 2742 gratificans,
1542 2678 1717 2743 atque
1746 2672 1897 2726 inter
1919 2669 2039 2727 me-

397 2742 525 2796 dios
556 2741 833 2814 epulones
864 2741 1052 2796 tristis
1082 2746 1139 2795 et
1186 2743 1397 2796 tacitus
1453 2741 1825 2811 accumbens,
1861 2760 2040 2814 aegre-

398 2830 510 2884 que
555 2812 879 2868 anhelitum
924 2814 1165 2881 ducens,
1214 2830 1278 2868 ac
1327 2815 1593 2869 servilem
1673 2815 1730 2868 in
1802 2812 2039 2870 modum

399 2887 539 2939 eden
552 2902 599 2939 s.
636 2906 663 2931 ››
696 2884 834 2938 ΗΑν.

468 2958 585 3023 (51)
618 2955 1004 3028 Anaxarchum
1034 2957 1185 3028 enim
1232 2972 1343 3011 non
1391 2955 1596 3028 tundis.
1634 2956 1787 3009 Idem
1823 2960 2037 3028 Grego-

398 3027 520 3079 rius
569 3032 745 3097 tlygn.
800 3027 981 3080 Carm.
1038 3027 1103 3079 de
1160 3028 1346 3080 Animi
1396 3027 1793 3085 submissione;
1831 3050 1849 3075 ι
1892 3027 2039 3083 Num

396 3100 454 3152 in
488 3096 760 3152 mortario
789 3096 1189 3151 contusionem
1208 3114 1490 3152 manuum
1513 3097 1840 3153 Anaxarchi
1864 3101 2041 3153 veluti

405 3187 517 3224 non
549 3170 871 3240 praesentis,
905 3175 961 3224 et
994 3174 1185 3223 tamen
1226 3170 1494 3238 jubentis
1526 3176 1709 3226 utrem
1742 3187 1916 3224 suum
1949 3188 2041 3226 ve-

403 3242 705 3296 hementer
731 3242 914 3307 tundi,
950 3244 1230 3312 tanquam
1266 3242 1390 3313 ipso
1441 3260 1553 3296 non
1602 3248 1883 3297 contusus
1916 3260 2041 3298 ma-

398 3318 577 3379 neret,
612 3329 683 3367 ne
716 3314 849 3384 quis
900 3318 1054 3368 esset
1103 3326 1453 3367 cerneretur.
1492 3335 1517 3362 ››
1553 3318 1627 3368 Dc
1658 3315 1884 3369 Zenone
1914 3315 2044 3370 Dio-

395 3401 572 3456 genes
604 3385 889 3448 Laertius,
925 3386 1013 3439 cui
1048 3384 1156 3440 hoc
1189 3385 1469 3439 ascribit:

1776 2401 1828 2454 p.
1863 2385 1953 2442 66.
1986 2388 2043 2437 et

395 3489 644 3565 'Htis).sc;,
677 3488 1163 3565 LB_Z:t§~aw‘a,:xa7_toV
1196 3486 1415 3565 finali-55,
1448 3484 1611 3565 ἕνδρα
1640 3489 1898 3565 τύραννον

469 3560 701 3630 Κτείνας,
730 3560 950 3615 ἐκλῦσαι
980 3558 1310 3630 δουλοσύνας
1340 3558 1551 3618 Ἐλέανέ

399 3632 549 3707 Ἀλλ’
582 3629 809 3707 ἐδάμής,
846 3631 1044 3707 89,319
1079 3653 1135 3686 σε
1166 3629 1345 3687 λαϐὼν
1438 3631 1779 3707 τύραννος-ἐν
1815 3631 1977 3707 ὅλμῳ
2072 3635 2113 3701 α

473 3706 633 3777 Κύψε,
664 3703 715 3759 τί
744 3709 904 3759 τοῦτο
937 3703 1083 3776 λέγω
1109 3724 1121 3773 ;
1152 3710 1310 3777 σῶμα
1339 3706 1462 3780 γὰρ,
1496 3703 1625 3778 coxa
1660 3703 1717 3759 δὲ
1746 3726 1823 3760 σε.

401 3812 438 3866 i.
474 3828 523 3867 e.
562 3833 588 3861 ‹‹
639 3812 876 3883 Egregie
926 3811 1182 3884 voluisti,
1216 3828 1248 3866 o
1304 3818 1477 3877 Zeno,
1512 3812 1703 3867 occiso
1734 3818 1980 3884 tyranno
2013 3831 2047 3869 a

400 3884 675 3939 servitute
736 3884 981 3939 liberare
1041 3883 1258 3938 Eleam.
1332 3885 1441 3938 Sed
1503 3883 1775 3939 domitus
1821 3891 1929 3951 est,
1990 3892 2045 3941 te

401 3972 655 4026 namque
713 3955 950 4026 capiens
1000 3960 1287 4025 tyrannus
1338 3956 1587 4010 contulit
1637 3956 1694 4010 in
1744 3956 2042 4012 mortario.

398 4028 542 4098 Quid
576 4026 752 4081 dico?
784 4044 896 4081 non
950 4032 1025 4091 te,
1078 4028 1174 4081 sed
1237 4043 1449 4098 corpus
1496 4032 1685 4081 tuum.
1739 4049 1765 4075 ι›
1800 4029 2044 4085 Nonnus

396 4097 518 4153 loco
550 4116 729 4169 supra
759 4100 935 4154 citato
967 4100 1037 4153 de
1097 4097 1393 4169 Epicteto;
1433 4122 1452 4146 α
1492 4098 1636 4153 Huic
1666 4116 1697 4154 a
1730 4098 2045 4155 Macedone

396 4174 642 4242 tyranno
674 4187 807 4227 crus
854 4169 1104 4225 vinculis
1154 4171 1501 4225 adstrictum
1561 4176 1668 4225 est.
1703 4176 1911 4227 Postea
1935 4190 2043 4227 au-

398 4248 514 4297 tem
548 4259 681 4297 cum
712 4260 844 4297 eum
905 4242 1128 4297 solvere
1186 4242 1703 4313 tyrannusvellet,
1748 4259 1815 4297 ex
1860 4261 2045 4309 eoque

396 4320 715 4385 quaereret:
745 4314 943 4379 Visne,
981 4312 1259 4385 Epicteto,
1310 4318 1366 4370 te
1424 4312 1641 4369 solvam
1673 4313 1695 4369 ?
1744 4315 1916 4381 Quid,
1951 4317 2041 4371 in-

396 4387 538 4457 quit,
573 4404 642 4441 an
676 4403 807 4440 sum
836 4386 1111 4441 astrictus
1134 4386 1160 4439 ?
1182 4386 1406 4451 Quibus
1437 4385 1707 4441 videlicet
1728 4389 1917 4443 verbis
1937 4387 2043 4444 hoc

395 4458 783 4527 significabat,
819 4458 1080 4513 animam
1134 4475 1301 4513 suam
1364 4475 1736 4529 nequaquam
1788 4460 2042 4515 vinctam

396 4530 595 4585 fuisse.
632 4531 833 4597 Itaque
881 4547 995 4585 non
1044 4547 1256 4602 corpus
1289 4530 1461 4586 homo
1495 4546 1623 4586 esse
1664 4532 1897 4597 dicitur,
1940 4534 2042 4588 sed

394 4602 611 4657 anima.
647 4625 671 4651 ››
718 4602 857 4657 ΗΑν.

464 4674 573 4745 (‘32)
621 4673 795 4746 Attica
844 4674 1128 4746 meretrix.
1188 4677 1453 4746 Scortum
1498 4672 1622 4746 (hoc
1675 4671 1809 4746 lyrae
1866 4680 2041 4731 cantu

392 4744 678 4801 familiare
702 4744 1015 4799 Harmodio
1043 4749 1097 4799 et
1130 4744 1530 4817 Aristogitoni,
1567 4744 1814 4802 consilia
1842 4763 2038 4803 eorum

394 4818 464 4872 de
490 4817 894 4890 tyrannicidio.
926 4817 1003 4891 ad
1022 4822 1277 4891 mortem
1312 4834 1501 4887 usque
1532 4817 1860 4874 excruciata
1890 4836 1921 4873 a
1954 4825 2040 4891 ty-

393 4893 616 4952 rannis,
677 4906 790 4944 non
869 4890 1143 4959 prodidit.
1202 4890 1586 4952 Quamobrem
1665 4891 2042 4946 Athenienses

392 4978 519 5017 eam
547 4963 603 5017 in
629 4962 846 5017 honore
889 4961 1102 5016 habere
1144 4962 1421 5031 volentes,
1459 4978 1526 5017 ne
1560 4969 1750 5017 tamen
1786 4970 2040 5019 scortum

394 5035 721 5089 celebrasse
752 5034 1104 5106 viderentur,
1139 5033 1355 5106 animal
1388 5034 1644 5106 nominis
1675 5036 1804 5104 ejus
1836 5036 2040 5106 fecere,

394 5110 565 5173 atque
598 5113 655 5160 ut
683 5105 1111 5179 intelligeretur
1136 5122 1311 5160 causa
1339 5105 1598 5179 honoris,
1634 5105 1689 5159 in
1724 5123 1896 5179 opere
1928 5105 2042 5163 lin4

391 5194 565 5249 guam
600 5178 731 5232 addi
766 5178 837 5231 ab
870 5178 1089 5232 artiﬁce
1120 5182 1445 5232 vetuerunt.
1481 5177 1625 5232 PAM.

463 5251 577 5321 (53)
608 5252 716 5305 Pro
745 5252 947 5315 patria,
979 5265 1077 5317 pro
1125 5265 1276 5319 agro.
1312 5250 1455 5305 Cum
1512 5250 1571 5303 in
1623 5248 1786 5303 Fuld.
1822 5250 2043 5305 utiliter

394 5323 564 5378 nobis
585 5327 965 5392 augmentum
987 5321 1129 5375 illud
1174 5321 1584 5393 suppeditetur
1612 5338 1710 5393 pro
1741 5338 1893 5392 agro,
1926 5341 2040 5378 non

394 5394 592 5449 debuit
623 5394 761 5448 illud
802 5393 1039 5461 rejicere
1075 5392 1385 5463 Rigaltius,
1421 5411 1556 5448 nam
1590 5392 1735 5449 alios
1767 5412 1880 5449 non
1916 5412 2039 5450 mo-

395 5465 615 5538 ror,qui
652 5482 723 5521 ne
751 5464 971 5538 dignati
998 5463 1229 5538 quidem
1256 5472 1392 5521 sunt
1424 5464 1710 5536 inspicere
1743 5469 1860 5521 tam
1896 5484 2037 5538 prrs-

395 5536 570 5611 cﬁlara.
604 5538 695 5592 Sic
720 5536 1145 5611 enimisingula
1194 5538 1443 5611 singulis
1492 5536 2038 5607 respondentz'Mu-

395 5610 532 5679 tius,
568 5610 846 5681 Regulus,
882 5610 1050 5673 Zeno,
1110 5610 1343 5679 patrita;
1407 5610 1678 5677 Lacones,
1733 5616 1788 5663 et
1844 5611 2036 5665 forsan

396 5680 723 5764 ipse.Zeno,
758 5681 1003 5764 imperio
1033 5681 1658 5764 ;_amicitiie,meretri_x
1689 5683 1864 5764 attica
1889 5700 1901 5749 ;
1922 5683 2039 5755 glo-

398 5751 497 5808 riae
527 5753 819 5823 humanae,
847 5751 1231 5826 Empedocles
1261 5760 1318 5811 et
1345 5754 1745 5812 Anaxarchus.
1772 5757 1847 5813 At
1875 5751 2035 5829 agro,

2151 2379 2601 2456 nemdimensa,
2622 2379 2787 2434 Afros
2807 2381 3149 2456 deceperat:
3186 2382 3313 2452 ipsa
3344 2382 3498 2456 enim
3532 2386 3656 2438 erat
3684 2385 3795 2456 Ty-

2152 2454 2377 2509 ria.Nec
2405 2453 2562 2507 enim
2593 2456 2822 2525 tantum
2873 2454 3234 2525 connubium
3275 2455 3455 2509 Iarbae
3489 2456 3658 2525 fugit,
3692 2453 3793 2511 sed

2152 2526 2524 2598 providenter
2570 2524 2822 2598 providit
2869 2523 3290 2598 ‘Carthaginem
3336 2528 3445 2598 sub
3477 2523 3580 2581 illa
3608 2529 3803 2598 specie

2152 2594 2290 2669 peti,
2326 2601 2391 2651 ut
2419 2595 2649 2669 egregie
2678 2598 2837 2666 patet
2858 2594 2924 2669 (in
2959 2594 3193 2668 Nuptiis
3223 2597 3499 2653 Arsinoes
3530 2603 3587 2654 et
3616 2594 3803 2655 Ptole-

2152 2667 2282 2725 inaai
2310 2669 2463 2741 apud
2494 2668 2824 2741 Justinum,
2856 2667 2955 2741 lib.
2988 2667 3103 2741 xxii,
3132 2686 3262 2741 cap.
3295 2671 3347 2725 3.
3381 2670 3521 2725 IlAv.

2222 2739 2613 2813 (51:)'Statuas.
2648 2740 2873 2813 Quibus
2896 2739 3007 2796 sibi
3039 2740 3108 2813 ad
3135 2739 3519 2797 aatérnitatem
3554 2742 3802 2812 patroci-

2152 2811 2290 2869 nata
2320 2817 2410 2869 est
2439 2811 2780 2883 antiquitas.
2818 2813 2984 2867 Unde
3015 2811 3199 2869 solers
3243 2814 3457 2869 Phidiae
3496 2811 3803 2870 inventum

2155 2891 2351 2939 narrat
2380 2882 2595 2959 ACicer‘o
2645 2882 2857 2959 Tuscul.
2926 2886 3124 2952 Quaest.
3188 2887 3418 2951 ι,34;‹‹
3482 2887 3591 2959 Sed
3654 2888 3799 2959 quid

2194 2962 2354 3010 oetas
2376 2955 2404 3008 ‘?
2434 2956 2673 3027 Opiﬁces
2708 2956 2893 3027 etiam
2929 2961 3057 3027 post
3090 2962 3333 3011 mortem
3368 2955 3795 3014 nobilitari—vo:

2194 2973 2354 3010 cstas
2379 2973 2403 3008 γ
2434 2973 2673 3027 opinces
2718 2973 2893 3009 etiam
2929 2973 3057 3027 pOSt
3090 2973 3333 3011 mortem
3368 2973 3667 3012 nominari
3699 2974 3795 3014 vo«

2152 2973 2303 3081 Furit.
2336 3027 2661 3099 Quidenim
2693 3026 3087 3099 Phidias‘ISui
3141 3029 3393 3082 similem
3426 3029 3678 3099 speciem
3712 3030 3804 3085 in-

2153 3098 2329 3153 clusit
2357 3100 2417 3152 in
2449 3098 2647 3169 clypeo
2676 3097 2961 3163 Minervas,
2994 3114 3129 3152 cum
3162 3097 3481 3155 inecribere
3519 3116 3633 3156 non
3666 3101 3801 3157 lice-

2153 3177 2259 3225 ret.
2298 3192 2325 3217 η
2359 3169 2613 3239 Insignis
2647 3169 2878 3224 Eusebii
2937 3169 3101 3241 locus
3148 3176 3237 3225 est
3280 3173 3338 3226 in
3379 3170 3479 3226 lib.
3516 3190 3553 3241 ι,
3585 3173 3652 3228 de
3684 3174 3804 3229 Vita

2151 3242 2504 3299 Constantini
2531 3242 2744 3311 Magni,
2777 3256 2827 3295 c.
2862 3243 2933 3296 2:
2966 3263 2993 3291 ‹‹
3027 3240 3310 3299 Videlicet
3357 3250 3570 3299 natura
3612 3245 3803 3301 homi-

2152 3329 2296 3369 num
2329 3313 2504 3368 sortis
2537 3311 2761 3383 fragilis
2791 3316 2849 3368 et
2878 3313 3109 3368 caduca
3141 3318 3472 3370 commenta
3502 3315 3800 3385 solatium,

2154 3385 2515 3455 imaginibus
2546 3384 2810 3452 edendis,
2834 3387 3121 3455 majorum
3157 3388 3501 3443 memoriam
3534 3387 3721 3444 colere
3744 3405 3806 3445 se

2154 3457 2381 3529 putavit
2412 3457 2631 3529 honore
2659 3472 3048 3529 permansura
3073 3474 3086 3513 :
3113 3460 3327 3529 partim
3359 3461 3806 3517 adumbratione

2154 3528 2395 3601 picturas
2424 3544 2555 3583 cera
2585 3528 2879 3596 delibutas,
2912 3528 3127 3598 partim
3158 3548 3189 3586 e
3228 3533 3475 3588 materia
3505 3533 3803 3601 sculptum

2154 3607 2209 3727 Et
2240 3600 2502 3727 dolIilitum
2536 3606 2769 3672 experte
2817 3605 3036 3669 motus,
3068 3601 3451 3659 simulacrum
3504 3600 3803 3661 machina-

2179 3691 2230 3727 a.
2264 3694 2289 3720 ››
2374 3688 2455 3727 AV.

2153 3677 2230 3728 ta.
2264 3694 2289 3720 ››
2326 3677 2455 3727 "AV.

2225 3744 2336 3815 (55)
2364 3746 2636 3813 Imagines
2684 3743 3013 3798 inscribitis.
3060 3745 3197 3808 Quae
3246 3747 3466 3816 passim
3519 3747 3711 3803 adhuc
3742 3748 3800 3803 in

2154 3817 2569 3890 marmoribus,
2594 3816 2846 3890 gemmis
2876 3822 2933 3869 et
2961 3818 3146 3872 sacris
3176 3822 3387 3874 veteris
3408 3819 3508 3873 aevi
3537 3820 3803 3890 reliquiis

2154 3895 2461 3961 apparent.
2491 3887 2678 3961 Quare
2710 3888 2782 3941 de
2815 3890 3093 3943 Varronis
3125 3906 3297 3961 opere
3327 3891 3604 3959 [mortali,
3640 3887 3750 3946 heu
3778 3892 3791 3947 l

2153 3966 2209 4015 et
2241 3959 2611 4015 mortalitatis
2644 3959 2801 4031 leges
2831 3963 3085 4031 experto]
3117 3959 3228 4031 quo
3250 3962 3569 4017 illustrium
3592 3963 3800 4018 Roma-

2154 4048 2362 4106 norum
2396 4030 2686 4106 imagines
2706 4030 2847 4106 seu
2875 4030 3302 4106 descriptiones
3334 4035 3639 4106 amplexus
3669 4034 3803 4101 fuit,

2152 4103 2236 4177 ita
2267 4104 2669 4177 augurabatur
2700 4100 2955 4177 Plinius,
2981 4100 3119 4177 Nat—.7
3161 4107 3294 4159 Hist.
3340 4100 3636 4168 libfxxxv,
3670 4100 3797 4177 cap.

2151 4176 2222 4230 2:
2259 4197 2287 4224 «
2331 4176 2667 4230 Inventione
2728 4174 2993 4229 muneris
3050 4176 3222 4231 etiam
3283 4177 3394 4232 diis
3452 4174 3798 4243 invidiosus,

2154 4248 2391 4317 quando
2422 4246 2927 4301 immortalitatem
2982 4263 3098 4302 non
3155 4248 3349 4304 solum
3382 4249 3563 4315 dedit,
3596 4267 3800 4305 verum

2153 4319 2330 4392 etiam
2384 4318 2444 4373 in
2476 4334 2681 4392 omnes
2712 4323 2898 4373 terras
2958 4317 3138 4392 misit,
3197 4325 3263 4376 ut
3320 4327 3638 4392 prissentes
3670 4338 3801 4378 esse

2154 4389 2370 4460 ubique
2403 4394 2460 4445 et
2489 4388 2681 4445 claudi
2716 4392 2970 4459 possent.
3005 4390 3144 4445 ΗΑν.

2224 4464 2336 4531 (56)
2367 4463 2429 4517 Et
2461 4460 2657 4517 titulos
2714 4460 2964 4517 inciditis
3019 4464 3077 4517 in
3135 4463 3521 4519 eternitatem.
3575 4460 3798 4520 Callido

2152 4532 2352 4605 itaque
2384 4535 2454 4588 ad
2490 4533 2747 4605 nominis
2769 4532 2861 4588 sui
2885 4534 3361 4602 perennationem
3388 4535 3632 4591 consilio
3654 4551 3800 4589 usus

2152 4611 2242 4661 est
2272 4605 2627 4661 architectus
2658 4604 2777 4669 ille,
2827 4605 2927 4675 qui
2976 4605 3033 4659 in
3076 4606 3347 4677 superbis
3396 4608 3799 4678 Egyptiorum

2153 4677 2468 4733 structuris
2527 4693 2735 4750 nomen
2793 4692 2980 4750 suum»
3018 4680 3074 4732 et
3130 4678 3323 4750 operis
3371 4677 3800 4735 dedicationem

2156 4750 2377 4805 duriori
2408 4748 2664 4821 materias
2697 4748 3033 4821 insculpsit,
3068 4748 3348 4806 cui—calce
3377 4751 3568 4807 oblitas
3608 4756 3665 4807 et
3695 4750 3797 4805 ah-

2153 4822 2431 4876 sconditae
2468 4820 2629 4895 regis
2653 4836 2874 4895 nomen,
2898 4820 3354 4895 ’superscripsit,
3407 4824 3572 4880 facile
3606 4821 3803 4895 praavi-

2153 4895 2317 4955 dens,
2353 4892 2633 4965 fragiliori
2670 4892 2917 4947 materia
2964 4892 3233 4965 delapsa,
3263 4895 3419 4961 regis
3450 4892 3796 4952 memoriam

2152 4966 2520 5030 abolendam,
2582 4980 2751 5019 suam
2813 4980 3261 5035 permansuram
3321 4970 3461 5024 fore.
3507 4967 3796 5023 Eusebius

2153 5038 2369 5112 ibidem
2402 5056 2414 5093 :
2453 5060 2478 5087 «
2513 5037 2663 5092 Sunt
2694 5035 2790 5112 qui
2816 5035 2964 5112 pilas
2994 5047 3051 5092 et
3079 5038 3280 5112 cippos
3313 5039 3627 5112 inscriptos
3650 5056 3800 5095 sem-

2196 5110 2439 5165 iternam
2486 5108 3055 5165 commendationem
3114 5108 3350 5167 virtutis
3398 5108 3799 5178 eorum,quos

2196 5127 2439 5165 uernam
2486 5127 3055 5165 commendationem
3114 5127 3350 5167 Virtutis
3398 5128 3623 5178 eorum,
3691 5127 3798 5165 uos

2154 5127 2372 5237 Eabent
2419 5182 2750 5243 adnotatos,
2812 5180 3075 5235 conferre
3124 5183 3519 5239 crediderunt.
3576 5205 3601 5229 ››
3635 5127 3798 5236 {inde

2151 5255 2402 5311 Pansam
2433 5258 2489 5309 et
2521 5254 2774 5306 Hirtium
2813 5253 3084 5308 consules
3120 5272 3222 5325 pro
3274 5256 3411 5325 Rep.
3475 5269 3657 5325 exesos
3684 5324 3687 5325 ν
3714 5252 3798 5308 ita

2150 5327 2407 5382 celebrat
2433 5326 2649 5391 Cicero,
2686 5324 2925 5395 Philipp.
2960 5342 3073 5391 xxv,
3109 5324 3235 5397 cap.
3270 5328 3373 5382 33:
3404 5349 3424 5373 ι
3463 5324 3799 5397 Eritigitur

2150 5404 2447 5482 exstructa
2478 5398 2661 5482 moles
2692 5413 2864 5482 opere
2895 5395 3228 5482 magniﬁco,
3255 5395 3796 5482 incisaaquelitteraa

2150 5471 2356 5526 divinse
2389 5470 2620 5525 virtutis
2646 5473 2819 5523 testes
2843 5468 3244 5541 sempiternae:
3278 5468 3700 5541 nunquamque
3725 5468 3795 5524 de

2148 5544 2334 5606 vobis.
2369 5559 2568 5599 eorum
2593 5541 2690 5612 qui
2726 5545 2823 5595 aut
2852 5540 3134 5598 videbunt
3160 5540 3793 5598 vestrom’monumem

2153 5624 2295 5677 tum.
2334 5622 2433 5669 aut
2464 5615 2723 5675 audient,
2758 5613 3131 5679 gratissimus
3182 5632 3371 5670 sermo
3421 5613 3790 5669 conticescet.

2151 5689 2257 5760 Ita,
2295 5705 2395 5759 pro
2428 5686 2658 5760 mortali
2711 5686 3045 5760 conditione
3090 5688 3240 5760 vitae,
3285 5685 3789 5743 immortalitatem

2150 5757 2308 5817 estis
2326 5758 2649 5817 consecuti.
2688 5779 2708 5807 ιο
2742 5757 2882 5814 ΗΑν.
