4264 6390
405 358 526 421 605
1112 360 1211 418 DE
1254 358 1537 421 [ETATE
1580 361 2101 424 APOLOGETILI
2146 361 2565 425 MUSHEIMII
2614 362 3111 435 DISOUISITIO.
3694 358 3813 421 606

940 641 1519 730 JOANNIS
1635 644 2413 732 LAUREN‘TII

2068 824 2158 879 DE

592 982 1160 1109 ᾹΞΤΑΤΕ
1251 977 2373 1113 APOLOGETICI
2471 980 3605 1133 TEBTULLIANI,

1366 1210 1773 1281 INITIOQUE
1843 1209 2462 1274 PERSECUTIONIS
2537 1212 2837 1283 SEVERI,

1572 1376 2639 1513 nzsomsu-xo.

2524 644 3279 735 MOSHEIMII

464 1750 493 1824 §
529 1753 568 1806 Ι.
604 1751 827 1807 Summa
856 1752 1303 1825 disquisitionum
1359 1751 1627 1822 eiusmodi
1654 1752 1871 1806 utilitas
1920 1750 2161 1805 docetur.
2199 1749 2417 1805 Occasio
2475 1749 2658 1821 hujus.
2693 1780 2761 1791 ——-
2789 1751 2816 1819 §
2849 1752 2916 1806 II.
2979 1751 3326 1807 Diversarum
3372 1750 3440 1805 de
3495 1749 3595 1805 hoc
3624 1765 3805 1821 argu-

399 1848 576 1897 mento
601 1843 928 1914 opinionum
952 1844 1160 1915 duplex
1187 1845 1374 1898 classis
1394 1844 1768 1897 constituitur.
1802 1872 1867 1881 —
1889 1841 2038 1897 537
2075 1843 2103 1909 §
2132 1839 2227 1895 Ill.
2254 1839 2336 1895 Sc.
2358 1841 2746 1912 producuntur
2773 1842 3034 1914 primum,
3067 1842 3164 1912 qui
3179 1844 3302 1912 post
3331 1857 3382 1896 a.
3410 1839 3508 1896 CC.
3543 1839 3805 1911 Apotoge-

405 1933 573 1987 ticum
602 1933 864 2003 scriptum
886 1949 998 1989 esse
1028 1935 1233 1989 volunt.
1262 1932 1460 1988 Contra
1491 1947 1639 2003 quos.
1674 1928 1809 1999 ξίν,
1844 1932 1871 1997 §
1901 1933 1969 2000 V,
2001 1930 2144 1998 §VI.
2177 1928 2362 1985 Multis
2399 1930 2722 1999 ostenditur,
2746 1932 2969 2003 coepisse
2998 1931 3334 2001 afﬂictiones
3356 1929 3811 1985 Christianorum

401 2020 498 2074 sub
526 2024 746 2087 Severo,
806 2026 1099 2093 antequam
1147 2021 1452 2093 peculiaria
1483 2022 1532 2074 is
1580 2020 1793 2074 decreta
1845 2034 1963 2073 eam
1996 2019 2055 2072 in
2082 2033 2198 2073 rem
2226 2026 2466 2089 rogaret.
2498 2051 2566 2060 —
2596 2022 2623 2088 §
2652 2018 2774 2074 VII.
2810 2019 3077 2076 Dodwelli
3099 2020 3389 2092 speciatim
3418 2020 3650 2091 argutiae
3680 2035 3812 2075 exa-

402 2111 714 2165 minantur.
750 2142 817 2151 —
848 2112 875 2185 Ξ
907 2111 1051 2166 VIII.
1085 2112 1192 2179 Qui
1218 2115 1335 2181 post
1366 2117 1591 2165 mortem
1623 2110 1807 2164 Severi
1836 2107 2242 2179 Apologeticum
2268 2108 2537 2179 prodiisse
2573 2109 2784 2176 dicunt,
2819 2110 3171 2181 refelluntur.
3209 2109 3317 2178 Quo
3365 2111 3534 2180 facto.
3562 2140 3626 2149 —
3658 2110 3686 2177 §
3717 2107 3808 2164 IX.

400 2199 480 2253 Ad
509 2200 757 2255 Alteram
785 2217 975 2257 eorum
1003 2202 1233 2257 classem
1262 2201 1549 2256 acceditur
1579 2201 1679 2271 qui
1728 2198 1849 2253 licet
1880 2197 2177 2253 concedant
2218 2202 2350 2254 ante
2376 2215 2429 2254 a.
2465 2198 2546 2254 CC
2593 2216 2719 2255 eum
2750 2216 2861 2256 esse
2914 2201 3317 2269 consignatum,
3348 2198 3413 2255 de
3441 2213 3590 2254 anno
3620 2207 3812 2254 tamen

399 2287 692 2344 dissident.
721 2293 838 2359 —-§
868 2294 939 2344 Χ.
971 2294 1186 2346 Nostrae
1231 2291 1513 2345 sententiae
1558 2286 1928 2359 proponenda
1958 2286 2186 2341 initium
2234 2286 2314 2356 ﬁt,
2346 2304 2413 2343 ac
2447 2290 2627 2359 primo
2654 2289 2750 2344 sub
2808 2288 2999 2345 Severo
3028 2290 3299 2360 scriptum
3327 2304 3437 2345 esse
3482 2286 3805 2344 ostenditur.

402 2379 631 2446 Deinde,
664 2409 733 2419 —-
791 2380 819 2453 ξ
850 2379 943 2434 XI.
1002 2382 1125 2435 Post
1154 2387 1326 2434 motus
1386 2379 1586 2434 Albini.
1625 2378 1734 2445 Quo
1788 2392 1915 2431 vero
1947 2392 2124 2430 annus
2178 2380 2324 2431 recte
2358 2379 2533 2448 possit
2588 2381 2865 2435 constitui.
2898 2409 2969 2421 —
2995 2382 3023 2448 §
3053 2379 3172 2448 XII,
3232 2378 3377 2434 XIII.
3413 2379 3512 2433 Hos
3542 2384 3720 2433 motus
3749 2393 3803 2431 a.

404 2467 594 2524 CXCVI
619 2469 855 2540 coepisse.
909 2470 970 2525 A.
1032 2469 1247 2525 CXCVII
1300 2484 1633 2540 compressos
1658 2469 1830 2539 fuisse
1884 2467 2040 2521 novis
2098 2466 2408 2522 rationibus
2439 2467 2675 2541 docetur,
2734 2473 3097 2542 oppositasque
3147 2471 3395 2525 rationes
3424 2466 3698 2524 evidenter
3720 2465 3809 2520 di-

405 2557 656 2612 luuntur.
691 2561 803 2628 Quo
832 2561 998 2630 facto.
1035 2592 1099 2600 —
1132 2561 1158 2628 §
1214 2560 1358 2615 XIV.
1394 2565 1499 2615 Pro
1529 2575 1588 2614 a.
1625 2556 1862 2613 CXCVIII
1917 2557 2338 2628 pronuntiatur,
2365 2574 2430 2613 ac
2484 2574 2555 2615 ea:
2584 2560 2797 2616 illustri
2854 2560 3180 2616 Tertulliani
3230 2560 3350 2616 loco
3398 2559 3516 2616 haec
3542 2555 3810 2613 sententia

404 2646 699 2718 diligenter
727 2648 1108 2718 conﬁrmatur.
1140 2680 1207 2689 —
1239 2651 1265 2718 §
1293 2649 1407 2705 XV.
1444 2648 1747 2705 Conclusio.

475 2940 521 3013 Ξ.
560 2941 600 2994 Ι.
632 2971 700 2981 -—
757 2940 837 3006 Si,
893 2957 1010 3011 qua
1066 2956 1129 2995 se
1159 2939 1411 2995 utilitate
1465 2938 1839 2995 commendat
1893 2936 2131 3002 certaA
2165 2938 2568 2995 vexationibus
2619 2940 2965 3013 consignata
3019 2944 3197 3007 sunt,
3258 2938 3614 3010 scriptorum
3672 2941 3812 2995 istas

404 3033 756 3099 temporum,
792 3028 1005 3099 quibus
1035 3028 1217 3084 libros
1262 3046 1400 3083 suos
1442 3027 1617 3100 prisci
1663 3028 1930 3081 doctores
1958 3024 2050 3081 lit-
2165 3031 2365 3081 curate
2392 3028 2631 3083 definita
2684 3029 2912 3084 fuisset.
2963 3028 3057 3085 Sic
3106 3028 3321 3084 etenim
3372 3029 3443 3083 de
3482 3043 3675 3082 rerum
3709 3041 3814 3098 ge-

404 3116 546 3173 teris
576 3117 945 3187 mandavere,
1007 3117 1271 3187 scientia,
1332 3134 1399 3173 eo
1458 3132 1691 3187 semper
1748 3116 1942 3171 studio
1987 3131 2053 3170 ao
2164 3115 3816 3187 starumserie,malorumillatorummagnitudine,con-

408 3207 713 3278 diligentia
740 3224 771 3262 a
803 3207 939 3263 viris
970 3206 1215 3262 eruditis
1249 3208 1491 3278 quaesita
1537 3206 1767 3279 fuisset,
1800 3220 1913 3259 non
1947 3204 2052 3258 du-

408 3298 526 3352 bito
559 3296 698 3366 quin
734 3296 917 3351 multo
963 3297 1338 3366 paucioribus
1386 3296 1559 3350 hodie
1608 3292 2055 3349 difficultatibus

409 3384 657 3440 historia
688 3402 855 3439 sacra
885 3385 1231 3451 abundaret,
1256 3383 1736 3454 concinniorique
1767 3384 2055 3438 instructa

407 3478 561 3529 esset
591 3474 813 3529 ordine.
850 3476 914 3528 At
945 3472 1045 3545 qui
1077 3472 1365 3528 barbariei
1388 3473 1590 3527 sordes
1624 3470 1797 3543 primi
1829 3471 2051 3526 abster-

407 3567 632 3630 serunt,
662 3563 914 3632 majores
946 3563 1152 3631 nostri,
1187 3562 1243 3617 id
1295 3563 1489 3633 potius
1539 3562 1808 3633 agebant,
1843 3566 1907 3615 ut
1938 3561 2054 3616 col-

406 3651 604 3722 lapsas
634 3651 807 3722 plane
862 3651 1186 3706 litterarum
1243 3668 1334 3706 res
1391 3651 1702 3722 erigerent,
1764 3666 1941 3721 quam
1993 3653 2058 3704 ut

405 3739 556 3807 istis,
588 3758 733 3811 quas
766 3740 1071 3812 putabant,
1107 3739 1377 3794 minutiis
1426 3739 1536 3795 sibi
1569 3739 1817 3810 aliisque
1851 3754 2052 3794 earum

407 3830 789 3886 conciliarent
823 3828 1141 3884 fastidium.
1177 3828 1307 3883 Alia
1364 3829 1600 3900 quidem
1634 3829 1729 3898 iis,
1779 3827 1879 3899 qui
1912 3826 2056 3882 divi-

410 3935 515 3974 nos
545 3917 677 3973 illos
713 3922 1132 3973 restauratorcs
1178 3916 1475 3971 consecuti
1518 3922 1676 3985 sunt,
1714 3933 1880 3971 mens
1926 3914 2053 3981 fuit,

408 4026 555 4081 quos
610 4008 922 4080 Scaligero,
976 4007 1240 4075 Baronio,
1292 4008 1542 4074 Petavio,
1594 4007 1860 4075 Calvisio,
1895 4008 2053 4064 aliis-

410 4115 523 4170 que
558 4099 975 4170 prazeuntibus,
1012 4114 1225 4168 magna
1255 4097 1311 4150 in
1364 4096 1456 4151 his
1488 4096 1645 4151 curis
1698 4096 1890 4151 stadia
1919 4114 2054 4152 con-

408 4190 617 4246 fecisse
661 4194 909 4245 constat.
971 4189 1104 4258 Sed,
1163 4192 1221 4243 et
1264 4193 1495 4259 patrum
1557 4192 1917 4253 nostrorum,
1950 4206 2055 4245 no-

408 4284 650 4349 straque
682 4283 820 4333 aetas
873 4294 1140 4333 summos
1186 4276 1245 4331 in
1306 4276 1413 4332 hoc
1444 4292 1655 4350 genere
1715 4276 1866 4332 viros
1899 4276 2054 4343 tulit,
2088 4305 2134 4369 Β

408 4368 728 4431 Norisium,
771 4367 1035 4439 Pagium,
1090 4365 1420 4437 Lloydium,
1458 4365 1848 4432 Dodwellum,
1883 4365 2056 4421 Tille-

410 4457 721 4525 montium,
757 4458 1113 4529 Nourryum,
1146 4456 1505 4527 multosque,
1540 4455 1640 4527 qui
1670 4456 1906 4510 Patrum
1935 4456 2057 4511 edi-

407 4549 542 4604 dere
574 4547 815 4619 scripta.
850 4547 1240 4602 Benedictinre
1274 4546 1507 4602 familias
1557 4547 1765 4603 socios.
1799 4546 2055 4611 Quorum

407 4639 671 4694 omnium
707 4639 774 4693 de
805 4637 1081 4694 laudibus
1115 4654 1447 4708 quanquam
1482 4654 1586 4708 ego
1618 4636 1765 4691 nihil
1797 4638 2056 4707 detraho,

410 4748 524 4787 non
573 4736 767 4785 tamen
820 4728 1004 4785 multa
1054 4729 1125 4784 ab
1175 4730 1259 4784 eis
1308 4728 1510 4784 relicta
1556 4746 1683 4785 esse
1726 4728 2057 4796 dissimulo,

406 4822 589 4878 multa
620 4822 911 4879 eruditius
942 4837 1118 4894 quam
1144 4821 1372 4877 felicius
1403 4825 1666 4891 tractata,
1691 4821 1880 4876 multa
1907 4821 2059 4891 quod

408 4917 579 4969 sectas
612 4913 929 4985 ﬂagrarent
959 4929 1178 4977 amore,
1214 4916 1315 4967 aut
1342 4929 1499 4968 novae
1533 4912 1766 4968 cuidam
1809 4911 2060 4968 nimium

407 5003 662 5057 faverent
692 5000 975 5073 opinioni,
1011 5001 1314 5073 implicata
1343 5000 1559 5073 potius,
1597 5018 1771 5074 quam
1807 5000 2058 5058 evoluta.

408 5091 581 5147 Nulla
611 5091 726 5146 alia
756 5091 885 5162 ejus
917 5091 997 5147 rei
1042 5090 1383 5147 testimonia
1408 5091 1457 5147 si
1508 5092 1878 5162 exsisterent,
1909 5092 2060 5164 ipsa,

409 5180 623 5251 quibus
654 5185 859 5235 mutuo
893 5196 954 5235 se
988 5185 1367 5252 oppugnant,
1401 5181 1638 5252 scripta,
1673 5180 1808 5252 ipsi,
1844 5180 2059 5253 quibus

408 5286 587 5325 novas
639 5270 886 5325 subinde
946 5270 1205 5327 rationes
1260 5271 1648 5341 constituunt,
1694 5269 1825 5325 libri
1858 5270 2058 5343 loque-

407 5368 627 5419 rentur.
664 5364 725 5417 In
759 5361 1005 5418 historia
1055 5362 1344 5435 praecipuo
1388 5362 1790 5419 calamitatum
1841 5364 2058 5436 quibus

404 5452 788 5509 vetustissimi
849 5453 1095 5507 fratrum
1183 5457 1517 5509 nostrorum
1575 5453 1835 5508 defuncti
1894 5459 2053 5523 sunt,

406 5559 617 5614 magno
667 5540 722 5595 id
782 5540 993 5595 fuisset
1050 5540 1469 5609 emolumento,
1525 5542 1573 5597 si
1633 5541 1849 5598 librum
1909 5559 2057 5615 quos

2168 3206 2456 3259 fessorum
2491 3222 2756 3275 numero,
2792 3207 3029 3271 invicto,
3075 3222 3189 3276 quo
3220 3204 3587 3261 sanctissimi
3620 3203 3814 3260 homi-

2167 3310 2267 3347 nes
2328 3293 2656 3363 valuerunt,
2714 3294 2897 3349 animi
2957 3294 3190 3362 robore,
3247 3294 3461 3348 certior
3518 3293 3689 3347 nobis
3748 3310 3815 3349 ac

2168 3382 2391 3455 plenior
2426 3388 2581 3440 esset
2615 3384 2841 3440 notitia.
2874 3387 3058 3449 Quam
3088 3384 3325 3456 quidem
3360 3382 3653 3455 egregiam
3680 3382 3813 3454 qui-

2166 3474 2513 3546 buscunque
2545 3474 2859 3529 utilitatem
2886 3480 3159 3546 praestare
3180 3490 3371 3545 posse,
3395 3471 3564 3539 nulli,
3597 3472 3813 3545 quibus

2166 3564 2456 3619 maturius
2503 3568 2594 3620 est
2635 3564 2954 3635 judicium,
2999 3564 3268 3636 ignorare
3318 3566 3588 3636 possunt.
3648 3565 3815 3620 Certe

2166 3654 2386 3718 miror,
2444 3670 2578 3708 cum
2636 3653 2724 3708 vir
2778 3653 2997 3725 alioqui
3074 3652 3466 3722 immortalis,
3526 3651 3813 3709 Henricus

2166 3742 2526 3808 Dodwellus,
2568 3743 2718 3799 bono
2773 3742 3036 3799 fortassis
3084 3742 3350 3809 consilio,
3416 3746 3568 3797 totos
3600 3746 3816 3813 marty-

2168 3850 2299 3888 rum
2350 3833 2641 3889 exercitus
2688 3832 2920 3889 civitate
2979 3849 3146 3888 sacra
3202 3832 3459 3905 ejiceret,
3518 3832 3817 3887 neminem

2167 3921 2555 3993 illorum,,qui
2616 3923 2897 3979 adversus
2928 3939 3060 3979 eum
3114 3923 3403 3995 prodiere,
3455 3922 3511 3978 in
3547 3921 3655 3977 hac
3687 3938 3818 3978 sese

2167 4014 2439 4086 palzestra
2470 4014 2620 4071 538
2652 4015 3000 4071 exercuisse.
3054 4015 3216 4070 Unde
3266 4018 3462 4068 tamen
3523 4012 3667 4068 illud
3702 4013 3817 4084 peti

2168 4109 2415 4176 poterat,
2463 4121 2574 4176 quo
2607 4106 2677 4160 ad
2730 4104 3035 4161 audaciam
3105 4104 3321 4159 hancce
3377 4101 3814 4174 infringendam

2168 4194 2249 4249 nil
2280 4193 2496 4249 certius
2528 4199 2629 4250 aut
2676 4194 2882 4249 utilius
2931 4210 3060 4250 esse
3108 4197 3322 4264 potest.
3357 4192 3593 4247 Patrum
3628 4207 3813 4263 quan-

2166 4283 2267 4338 diu
2297 4283 2473 4338 verba
2492 4299 2627 4338 cum
2659 4282 2910 4339 aliorum
2934 4286 3200 4355 pugnant
3229 4280 3396 4351 locis,
3428 4297 3662 4353 semper
3695 4282 3811 4338 fere

2168 4372 2435 4429 elabendi
2468 4372 2714 4429 facultas
2747 4373 3001 4429 dabitur.
3056 4371 3296 4427 Nullum
3328 4370 3377 4427 si
3428 4370 3586 4427 aliud
3619 4371 3813 4443 perfu-

2169 4463 2331 4534 gium
2363 4462 2541 4529 adsit,
2589 4467 2691 4518 aut
2740 4468 2879 4518 nota
2934 4462 3198 4534 quaedam
3253 4460 3503 4516 testibus
3534 4459 3813 4531 inuritur,

2169 4557 2270 4607 aut
2327 4568 2539 4607 n0vum
2599 4552 2896 4623 quoddam
2955 4550 3183 4607 critices
3232 4567 3415 4620 genus
3468 4550 3810 4621 advocatur,

2170 4643 2325 4714 quod
2374 4642 2702 4715 desperatis
2741 4642 2951 4715 opibus
2981 4640 3265 4697 auxilium
3298 4641 3461 4696 ferat.
3507 4638 3815 4696 Intervalla

2168 4749 2301 4787 vero
2335 4736 2664 4801 temporum
2696 4731 2745 4787 si
2795 4736 2993 4786 curate
3043 4734 3338 4801 notentur,
3371 4729 3422 4785 si
3471 4744 3667 4786 rerum
3700 4729 3814 4785 sibi

2171 4820 2614 4878 succedentium
2647 4821 2789 4877 ordo
2822 4819 3138 4894 diligenter
3162 4819 3505 4892 explicetur,
3528 4822 3633 4875 aut
3683 4835 3818 4891 per-

2172 4913 2350 4968 frictis
2396 4912 2605 4968 frontis
2644 4911 2889 4968 infamia
2930 4911 3262 4982 subeunda,
3314 4914 3418 4967 aut
3464 4926 3600 4966 vero
3657 4924 3819 4966 error

2172 5003 2493 5076 ejurandus
2545 5004 2657 5059 est.
2705 5002 3013 5060 Enimvero
3071 5001 3386 5059 defuerunt
3432 5000 3573 5058 huic
3624 5015 3817 5057 causa

2170 5093 2383 5150 eruditi
2414 5092 2724 5163 homines;
2758 5092 2877 5150 sive
2907 5092 3062 5165 quod
3096 5090 3427 5149 molestiam
3450 5090 3545 5147 his
3564 5088 3815 5162 negotiis

2170 5183 2521 5241 familiarem
2555 5186 2859 5256 fugerent;
2922 5182 3041 5239 sive
3100 5182 3257 5254 quod
3315 5179 3596 5237 eximium
3654 5177 3815 5235 illius

2169 5275 2546 5331 commodum
2600 5289 2719 5328 non
2776 5272 3086 5345 perspicue
3134 5271 3281 5327 satis
3329 5270 3661 5338 cernerent,
3695 5265 3817 5323 sive

2169 5363 2422 5436 denique
2449 5363 2605 5435 quod
2639 5379 2749 5418 non
2783 5366 2902 5419 tam
2964 5357 3571 5423 circumstantiarum,
3631 5370 3811 5427 quam

2167 5455 2430 5527 ipsarum
2462 5468 2681 5523 rerum,
2716 5451 2999 5508 rationem
3029 5449 3141 5506 sibi
3165 5448 3496 5507 habendam
3540 5461 3669 5502 esse
3695 5460 3809 5517 pu-

2167 5548 2380 5600 tarent.
2433 5543 2693 5599 Fuerunt
2733 5542 2991 5614 quidem,
3049 5542 3252 5608 fateor,
3306 5537 3524 5610 quibus
3580 5538 3805 5609 partem

407 5649 509 5704 pro
543 5631 659 5685 illis
691 5629 1147 5701 imperatoribus
1179 5647 1244 5686 ac
1294 5630 1643 5702 prmeidibus
1673 5632 1901 5689 oblatos
1927 5649 2055 5689 esse
2086 5681 2125 5704 η
2167 5634 2348 5704 hujus
2378 5633 2595 5689 laberis
2629 5632 2927 5703 suscipere
2951 5629 3191 5703 placuit.
3234 5628 3435 5683 Nescio
3493 5641 3647 5693 vero,
3709 5623 3810 5697 qui

411 5722 758 5792 accepimus,
810 5725 1289 5792 casterorumque,
1341 5737 1465 5792 quae
1519 5722 1879 5780 ferventibus
1921 5724 2054 5780 istis

2165 5722 2383 5779 factum
2417 5722 2513 5794 sit,
2548 5726 2612 5777 ut
2642 5726 2742 5778 aut
2790 5722 2968 5778 nimis
3026 5719 3418 5792 indiligenter,
3476 5720 3578 5773 aut
3626 5713 3805 5773 nimis
