4264 6424
501 316 621 379 607

1022 321 1547 383 TERTULLIANI
1593 323 1914 385 OPERUM
1964 322 2161 384 PARS
2204 324 2252 383 I.
2286 355 2363 366 —
2400 320 2669 381 SEBlES
2714 320 2761 396 Ι,
2810 317 3373 380 APOLOGETICA.

3777 314 3901 374 608

507 449 822 507 infeliciter
876 468 1001 509 sese
1052 453 1468 526 sxpediverint.
1540 455 1737 511 Fuerit
1818 455 2139 521 festinatio,
2171 454 2225 522 Α
2255 456 2665 527 congestorum
2697 453 3066 525 explicarem.
3099 452 3317 522 Teque,
3352 449 3480 505 siid
3512 448 3647 504 addi
3680 447 3898 520 pateris

508 539 686 596 fuerit
714 541 975 609 taedium,
1011 542 1185 598 fuerit
1215 546 1384 598 sectas
1446 544 1732 613 studium,
1795 550 1895 601 aut
1952 544 2146 600 nescio

509 628 647 701 quid
681 634 990 700 praeterea;
1026 631 1205 687 fuisse
1236 632 1483 704 aliquid,
1530 634 1708 706 quod,
1769 638 1833 689 ut
1891 634 2144 706 pessime

509 716 806 773 interdum
840 718 1095 775 rationes
1154 721 1567 791 subducerent,
1623 722 1899 789 effecerit,
1950 722 2144 794 explo—

510 812 702 863 ratum
735 812 840 863 est.
876 807 975 863 His
1000 825 1105 881 ego
1141 810 1209 863 de
1241 812 1456 875 causis,
1508 811 1613 865 etsi
1675 811 1791 867 illis
1846 811 2016 883 longe
2058 811 2145 865 in-

508 896 776 952 feriorem
822 913 913 953 me
944 914 1072 953 esse
1105 899 1314 970 sentio,
1358 917 1563 955 saxum
1617 900 1794 956 hocce
1846 899 2148 956 volutandi

507 985 817 1041 consilium
851 990 983 1042 ante
1014 986 1249 1059 aliquod
1284 993 1517 1061 tempus
1549 990 1716 1062 coepi,
1767 1006 1833 1045 ac
1890 991 1960 1044 de
2010 1005 2148 1044 nova

508 1074 762 1145 quadam
791 1076 1170 1146 a/ﬂictionum
1219 1076 1667 1134 Christianarum
1701 1080 1960 1145 Historia,
2021 1095 2148 1147 quae

509 1177 643 1217 cum
671 1161 804 1217 aliis
837 1164 1034 1234 rebus,
1068 1168 1193 1220 tum
1219 1166 1512 1238 praecipue
1539 1166 1895 1238 diligentiori
1925 1171 2147 1238 tempo-

507 1266 637 1306 rum
682 1250 973 1307 nolations
1004 1254 1304 1323 emineret,
1338 1254 1605 1327 cogitavi.
1639 1256 1940 1327 Specimen
1992 1255 2147 1310 haud

506 1336 588 1394 ita
613 1338 839 1411 pridem
890 1346 1087 1396 nostra
1144 1340 1209 1395 de
1243 1342 1598 1411 Athenagora:
1646 1348 1812 1399 artata
1869 1345 2147 1398 Disserta~

508 1428 585 1485 tio
654 1426 730 1500 (l)
788 1428 1070 1495 exhibuit,
1125 1447 1241 1502 qua
1289 1447 1379 1485 me
1420 1431 1780 1488 celeberrimi
1862 1431 2147 1488 Dodwelli

508 1514 837 1573 rationibus
868 1516 1185 1589 plurimum
1219 1519 1488 1575 inlulisse
1520 1521 1741 1587 damni,
1769 1520 1939 1577 lectio
1973 1526 2148 1577 testa-

507 1605 686 1661 bitur.
720 1605 872 1662 Usus
903 1623 1135 1680 quoqus
1156 1625 1223 1664 ea
1250 1614 1339 1664 est
1366 1608 1638 1665 felicitate
1683 1609 1958 1681 spinosus
2014 1610 2149 1666 licet

506 1691 690 1760 labor,
718 1697 782 1750 ut
803 1711 917 1750 non
951 1696 1287 1768 displiceret
1317 1697 1389 1753 iis
1420 1715 1669 1769 quorum
1706 1698 2026 1771 plurimum
2052 1716 2145 1753 va-

506 1781 589 1839 let
618 1784 772 1853 apud
797 1800 889 1838 me
920 1786 1257 1855 auctoritas,
1281 1803 1499 1858 quosve
1517 1787 1913 1860 intelligentes
1935 1790 2143 1853 harum
2176 1826 2223 1890 Β

507 1886 707 1928 rerum
741 1873 1167 1931 existimatores
1215 1876 1496 1947 quidquid
1558 1877 1999 1947 prudentiorum
2058 1892 2148 1944 est

511 1960 795 2030 agnoscit.
829 1961 1190 2035 Quapropter
1213 1982 1366 2020 uunc
1398 1966 1590 2021 denuo
1622 1966 1770 2022 vires
1803 1968 2143 2039 periclitari,

511 2069 581 2109 ac
648 2069 790 2109 num
838 2056 1040 2110 eadem
1095 2057 1435 2114 dexteritate
1493 2064 1727 2130 tempus
1783 2060 2147 2119 celeberrimi

510 2140 865 2214 Apologetici,
900 2160 1073 2215 quem
1106 2146 1617 2218 ingeniosissimus
1649 2148 1885 2205 Patrum
1917 2152 2150 2207 Tertul-

509 2228 708 2287 lianus
728 2231 985 2304 reliquit,
1018 2249 1302 2303 eruerem,
1334 2239 1559 2291 tentare
1591 2236 1836 2293 decrevi.
1873 2239 2151 2296 Excitavit

513 2334 630 2387 me,
691 2323 753 2375 ut
819 2320 994 2377 citius
1061 2340 1231 2392 quam
1317 2325 1731 2380 constitueram
1811 2326 1869 2382 id
1956 2329 2151 2385 oneris

514 2408 1064 2480 mihiimponerem,
1123 2412 1563 2484 elegantissima
1616 2416 1942 2486 Apotogetici
1988 2417 2151 2473 illius

514 2497 711 2567 editio,
745 2515 921 2569 quam
956 2501 1111 2554 curis
1140 2501 1245 2555 viri
1280 2500 1450 2573 longe
1471 2504 2151 2577 eruditissimi,mihique

515 2586 573 2641 in
601 2586 804 2658 primis
837 2589 1030 2654 amici,
1079 2591 1351 2661 Sigiberti
1416 2593 1787 2663 llavercampi
1848 2594 2148 2650 debemus.

517 2673 702 2730 Tanto
733 2691 861 2730 eam
896 2675 1082 2733 ultore
1114 2694 1247 2733 cum
1300 2679 1600 2750 prteditam
1660 2696 1979 2752 cernerem,
2030 2687 2149 2738 tam

516 2763 670 2817 raria
726 2762 1095 2836 elegantique
1145 2768 1476 2823 eruditione
1534 2769 1845 2837 munitam,
1900 2775 2022 2826 tam
2077 2773 2149 2828 ab

515 2852 672 2905 omni
723 2857 886 2923 parte
942 2854 1232 2909 illustrem
1280 2872 1343 2910 ac
1402 2857 1813 2925 emaculatam,
1869 2859 1925 2914 id
1985 2861 2152 2917 unice

515 2939 714 2995 statim
748 2941 1042 3012 Optabam,
1070 2947 1134 2997 ut
1162 2944 1365 2999 eodem
1398 2944 1601 3000 habitu
1629 2963 1745 3002 non
1778 2947 1959 3020 hujus
2016 2954 2151 3004 tan-

515 3032 662 3098 tum,
700 3047 901 3087 verum
960 3031 1318 3105 reliquorum
1376 3034 1549 3090 etiam
1596 3036 1854 3106 Patrum,
1897 3038 2150 3109 potiores

514 3119 815 3191 prodirent
843 3119 1000 3176 libri.
1032 3121 1127 3177 Sic
1154 3122 1368 3178 etenim
1403 3126 1757 3193 statuebam,
1791 3143 2005 3199 magna
2052 3132 2152 3182 tea-

512 3207 591 3263 dii
624 3207 785 3264 illius
818 3211 1161 3281 parte,quod
1196 3227 1330 3266 cum
1358 3212 1567 3269 litteris
1587 3214 1747 3270 hisce
1768 3216 2150 3286 conjunctum

513 3302 623 3369 est,
656 3297 763 3353 hoc
796 3302 960 3370 pacto
993 3300 1277 3367 abstersa,
1310 3301 1432 3357 fore
1480 3306 1546 3358 ut
1590 3319 1707 3359 non
1770 3304 2025 3377 amplius
2065 3321 2154 3361 re-

511 3385 661 3442 lictaa
693 3387 809 3443 fere
849 3404 914 3443 ac
940 3388 1091 3444 orba:
1118 3405 1151 3443 a
1181 3388 1504 3447 cultoribus
1536 3392 1919 3464 antiquitates
1976 3410 2152 3450 sacrm

514 3476 930 3545 reperirentur.
963 3481 1100 3533 Erat
1146 3482 1365 3546 tamen,
1423 3482 1575 3550 quod
1636 3481 1693 3537 in
1749 3487 1869 3537 tam
1922 3483 2151 3539 exculto

517 3580 691 3636 opere
713 3565 1127 3633 desiderarem,
1163 3568 1233 3622 de
1263 3573 1432 3623 atate
1462 3570 1743 3625 nimirum
1788 3588 1854 3626 ac
1912 3572 2154 3627 rationi-

519 3652 632 3708 bus
662 3653 791 3723 ejus
823 3653 1175 3725 disquisitio.
1200 3655 1463 3712 Polliceri
1496 3658 1730 3730 quidem
1754 3658 2152 3732 intelligebam

519 3741 988 3798 eruditissimum
1024 3744 1235 3813 virum,
1257 3761 1318 3802 se
1349 3745 1409 3802 in
1442 3748 1864 3820 praeparatione
1912 3749 2157 3821 reliquis

515 3830 861 3887 Tertulliani
919 3832 1194 3889 Adversus
1259 3845 1446 3906 gentes
1523 3836 1692 3893 libris
1748 3838 2158 3910 praemittenda

515 3922 749 3992 (ὡδί),
775 3921 911 3977 huic
970 3924 1148 3978 etiam
1206 3923 1496 3981 desiderio
1544 3926 1951 3982 consulturum
2004 3944 2153 3983 esse.

514 4012 633 4083 Ego
665 4025 819 4080 vero,
854 4012 1007 4069 589
1041 4016 1269 4069 tantum
1306 4016 1470 4070 abest
1499 4023 1565 4070 ut
1596 4015 1651 4069 in
1713 4014 1805 4071 his
1848 4017 2158 4087 promissis

518 4098 979 4170 adquiescerem,
1019 4105 1083 4157 ut
1110 4100 1199 4157 vel
1230 4101 1635 4175 iisinstigarer
1664 4104 1885 4176 potius,
1916 4121 2031 4177 quo
2048 4104 2158 4161 hoc

521 4204 694 4244 onere
724 4205 857 4249 eum
884 4189 1158 4247 levarem.
1201 4191 1293 4247 Sic
1336 4192 1493 4248 enim
1545 4193 1821 4249 continuo
1879 4210 2107 4250 mecum
2143 4212 2155 4250 :

522 4278 757 4331 Brevior
784 4279 895 4332 erit
914 4294 1117 4334 eorum
1150 4296 1276 4351 quae
1307 4288 1627 4352 comparat,
1687 4283 2059 4355 exspectatio,
2110 4286 2161 4340 si

520 4365 740 4422 laboris
768 4366 828 4421 in
868 4366 1349 4441 alium,quamvis
1388 4370 1616 4443 exigua,
1648 4370 1938 4442 particula
1967 4372 2157 4428 devol-

518 4459 701 4511 vetur.
751 4456 985 4513 Pondus
1040 4456 1133 4514 his
1180 4458 1391 4530 adjecit
1446 4459 1897 4532 cogitationibus
1954 4461 2160 4534 optimi

2256 544 2327 599 ad
2350 542 2464 598 alia
2487 542 2839 614 perficienda
2870 540 3290 612 expeditiorem
3340 538 3513 610 paulo
3564 539 3895 594 redderem.

2254 633 2313 688 Si
2339 632 2395 685 in
2430 631 2667 687 homine
2710 647 2823 686 non
2871 628 3051 685 nimis
3109 628 3337 683 erudito
3381 626 3748 695 temerarius,
3792 626 3899 682 ho-

2256 724 2461 776 nestus
2492 724 2688 775 tamen
2720 722 2829 773 est.
2866 716 3170 772 Delitteris
3202 734 3267 771 ac
3293 714 3652 772 Tertulliano
3684 714 3733 770 si
3785 715 3899 769 mi-

2257 826 2368 865 nus
2396 810 2541 865 bene
2562 808 2849 877 merebor,
2884 807 2953 861 de
2983 810 3037 862 te
3068 811 3263 861 tamen
3298 805 3459 861 nullo
3522 805 3694 859 modo
3742 803 3898 859 male

2257 898 2503 954 meritus
2533 897 2713 952 videri
2739 912 3003 968 possum.
3044 895 3270 968 Vulgus
3310 895 3591 949 nimirum
3650 893 3898 949 consilia

2256 1005 2324 1044 ex
2354 991 2585 1057 eventu,
2610 985 2746 1041 boni
2767 984 2871 1039 viri
2896 1001 2964 1039 ex
2995 984 3201 1040 affectu
3235 984 3548 1039 aestimant.

2327 1077 2353 1142 §
2386 1075 2454 1129 II.
2491 1105 2557 1113 —
2586 1070 3093 1141 Circumspicienti
3118 1070 3283 1137 mihi,
3309 1074 3371 1124 ut
3403 1070 3488 1124 fas
3520 1072 3661 1135 erat,
3695 1067 3795 1139 qui
3826 1066 3899 1121 de

2255 1163 2456 1219 eadem
2490 1180 2550 1217 re
2579 1166 2712 1218 ante
2736 1178 2831 1217 me
2873 1159 3084 1216 eruditi
3131 1159 3238 1214 viri
3282 1158 3627 1224 sensissent,
3689 1156 3759 1210 ab
3800 1155 3896 1211 his

2256 1252 2490 1323 penitus
2523 1251 2804 1325 relictam,
2838 1249 3054 1309 abillis
3110 1264 3319 1321 parum
3371 1248 3570 1302 dextre
3628 1249 3893 1300 ornatam

2256 1339 2471 1396 inveni.
2506 1340 2837 1397 Generatim
2897 1337 3297 1395 dissensiones
3340 1352 3405 1391 ac
3464 1333 3895 1391 sententiarum

2254 1429 2499 1486 divortia
2529 1430 2706 1486 etiam
2739 1430 2833 1486 hic
2862 1443 3105 1503 regnare
3135 1424 3426 1481 videbam.
3467 1424 3589 1479 Dici
3651 1422 3793 1494 quid
3864 1438 3899 1477 a

2256 1518 2556 1574 nonnullis
2589 1520 2903 1575 audiebam
2929 1535 2942 1575 :
2971 1517 3052 1573 ita
3080 1531 3235 1581 vero,
3267 1518 3331 1569 ut
3388 1512 3682 1568 rationum
3741 1510 3890 1566 obli—

2256 1608 2632 1664 viscerentur.
2668 1608 3013 1680 Diligentius
3032 1605 3179 1662 alios
3226 1604 3297 1659 ad
3346 1601 3603 1659 calculos
3669 1600 3895 1657 sedisse

2258 1697 2813 1763 animadvertebam,
2876 1712 3128 1768 quorum
3182 1699 3375 1749 tamen
3421 1691 3728 1747 conatibus
3779 1707 3896 1745 non

2254 1802 2360 1858 par
2388 1786 2623 1841 fortuna
2654 1787 3053 1858 responderet.
3086 1783 3377 1839 Plurimos
3404 1779 3601 1853 magni
3632 1779 3895 1835 nominis

2253 1876 2410 1932 viros
2440 1877 2617 1933 duces
2650 1877 2843 1949 potius
2874 1875 3063 1949 sequi,
3090 1891 3265 1947 quam
3292 1872 3351 1927 in
3376 1871 3469 1926 his
3500 1887 3562 1925 se
3598 1885 3895 1925 macerare

2255 1966 2518 2023 numeris
2547 1966 2824 2034 voluisse,
2857 1962 3297 2022 cernebam.Vel
3319 1962 3438 2017 haec
3469 1958 3892 2016 sententiarum

2255 2054 2528 2125 varietas,
2587 2071 2855 2127 quaenam
2910 2070 3042 2109 cum
3105 2052 3345 2107 veritate
3400 2052 3769 2121 congrueret,
3829 2051 3896 2102 ut

2257 2144 2673 2211 examinarem,
2708 2159 2798 2198 me
2828 2141 3161 2197 commovit.
3188 2139 3472 2211 Equidem
3516 2141 3747 2192 tantum
3803 2135 3895 2190 lu-

2258 2232 2365 2299 cis,
2400 2236 2683 2303 quantum
2715 2230 2970 2286 intricati
3004 2228 3446 2301 negotiinatura
3474 2224 3802 2298 'permittit,
3844 2222 3896 2279 ei

2260 2319 2572 2379 conciliare
2602 2320 2878 2389 conabor,
2912 2333 2977 2374 ac
3036 2318 3150 2373 duo
3209 2320 3515 2388 prepterea
3551 2313 3893 2385 opinionum

2260 2412 2515 2483 primum
2544 2424 2758 2481 genera
2786 2408 3162 2464 constituam.
3214 2404 3520 2461 Saecularis
3576 2419 3768 2458 annus
3819 2404 3901 2456 CC

2259 2498 2545 2554 terminus
2577 2503 2721 2563 esto,
2755 2498 2854 2568 qui
2888 2502 3201 2563 utrumque
3252 2494 3573 2564 disjungat.
3633 2492 3894 2546 Alterum

2259 2588 2457 2658 itaque
2487 2603 2689 2641 eorum
2712 2587 2841 2654 erit,
2874 2587 2974 2657 qui
3007 2590 3139 2639 ante
3168 2583 3323 2638 hunc
3382 2598 3625 2648 annum,
3693 2585 3794 2634 aut
3832 2594 3899 2634 eo

2261 2676 2411 2748 ipso,
2445 2676 2577 2731 libri
2630 2676 2811 2731 nostri
2871 2676 3096 2730 natales
3155 2678 3439 2744 quaerunt.
3502 2671 3763 2725 Alterum
3796 2669 3899 2724 bo-

2262 2783 2414 2832 rum,
2448 2766 2547 2837 qui
2570 2764 2769 2836 elapso
2802 2764 2899 2819 illo
2928 2762 3329 2819 ducentesimo
3374 2777 3524 2816 anno
3576 2776 3709 2814 eum
3762 2776 3898 2814 con-

2261 2854 2561 2925 signatum
2594 2871 2723 2909 esse
2753 2854 3099 2908 censent.Ds
3124 2850 3512 2920 ultimo.quod
3556 2864 3736 2920 quum
3770 2848 3899 2902 lon-

2262 2943 2394 3016 gius
2454 2960 2487 2998 a
2540 2943 2782 2998 veritate
2831 2943 3018 3009 abest,
3080 2949 3200 2995 tum
3261 2939 3489 2993 facilius
3539 2938 3898 3003 confutatur,

2264 3032 2438 3105 priori
2472 3032 2596 3088 loco
2626 3032 2839 3087 dicam.
2872 3031 3062 3101 Prius,
3092 3030 3260 3101 cujus
3306 3027 3558 3083 rationes
3617 3026 3898 3096 majorem

2264 3121 2568 3194 postulant
2599 3120 2975 3188 industriam,
3008 3137 3073 3175 ac
3095 3136 3163 3173 ex
3193 3118 3339 3189 ipsis
3371 3116 3631 3172 historiae
3668 3114 3901 3171 arcanis

2182 3196 2224 3263 C
2264 3211 2620 3269 excutiendis
2656 3215 2815 3278 sunt,
2846 3207 3154 3280 posteriori
3187 3207 3515 3263 reservabo.

2333 3302 2361 3368 §
2394 3300 2489 3353 ιιι.
2514 3298 2875 3370 —Princsps
2905 3297 2962 3352 in
2988 3297 3081 3363 iis,
3114 3313 3258 3366 quos
3282 3296 3538 3367 primum
3570 3294 3901 3350 audiendos

2265 3403 2395 3443 esse
2427 3387 2703 3455 diximus,
2762 3386 3111 3443 sententiam
3175 3385 3332 3440 dicat
3373 3383 3604 3439 Guillel.
3655 3385 3899 3448 Cavens,

2265 3477 2529 3532 maxime:
2563 3478 2729 3532 fama:
2760 3482 2816 3532 et
2847 3475 3151 3531 industriae
3184 3474 3289 3529 vir.
3322 3474 3431 3529 Pro
3486 3490 3638 3529 anno
3682 3473 3733 3528 is
3792 3491 3898 3544 pu-

2263 3572 2404 3638 gnat
2434 3567 2588 3622 CCII.
2616 3589 2643 3616 ‹‹
2669 3565 2833 3629 Mihi,
2863 3566 2943 3620 ait
2980 3566 3239 3635 (Historia
3262 3565 3432 3619 titter.
3463 3566 3664 3634 Script.
3696 3564 3900 3618 Eccles.

2263 3678 2315 3727 τ,
2353 3662 2393 3724 ῐ,
2436 3677 2491 3732 p.
2550 3660 2619 3712 42
2675 3660 2725 3724 b,
2782 3660 2874 3715 ed.
2936 3658 3193 3727 Genava),
3241 3656 3621 3713 verisimilius
3676 3656 3907 3711 videtur

2265 3750 2546 3821 scriptum
2600 3748 2779 3804 fuisse
2832 3749 2941 3804 sub
3012 3747 3415 3819 persecutione
3489 3751 3671 3812 sexta,
3749 3744 3903 3800 circa

2266 3838 2589 3908 ann.CClI,
2639 3854 2754 3909 quo
2797 3839 3040 3893 Severus
3095 3836 3322 3908 aliquos
3380 3834 3735 3891 christianos
3782 3833 3903 3887 ﬁeri

2267 3929 2377 3983 sub
2409 3928 2565 3999 gravi
2601 3944 2769 3997 pmna
2800 3927 3003 3981 vetuit.
3028 3951 3048 3977 ι
3081 3926 3295 3997 Adjicit
3324 3925 3416 3980 his
3448 3926 3715 3995 quaedam
3777 3939 3905 3993 pro-

2265 4016 2521 4071 bationis
2544 4017 2751 4085 instar,
2780 4032 2929 4087 quas,
2972 4016 3019 4071 si
3055 4015 3197 4070 mihi
3228 4015 3446 4069 bonum
3482 4013 3669 4069 virum
3711 4012 3902 4082 exagi-

2267 4105 2427 4161 tandi
2460 4105 2693 4161 animus
2716 4112 2886 4174 esset,
2939 4109 3279 4176 repeterem.
3332 4104 3471 4159 Pars
3539 4118 3605 4157 eo
3654 4101 3907 4174 pertinet

2268 4198 2351 4265 ut,
2386 4211 2517 4250 vers
2548 4195 2873 4266 imperante
2902 4195 3133 4262 Severo,
3182 4208 3381 4264 pacem
3440 4191 3905 4248 Christianorum

2268 4284 2451 4340 fuisse
2484 4284 2776 4339 turbatam
2821 4288 3142 4354 appareat:
3193 4299 3328 4354 pars
3366 4298 3477 4336 non
3540 4281 3688 4335 levia
3728 4281 3909 4336 fuisse

2269 4373 2427 4428 mala
2455 4374 2610 4430 540
2642 4372 2759 4427 illis
2791 4373 3004 4443 injecta
3033 4370 3306 4427 ostendit.
3333 4372 3465 4435 Quae
3495 4369 3693 4425 omnia
3723 4386 3904 4440 quum

2270 4481 2305 4520 a
2326 4463 2560 4519 nemine
2584 4478 2844 4533 unquam
2862 4462 2918 4516 in
2944 4461 3190 4517 dubium
3223 4463 3443 4523 vocata,
3463 4463 3586 4514 tum
3620 4476 3687 4514 ea
3743 4463 3906 4527 sunt,

517 4543 628 4599 viri
660 4544 1012 4613 adhortatio,
1043 4563 1193 4618 quis,
1236 4552 1299 4603 ut
1328 4564 1396 4604 ea
1453 4565 1580 4620 quae
1636 4549 1871 4605 molirer
1921 4550 2157 4623 perlice-
2188 4569 2235 4633 D
2271 4556 2336 4609 ut
2365 4570 2482 4624 qua
2503 4551 2725 4607 ratione
2748 4567 2943 4617 seram,
2980 4566 3153 4622 quam
3206 4548 3488 4614 defendit,
3539 4548 3908 4615 conﬁrment,

519 4648 667 4695 rem,
690 4638 1063 4690 cunctantem
1094 4636 1287 4692 adhuc
1319 4637 1574 4709 impulit.
1635 4640 1781 4702 Quid
1843 4638 2085 4696 multis?
2114 4641 2158 4695 Ε

518 4722 771 4794 vestigio
800 4723 1154 4794 posthabitis
1178 4725 1310 4781 aliis
1335 4742 1573 4782 manum
1606 4726 1788 4782 labori
1810 4729 2155 4799 admovi,ac,

522 4811 678 4883 quod
710 4810 805 4866 hic
830 4811 1091 4881 exhibeo,
1126 4814 1185 4869 in
1217 4814 1479 4871 chartam
1511 4816 1751 4888 conjeci.

592 4900 784 4955 Tuum
799 4901 924 4971 jam
956 4902 1067 4957 erit
1082 4902 1733 4973 dispicere,doctissime
1755 4905 2066 4962 Havsrcam
2078 4907 2155 4980 pi.

521 5003 664 5045 num
696 4989 844 5044 tanti
872 4989 947 5045 sit
977 4991 1167 5063 opella
1197 4996 1413 5061 nostra,
1474 4997 1540 5049 ut
1596 5012 1806 5050 novam
1867 4996 2157 5052 condendi

520 5078 700 5151 hujus
730 5080 961 5153 generis
990 5081 1461 5139 dissertationem
1486 5083 1755 5141 molestia
1777 5102 1843 5140 eu
1852 5086 2159 5158 persedere

519 5184 722 5242 queas.
755 5169 914 5235 Quod
952 5169 999 5225 si
1034 5169 1228 5227 minus
1260 5176 1463 5228 nostra
1490 5172 1597 5229 tibi
1624 5173 1969 5245 placuerint,
2033 5175 2158 5230 ani-

520 5272 705 5324 mum,
738 5257 1004 5329 scio,qui
1036 5259 1256 5315 candor
1302 5264 1392 5315 est
1447 5265 1608 5331 tuus,
1658 5262 1955 5334 probabis.
2017 5264 2159 5330 Quis

520 5362 654 5404 vero
684 5347 823 5404 ille?
855 5352 918 5402 ut
948 5348 1274 5405 commodis
1306 5349 1632 5406 litterarum
1665 5351 2031 5420 inservirem,
2070 5352 2158 5407 hi-

524 5435 766 5492 storiam
800 5435 1086 5492 malorum
1116 5437 1173 5493 in
1216 5438 1581 5495 Christianos
1631 5440 1840 5496 Severo
1891 5445 2161 5513 Augusto

2266 4657 2508 4713 prorsus
2532 4639 3117 4703 nesciam.Quocirca
3144 4636 3353 4693 melius
3404 4636 3626 4692 omissa
3681 4636 3906 4703 fuisset,

2268 4745 2444 4802 quam
2506 4728 2832 4799 subjungit,
2901 4726 3239 4782 conclusio:
3296 4724 3506 4780 «Nulli
3572 4724 3769 4796 itaque
3809 4722 3907 4780 alii

2265 4817 2494 4891 epochse
2515 4815 2697 4887 hujus
2723 4814 2927 4887 scripti
2973 4831 3193 4869 annum
3248 4812 3500 4869 natalem
3560 4813 3768 4884 majori
3814 4828 3907 4867 vs-

2266 4906 2457 4963 ritatis
2489 4905 2680 4977 specie
2702 4904 3006 4977 assignare
3024 4918 3361 4976 possumus.
3389 4922 3414 4954 ι
3440 4902 3905 4958 Fundamentum

2266 4996 2395 5067 ejus
2414 5011 2531 5050 non
2563 4994 2623 5048 in
2654 4993 2929 5049 omnibus
2961 5008 3087 5064 quis
3118 4991 3500 5063 praemiserat,
3533 4992 3633 5047 sed
3666 4990 3726 5046 in
3801 4989 3910 5045 hoc

2268 5083 2391 5141 solo
2418 5083 2674 5156 positum
2705 5087 2813 5151 est,
2849 5098 2966 5137 non
3000 5085 3133 5137 ante
3165 5098 3386 5137 annum
3443 5080 3580 5137 CCII
3635 5081 3911 5137 Severum

2268 5173 2517 5230 decretis
2567 5172 2692 5229 suis
2756 5170 3226 5227 Christianorum
3285 5169 3536 5225 fortunis
3595 5168 3913 5224 molestum

2268 5264 2469 5319 fuisse.
2498 5262 2661 5329 Quod
2691 5278 2867 5334 quam
2902 5259 3196 5315 lubricum
3230 5274 3295 5315 ac
3318 5258 3620 5313 infirmum
3670 5257 3747 5313 sit
3780 5272 3914 5312 mox

2268 5354 2509 5424 patebit.
2540 5351 2786 5423 Scripsit
2816 5353 2969 5406 certe
2990 5347 3389 5405 Tertullianus
3420 5363 3553 5402 cum
3568 5348 3692 5417 jam
3742 5344 3912 5399 malis

2271 5441 2532 5513 undique
2563 5442 2769 5497 fratres
2802 5439 3029 5496 obsessi
3060 5443 3279 5495 essent.
3339 5438 3745 5494 Verumtamen
3803 5432 3911 5487 hoc

600 5652 671 5723 (1)
703 5651 904 5709 Exstat
933 5654 992 5709 in
1026 5653 1362 5713 Bibliotheca
1388 5656 1549 5714 theol.
1584 5656 1715 5713 hist.
1738 5655 1963 5729 philol.,
1997 5673 2126 5731 quae
2155 5656 2374 5715 Bremse
2405 5655 2655 5730 prodiit;
2683 5660 2727 5712 t.
2758 5655 2830 5712 II.
