4264 6350
302 441 421 499 609

1003 435 1103 497 DE
1151 437 1437 498 ιλΕΤΑΤΕ
1481 434 1998 498 APOLOGETICI
2045 433 2454 495 MOSHI‘IIMII
2506 435 3001 508 DISQUISI'I‘IO.

3593 445 3713 505 610

308 589 420 628 non
458 572 702 639 sufﬁcit,
737 571 848 626 nisi
880 577 936 628 et
957 572 1066 627 hoc
1097 577 1398 639 doceatur,
1431 589 1545 626 non
1579 575 1749 626 antea
1772 586 1950 643 quam
1981 582 2036 650 Α
2065 569 2263 625 omnia
2307 570 2554 637 fiebant,
2604 571 2967 629 Christianos
3027 591 3231 632 vexare
3289 575 3625 649 incipiebat.
3685 598 3710 630 υ

307 663 503 719 edicta
529 661 1054 734 promulgarentur
1088 664 1352 732 Augusti,
1396 662 1619 718 calamo
1651 677 1784 717 eum
1831 677 1954 716 ma-

309 770 420 808 nus
479 750 834 806 admovisse.
903 753 1082 823 Cujus
1142 753 1381 823 quidem
1424 751 1471 807 si
1505 750 1730 806 ostendi
1763 753 1952 821 potest

309 843 693 908 contrarium,
729 843 922 897 omnis
955 843 1139 898 haece
1169 841 1524 914 computatio
1558 840 1778 897 nullius
1808 839 1957 895 aesti-

313 933 528 987 manda
551 937 659 987 est.
696 936 893 1002 Neque
926 931 1103 986 etiam
1141 932 1246 986 hoc
1276 932 1361 985 vir
1410 932 1626 986 doctus
1687 929 1955 995 attendit,

310 1029 538 1086 etiamsi
573 1031 827 1085 rationes
859 1031 986 1097 eius
1018 1029 1267 1084 multum
1299 1029 1578 1092 valerent,
1610 1032 1837 1082 aetatem
1872 1033 1956 1081 ta-

314 1137 444 1174 men
481 1119 612 1172 libri
641 1119 711 1173 ad
744 1135 880 1173 ann.
914 1119 1073 1172 CCIII
1108 1118 1300 1190 potius
1331 1117 1548 1172 differri
1582 1117 1953 1171 debere.Um-

314 1209 410 1262 nia
440 1207 652 1262 etenim
686 1223 818 1262 eum
842 1208 914 1261 ab
949 1207 1284 1278 aliquojam
1318 1210 1580 1277 tempore
1611 1207 1866 1261 caedibus
1891 1220 1955 1260 ac

310 1295 614 1366 suppliciis
648 1295 1113 1350 Christianorum
1140 1296 1469 1361 fervissent,
1531 1296 1737 1351 Noster
1786 1303 1955 1350 seetse

323 1401 443 1439 sua:
476 1386 746 1439 defensor
776 1383 1016 1439 exstitit.
1072 1386 1258 1448 Quare
1308 1401 1422 1439 non
1482 1384 1625 1439 satis
1684 1384 1959 1439 credibile

315 1479 424 1540 est,
449 1473 560 1527 sub
596 1474 791 1544 ipsum
818 1471 1218 1528 calamitatum
1244 1473 1568 1541 exordium,
1593 1490 1658 1527 eo
1690 1472 1960 1544 ipso,quo

316 1568 464 1617 nata:
494 1567 679 1630 erant,
713 1578 866 1617 anno
925 1563 1326 1618 defensionem
1389 1564 1560 1617 istam
1620 1562 1678 1616 in
1735 1562 1959 1616 litteras

316 1650 555 1706 relatam
591 1667 740 1706 esse.
775 1651 861 1704 Ab
885 1650 990 1706 hoc
1022 1651 1250 1706 alienus
1283 1655 1478 1707 tamen
1507 1668 1620 1705 non
1657 1657 1781 1706 erat
1807 1651 1957 1705 Hen-

314 1738 470 1795 ricus
505 1739 861 1795 Uodwellus.
892 1740 1042 1794 Licet
1070 1739 1246 1806 enim,
1280 1739 1418 1810 quid
1451 1740 1520 1794 de
1551 1743 1717 1795 aetate
1749 1738 1959 1810 Apolo-

313 1830 484 1903 getioi
511 1831 1128 1902 sentiat,aperte,quod
1164 1828 1370 1892 sciam,
1406 1846 1709 1901 nusquam
1745 1846 1959 1902 prepo-

317 1925 439 1985 nat,
469 1935 535 1974 ex
567 1920 679 1974 illis
711 1925 928 1990 tamen,
964 1937 1093 1990 quae
1125 1920 1194 1974 de
1226 1919 1629 1975 vexationibus
1678 1918 1958 1975 Christia-

317 2025 527 2063 norum
559 2010 667 2064 sub
697 2014 900 2065 Severo
934 2009 1218 2081 disputat,
1270 2009 1410 2079 quid
1472 2014 1668 2064 mente
1716 2009 1966 2064 voluerit

315 2097 442 2153 sine
473 2095 592 2152 ulla
637 2097 1028 2153 controversia
1081 2096 1398 2168 colligitur.
1445 2103 1595 2152 Ante
1646 2115 1786 2153 ann.
1828 2096 1962 2154 CCII

317 2187 594 2242 nimirum
628 2189 918 2243 neminem
941 2185 1432 2258 tranquillitatem
1459 2189 1833 2259 perturbasse
1850 2204 1962 2241 οω-

315 2283 408 2333 tus
441 2278 590 2332 sacri
622 2277 735 2332 sibi
797 2278 1127 2348 persuadet,
1192 2276 1368 2348 idque
1452 2275 1775 2344 nonnullis,
1837 2292 1962 2346 quas

322 2383 454 2420 mox
485 2367 898 2433 discutiemus,
959 2365 1321 2436 argumentis
1348 2410 1350 2412 τ
1379 2365 1641 2421 stabilire
1698 2364 1960 2420 enititur.

321 2464 565 2534 (Dz'ssert.
602 2466 873 2535 Cyprian.
908 2481 984 2532 ιι,
1014 2464 1150 2536 §lll,
1185 2481 1243 2535 p.
1280 2463 1349 2519 78
1370 2468 1425 2517 S.
1455 2463 1545 2519 ed.
1579 2463 1796 2534 Brem.)
1866 2466 1965 2517 De-

319 2554 484 2608 eehat
516 2553 600 2608 sic
634 2571 790 2617 eum,
825 2551 916 2607 cui
953 2553 1097 2607 nihil
1154 2552 1348 2608 minus
1404 2569 1581 2623 quam
1641 2561 1963 2624 martyrum

319 2643 485 2714 copia
518 2643 755 2697 ferenda
785 2641 1115 2697 videbatur.
1157 2641 1319 2705 Quod
1348 2642 1398 2696 si
1456 2659 1616 2714 ergo,
1679 2646 1742 2696 ut
1788 2641 1964 2696 indu-

321 2731 568 2786 bitatum
600 2741 707 2797 est,
734 2749 847 2786 non
881 2736 1052 2786 antea
1084 2747 1259 2800 quam
1284 2731 1644 2786 incrementa
1674 2732 1969 2802 cepissent

321 2821 705 2886 calamitates,
753 2821 1029 2891 praisides
1081 2819 1512 2891 provinciarum
1582 2820 1968 2875 Tertullianus

323 2909 716 2980 compellavit,
748 2915 973 2964 certum
1007 2925 1240 2980 quoque
1271 2926 1338 2963 ex
1385 2910 1513 2979 ejus
1545 2910 1834 2965 sententia
1880 2913 1970 2964 est

329 3003 461 3069 post
493 3015 629 3051 ann.
666 2997 798 3050 CCII
832 3002 933 3051 aut
966 3013 1030 3051 eo
1063 2995 1295 3051 labente
1337 2997 1552 3052 factum
1623 2997 1765 3052 illud
1819 3015 1967 3053 esse.

325 3088 389 3142 Et
415 3087 556 3156 quid
590 3085 941 3154 conjecturis
959 3084 1490 3156 opus?Dissertiora
1512 3087 1728 3142 adsunt
1757 3086 1970 3142 eruditi

323 3175 430 3231 viri
485 3175 705 3229 verba.
776 3195 803 3223 «
861 3173 1000 3228 Inde
1057 3173 1248 3243 inquit
1301 3175 1524 3244 (Dissert
1588 3177 1704 3243 cit.,
1783 3177 1809 3243 ἓ
1880 3177 1966 3242 42,

323 3283 379 3336 p.
421 3264 533 3333 69),
575 3264 661 3317 his
694 3263 846 3333 ipsis
875 3261 1239 3334 temporibus
1271 3263 1364 3333 (de
1390 3281 1528 3319 ann.
1588 3263 1727 3320 CCII
1787 3264 1970 3335 loqui-

1994 1966 2041 2031 B

2067 659 2306 732 Egregie
2324 677 2486 730 sane,
2521 662 2674 732 quod
2707 666 2831 717 tum
2861 661 3049 736 legem
3083 664 3307 721 nullam
3340 667 3412 722 ab
3446 672 3713 740 Augusto

2064 750 2125 806 in
2156 749 2519 805 Christianos
2551 749 2729 806 latam
2763 751 2943 808 fuisse
2964 755 3251 826 agnoscit.
3271 756 3430 820 Quod
3450 758 3520 813 de
3543 756 3713 814 Plau-

2067 839 2225 895 tiano
2255 839 2441 910 addit,
2475 840 2704 896 Baronii
2727 842 2899 897 debet
2921 844 3240 916 suspicioni
3258 845 3492 916 (Annal.
3512 848 3711 905 Eccles.

2067 935 2114 986 t.
2156 933 2227 983 ΙΙ.
2261 931 2328 984 ad
2376 948 2509 985 ann.
2547 930 2628 985 CC
2660 949 2714 985 n.
2750 931 2871 1002 VII,
2917 932 3064 1002 VIII,
3101 951 3157 1005 p.
3205 935 3327 1003 198,
3376 936 3466 991 ed.
3517 937 3713 1003 Colon,

2074 1020 2230 1085 1624,
2264 1019 2385 1089 Iol,)
2409 1037 2586 1090 quam
2621 1021 3071 1094 ipsegdeinceps
3131 1025 3459 1097 proﬂigavit
3488 1026 3722 1099 (Critiae

2070 1108 2140 1164 ad
2169 1113 2309 1164 Ann.
2344 1111 2599 1176 Buram'i,
2634 1116 2674 1164 t.
2710 1114 2776 1179 Η,
2828 1109 2897 1165 ad
2945 1129 3079 1166 ann.
3132 1113 3332 1169 CXCIX
3385 1131 3443 1170 n.
3505 1114 3597 1184 IV,
3661 1132 3722 1188 p.

2070 1198 2179 1269 92).
2218 1198 2488 1253 Probatio
2535 1215 2678 1269 vaga
2720 1205 2809 1254 est
2857 1217 2921 1254 ac
2970 1201 3316 1272 generalior,
3368 1220 3496 1274 quis
3552 1209 3608 1260 et
3662 1203 3723 1258 in

2073 1286 2218 1342 alios
2268 1304 2452 1342 annos
2521 1287 2809 1359 quadrare
2858 1295 3075 1362 posset,
3154 1291 3370 1364 quibus
3446 1296 3720 1349 Severum

2070 1376 2245 1431 etiam
2278 1375 2428 1431 Urbe
2495 1376 2753 1432 abfuisse
2805 1378 3094 1435 novimus.
3138 1381 3336 1436 Fuerit
3382 1397 3513 1437 vero
3545 1381 3724 1440 nimis

2071 1465 2306 1521 inﬁrma
2339 1483 2351 1521 :
2387 1466 2590 1521 vellem
2625 1466 3011 1524 nihilominus
3051 1469 3111 1523 in
3162 1486 3230 1525 ea
3289 1471 3580 1527 sententia
3638 1471 3726 1526 vir

2071 1555 2278 1610 doctus
2311 1556 2680 1627 perstitisset.
2717 1557 3023 1613 Enimvero
3071 1575 3204 1613 cum
3256 1561 3569 1615 Baronium
3628 1577 3723 1616 ca-

2073 1644 2336 1715 stigaret,
2370 1645 2793 1716 repudiandam
2827 1647 2937 1702 sibi
2972 1662 3100 1702 eam
3135 1665 3263 1704 esse
3283 1649 3471 1718 duxit,
3501 1667 3568 1706 ac
3585 1655 3723 1706 aeta-

2074 1737 2191 1788 tem
2221 1733 2558 1805 Apologetici
2586 1737 2656 1790 ad
2691 1753 2829 1791 ann.
2881 1735 3012 1792 CCV
3059 1737 3280 1808 retulit,
3320 1737 3726 1794 «Christiano-

2073 1839 2228 1889 rum,
2260 1823 2431 1879 audis
2452 1823 2695 1896 Pagium
2729 1825 2821 1895 (ad
2849 1842 2991 1881 ann.
3039 1825 3251 1896 CXCIX,
3285 1844 3322 1883 n
3371 1827 3467 1897 VI,
3519 1845 3578 1900 p.
3608 1827 3726 1899 95),

2073 1912 2398 1981 persecutio
2426 1919 2560 1970 ante
2592 1931 2728 1969 ann.
2761 1914 2901 1970 CCII
2925 1915 3158 1972 decreta
3186 1933 3303 1973 non
3353 1917 3482 1975 fuit.
3535 1917 3728 1981 Quare

2072 2016 2207 2055 cum
2238 2000 2634 2058 Tertullianus
2666 2004 3070 2075 Apologeu‘cum
3091 2023 3289 2075 suum,
3319 2005 3728 2078 persecutione

2075 2089 2291 2160 ubique
2313 2090 2440 2161 jam
2473 2109 2505 2146 a
2533 2091 2715 2147 multo
2747 2096 3004 2164 tempore
3024 2094 3329 2166 ﬂagrante,
3362 2100 3425 2150 ut
3453 2112 3522 2150 ex
3561 2095 3728 2166 ipso-

2073 2182 2193 2232 met
2233 2179 2572 2250 Apolugetico
2625 2179 2941 2253 colligitur,
3007 2183 3330 2254 scripserit,
3402 2182 3576 2256 longe
3607 2187 3730 2239 tar-

2073 2265 2207 2320 dius
2239 2267 2771 2338 praastantissimun
2807 2269 2952 2324 illud
2997 2287 3144 2342 opus
3173 2271 3641 2346 promulgatum,
3672 2275 3732 2328 et

2075 2353 2334 2425 quidem,
2409 2363 2474 2411 ut
2537 2359 2825 2429 conjicere
2885 2359 3038 2427 licet,
3097 2377 3248 2416 anno
3321 2362 3728 2418 ducentesimo

2075 2443 2302 2514 quinto,
2335 2462 2450 2515 quo
2475 2448 2808 2503 Antoninus
2841 2447 3074 2519 imperii
3105 2449 3349 2505 Caesarei
3383 2451 3729 2507 decennalis

2075 2531 2410 2600 celebravit,
2445 2551 2630 2605 quove
2661 2537 2994 2607 persecutio
3031 2538 3218 2608 magis
3253 2539 3457 2595 smviit.
3484 2560 3513 2589 »
3543 2539 3725 2596 Nemo

2075 2621 2376 2692 pejoribus
2399 2640 2662 2696 unquam
2695 2626 2976 2697 auspiciis
3005 2634 3261 2682 mentem
3282 2631 3548 2686 mutavit.
3575 2629 3726 2686 Dum

2076 2709 2256 2765 alium
2289 2710 2472 2767 levius
2486 2719 2823 2783 peccantem
2859 2717 3169 2771 emendare
3190 2717 3371 2789 cupit,
3397 2719 3556 2790 gravi
3597 2733 3727 2775 sese

2077 2804 2270 2855 errato
2320 2803 2695 2858 contaminat.
2760 2804 3040 2876 Equidem
3103 2806 3244 2875 scio,
3295 2807 3550 2863 sesviisse
3597 2812 3725 2864 tum

2077 2889 2137 2942 in
2165 2890 2524 2947 Christianos
2557 2894 2826 2948 nationes
2861 2911 2894 2948 a
2923 2894 3043 2950 veri
3081 2894 3352 2950 Numinis
3382 2895 3542 2952 cultu
3594 2897 3730 2953 alie-

2080 2994 2206 3044 nas,
2233 2995 2367 3034 cum
2393 2980 2599 3036 Noster
2629 2998 2737 3038 sua
2765 2982 3157 3054 consignaret.
3190 2983 3391 3048 Qualis
3414 3001 3546 3041 vero
3589 2985 3728 3040 hinc

2080 3066 2427 3123 conclusio?
2485 3069 2632 3141 Ergo
2693 3076 2823 3142 post
2878 3073 3096 3126 emissa
3147 3089 3181 3127 a
3227 3072 3437 3130 Severo
3494 3075 3727 3130 decreta

2080 3155 2227 3211 liber
2248 3163 2516 3213 exaratus
2553 3163 2662 3214 est.
2723 3159 2898 3226 Quasi
2963 3175 3097 3216 vero
3127 3167 3247 3218 tam
3305 3178 3502 3218 rerum
3539 3161 3729 3237 impe-

2083 3245 2231 3301 ritus
2265 3246 2461 3315 fuerit,
2496 3251 2558 3302 ut
2586 3247 2642 3302 vi
2674 3247 2870 3319 legum
2901 3255 3072 3304 antea
3092 3249 3345 3306 latarum
3377 3252 3587 3307 fratres
3620 3269 3726 3306 no-

333 3331 453 3421 im.)
483 3331 570 3407 ψει
605 3351 776 3422 paulo
799 3351 974 3406 etiam
1005 3351 1248 3406 fortasse
1289 3351 1603 3418 recentius,
1651 3369 1796 3408 nova
1847 3354 1966 3424 illa,
1999 3331 2042 3397 C
2082 3340 2237 3390 atros
2287 3351 2687 3407 saepenumero
2731 3337 3090 3394 excruciatos
3151 3339 3333 3395 fuisse
3399 3341 3726 3395 nesciverit.

344 3468 518 3521 quam
565 3448 827 3520 appellat
883 3447 1303 3514 Tertullianus,
1363 3450 1824 3506 Christianorum
1875 3450 1974 3507 Dei

333 3542 533 3610 editio,
567 3557 699 3595 cum
732 3541 1027 3610 ejuomodi
1061 3539 1460 3610 inscriptione,
1492 3539 1646 3597 Deus
1695 3542 1976 3598 Christia-

334 3648 542 3687 norum
577 3629 936 3698 onochoites,
993 3627 1235 3683 auribus
1280 3631 1528 3685 asininis
1595 3632 1775 3687 altero
1833 3633 1976 3704 pede

335 3719 613 3791 unguluto
646 3719 859 3773 librum
884 3718 1165 3790 gestantis
1198 3725 1250 3773 et
1285 3719 1485 3790 togati.
1514 3742 1533 3767 ι
1564 3720 1857 3792 Leguntur
1887 3738 1974 3786 ea,

337 3811 406 3864 ad
443 3826 567 3880 quas
602 3813 891 3880 provocat,
927 3807 984 3862 in
1032 3808 1362 3879 Apolegitico
1402 3809 1553 3879 (cap.
1621 3811 1706 3878 16,
1748 3827 1804 3881 p.
1849 3810 1973 3864 469.

334 3902 424 3955 ed.
485 3900 666 3955 celeb.
728 3900 1131 3970 Havercampi,
1192 3917 1308 3970 qua
1365 3898 1458 3954 hic
1513 3916 1745 3971 semper
1799 3903 1976 3974 utor),

331 3992 498 4060 cujus
555 4006 644 4043 res
703 3989 796 4043 hic
855 3991 1066 4059 agitur.
1121 3988 1267 4054 Quid
1303 3989 1520 4043 clarius
1562 3989 1780 4060 itaque,
1841 4007 1976 4046 cum

330 4080 508 4134 Caveo
558 4077 830 4149 aliisque,
880 4077 1034 4132 circa
1091 4077 1224 4131 libri
1303 4081 1531 4133 aztatem
1609 4078 1976 4134 Dodwellum

331 4165 742 4220 consensisse?
782 4166 983 4220 Latius
1028 4165 1199 4220 hodie
1230 4164 1334 4219 viri
1387 4165 1562 4236 hujus
1586 4166 1656 4220 de
1687 4167 1979 4237 paucitate

335 4265 657 4329 martyrum
684 4258 978 4312 sententia
1008 4257 1245 4328 serpsit,
1279 4273 1344 4311 ac
1376 4251 1768 4328 plurimorum
1828 4261 1981 4313 inter

330 4347 590 4402 eruditos
622 4347 844 4402 animos
874 4347 1196 4417 occupavit.
1233 4345 1436 4416 Igitur,
1469 4346 1609 4417 quin
1658 4346 1977 4403 multorum

333 4433 624 4488 mentibus
665 4435 785 4489 hac
828 4436 897 4489 de
957 4439 1124 4488 aetate
1156 4434 1491 4504 Apologetz'ci
1549 4433 1743 4504 opinio
1800 4433 1980 4491 inﬁxa

327 4524 422 4587 sit,
469 4540 582 4577 non
652 4523 896 4578 dubium
957 4529 1066 4578 est.
1119 4525 1275 4588 Quos
1350 4526 1545 4577 tamen
1605 4522 1836 4594 longius
1886 4525 1980 4580 hic

327 4628 647 4678 recensere,
699 4629 880 4683 quum
938 4614 1115 4667 duces
1145 4611 1386 4666 indicati
1419 4611 1558 4675 sint,
1619 4628 1732 4666 non
1784 4630 1978 4668 neces-

2084 3425 2211 3492 Aut,
2245 3424 2293 3478 si
2321 3425 2518 3480 minus
2551 3425 2660 3480 hoc
2691 3432 3060 3498 perspectum
3083 3428 3196 3499 ipsi
3230 3429 3459 3498 fuisset,
3481 3430 3574 3485 hic
3603 3430 3730 3502 ipse

2083 3514 2470 3584 Apologeticus
2501 3519 2626 3569 tum
2660 3517 2936 3587 temporis
2967 3516 3075 3572 hoc
3106 3519 3390 3589 evenisse,
3440 3535 3575 3575 eum
3611 3535 3730 3575 non

2085 3605 2291 3658 docere
2323 3603 2628 3674 potuisset.
2661 3605 2767 3661 Sed
2798 3606 2869 3660 de
2927 3606 3036 3661 hac
3085 3624 3146 3662 re
3186 3609 3313 3678 jam
3370 3607 3731 3664 luculentius

2084 3693 2543 3748 commentabar.

2155 3818 2722 3887 §1V.——Vidimus,
2774 3820 2868 3890 iis,
2928 3821 3025 3892 qui
3083 3827 3218 3892 post
3276 3839 3414 3877 ann.
3466 3823 3601 3879 CCII
3662 3822 3732 3877 Ii-

2085 3906 2256 3961 brum
2290 3908 2348 3962 in
2381 3907 2602 3964 litteras
2635 3925 2763 3964 esse
2792 3910 3018 3976 volunt,
3050 3912 3159 3966 hoc
3191 3912 3477 3983 principue
3509 3911 3733 3966 obfuis-

2087 4012 2169 4064 se,
2204 3998 2356 4067 quod
2391 4013 2578 4068 usque
2608 3999 2678 4052 ad
2713 4015 2851 4053 ann.
2895 3999 3032 4053 CCII
3081 4000 3490 4071 pacatissimas
3548 3999 3735 4054 fuisse

2087 4101 2180 4139 res
2221 4085 2689 4141 Christianorum
2731 4087 3101 4143 crediderint.
3162 4092 3295 4143 Ηωο
3349 4103 3483 4143 vero
3540 4103 3611 4144 ex
3667 4102 3735 4143 eo

2088 4179 2226 4228 nata
2256 4182 2341 4229 est
2373 4175 2698 4246 persuasio,
2732 4178 2886 4247 quod
2921 4177 3030 4233 hoc
3052 4194 3224 4243 anno,
3250 4193 3425 4249 quem
3457 4177 3600 4247 dixi,
3635 4179 3737 4232 de-

2088 4271 2242 4318 creta
2274 4280 2306 4318 a
2329 4265 2536 4320 Severo
2563 4265 2621 4319 in
2654 4265 3019 4322 Christianos
3041 4267 3341 4338 proposita
3362 4267 3564 4336 fuisse,
3583 4266 3738 4320 mul-

2086 4351 2164 4407 tis
2195 4369 2264 4406 ex
2297 4354 2648 4408 testimoniis
2679 4355 3025 4411 didicerant.
3061 4356 3186 4410 Non
3221 4355 3409 4426 patuit
3459 4354 3735 4410 videlicet

2085 4441 2206 4496 illis
2239 4443 2705 4497 ratiocinationis
2738 4444 2914 4514 hujus
2946 4443 3340 4499 imbecillitas:
3367 4443 3570 4499 Sanxit
3586 4460 3703 4499 ann

2088 4530 2222 4585 CCII
2257 4531 2311 4585 in
2343 4531 2706 4587 Christianos
2746 4538 2989 4587 Severus
3028 4532 3180 4602 leges
3217 4550 3230 4601 ;
3263 4533 3447 4605 igitur
3477 4549 3590 4588 non
3633 4548 3737 4588 an-

2088 4624 2173 4676 tea
2207 4621 2397 4676 vexari
2458 4626 2753 4693 poterunt.
2813 4624 3160 4693 Quanquam
3220 4622 3585 4678 Dodwellum
3645 4622 3742 4678 hic

327 4701 548 4755 sarium
575 4719 704 4757 esse
733 4701 1006 4757 arbitror.
1040 4702 1123 4755 Ad
1156 4700 1470 4755 Antonium
1508 4701 1749 4770 Pagium
1784 4703 1976 4772 potius
2008 4699 2053 4763 D
2087 4711 2271 4780 excipi
2301 4709 2466 4764 facile
2497 4713 2636 4774 fero,
2662 4711 2762 4781 qui
2797 4713 2867 4764 ad
2901 4711 3047 4765 alias
3079 4710 3257 4766 simul
3301 4713 3559 4781 argutias
3604 4727 3740 4766 con-

333 4794 562 4858 accedo,
597 4792 719 4862 qui,
748 4791 881 4846 licet
923 4807 1158 4847 omnem
1193 4792 1307 4845 fere
1340 4795 1568 4844 aetatem
1602 4791 1659 4843 in
1713 4794 1977 4846 numeris

328 4890 886 4955 contriverit,eidem
923 4895 1117 4944 tamen
1155 4905 1215 4943 se
1247 4888 1472 4942 addixit
1502 4887 1976 4944 sententiaeﬂum

329 4979 473 5033 541
511 4981 838 5048 Hypalicam
869 4978 1261 5033 conscriberet
1297 4977 1763 5045 Dissertatzonem,
1807 4994 1978 5033 nemo

328 5085 393 5122 eo
427 5068 653 5136 melius,
688 5068 786 5139 qui
821 5086 920 5140 pro
952 5085 1086 5123 ann.
1121 5067 1382 5124 CXCVIII
1428 5067 1677 5121 dieserte
1720 5084 1978 5138 pronun-

328 5158 530 5213 tiabat.
576 5161 786 5228 Accipe
814 5160 984 5213 verba
1016 5160 1183 5229 (Dies.
1223 5159 1518 5229 Hypatica,
1571 5174 1626 5226 p.
1671 5174 1731 5222 ιι,
1761 5175 1887 5229 cap.
1923 5160 1978 5228 3,

329 5249 561 5318 §12,p.
616 5249 737 5313 117,
793 5248 960 5319 Gugd.
1016 5250 1151 5303 1682
1211 5248 1386 5317 ἰπὶ-4ο)
1434 5263 1446 5300 :
1505 5266 1532 5297 α
1585 5246 1978 5304 Tertullianus

331 5338 734 5406 Apologeticum
785 5338 1131 5408 conscripsit
1193 5355 1328 5392 ann.
1378 5335 1660 5402 CXCVIII,
1713 5353 1828 5407 quo
1878 5339 1976 5392 Se-

326 5443 495 5481 verus
568 5427 1038 5497 quinquennalia
1063 5427 1267 5493 edidit,
1322 5425 1622 5496 Romaque
1682 5425 1976 5495 discessit,

327 5532 504 5586 quam
537 5519 608 5571 ob
639 5531 872 5570 causam
925 5517 994 5570 ad
1036 5517 1421 5587 magistratus
1455 5518 1748 5569 Romanos
1809 5515 1976 5573 illum

329 5605 557 5660 direxit.
606 5604 749 5659 Nam
778 5604 912 5658 licet
945 5603 1173 5658 nullum
1206 5604 1397 5659 adhuc
1436 5603 1507 5657 ab
1539 5603 1743 5657 eodem
1793 5604 1976 5676 impe-

328 5699 518 5748 ratore
554 5694 835 5749 adversus
857 5691 1218 5747 Christianos
1250 5692 1506 5747 edictum
1537 5692 1977 5765 promulgatum

332 5785 560 5856 fuisset,
590 5784 933 5840 Plautianus
958 5790 1172 5853 tamen,
1205 5783 1377 5854 cujus
1408 5782 1756 5838 auctoritate
1784 5788 1976 5843 Remis

2089 4799 2257 4871 fugit,
2282 4815 2348 4853 eo
2378 4800 2530 4868 quod
2555 4799 2701 4854 nihil
2734 4802 2792 4854 in
2813 4799 2922 4854 hac
2946 4801 3169 4856 ratione
3203 4800 3457 4872 praesidii
3482 4801 3739 4872 positum

2088 4903 2216 4942 esse
2249 4888 2623 4959 perspiceret.
2659 4891 2787 4944 Haec
2819 4906 3002 4961 quum
3035 4891 3117 4945 ita
3146 4890 3287 4956 sint,
3343 4890 3506 4946 nulla
3527 4891 3597 4945 ad
3632 4890 3740 4946 hos

2090 4978 2436 5033 refellendos
2460 4978 2672 5034 certior
2702 4979 2796 5034 via
2818 4980 2948 5048 erit,
2979 4995 3157 5050 quam
3175 4980 3224 5035 si
3250 4980 3349 5035 diu
3373 4984 3529 5048 ante,
3563 4996 3742 5053 quam

2088 5067 2338 5140 Augusti
2367 5067 2657 5123 ferrentur
2701 5069 2879 5139 leges,
2941 5067 3200 5139 plurima
3255 5069 3409 5125 mala
3469 5070 3742 5126 Christia-

2091 5175 2299 5212 norum
2334 5158 2673 5213 incubuisse
2707 5158 3034 5212 cervicibus
3068 5159 3522 5214 demonstretur.
3561 5161 3740 5214 Totus

2090 5246 2250 5301 hicce
2268 5245 2433 5302 locus
2449 5247 3016 5304 aTheoderico542
3039 5248 3340 5316 Ruinarto,
3359 5249 3459 5320 qui
3475 5247 3742 5303 Dodwel-

2089 5335 2213 5390 lum
2249 5336 2360 5391 sibi
2403 5337 2814 5408 castigaudum
2847 5337 3123 5408 sumpsit,
3157 5339 3588 5409 praetermissus
3630 5340 3738 5393 est.

2089 5425 2355 5480 Graviter
2387 5427 2434 5480 is
2462 5443 2526 5480 ac
2559 5426 2908 5497 permoleste
2942 5427 3071 5491 fert,
3122 5427 3499 5482 afﬂictionem
3555 5430 3738 5482 totam

2091 5517 2268 5570 unius
2324 5514 2544 5569 biennii
2598 5516 2788 5587 spatio
2856 5515 3013 5570 hunc
3048 5515 3376 5587 complecti.
3442 5518 3638 5587 (Praef.
3671 5516 3742 5571 ad

2088 5604 2216 5657 Acta
2274 5603 2500 5674 Hartyr.
2562 5607 2797 5673 sincera,
2851 5609 2994 5672 sect,
3046 5622 3105 5676 ιι,
3155 5606 3300 5677 §12,
3379 5623 3435 5677 p.
3498 5606 3585 5674 48,
3646 5607 3736 5662 ed.

2086 5692 2422 5759 Wetsten.).
2462 5694 2832 5749 Generaliera
2871 5710 3003 5750 vero
3057 5699 3309 5767 tantum,
3361 5695 3574 5767 quibus
3605 5711 3738 5752 eum

2088 5781 2333 5854 refellat,
2363 5783 2627 5852 adducit,
2662 5800 2916 5854 quorum
2948 5783 3096 5840 alter
3125 5785 3366 5857 similia,
3426 5785 3475 5842 si
3531 5785 3739 5858 quaesi-
