4264 6354
500 413 610 472 6H

1019 407 1545 472 TElt'l‘ULLlANI
1591 405 1916 470 OPEItUM
1963 406 2164 467 PARS
2211 399 2360 465 1.-
2388 407 2662 470 SERIES
2708 409 2757 480 Ι,
2804 410 3370 470 APOLOGETICA.

3776 411 3896 471 612

500 549 697 616 visset,
726 544 994 601 fortassis
1025 545 1364 600 invenisset.
1401 543 1838 615 Diligentiorem
1890 541 2137 613 inquisi-
2173 554 2228 619 Α
2260 540 2675 612 principalium
2709 544 3128 616 rescriptorum
3161 548 3216 598 et
3240 546 3562 599 edictorum
3593 546 3902 600 securibus

498 635 741 702 tionem,
777 639 1228 706 temporumque
1290 634 1674 697 notationem,
1720 648 1894 703 quam
1931 629 2142 701 negotii

496 728 704 780 natura
765 723 933 778 unice
991 721 1234 792 ﬂagitat,
1286 721 1472 776 tustra
1519 719 1961 792 exspectaveris.
2025 719 2142 772 Ma-

491 815 681 886 jorem
716 813 923 884 Pagius
974 810 1323 866 industriam
1356 811 1645 876 adhibuit,
1681 816 1743 864 ut
1772 809 1828 863 in
1862 809 2019 862 hisce
2051 824 2143 863 re-

501 904 609 958 bus
641 901 960 974 plurimum
995 899 1329 972 posside-bat
1361 898 1636 954 scientias.
1657 898 1884 970 (Critica
1915 899 1973 950 in
1997 898 2140 951 Αιιιη.

500 999 754 1060 Baronii,
786 1003 827 1052 t.
868 997 960 1063 ΙΙΙ,
1010 997 1083 1052 ad
1112 1014 1244 1050 ann.
1305 995 1427 1060 CCI,
1478 1012 1534 1049 n.
1580 1012 1682 1058 vn,
1743 1011 1796 1065 p.
1855 997 1910 1057 2,
1967 997 2020 1048 et
2078 991 2146 1046 ad

499 1105 632 1144 ann.
665 1087 864 1152 CCVII,
901 1101 1068 1153 n.m,
1121 1101 1175 1156 p.
1208 1085 1284 1155 7),
1347 1083 1544 1155 Neque
1601 1088 1794 1138 tamen
1854 1082 1964 1136 hoc
2021 1097 2144 1135 mo-

502 1181 766 1234 mentum
799 1174 1084 1246 attingere
1131 1174 1340 1244 potuit,
1405 1172 1679 1243 quoniam
1735 1172 1792 1226 in
1850 1171 2020 1225 initio
2062 1170 2144 1226 af-

501 1265 778 1324 ﬂictionis
827 1264 1188 1335 designando
1237 1263 1308 1317 ab
1360 1261 1712 1328 adversario,
1775 1265 1838 1315 ut
1895 1259 2142 1329 ostendi,

503 1373 618 1412 non
677 1352 1017 1408 dissidebat.
1071 1352 1131 1406 In
1192 1351 1300 1406 hoc
1349 1351 1530 1423 igitur
1559 1355 1786 1405 tantum
1828 1355 2146 1420 occupatus

503 1451 612 1511 est,
639 1449 704 1499 ut
733 1443 804 1498 ab
828 1459 964 1498 ann.
999 1441 1131 1497 CCII
1166 1442 1235 1494 ad
1271 1445 1515 1495 mortem
1553 1456 1736 1510 usque
1785 1439 1975 1492 Severi
2039 1455 2144 1509 pa-

501 1549 626 1590 cem
663 1535 868 1588 sancto
926 1529 1097 1585 coetui
1147 1546 1262 1584 non
1327 1529 1507 1584 fuisse
1564 1529 1850 1582 redditam
1897 1527 2140 1584 evincat.

501 1623 666 1688 Quod
699 1620 782 1675 illi
803 1620 1021 1690 itaque,
1053 1623 1110 1673 et
1140 1617 1473 1690 complures
1509 1617 1628 1684 alii,
1665 1618 2011 1672 intentatum
2062 1617 2145 1670 di-

501 1711 812 1776 miserunt,
847 1709 904 1762 id
937 1725 1042 1779 ego
1076 1707 1217 1762 mihi
1247 1723 1398 1762 nunc
1433 1705 1846 1778 perﬁciendum
1888 1721 2141 1760 sumam.

503 1811 582 1867 De
613 1825 765 1865 anno
796 1806 893 1878 qui
928 1805 1097 1861 malis
1152 1805 1282 1861 istis
1328 1805 1559 1860 initium
1603 1803 1847 1870 dederit,
1907 1803 2146 1875 praecise

502 1913 660 1953 nunc
689 1913 804 1951 non
832 1893 1048 1986 agitur.
1068 1893 1245 1986 _Haud
1297 1892 1610 1986 difﬁculter
1666 1891 1716 1948 is
1767 1907 1841 1986 ex
1887 1891 1973 1986 iis.
2017 1908 2144 1964 quin
2174 1921 2222 1986 Β

504 1987 576 2042 de
607 1988 775 2040 astate
804 1983 1135 2054 Apologetici
1184 1989 1345 2037 extra
1391 1980 1638 2036 dubium
1696 1979 2136 2050 collocabimus,

503 2074 630 2132 erui
659 2073 890 2144 poterit.
939 2072 1043 2127 Hic
1069 2071 1125 2125 id
1158 2071 1299 2126 mihi
1330 2075 1559 2126 tantum
1612 2069 1974 2142 pr0positum
2028 2073 2136 2138 est,

505 2169 570 2220 ut
599 2168 732 2219 ante
753 2179 890 2218 ann.
924 2161 1079 2227 CCII,
1113 2176 1227 2231 quo
1265 2159 1455 2215 Severi
1515 2159 1573 2213 in
1631 2157 1994 2214 Christianos
2041 2159 2139 2213 de-

503 2257 660 2309 creta
683 2251 978 2323 publicata
1004 2266 1134 2305 esse
1167 2249 1440 2315 concedo,
1501 2247 1790 2304 inﬁnitam
1847 2263 2136 2302 aerumna-

503 2358 635 2398 rum
685 2340 799 2396 vim
857 2340 942 2396 eis
999 2338 1315 2394 exhibitam
1375 2354 1502 2394 esse
1555 2339 1816 2392 doceam.
1878 2335 2138 2391 Primum

503 2435 696 2488 teneat
751 2429 810 2484 in
859 2429 1110 2485 testibus
1166 2444 1363 2483 eorum
1419 2427 1544 2499 ipse
1591 2431 1790 2483 noster
1844 2425 2142 2481 Tertullia-

507 2538 637 2576 nus.
670 2518 1092 2574 Testimonium
1148 2535 1214 2572 ex
1273 2517 1398 2588 ipso
1459 2516 1624 2583 libro,
1684 2517 1854 2586 cujus
1911 2521 2136 2570 mtatem

506 2609 600 2665 hic
631 2608 1068 2672 constituimus,
1100 2607 1272 2661 dicat.
1317 2607 1554 2673 l’rodiit,
1617 2607 1671 2660 id
1733 2605 1886 2676 quod
1943 2604 2141 2661 nullus

507 2702 699 2770 negat,
732 2691 865 2752 eum
896 2697 1015 2767 iam
1048 2694 1472 2750 crudelissimis
1499 2692 1802 2764 suppliciis
1824 2692 2142 2749 Christiani

508 2788 578 2844 de
609 2785 800 2843 medio
827 2784 1186 2840 tollerentur.
1221 2784 1378 2839 Idem
1411 2799 1540 2838 vero
1579 2783 1650 2838 de
1701 2781 1908 2839 edictis
1964 2783 2144 2854 impe-

509 2875 718 2934 ratoris
750 2874 892 2930 nihil
927 2890 1166 2946 prorsus
1189 2877 1313 2928 tum
1334 2871 1600 2927 auditum
1625 2871 1826 2938 fuisse,
1857 2889 1973 2926 non
1998 2888 2142 2927 uno-

509 2965 634 3021 loco
709 2964 921 3020 diserte
978 2963 1213 3018 indicat.
1273 2962 1673 3032 Conjecturam
1733 2977 1846 3016 nuc
1917 2961 2141 3028 omitto,

509 3071 684 3128 quam
716 3053 1108 3126 spernendam
1141 3057 1334 3107 tamen
1366 3067 1496 3106 esse
1553 3067 1697 3123 nego
1724 3076 1738 3118 ς
1771 3050 1936 3118 illud,
1989 3051 2144 3122 quod

509 3145 578 3200 ad
614 3141 888 3217 praesides
919 3140 1350 3214 provinciarum
1391 3139 1646 3196 directus
1693 3139 1790 3205 sit,
1837 3157 1936 3196 eos
1967 3139 2145 3210 solos,

513 3251 629 3290 non
662 3233 1094 3304 imperatorem,
1129 3231 1419 3286 malorum
1444 3229 1622 3285 fuisse
1653 3235 1940 3306 auctores,
1971 3246 2144 3302 argu-

511 3327 708 3377 mento
738 3337 886 3377 esse.
921 3319 1389 3374 Evidentioribus
1420 3335 1510 3374 res
1542 3322 1852 3390 peragetur
1879 3319 2144 3374 testimo-

519 3411 651 3466 niis.
677 3409 936 3465 Primum
969 3407 1080 3463 hoc
1126 3412 1252 3464 esto
1307 3409 1458 3480 (cap.
1512 3408 1600 3477 35,
1635 3425 1690 3480 p.
1753 3408 1915 3479 300):
1951 3429 1975 3461 α
2036 3408 2150 3464 Nec

514 3507 618 3563 ulli
665 3508 852 3579 magis
907 3504 1372 3578 depostulatores
1427 3504 1914 3572 Christianorum,
1968 3521 2148 3577 quam

514 3596 744 3668 vulgus.
778 3595 953 3652 Plane
984 3595 1172 3650 cisteri
1201 3595 1437 3650 ordines
1467 3611 1570 3666 pro
1621 3595 1964 3650 auctoritate
2019 3594 2148 3651 reli-

510 3686 658 3759 giosi
687 3701 755 3741 ex
785 3685 919 3753 ﬁde,
950 3683 1097 3739 nihil
1142 3683 1433 3739 hosticum
1490 3685 1560 3739 de
1610 3683 1736 3755 ipso
1789 3689 2017 3750 senatu,
2077 3686 2149 3740 de

510 3773 723 3847 equite,
755 3774 826 3829 de
858 3774 1088 3839 castris,
1123 3772 1193 3828 de
1220 3772 1450 3846 palatiis
1482 3772 1626 3844 ipsis
1684 3773 1882 3845 spirat.
1923 3795 1946 3825 ι
2000 3774 2147 3839 Quid

507 3878 611 3938 pro
644 3861 812 3918 nobis
864 3861 1188 3918 evidentius
1247 3862 1434 3917 facere
1487 3862 1692 3934 possit,
1726 3863 1995 3933 equidem
2046 3878 2147 3918 ne-

506 3953 648 4010 scio.
675 3951 901 4008 Palatia
923 3951 1073 4023 ipsa,
1109 3950 1326 4022 quibus
1358 3955 1657 4023 Augustus
1687 3967 1810 4006 eum
1840 3952 1976 4022 ﬁliis
2007 3969 2148 4008 con-

505 4040 822 4108 tinebatur,
855 4041 926 4096 de
957 4039 1217 4096 hostium
1249 4039 1715 4095 Christianorum
1751 4057 1994 4096 numero
2030 4039 2148 4096 exi-

509 4130 640 4187 mit.
674 4131 801 4185 llaze
831 4145 945 4202 qua
976 4129 1164 4184 fronte
1195 4128 1551 4200 scripsisset,
1585 4128 1632 4184 si
1695 4127 1890 4201 legum
1951 4130 2006 4184 in
2059 4147 2147 4186 ve-

504 4221 715 4278 xandis
744 4218 1089 4276 Christianis
1111 4219 1238 4291 jam
1271 4219 1560 4274 adfuisset
1597 4220 1953 4276 auctoritas?
1981 4219 2145 4290 Tota,

505 4328 632 4384 qum
656 4327 782 4383 cap.
813 4310 866 4378 4,
897 4310 952 4378 5,
989 4310 1043 4364 6.
1106 4307 1340 4379 legitur,
1391 4309 1462 4364 de
1516 4307 1743 4381 legibus
1801 4310 2146 4384 disceptatio

500 4399 656 4457 idem
687 4397 1015 4457 luculenter
1063 4399 1392 4454 conﬁrmat.
1427 4397 1898 4455 Christianorum
1949 4401 2147 4456 adver-

505 4488 648 4547 sarii
678 4489 836 4562 leges
867 4487 1278 4562 pristexebant,
1311 4503 1458 4559 quas,
1494 4491 1559 4542 ut
1591 4486 1645 4541 in
1674 4503 1772 4544 eos
1825 4488 2142 4557 saeviretur,

503 4579 908 4653 praeciperent.
941 4577 1235 4641 Quasnam
1262 4593 1393 4632 vero
1425 4579 1448 4633 Ρ
1478 4576 1694 4633 Recens
1751 4577 1979 4634 editas?
2039 4578 2144 4634 Mi-

502 4669 680 4724 nime.
705 4667 908 4723 Edicta
937 4667 1252 4738 crepabant
1281 4683 1314 4722 a
1345 4665 1592 4722 mortuis
1615 4667 1741 4738 jam
1782 4673 1983 4739 rogata
2030 4669 2140 4724 im-
2169 4663 2218 4729 D

505 4756 897 4830 peratoribus,
929 4773 1049 4826 quae
1072 4755 1229 4811 haud
1261 4755 1371 4810 sibi
1404 4754 1615 4812 violare
1648 4755 1820 4813 licere
1850 4756 2141 4814 dicebant.

505 4854 786 4912 Praeclare
816 4855 1044 4927 frigidis
1075 4854 1234 4910 hisce
1264 4854 1608 4911 ratiunculis
1636 4855 1723 4911 vir
1781 4861 1988 4913 acutus
2046 4873 2145 4914 oe-

507 4945 711 5002 currit.
740 4942 1084 5000 Rationibus
1143 4948 1274 4998 ante
1349 4943 1548 4999 omnia
1607 4944 1975 5002 demonstrat
2020 4951 2141 5002 tam

509 5035 796 5093 saneitam
828 5033 1049 5089 nullam
1080 5049 1209 5088 esse
1233 5031 1577 5105 legem,quaa
1611 5052 1747 5106 non,
1780 5036 1828 5091 si
1864 5037 2004 5107 quid
2035 5037 2143 5091 tni-

503 5124 746 5198 quitatis
777 5124 1095 5188 contineat,
1118 5123 1392 5177 continuo
1425 5123 1779 5179 delendasit.
1813 5125 1926 5179 Nec
1955 5142 2146 5181 exem-

503 5214 618 5287 plis
640 5213 698 5288 id
731 5229 926 5269 carere
958 5216 1160 5284 postea
1189 5210 1376 5281 docet,
1405 5227 1535 5266 cum
1570 5213 1835 5283 Romani,
1867 5217 2142 5270 vetustis-

502 5303 672 5359 simis
703 5303 838 5358 licet
866 5300 1408 5375 decretis,quorum
1466 5300 1814 5371 injustitiam
1866 5319 2143 5374 cognove-

504 5391 641 5461 riut,
665 5407 896 5448 omnem
931 5390 1284 5445 detraxerint
1313 5390 1738 5457 auctoritatem,
1773 5407 1840 5447 ac
1897 5392 2142 5449 Severus

507 5483 632 5555 ipse
689 5481 844 5539 548
903 5481 1072 5551 legem
1131 5479 1372 5550 Papiam
1435 5479 1879 5551 abrogaverit.»
1942 5481 2144 5538 Nonne

509 5577 567 5628 et
595 5588 719 5638 vos,
750 5571 944 5643 inquit
983 5572 1131 5642 (cap.
1167 5585 1227 5641 p.
1297 5567 1382 5633 15,
1442 5568 1552 5637 49),
1610 5570 1871 5641 quotidie
1928 5572 2145 5642 experi-

509 5660 723 5715 mentis
755 5657 1227 5714 illuminantibus
1257 5655 1528 5712 tenebras
1544 5658 1928 5730 antiquitatis,
1962 5664 2141 5717 totam

500 5747 668 5806 illam
726 5754 980 5806 veterem
1009 5752 1066 5804 et
1093 5744 1460 5818 squalentem
1491 5744 1704 5820 sylvam
1739 5748 1933 5823 legum
1979 5751 2144 5810 novis

2257 631 2510 685 ruscatis
2545 637 2601 686 et
2633 633 2896 688 creditis?
2925 655 2951 683 »
2985 632 3128 688 Vide
3159 649 3312 700 vero,
3334 633 3548 703 quibus
3582 633 3651 688 de
3673 633 3904 706 legibus

2255 733 2448 773 sermo
2482 719 2581 774 sit.
2614 721 2693 775 De
2726 723 3006 793 antiquis,
3038 727 3102 775 ut
3133 727 3397 791 apertum
3433 722 3776 792 est,quibus
3799 740 3905 779 no-

2251 822 2351 861 vas
2383 809 2644 878 opponit.
2681 809 2872 880 Pergit
2903 813 2973 864 ad
2999 809 3210 864 latores
3241 810 3432 882 legum
3454 812 3905 866 adversusChri-

2252 895 2476 950 stianos
2519 897 2744 967 (cap.5,
2780 915 2834 969 p.
2878 899 2992 968 56),
3046 915 3192 970 quos
3253 915 3456 953 omnes
3515 899 3902 966 turpitudinis

2253 983 2658 1055 scelerumque
2689 985 2929 1041 infamia
2973 992 3222 1051 notatos,
3275 987 3636 1059 Neronisqne
3669 987 3900 1042 similli-

2254 1089 2381 1126 mos
2414 1073 2593 1129 fuisse
2637 1077 2950 1130 contendit.
2996 1078 3179 1141 Quam
3217 1075 3330 1130 late
3364 1077 3479 1130 bene
3539 1077 3900 1133 adscveratio

2253 1166 2466 1231 pateat,
2502 1179 2613 1217 non
2648 1163 2906 1236 inquiro.
2939 1164 3090 1219 Satis
3124 1164 3267 1219 mihi
3327 1169 3434 1231 est,
3497 1167 3649 1237 quod
3707 1182 3773 1220 ex
3832 1183 3902 1221 ea

2251 1249 2523 1306 Severum
2557 1251 2615 1306 in
2646 1269 2846 1308 eorum
2881 1269 3144 1308 numero.
3179 1253 3278 1323 qui
3307 1253 3364 1308 in
3396 1253 3757 1310 Christianos
3805 1255 3901 1310 de-

2253 1345 2410 1394 creta
2470 1342 2790 1410 sanxerint,
2816 1343 2888 1397 ab
2921 1360 2986 1398 eo
3012 1360 3125 1398 non
3161 1341 3342 1398 fuisse
3372 1342 3658 1408 habitum,
3683 1347 3899 1415 pateat.

2254 1427 2417 1483 Ratio
2448 1428 2577 1501 ipsa
2626 1431 2803 1501 hujus
2836 1431 2916 1487 rei
2947 1432 3115 1487 testis
3147 1436 3254 1487 est.
3311 1431 3524 1503 Ecquis
3582 1433 3714 1488 enin
3778 1437 3898 1488 tam

2253 1532 2476 1584 amens,
2512 1524 2576 1573 ut
2606 1520 2928 1591 sapientem
2983 1521 3173 1576 virum
3233 1521 3343 1576 sibi
3402 1523 3748 1593 persuadeat
3795 1523 3904 1577 hoc

2254 1612 2600 1678 argumento
2630 1607 2788 1680 leges
2819 1610 3301 1682 impugnaturum
3363 1611 3566 1679 fuisse,
3613 1611 3663 1667 si
3722 1628 3900 1682 penes

2253 1709 2426 1764 quem
2459 1701 2585 1751 tum
2617 1713 2852 1753 summa
2874 1715 3067 1754 rerum
3094 1705 3217 1753 erat
3247 1700 3453 1754 eodem
3484 1716 3613 1756 sese
3655 1699 3900 1757 crimine

2254 1783 2598 1840 astrinxisse
2647 1786 3063 1843 constitisset?
3109 1788 3406 1844 Festivum
3463 1789 3719 1859 profecto
3791 1789 3898 1844 de-

2253 1871 2542 1928 fensorem
2579 1873 2592 1928 t
2628 1874 2730 1946 qui
2761 1876 3193 1947 imperatorem,
3229 1878 3398 1947 cujus
3423 1877 3687 1933 animum
3721 1878 3899 1934 emol-

2253 1959 2358 2016 lire
2389 1963 2679 2034 cupiebat,
2713 1964 2784 2019 iis
2817 1965 3249 2031 adnumeraret,
3283 1965 3380 2038 qui
3414 1965 3748 2022 mortalium
3795 1985 3898 2024 ne-

2249 2050 2542 2121 quissimi,
2565 2051 2862 2124 nullisque
2885 2053 3124 2126 ﬂagitiis
3148 2055 3390 2110 secundi
3411 2055 3658 2112 fuerant.
3677 2057 3903 2113 Laudat

2247 2155 2278 2194 θ
2309 2141 2596 2195 contrario
2629 2141 2937 2214 aliquoties
2968 2147 3241 2198 Severum
3275 2144 3502 2214 Noster,
3539 2162 3604 2200 ae
3636 2150 3899 2202 constan-

2247 2228 2524 2284 tiur'mum
2551 2232 2824 2303 appelpat
2850 2235 3181 2304 primcipum
3218 2235 3363 2305 (cap.
3396 2235 3449 2302 5,
3485 2251 3540 2305 p.
3571 2236 3682 2306 5‘3).
3734 2236 3892 2292 Adeo

2248 2323 2508 2375 remotus
2538 2325 2662 2375 erat
2694 2321 2763 2376 ab
2797 2339 2863 2376 ea
2919 2322 3212 2393 opinione,
3274 2341 3338 2378 ac
3396 2323 3444 2378 si
3505 2323 3765 2395 gladium
3828 2325 3887 2380 in

2250 2406 2459 2464 fratres
2508 2410 2719 2482 stringi
2757 2411 3059 2482 jussisset.
3120 2413 3228 2467 Sed
3289 2428 3350 2467 se
3398 2412 3592 2483 ipsum
3651 2414 3900 2486 explicet

2249 2495 2640 2553 Tertulianus.
2673 2501 2773 2570 qui
2819 2501 3110 2556 Romanos
3166 2500 3250 2556 sic
3310 2500 3630 2572 alloquitur
3660 2504 3807 2574 (cap.
3837 2504 3895 2574 5,

2251 2601 2310 2656 p.
2345 2585 2434 2656 92)
2472 2603 2484 2641 :
2523 2610 2550 2636 «
2584 2588 2864 2643 Caterum
2899 2590 2968 2643 de
3013 2595 3096 2644 tot
3143 2590 3351 2645 exinde
3398 2591 3761 2663 principibus
3818 2594 3891 2648 ad

2250 2673 2598 2731 hodiernum
2617 2676 2882 2733 divinum
2901 2677 3348 2750 humanumque
3362 2679 3892 2751 sapientibusedite

2251 2763 2510 2836 aliquem
2541 2766 2957 2824 debellatorem
2984 2767 3448 2824 Christianorum
3478 2769 3506 2823 ‘I
3536 2791 3565 2819 ››
3595 2770 3735 2834 Quis
3774 2776 3892 2827 Ho-

2249 2852 2480 2910 diernus
2504 2854 2598 2910 ille
2621 2858 2642 2910 Ρ
2666 2860 2906 2912 Severus
2923 2861 3083 2930 puto.
3109 2859 3269 2913 Hunc
3289 2875 3421 2913 vero
3441 2858 3500 2913 in
3523 2857 3892 2915 debellatori-

2252 2943 2362 2999 bus
2400 2944 2862 3002 Christianorum
2893 2948 3324 3002 numerandum
3361 2963 3491 3003 esse
3522 2953 3712 3019 negat.
3744 2948 3892 3016 Quid

2253 3031 2468 3089 clarius
2499 3039 2521 3090 Ρ
2554 3035 2828 3092 Praetereo
2860 3036 3144 3093 celebrem
3163 3053 3232 3092 ex
3259 3037 3460 3093 eadem
3484 3038 3896 3095 dissertatione

2255 3121 2446 3179 locum
2476 3123 2628 3196 (cap.
2659 3126 2714 3193 5,
2776 3142 2832 3197 p.
2885 3127 2977 3196 63,
3033 3127 3166 3197 65):
3199 3149 3228 3176 «
3285 3125 3497 3191 Quales
3550 3143 3686 3199 ergo
3742 3127 3901 3200 leges

2253 3213 2398 3278 istis,
2433 3229 2579 3284 quas
2610 3215 2889 3270 adversus
2922 3232 3028 3272 nos
3086 3214 3197 3271 soli
3256 3220 3656 3286 exsequuntur
3713 3217 3902 3288 impii,

2177 3288 2220 3355 C
2257 3318 2404 3372 quas
2435 3302 2634 3358 nullus
2664 3305 3013 3370 Hadrianus,
3038 3304 3239 3361 nullus
3261 3305 3680 3377 Vespasianus,
3702 3306 3906 3363 nultus

2258 3390 2444 3447 Verus
2473 3392 2790 3464 impressit.
2824 3415 2851 3444 »
2884 3398 3033 3448 Sunt
3071 3395 3300 3449 codices
3332 3395 3432 3466 qui
3487 3397 3755 3450 Severum
3813 3396 3908 3452 hic

2258 3480 2481 3554 legunt.
2513 3483 2630 3552 Ego
2659 3498 2794 3538 vero
2826 3482 2955 3549 tibi,
2989 3485 3367 3555 Havercampi
3420 3484 3780 3555 doctissime,
3815 3502 3909 3541 as-

2259 3569 2499 3636 sentior,
2531 3571 2787 3642 virisque
2821 3573 3093 3644 egregiis,
3125 3573 3224 3644 qui
3257 3578 3449 3629 tecum
3484 3573 3789 3629 meliorum
3833 3573 3906 3629 li-

2260 3659 2497 3714 brorum
2532 3660 2812 3717 beneﬁcio
2872 3664 3065 3717 Verum
3108 3663 3276 3718 nobis
3332 3663 3658 3718 restituere.
3719 3664 3904 3726 Quam

2257 3747 2565 3805 lectionem
2611 3749 2722 3806 etsi
2775 3752 2972 3806 minus
3019 3752 3227 3822 probat
3277 3752 3606 3808 Dodwellus
3657 3753 3905 3821 (Dissert.

2262 3837 2531 3910 Cyprian.
2556 3841 2629 3895 II.
2661 3842 2688 3908 §
2728 3841 2814 3909 44,
2850 3858 2906 3912 p.
2940 3841 3052 3911 69),
3088 3841 3327 3896 difﬁteri
3376 3846 3571 3897 tamen
3627 3859 3739 3897 non
3803 3859 3910 3913 po-

2256 3929 2387 3997 tuit,
2423 3928 2637 3999 saepius
2668 3929 2725 3983 in
2761 3929 3014 4001 antiquis
3040 3931 3440 3987 monumentis
3473 3930 3665 3987 Severi
3695 3936 3750 3987 et
3770 3931 3908 3986 Veri

2257 4017 2498 4074 nomina
2527 4019 2825 4075 contundi.

2327 4146 2354 4211 §
2380 4143 2452 4200 V.
2493 4173 2560 4184 -—
2590 4143 2719 4200 Haae
2749 4147 2908 4213 sunt,
2943 4161 3080 4222 quae~
3100 4160 3203 4216 pro
3246 4148 3445 4201 nostra
3475 4145 3909 4217 sententiaipse

2258 4234 2428 4290 nobis
2458 4233 2871 4289 subministrat
2900 4235 3297 4306 Apologeticus,
3330 4233 3548 4306 quibus
3607 4234 3748 4306 quid
3809 4251 3901 4288 re-

2257 4323 2391 4396 poni
2425 4322 2628 4394 possit,
2657 4339 2770 4378 non
2801 4321 2988 4379 video.
3040 4321 3201 4378 Alius
3246 4324 3372 4395 jam
3432 4325 3708 4380 succedat
3763 4324 3906 4378 Ter-

2255 4411 2488 4467 tulliani
2521 4410 2704 4478 locus,
2739 4426 2806 4466 ex
2830 4409 2943 4466 alio
2974 4411 3102 4482 ejus
3134 4411 3304 4478 libro,
3339 4427 3404 4468 eo
3433 4411 3700 4468 videlicet
3729 4429 3902 4484 quem

2253 4505 2328 4557 ad
2358 4505 2628 4572 Martyres
2656 4500 2715 4556 in
2747 4515 2975 4556 carcere
3005 4501 3357 4557 constitutos
3412 4499 3594 4568 misit,
3660 4501 3901 4574 petitus.

2255 4590 2365 4646 Eos
2395 4589 2638 4660 intelligi
2675 4588 2768 4645 hic
2800 4594 3086 4662 martyres
3123 4589 3352 4658 debere,
3385 4590 3486 4662 qui
3537 4594 3743 4646 Severo
3799 4589 3904 4644 im-

2251 4682 2488 4752 perante
2543 4679 2790 4750 correpti
2847 4683 3033 4750 erant,
3087 4683 3250 4734 extra
3325 4679 3569 4735 dubium
3647 4683 3754 4735 est.
3820 4677 3904 4732 Ad

2253 4769 2361 4824 bos
2417 4785 2550 4824 vero
2607 4767 3072 4824 corroborandos
3133 4767 3327 4824 ultimi
3388 4767 3720 4841 argumenti
3781 4766 3904 4826 loco

2251 4857 2373 4914 bmc
2405 4857 2568 4930 ponit
2600 4857 2792 4927 (Libro
2823 4856 2892 4912 ad
2923 4856 3205 4929 Martyres,
3239 4875 3289 4914 e.
3326 4859 3378 4914 4.
3414 4875 3469 4930 p.
3506 4857 3628 4928 468,
3661 4861 3814 4927 Opp.
3846 4857 3898 4923 ):

2252 4968 2280 4998 ‹‹
2311 4951 2492 5003 Nemo
2524 4964 2637 5002 non
2670 4947 2846 5002 etiam
2880 4946 3116 5002 homnis
3146 4963 3326 5004 causa
3359 4947 3474 5019 pati
3507 4950 3716 5019 potest,
3744 4944 3898 5017 quod

2251 5038 2311 5092 in
2343 5053 2522 5094 causa
2552 5036 2648 5092 Dei
2680 5036 2799 5109 pati
2820 5036 3065 5092 dubitat.
3099 5037 3183 5091 Ad
3217 5037 3326 5093 hoc
3357 5037 3593 5110 quidem
3625 5035 3712 5092 vel
3751 5052 3900 5106 prae-

2251 5127 2440 5182 sentia
2459 5127 2628 5182 nobis
2659 5131 2922 5198 tempora
2947 5125 3299 5180 documenta
3325 5125 3464 5191 sint,
3503 5131 3730 5198 quantas
3759 5141 3899 5195 qua-

2250 5214 2449 5288 lesque
2480 5231 2735 5288 persons
2767 5213 3100 5285 inopinatos
3133 5214 3430 5270 natalibus
3478 5220 3536 5270 et
3594 5213 3899 5284 dignitati-

2251 5285 2385 5373 bus,
2417 5285 2836 5376 et'eorporibus
2858 5307 2916 5358 et
2939 5303 3213 5360 tetatibus
3244 5304 3368 5359 suis
3401 5305 3593 5358 exitus
3626 5304 3898 5369 referant,

2251 5393 2512 5450 hominis
2531 5409 2740 5448 causa:
2761 5396 2863 5448 aut
2889 5391 2960 5448 ab
2980 5393 3129 5463 ipso,
3153 5393 3203 5448 si
3235 5398 3439 5448 contra
3471 5409 3605 5448 eum
3640 5390 3898 5459 iecerint,

2251 5487 2354 5540 aut
2381 5484 2454 5539 ab
2483 5482 2832 5538 adversariis
2863 5481 3014 5552 ejus,
3049 5480 3099 5536 si
3131 5498 3234 5553 pro
3265 5499 3333 5537 eo
3379 5480 3668 5538 steterint.
3706 5501 3733 5528 ››
3767 5479 3901 5533 Sta-

2249 5573 2356 5629 tim
2403 5573 2496 5628 hic
2555 5587 2792 5628 monere
2848 5587 3105 5643 possem,
3166 5589 3446 5643 apparere
3503 5570 3670 5638 satis,
3755 5570 3909 5626 544

2252 5663 2406 5736 quod
2439 5663 2873 5734 imperatorem,
2904 5677 3078 5733 quem
3111 5662 3385 5716 hominem
3434 5660 3528 5714 hic
3561 5659 3720 5729 dicit,
3781 5675 3907 5714 ma-

2251 5751 2443 5809 lorum
2477 5751 2836 5824 martyribus
2881 5749 2998 5805 illis
3056 5750 3353 5805 illatorum
3415 5753 3711 5804 auctorem
3772 5753 3904 5804 Ter-
