4264 6360
332 442 451 503 613

1038 438 1139 499 DE
1185 438 1468 500 ιΕΤΑἸῈ
1512 437 2027 499 APOLOGE’I‘ICI
2074 432 2486 498 MOSHEIMII
2537 433 3035 509 DISQUISI'I‘IO.

3619 438 3739 501 6M

331 573 620 631 tullianus
651 588 779 630 esse
838 570 1111 627 noluerit.
1162 571 1395 643 Alioqui
1451 571 1607 627 enim
1647 570 1988 643 scripsisset
2014 572 2070 639 Α
2097 568 2199 625 lib.
2230 586 2308 636 vr,
2342 585 2468 642 cap.
2504 569 2586 637 Η,
2620 586 2677 641 p.
2708 570 2835 637 212,
2879 570 3007 642 213)
3057 568 3165 626 viri
3214 570 3369 627 docti
3427 570 3575 627 bene
3631 572 3738 628 ob-

339 685 367 714 ‹‹
400 661 658 719 hominis
690 661 883 729 istius,
916 660 1120 732 quivos
1166 658 1481 729 excruciat,
1507 676 1704 717 causa.
1740 682 1769 711 ››
1814 660 1979 716 Mitto
2090 663 2416 715 servarunt.
2450 659 2573 724 Quo
2615 659 2851 731 quidem
2900 658 3235 715 turbulento
3285 676 3350 716 ac
3397 659 3739 718 calamitose

325 769 460 809 vero
492 751 643 807 hanc
674 749 1199 819 ratiocinationem,
1226 766 1292 805 ac
1328 766 1449 805 rem
1475 750 1664 822 ipsam
1695 750 1766 805 ad
1802 766 1980 821 quam
2091 754 2354 821 tempore
2382 753 2502 805 tam
2534 748 2822 806 laborioso
2854 750 3013 822 operi
3044 766 3179 805 eum
3210 766 3415 807 vacare
3456 752 3741 823 potuisse,

330 840 507 898 verba
562 840 687 895 haec
741 838 1068 910 respiciunt
1110 838 1360 894 intueor.
1394 840 1588 894 Caedes
1658 838 1981 894 multorum

333 931 646 988 hominum
695 927 979 1001 dignitate
1029 944 1095 984 ac
1154 928 1380 983 meritis
1451 929 1773 984 illustrium
1822 946 1982 984 com-

336 1022 677 1077 memorant.
736 1019 948 1089 Expers
1009 1017 1263 1073 historia
1325 1018 1517 1074 Severi
1568 1018 1665 1086 sit,
1702 1018 1801 1089 qui
1864 1018 1984 1073 haec

336 1110 471 1176 alio,
504 1124 682 1181 quam
715 1108 783 1162 ad
818 1123 1015 1161 necem
1048 1123 1271 1174 eorum,
1306 1124 1451 1179 quos
1500 1107 1805 1163 occasione
1849 1107 1985 1163 belli

335 1199 527 1273 gallici
563 1199 635 1253 ab
659 1196 861 1252 Albino
886 1196 1025 1251 moti
1056 1196 1411 1263 trucidabat,
1433 1197 1584 1253 trahi
1610 1214 1780 1269 posse
1803 1202 1982 1269 putet.

339 1292 451 1346 Hoc
482 1285 877 1359 tempusillud
903 1292 1044 1350 erat,
1069 1302 1184 1357 quo
1215 1285 1532 1353 innumeri,
1558 1286 1988 1359 iiquepraeclari

337 1379 632 1445 homines,
662 1380 870 1449 praeter
914 1392 1148 1431 omnem
1200 1392 1388 1447 spem,
1441 1377 1596 1448 quod
1646 1377 1855 1433 Albino
1906 1378 1989 1432 fa-

333 1469 493 1524 visse
545 1469 912 1538 putarentur,
968 1466 1038 1519 ad
1093 1470 1340 1521 mortem
1390 1466 1787 1537 rapiebantur.
1839 1468 1991 1523 Audi

332 1556 706 1631 Spartianum
756 1555 903 1626 (Vita
947 1554 1153 1623 Severi,
1196 1571 1323 1625 cap.
1381 1556 1467 1623 13,
1504 1573 1558 1628 p.
1599 1556 1722 1625 177,
1759 1556 1863 1612 I78
1895 1557 1987 1613 ed.

339 1654 633 1725 Obrechti)
667 1670 679 1710 :
712 1677 740 1704 ‹‹
776 1652 1101 1709 Interfectis
1146 1653 1475 1709 innumeris
1504 1654 1698 1710 Albini
1731 1654 1989 1728 partium

340 1743 502 1812 viris,
534 1742 687 1799 inter
727 1759 874 1815 quos
908 1741 1075 1797 multi
1116 1742 1413 1815 principes
1467 1743 1740 1811 civitatis,
1795 1744 1994 1800 multat

344 1834 572 1889 feminae
602 1830 862 1888 illustres
895 1831 1130 1886 luerunt
1179 1831 1395 1903 (nonne
1450 1832 1555 1888 hoc
1612 1834 1791 1901 idem,
1838 1834 1993 1906 quod

342 1920 737 1978 Tertullianus
769 1920 953 1992 dicit),
986 1920 1251 1976 omnium
1285 1921 1438 1977 bona
1484 1922 1783 1994 publicata
1831 1927 1992 1990 sunt,

2093 837 2295 895 nullus
2326 838 2493 895 facile
2522 838 2750 893 dixerit.
2776 840 2905 910 Ipse
2934 838 3349 895 celeberrimus
3380 839 3737 910 Dodwellus,

2094 927 2192 1000 qui
2226 945 2335 984 sua
2356 944 2507 1000 saepe
2550 928 2745 984 vineta
2801 929 2991 997 caedit,
3053 928 3162 985 hoc
3218 928 3472 1003 agnovit,
3530 946 3598 986 ac
3640 930 3741 986 diu

2096 1020 2235 1071 ante
2264 1034 2400 1072 ann.
2434 1016 2565 1073 CCII
2601 1017 2882 1073 Stromata
2914 1018 3027 1074 ista
3056 1024 3289 1074 exarata
3324 1019 3506 1075 fuisse
3554 1019 3740 1092 pluri-

2096 1106 2208 1162 bus
2240 1107 2565 1163 rationibus
2598 1107 2753 1163 binis
2783 1107 2928 1164 locis
2959 1108 3157 1164 docuit
3189 1109 3350 1180 (Diss.
3384 1110 3458 1165 III
3506 1109 3569 1165 in
3624 1111 3741 1165 Ire-

2095 1212 2301 1265 nzum,
2335 1196 2482 1269 §27,
2519 1214 2575 1269 p.
2602 1197 2709 1251 276
2737 1213 2803 1260 s;
2827 1202 2885 1253 et
2918 1198 3066 1253 Diss.
3125 1198 3191 1253 de
3245 1199 3470 1255 Roman.
3530 1200 3741 1272 Pontif.

2096 1288 2369 1359 primoa
2394 1289 2754 1354 successione,
2787 1303 2914 1359 cap.
2969 1288 3111 1355 15,§
3155 1288 3207 1355 1,
3266 1304 3324 1359 p.
3369 1289 3519 1357 209).
3581 1290 3743 1355 Quod

2098 1374 2298 1446 itaque
2327 1376 2618 1447 praecipue
2649 1375 2818 1431 nobis
2844 1376 3171 1448 optandum
3222 1380 3367 1445 erat,
3415 1376 3475 1432 id
3534 1393 3744 1433 conse-

2100 1464 2218 1519 cuti
2251 1480 2478 1522 sumus.
2512 1464 2699 1520 Reum
2728 1463 3018 1520 habemus
3048 1464 3441 1521 confitentem.
3473 1464 3631 1530 Quod
3697 1466 3747 1522 si

2101 1569 2217 1609 non
2276 1552 2532 1609 multum
2590 1558 2860 1625 provecto
2918 1554 3109 1610 Severi
3171 1554 3417 1627 imperio
3482 1554 3749 1612 Clemens

2102 1642 2358 1715 scripsit,
2393 1644 2608 1700 erroris
2639 1660 2768 1701 esse
2794 1660 2943 1714 reos,
2969 1644 3069 1717 qui
3094 1649 3230 1700 ante
3260 1661 3397 1701 ann.
3418 1644 3554 1702 CCII
3585 1662 3751 1701 vexa-

2104 1731 2319 1789 tionem
2363 1733 2612 1806 ctepisse
2629 1733 3098 1789 Christianorum
3122 1737 3359 1806 negant,
3379 1734 3749 1806 exploratum

2103 1825 2211 1878 est.
2244 1821 2439 1877 Caedes
2470 1821 2628 1878 enim
2659 1837 2726 1877 ac
2759 1820 3051 1895 supplicia
3081 1822 3329 1879 fratrum
3357 1821 3638 1881 scribenti
3677 1824 3752 1879 ob

2107 1910 2307 1968 oculos
2337 1911 2597 1983 quotidie
2626 1912 3031 1968 versabantur.
3066 1912 3148 1968 En
3170 1929 3294 1984 qum
3325 1912 3481 1970 dicat
3507 1929 3522 1969 :
3591 1911 3757 1985 Ἡμῖν

351 1965 737 1978 -ν...............
770 1965 953 1992 -.νην
987 1965 1251 1976 ν.........-.
1285 1965 1438 1977 ..ν-η.
1484 1965 1783 1994 ,ιη-,υνκν-
1831 1965 1992 1990 ναι...

345 2011 733 2082 aerariumque
754 2013 1061 2066 auxerunt.
1089 2010 1237 2065 Tum
1280 2010 1676 2083 Hispanorum
1725 2016 1783 2067 et
1830 2012 2001 2069 Sual-

2119 1965 2199 2055 éi‘
2230 1965 2476 2077 nos...
2513 1965 2824 2076 nam;
2841 1965 3042 2075 ῖπῄῄι
3066 1965 3594 2077 tasting...
3608 1965 3653 2071 Ῑ
3664 1965 3675 1985 ⁵
3696 1999 3752 2056 ιν

346 2100 534 2156 lorum
572 2115 840 2171 proceres
872 2098 1042 2153 multi
1074 2098 1249 2155 occisi
1281 2104 1440 2155 sunt.
1473 2119 1499 2151 ι
1546 2104 1672 2155 Mox
1702 2101 1857 2157 idem
1900 2117 2003 2157 no-

347 2189 777 2246 bilissimorum
800 2189 1056 2243 virorum
1074 2189 1133 2243 in
1156 2188 1288 2244 istis
1306 2189 1495 2245 turbis
1513 2190 1630 2247 vita
1644 2191 2004 2262 privatorum

348 2279 597 2361 longum
632 2287 774 2343 satis
807 2287 1058 2342 indicem
1091 2287 1401 2359 subjunglt
1430 2288 1581 2361 (cap.
1637 2290 1721 2361 13,
1772 2307 1828 2362 p.
1886 2292 2007 2361 178,

358 2380 503 2450 179).
536 2376 899 2449 Capitolinus
930 2378 1089 2448 (Vita
1121 2375 1200 2431 Cl.
1250 2375 1465 2445 Albim,
1514 2394 1565 2435 c.
1614 2379 1699 2449 12,
1752 2396 1810 2451 p.
1856 2381 2007 2453 217),

363 2469 500 2525 huic
530 2473 588 2525 et
619 2467 983 2523 Herodianus
1016 2467 1353 2538 (Historiar.
1403 2467 1503 2523 lib.
1554 2485 1640 2537 III,
1685 2473 1741 2524 et
1777 2487 1899 2538 VIII,
1951 2488 2008 2544 p.

370 2558 495 2627 147,
526 2558 615 2614 ed.
654 2556 933 2627 Boecleri),
977 2556 1145 2628 jungi
1204 2560 1415 2629 potest.
1464 2557 1685 2630 Ecquid
1729 2576 1861 2616 vero
1901 2564 2012 2629 est,

368 2648 522 2721 quod
582 2645 939 2703 luculentius
982 2646 1401 2703 Tertullianum
1468 2648 1770 2721 explicet?
1814 2653 2013 2724 Neque

367 2739 475 2795 hoc
532 2736 778 2793 dubium
828 2753 896 2792 ex
935 2736 1117 2792 altera
1164 2742 1324 2808 parte
1364 2737 1665 2805 Albinum,
1712 2740 1867 2811 quod
1919 2740 2014 2797 hic

366 2826 794 2892 subindicatur,
829 2826 1035 2880 eadem
1071 2825 1292 2881 saevitia
1323 2843 1497 2882 usum
1529 2827 1729 2899 fuisse,
1770 2846 2013 2902 praeser-

363 2916 469 2972 tim
499 2918 881 2987 posteaquam
914 2931 947 2969 a
976 2914 1182 2971 Severo
1230 2914 1497 2982 insidias,
1555 2934 1701 2988 quas
1747 2918 2014 2990 Capitoli-

367 3022 479 3060 nus
524 3005 683 3074 (Vita
730 3003 942 3071 Albini,
992 3020 1119 3075 cap.
1167 3004 1223 3069 7,
1268 3004 1324 3073 8,
1382 3022 1441 3076 p.
1489 3005 1591 3059 211
1645 3007 1703 3073 f.)
1756 3008 2011 3078 exponit,

367 3094 481 3149 sibi
511 3093 659 3148 strui
691 3097 975 3148 senserat.
1014 3092 1116 3148 Cui
1148 3091 1257 3148 hoc
1298 3094 1644 3165 expendenti
1680 3112 1853 3168 grave
1897 3114 2013 3154 non

368 3182 610 3249 accidat,
643 3181 692 3238 si
724 3182 859 3253 quis
892 3181 1278 3238 nihilominus
1338 3199 1450 3239 non
1505 3191 1637 3239 ante
1688 3202 1824 3241 ann.
1875 3188 2015 3244 CCII

366 3276 600 3327 vexatos
631 3272 740 3327 sub
790 3272 998 3327 Severo
1044 3271 1407 3328 Christianos
1454 3272 1638 3329 fuisse
1696 3281 2011 3332 asseverat.

367 3370 683 3426 Tumultus
724 3369 938 3441 Albini,
976 3374 1039 3425 ut
1069 3387 1201 3426 mox
1231 3372 1470 3441 docebo,
1498 3371 1556 3426 in
1618 3389 1755 3429 ann.
1804 3374 2011 3430 CXCVI

370 3459 594 3525 incidit,
629 3459 823 3515 clades
857 3459 917 3515 in
948 3477 1088 3514 ann.
1142 3458 1397 3515 CXCVII.
1452 3461 1691 3518 Perinde
1737 3467 1826 3519 est
1876 3481 2016 3520 num

371 3549 442 3603 de
488 3548 593 3604 hoc
643 3554 746 3603 aut
793 3548 893 3603 illo
936 3565 1088 3604 anno
1138 3548 1302 3604 locus
1345 3549 1726 3622 intelligatur.
1779 3555 2021 3625 Semper

371 3636 549 3705 enim,
584 3636 755 3709 longe
778 3641 1091 3707 antequam
1124 3638 1357 3693 decreta
1385 3640 1578 3694 Severi
1622 3658 2017 3712 proponeren-

372 3732 484 3791 tur,
519 3725 778 3781 illustres
812 3725 1277 3782 Christianorum
1309 3729 1418 3783 sub
1440 3728 1687 3801 imperio
1710 3732 1839 3802 ejus
1861 3748 2020 3787 mar-

371 3819 527 3886 tyres
584 3815 897 3884 exstitisse,
957 3816 1245 3888 probabit.
1300 3817 1623 3889 Scorpiacus
1678 3820 2020 3877 Tertulliani

373 3903 485 3958 alia
517 3904 785 3976 quaedam
818 3904 964 3959 mihi
998 3905 1373 3977 suppeditare
1423 3913 1639 3979 posset.
1682 3910 1787 3964 Sed
1837 3910 2019 3966 alium

372 4009 527 4048 nunc
567 3998 774 4049 testem
801 3992 1081 4065 appellari
1105 3994 1337 4050 animus
1359 4000 1467 4064 est,
1500 3995 1857 4053 Clementem
1892 4000 2020 4055 Aleo

372 4082 748 4137 xandrinum.
783 4081 1072 4139 Stromata
1103 4083 1259 4139 hunc
1290 4101 1418 4153 sua,
1452 4100 1578 4156 quae
1611 4085 1784 4143 hodie
1828 4089 2020 4144 adhuc

371 4170 670 4244 leguntur,
704 4177 913 4228 Severo
945 4178 1223 4245 regnante
1268 4176 1693 4247 composuisse,
1734 4177 2019 4235 Eusebius

375 4261 514 4317 olim
548 4261 803 4334 prodidit
835 4264 997 4331 (Hist.
1032 4263 1235 4320 Eccles.
1265 4263 1367 4319 lib.
1401 4282 1476 4331 νι,
1511 4282 1639 4337 cap.
1670 4267 1725 4321 6.
1771 4284 1828 4339 p.
1870 4268 2018 4335 208).

378 4351 603 4407 Priores
652 4352 957 4423 speciatim
1012 4351 1147 4407 libri
1194 4352 1366 4425 paulo
1423 4360 1555 4425 post
1606 4355 1837 4426 imperii
1893 4358 2023 4428 ejus

377 4440 636 4507 initium,
667 4443 985 4498 Commodo
1014 4442 1169 4497 haud
1202 4444 1283 4498 ita
1314 4445 1536 4515 pridem
1557 4446 2020 4515 exstincto,con-

376 4529 589 4602 signati
622 4530 911 4587 videnlur.
950 4532 1137 4588 Primo
1158 4534 1314 4588 enim
1349 4533 1516 4600 libro,
1550 4551 1666 4607 quo
1689 4539 2021 4608 temporum

376 4619 1178 4692 instituitcomputationem,
1211 4622 1365 4678 ultra
1421 4623 1723 4680 Commodi
1775 4632 2021 4683 mortem

377 4725 492 4764 non
532 4711 924 4781 progreditur.
961 4710 1099 4764 Ἀπὸ
1159 4706 1217 4763 δὲ
1242 4714 1340 4764 τοῦ
1395 4710 1617 4787 πρώτου
1674 4712 1881 4789 ἀγῶνος
1936 4712 2023 4770 ἐπὶ
2057 4712 2102 4778 D

373 4795 472 4865 τήν
556 4794 811 4871 Κομόδου
869 4795 1152 4870 τελευτὴν,
1210 4798 1302 4869 ἔτη
1366 4799 1551 4855 ἑκατὸν
1612 4798 1817 4856 ὲνδέκα’
1875 4828 1902 4855 ‹‹
1970 4809 2020 4860 Α

376 4887 564 4959 primo
597 4894 793 4944 autem
837 4890 1161 4946 certamine
1211 4907 1400 4963 usque
1444 4892 1516 4947 ad
1562 4896 1810 4949 mortem
1850 4894 2019 4951 Com-

378 4977 533 5031 modi
567 4978 701 5032 anni
734 4984 967 5035 centum
1003 4980 1295 5035 undecim.
1334 5002 1360 5029 »
1410 4982 1767 5051 (Stromatum
1814 4982 1916 5039 lib.
1979 5001 2020 5053 ι,

378 5066 583 5136 ρ.402,
634 5068 723 5123 ed.
788 5068 1046 5140 Potteri).
1103 5069 1201 5125 llic
1258 5070 1510 5139 desinit;
1565 5071 1877 5128 manifesto
1937 5074 2025 5131 in-

378 5156 546 5224 dicio,
582 5173 696 5212 non
732 5158 915 5213 multo
948 5164 1079 5215 ante
1112 5176 1289 5231 quam
1350 5159 1472 5215 haec
1528 5163 1826 5232 scriberet,
1887 5163 2023 5221 fatis

381 5246 727 5302 occubuisse
758 5250 1163 5305 Commodum.
1197 5249 1336 5304 Mihi
1381 5249 1619 5321 quidem
1644 5252 1790 5307 satis
1807 5257 1895 5308 est
1916 5253 2024 5310 hoc

384 5334 526 5402 loco,
558 5336 951 5392 indubitatum
984 5354 1133 5405 esse,
1168 5343 1451 5395 anteann.
1472 5339 1609 5395 CCII
1631 5339 1753 5395 haac
1773 5341 2026 5400 edidisse

379 5430 754 5489 Clementem.
789 5435 989 5490 Auctis
1020 5452 1123 5507 per
1151 5436 1381 5493 decreta
1400 5436 1772 5509 imperatoris
1792 5439 2027 5496 Alexan-

380 5521 685 5578 drinorum
720 5523 912 5595 malis,
945 5525 1249 5581 exsulabat
1286 5526 1373 5582 vir
1409 5526 1700 5599 egregius,
1727 5544 1793 5583 ac
1834 5530 1893 5585 in
1924 5530 2027 5585 Pa-

382 5609 609 5667 laestina
647 5614 928 5685 Syriaque
988 5615 1361 5687 potissimum
1419 5617 1808 5686 versabatur;
1870 5623 2026 5692 quod

382 5704 513 5771 post
549 5701 966 5775 Hieronymum
1000 5705 1209 5776 (Catal.
1241 5705 1446 5779 Script.
1498 5707 1639 5761 Eccl.
1684 5723 1814 5779 cap.
1847 5710 1936 5776 38,
1968 5728 2026 5783 p.

384 5806 469 5863 ιιι,
531 5790 625 5847 ed.
650 5792 897 5848 Fabricii
930 5794 1079 5852 545
1117 5795 1256 5869 rec.)
1285 5812 1353 5852 ex
1392 5796 1643 5853 Eusebio
1674 5796 1846 5867 (Hist.
1878 5801 2025 5858 Eccl.

2114 2088 2428 2167 ὀφθαλμοῖς
2504 2091 2665 2162 ἡμῶν
2744 2089 3170 2165 θεωρούμενοι,
3256 2088 3702 2164 παροπτωμὲνων
3736 2136 3753 2161 ,

2116 2179 2684 2252 ἀνασκινυΛευομὲνων
2748 2226 2764 2253 ,
2815 2179 2910 2242 τὰς
2966 2178 3207 2258 κεφαλὰς
3264 2178 3612 2256 ἀποτεμνομὲ
3650 2200 3755 2236 νων

2115 2268 2477 2340 (Stromatum
2541 2269 2645 2333 lib,
2706 2287 2769 2339 ιι,
2829 2288 2885 2342 p.
2959 2272 3142 2343 494):
3202 2293 3232 2322 α
3295 2272 3476 2328 Nobis
3558 2276 3757 2329 autem

2118 2363 2259 2414 sunt
2281 2359 2541 2431 quotidie
2584 2359 2981 2415 redundantes
3027 2365 3350 2433 martyrum
3400 2362 3609 2428 fontes,
3655 2361 3759 2434 qui

2122 2447 2340 2504 nostris
2369 2452 2711 2521 spectantur
2738 2448 2946 2519 oculis,
2977 2449 3078 2521 qui
3115 2454 3426 2519 torrentur,
3478 2455 3760 2524 torquen-

2120 2541 2220 2593 tur
2248 2542 2305 2594 et
2331 2539 2523 2610 capite
2552 2543 2922 2594 truncantur.
2960 2560 2988 2589 υ
3015 2541 3426 2612 Respondeant
3462 2540 3578 2612 hic,
3631 2541 3763 2613 qui-

2122 2626 2233 2682 bus
2265 2626 2542 2685 Dodwelli
2572 2632 2861 2700 praecepta
2888 2628 3053 2701 sequi
3085 2627 3409 2701 gloriosum
3430 2629 3761 2702 ducitur,ac

2123 2720 2259 2772 ante
2289 2717 2488 2773 omnia
2516 2717 2706 2773 virum
2738 2734 2872 2773 cum
2921 2734 2984 2774 se
3039 2718 3168 2791 ipso
3218 2718 3530 2776 concilient
3584 2719 3764 2788 Fatis,

2124 2806 2279 2878 quod
2313 2806 2478 2880 pueri
2512 2812 2745 2877 norunt,
2779 2823 2846 2864 ea
2877 2812 3065 2876 nocte,
3100 2824 3228 2880 quis
3260 2825 3445 2866 annos
3474 2808 3658 2865 CXCII
3711 2812 3769 2865 et

2122 2894 2339 2950 CXCIII
2413 2898 2777 2969 sejungebat,
2837 2898 3123 2954 satisfecit
3176 2898 3552 2955 Commodus.
3616 2898 3769 2953 Scri-

2123 2987 2306 3056 pserit
2331 2986 2599 3043 Clemens
2627 2987 2883 3058 primum
2915 3003 3089 3043 suum
3141 2986 3358 3044 librum
3399 2987 3587 3044 tribus
3636 2990 3770 3060 post

2124 3077 2373 3129 mortem
2431 3074 2559 3146 ejus
2611 3075 2803 3144 annis,
2862 3093 3000 3132 ann.
3059 3075 3266 3133 CXCV.
3324 3075 3771 3133 Intercesserint

2124 3162 2359 3230 iterum,
2391 3163 2448 3219 id
2470 3165 2622 3235 quod
2656 3168 2854 3220 tamen
2894 3165 3052 3221 haud
3108 3165 3427 3223 verisimile
3482 3170 3591 3232 est,
3650 3165 3768 3221 duo

2123 3269 2302 3325 prope
2332 3253 2470 3308 anni
2504 3253 2654 3309 inter
2683 3254 2941 3326 primum
2972 3258 3031 3310 et
3060 3255 3386 3312 secundum
3434 3254 3776 3312 Stromatum

2045 3329 2087 3396 C
2124 3341 2420 3399 volumen.
2452 3342 2869 3412 Nihilominus,
2895 3345 3021 3415 jam
3045 3361 3182 3402 ann.
3205 3345 3446 3402 CXCVII
3470 3345 3779 3418 pulchram

2127 3433 2493 3489 Alexandria:
2521 3450 2723 3490 eorum
2755 3434 3053 3491 cohortem
3084 3434 3477 3505 inveniemus,
3509 3453 3635 3509 quaa
3665 3434 3776 3493 hoc

2127 3525 2489 3594 inspectante
2516 3527 2817 3579 cruentam
2850 3540 2953 3596 pro
2985 3526 3286 3581 Servatore
3308 3530 3555 3582 mortem
3604 3543 3780 3599 oppe-

2127 3612 2345 3668 tierint.
2377 3612 2480 3668 Hic
2510 3629 2641 3669 vero
2676 3630 2921 3670 acumen
2954 3614 3188 3671 Baronii
3222 3614 3422 3671 mirari
3452 3615 3642 3684 liceat,
3675 3616 3779 3689 qui

2128 3704 2200 3759 ob
2232 3703 2354 3759 haec
2385 3702 2698 3759 Clementis
2727 3705 2902 3760 verba
2926 3703 3106 3761 libros
3136 3707 3265 3776 ejus
3296 3711 3426 3778 post
3484 3707 3777 3763 decimum

2128 3791 2322 3850 Severi
2353 3809 2575 3848 annum
2607 3792 2973 3866 conscriptos
3004 3793 3185 3851 fuisse
3216 3799 3508 3851 asseverat
3536 3813 3550 3852 :
3584 3818 3612 3846 (ι
3663 3799 3780 3851 Cae-

2128 3886 2347 3949 terunt,
2379 3880 2571 3954 inquit
2626 3881 2863 3953 (Annal.
2922 3888 3065 3939 tom.
3123 3885 3192 3955 II,
3251 3884 3321 3941 ad
3366 3902 3501 3941 ann.
3556 3885 3770 3955 CXCVI,

2127 3990 2191 4029 ιι.
2224 3972 2383 4038 XXII,
2416 3988 2473 4044 p.
2499 3972 2626 4040 278,
2658 3972 2811 4044 279),
2841 3990 2976 4030 cum
3009 3977 3237 4030 constet
3289 3975 3348 4029 in
3414 3974 3560 4046 ipsis
3618 3974 3782 4030 Stro-

2128 4064 2356 4119 matum
2386 4059 2554 4117 libris
2580 4061 2651 4117 de
2684 4060 3152 4120 Christianorum
3182 4062 3585 4136 persecutione
3638 4066 3782 4118 tunc

2127 4151 2361 4224 vigente
2409 4150 2767 4207 mentionem
2824 4151 2970 4221 fieri,
3048 4153 3341 4209 affirmare
3398 4166 3638 4209 necesse
3693 4153 3785 4208 est

2130 4242 2327 4315 ipsum
2359 4245 2491 4312 post
2520 4257 2739 4297 annum
2787 4241 3083 4298 decimum
3128 4243 3325 4298 Severi
3383 4242 3714 4315 scripsisse.
3748 4262 3780 4293 ››

2132 4332 2448 4404 Indignum
2482 4332 2785 4387 Annalium
2813 4333 3096 4405 scriptore
3119 4334 3414 4406 judicium
3440 4333 3452 4389 ι
3478 4332 3780 4390 Oblivisci-

2131 4426 2227 4477 tur
2255 4421 2341 4475 vir
2370 4420 2813 4477 illustrissimus
2843 4438 3069 4491 eorum,
3114 4440 3242 4494 quae
3300 4440 3435 4481 mox
3492 4424 3618 4495 ipse
3676 4423 3780 4480 de-

2131 4510 2407 4566 fensurus
2438 4512 2581 4579 erat,
2607 4509 2734 4581 jam
2765 4528 2903 4567 ann.
2938 4512 3221 4569 CXCVIII.
3270 4513 3571 4570 Plautiano
3618 4511 3787 4569 insti-

2134 4603 2328 4673 gante,
2361 4598 2707 4657 Christianis
2738 4601 2990 4671 injurias
3022 4603 3205 4659 fuisse
3235 4602 3454 4675 illatas,
3511 4619 3627 4676 quo
3686 4619 3784 4659 no-

2136 4690 2293 4745 mine
2354 4687 2647 4759 duplicem
2705 4689 3023 4746 committit
3078 4708 3357 4749 errorem.
3414 4692 3786 4749 Recentiores

2135 4778 2272 4834 facit
2301 4776 2843 4834 etChristianorum
2898 4780 3190 4851 miserias,
3252 4799 3433 4855 quam
3488 4782 3614 4855 ipse
3672 4798 3779 4854 pu-

2127 4868 2309 4933 tabat,
2333 4872 2390 4923 et
2414 4866 2731 4924 Clementis
2762 4867 2966 4941 libros,
3000 4888 3178 4943 quam
3239 4890 3435 4929 rerum
3497 4869 3785 4944 permittit

2131 4956 2411 5014 conditio.

2202 5084 2230 5151 §
2258 5082 2351 5138 VI.
2385 5113 2453 5123 —-
2482 5081 2687 5138 Nescio
2714 5099 2785 5139 an
2818 5083 2911 5140 his
2943 5086 3078 5141 addi
3129 5092 3443 5159 mereatur,
3495 5087 3576 5143 ita
3633 5085 3784 5143 anti-

2135 5174 2339 5246 quitus
2359 5173 2485 5244 jam
2521 5173 2697 5227 fuisse
2728 5174 3037 5243 creditum,
3071 5178 3296 5234 dudum
3329 5184 3462 5234 ante
3486 5194 3621 5233 ann.
3648 5175 3784 5231 CCII

2132 5262 2492 5321 Christianos
2524 5262 2631 5317 sub
2662 5266 2868 5319 Severo
2900 5265 3220 5338 exagitatos
3256 5268 3438 5324 fuisse
3459 5266 3487 5322 *ἲ
3517 5265 3624 5331 Qui
3657 5282 3784 5321 ma-

2127 5352 2757 5426 jorumtraditiouibus
2774 5369 2885 5408 non
2902 5371 3135 5412 omnem
3152 5358 3399 5413 demunt
3414 5357 3610 5423 fidem,
3630 5354 3782 5411 hanc

2137 5461 2252 5500 non
2284 5442 2521 5514 penitus
2553 5441 3021 5499 observationem
3050 5451 3349 5517 spernant.
3382 5444 3633 5502 Paulum
3672 5444 3781 5517 igi-

2136 5539 2233 5590 tur
2262 5532 2551 5592 Orosium,
2591 5529 2783 5603 quinti
2810 5532 3397 5608 saeculiscriptorem,
3434 5535 3779 5608 producam,

2138 5623 2263 5696 qui,
2294 5627 2608 5692 antequam
2642 5618 2889 5677 Albinus
2921 5640 3013 5679 res
3045 5641 3225 5682 novos
3258 5625 3583 5695 moliretur,
3642 5640 3781 5681 ann.

2139 5710 2453 5768 minimum
2504 5710 2711 5766 CXCVI
2768 5727 3004 5783 gravem
3091 5715 3363 5772 Severum
3435 5714 3785 5771 Christianis

2142 5801 2321 5859 fuisse
2354 5800 2535 5857 tradit
2565 5800 2878 5871 (Historiar.
2914 5801 3016 5859 lib.
3048 5821 3149 5875 vn,
3182 5824 3232 5866 c.
3269 5808 3355 5876 17,
3388 5824 3446 5880 p.
3476 5806 3605 5879 542,
3656 5804 3782 5862 Μο-
