4264 6360
542 433 662 496 615

1062 431 1586 498 'I‘l'lftTULLIANl
1633 429 1954 497 OPERUM
2001 432 2200 496 PARS
2243 435 2291 496 I.
2324 467 2401 478 -——
2431 430 2706 496 SERlES
2752 435 2797 510 Ι,
2844 433 3405 498 APOLOGETICA.

3819 435 3938 495 615

542 573 714 642 gunt.
759 570 914 638 1615,
948 569 1007 624 in
1037 569 1116 640 8.)
1142 569 1332 624 Verba
1362 567 1482 623 haec
1503 572 1804 639 sunt,qua:
1827 567 2185 640 Freculphus
2301 569 2621 639 contendit,
2653 583 2719 622 eo
2742 567 2894 637 quod
2937 567 3066 621 latae
3127 567 3199 622 ab
3257 569 3611 641 imperatore
3662 570 3817 641 leges
3869 571 3939 625 ad

547 657 915 714 Lexoviensis
947 656 1363 728 (Chrom’corum
1393 661 1535 712 tom.
1568 660 1638 722 II,
1673 655 1775 710 lib.
1809 673 1871 726 ιι,
1901 672 1950 710 c.
1988 656 2078 724 24,
2124 673 2181 728 ρ.

544 748 671 818 488,
696 747 790 802 ed.
821 745 1033 802 Genev.
1070 746 1227 810 1597,
1259 745 1317 799 in
1351 745 1426 816 8),
1459 743 1655 800 saeculi
1695 745 1848 800 546
1908 745 2044 800 noni
2094 744 2182 800 hi-

543 837 814 904 storicus,
849 834 1012 890 nulla
1041 835 1246 890 vocula
1275 840 1521 905 mutata,
1565 834 1830 906 repetiit:
1883 857 1909 883 «
1969 834 2184 897 Quinta

545 931 676 998 post
705 925 989 980 Neronem
1021 924 1422 997 persecutione
1479 921 1839 978 Christianos
1894 921 2183 978 excrucia-

540 1013 652 1070 vit:
689 1012 1044 1086 plurimique
1075 1017 1415 1068 sanctorum
1444 1027 1544 1082 per
1567 1011 1829 1066 diversas
1853 1010 2182 1082 provincias

542 1103 818 1173 martyrio
849 1101 1109 1158 coronati
1127 1108 1286 1156 sunt.
1308 1100 1466 1156 Hanc
1487 1101 1787 1172 profanam
1815 1100 1872 1154 in
1897 1098 2181 1155 Christia-

538 1207 644 1247 nos
674 1194 732 1248 et
761 1189 1078 1245 Ecclesiam
1111 1189 1210 1245 Dei
1245 1189 1762 1262 pmsumptionem
1795 1188 2008 1255 Severi,
2066 1204 2179 1243 cce-

537 1279 700 1336 lestis
732 1278 874 1334 ultio
906 1296 936 1335 e
958 1279 1198 1350 vestigio
1221 1282 1350 1334 acta
1380 1277 1782 1349 subsequitur.
1815 1277 1960 1332 Nam
1993 1276 2181 1332 conti-

539 1382 656 1421 nuo
688 1365 932 1438 rapitur,
965 1364 1050 1420 vel
1080 1366 1273 1436 potius
1322 1363 1638 1420 retrahitur
1667 1364 1725 1418 in
1785 1363 2031 1420 Galliam
2089 1370 2185 1420 Se-

535 1471 708 1510 verus
737 1471 767 1510 e
795 1453 959 1526 Syria
989 1454 1058 1509 ad
1093 1455 1332 1508 tertium
1365 1453 1529 1508 civile
1555 1453 1793 1508 bellum.
1829 1453 2018 1508 Unum
2054 1455 2179 1524 jam

537 1543 690 1599 enim
724 1549 921 1599 Romae
971 1543 1249 1598 adversus
1305 1542 1632 1611 Julianum,
1692 1541 1850 1597 aliud
1910 1542 1968 1597 in
2020 1544 2183 1614 Syria

537 1639 740 1689 contra
771 1630 1150 1687 Pescennium
1183 1635 1483 1703 gesserat:
1517 1630 1753 1686 tertium
1789 1630 2028 1687 Clodius
2088 1631 2182 1686 Al-

535 1721 710 1778 binus
738 1720 957 1776 Juliani
997 1719 1056 1775 in
1087 1720 1404 1776 occidendo
1433 1720 1792 1776 Pertinacem
1826 1720 2047 1790 socius,
2079 1721 2179 1792 qui

535 1824 599 1866 se
629 1809 688 1864 in
720 1808 912 1865 Gallia
938 1807 1228 1865 Caesarem
1264 1808 1493 1876 fecerat,
1527 1808 1871 1864 suscitabat.
1909 1831 1937 1857 »
1959 1808 2179 1865 Idcirco

536 1897 767 1954 Numen
795 1898 1075 1968 voluisse,
1103 1901 1166 1952 ut
1193 1897 1692 1969 quietemimperii
1714 1897 1963 1953 Albinus
1983 1899 2179 1955 turba-

537 1989 646 2056 ret,
679 1986 782 2057 ait,
813 1987 965 2058 quod
998 1985 1056 2040 in
1082 1985 1444 2042 Christianos
1473 1990 1716 2042 Severus
1768 1986 1974 2041 fuisset
2024 1987 2178 2058 inju-

538 2075 684 2131 rius.
718 2075 1001 2147 Equidem
1034 2092 1148 2131 non
1183 2075 1231 2130 is
1272 2091 1429 2144 sum,
1474 2075 1573 2146 qui
1632 2075 1902 2131 Orosium
1946 2091 2182 2131 summa

538 2165 652 2220 ﬁde
681 2164 1026 2235 scriptorem
1057 2180 1187 2219 esse
1213 2169 1436 2236 putem,
1469 2168 1668 2236 Neque
1725 2165 1903 2220 etiam
1959 2165 2178 2236 omnia,

537 2269 666 2325 qua
696 2253 792 2308 hic
823 2258 1042 2322 narrat,
1078 2269 1208 2309 mea
1239 2253 1408 2308 facio.
1470 2254 1699 2309 Testem
1757 2255 1886 2324 ejus
1950 2258 2178 2310 tantum

535 2358 664 2398 esse
694 2342 886 2414 cupio,
922 2341 1074 2413 quod
1108 2359 1214 2397 suo
1247 2347 1505 2413 tempore
1535 2342 1749 2414 opinio,
1785 2357 1958 2414 quam
1992 2347 2178 2408 tueor,

538 2431 929 2488 communiter
959 2435 1188 2504 recepta
1228 2431 1419 2486 fuerit.
1451 2431 1506 2485 Si
1543 2448 1657 2502 qua
1691 2433 1834 2488 fides
1892 2431 2176 2486 narratio-

538 2520 711 2576 nibus
733 2537 880 2592 quas
911 2537 939 2574 a
973 2519 1295 2591 majoribus
1326 2520 1572 2575 traditas
1629 2521 1982 2592 accepimus,
2044 2519 2179 2575 huic

538 2608 734 2675 etiam,
783 2607 924 2680 quin
957 2608 1154 2680 aliqua
1185 2624 1311 2664 esse
1343 2609 1571 2674 debeat,
1617 2609 1814 2663 nullus
1862 2609 2173 2663 dubitabit.

543 2697 902 2768 Abjecissem
965 2697 1233 2768 protinus
1291 2697 1586 2752 hominem
1648 2699 1815 2768 cujus
1870 2698 2180 2757 manifesta

542 2785 717 2841 nimis
749 2785 956 2841 fuisset
995 2784 1330 2856 supersitio,
1359 2785 1408 2840 si
1448 2785 1712 2840 omnium
1762 2786 2000 2841 omnino
2047 2784 2175 2841 bel-

536 2874 750 2943 lorum,
773 2874 946 2929 etiam
979 2890 1106 2929 cum
1138 2874 1372 2929 Juliano
1402 2878 1458 2929 et
1487 2873 1659 2947 Nigro
1689 2879 2005 2947 gestorum,
2039 2891 2177 2930 cau-

538 2980 665 3020 sam
696 2963 1060 3018 saevitiamin
1123 2962 1489 3019 Christianos
1542 2963 1806 3020 dixisset.
1866 2963 1996 3019 Jam
2059 2981 2174 3020 non

535 3066 776 3122 prorsus
808 3051 1091 3123 despicio,
1125 3050 1403 3122 quoniam
1423 3049 1750 3122 religiosius
1772 3051 2051 3121 instituit,
2072 3067 2175 3107 nec

535 3141 606 3196 de
639 3139 949 3213 suppliciis
983 3139 1225 3194 fratrum
1258 3156 1491 3212 semper
1523 3139 1794 3208 somniat,
1829 3156 1962 3194 cum
2023 3138 2174 3196 bello

535 3229 733 3285 orbem
767 3235 1052 3284 terrarum
1085 3229 1360 3301 ﬂagrasse
1389 3228 1683 3302 intelligit.

2294 675 2496 714 omnes
2529 675 2642 714 non
2671 656 3088 730 pervenissent.
3121 658 3176 710 Si
3219 657 3358 728 quid
3382 658 3565 725 video,
3599 659 3814 714 certius
3867 658 3942 713 ab

2294 747 2402 802 hac
2433 748 2766 804 detorsione
2795 745 3222 801 Tertullianum
3269 747 3578 803 vindicavi.
3642 753 3765 803 Duo
3827 746 3945 802 alia

2292 835 2570 906 deinceps
2602 834 2941 891 testimonia
2970 834 3158 899 attuli,
3195 852 3342 906 quae,
3377 837 3424 890 si
3453 836 3672 904 omnia,
3698 837 3754 892 id
3781 836 3938 907 quod

2292 924 2617 996 ﬁoriplane
2651 925 2870 995 nequit,
2928 924 3076 980 547
3146 924 3480 995 Apologetici
3524 926 3652 981 loca
3700 930 3941 998 possent

2292 1014 2450 1084 elidi,
2485 1013 2871 1070 nihilominus
2906 1019 3038 1069 ante
3069 1013 3257 1080 illum,
3298 1031 3473 1086 quem
3507 1014 3795 1086 designat,
3831 1028 3937 1071 an‘

2293 1120 2433 1158 num
2465 1103 2823 1159 Christianos
2853 1104 3212 1160 excruciatos
3244 1105 3424 1161 fuisse
3453 1105 3745 1160 docerent.
3804 1104 3936 1159 Ina-

2292 1193 2384 1248 nis
2411 1198 2499 1248 est
2523 1193 2802 1264 suspicio,
2827 1192 2920 1249 cui
2957 1191 3168 1248 militat
3202 1194 3288 1249 vir
3334 1195 3560 1250 doctus.
3599 1191 3803 1248 Valeat
3845 1197 3938 1249 ta-

2292 1297 2447 1351 men,
2481 1281 2530 1336 si
2561 1282 2662 1353 qui
2693 1281 2890 1337 velint.
2921 1281 3049 1337 Alia
3071 1282 3264 1338 adhuc
3283 1286 3618 1355 supersunt,
3642 1299 3769 1354 quas
3795 1280 3936 1338 huic

2293 1387 2406 1424 non
2441 1375 2642 1440 patent
2669 1370 2932 1426 artiﬁcio.
2972 1370 3072 1426 His
3104 1371 3364 1426 immotis
3395 1388 3462 1426 ea
3499 1387 3732 1442 quoque
3776 1373 3936 1442 jace-

2291 1458 2454 1529 bunt,
2489 1475 2618 1530 quae
2638 1459 2815 1527 idem,
2849 1464 2914 1514 ut
2944 1460 3014 1514 ad
3033 1477 3085 1515 a.
3111 1460 3241 1515 CCII
3262 1460 3525 1515 omnium
3549 1459 3932 1515 afﬂictionum

2289 1546 2523 1602 initium
2551 1549 2782 1617 referat,
2817 1549 2873 1603 in
2891 1549 3152 1604 medium
3173 1549 3419 1605 adduxit
3441 1549 3567 1620 (Ioc.
3592 1549 3685 1603 cit.
3707 1548 3735 1621 ἓ
3758 1549 3849 1617 41,
3873 1566 3933 1620 p.

2289 1636 2380 1707 68)
2406 1654 2419 1704 ;
2444 1637 2515 1691 ad
2547 1637 2662 1692 duo
2695 1637 2938 1692 redeunt
2969 1636 3070 1692 illa
3099 1637 3308 1710 capita.
3342 1637 3535 1693 Otium
3569 1637 3651 1693 ait
3679 1642 3736 1693 et
3767 1654 3934 1693 occa-

2291 1724 2516 1780 sionem
2549 1724 2906 1782 Christianos
2959 1726 3267 1782 invadendi
3321 1727 3596 1798 gentibus
3653 1727 3932 1783 defuisse.

2290 1821 2606 1892 Utriusque
2635 1822 2800 1879 facile
2817 1829 3058 1896 apparet
3078 1823 3532 1896 imbecillitas,si
3557 1841 3691 1880 cum
3710 1825 3780 1880 iis
3803 1841 3933 1896 qua

2289 1911 2498 1982 scripsi
2529 1913 2979 1968 contendantur.
3015 1913 3233 1968 Demus
3273 1918 3468 1970 tamen
3524 1915 3646 1970 viro
3698 1914 3931 1970 erudito

2289 1999 2565 2071 loquendi
2598 2001 2862 2057 veniam:
2903 2024 2928 2054 α
2958 2001 3071 2057 Nec
3103 2002 3288 2058 otium
3318 2008 3442 2059 erat
3469 2008 3662 2071 antea,
3712 2003 3927 2074 inquit,

2290 2091 2408 2144 sive
2440 2089 2552 2161 ipsi
2591 2089 2950 2159 imperatori,
2984 2090 3102 2145 cive
3136 2092 3566 2162 provinciarum
3619 2092 3928 2163 praefectis,

2291 2194 2395 2232 nec
2417 2177 2560 2249 ipsis
2587 2178 2821 2233 urbium
2856 2177 3130 2249 plebibus
3163 2180 3746 2252 magistratibusque,
3780 2197 3930 2252 quos

2289 2272 2523 2322 externa
2552 2267 2755 2322 saltem
2789 2267 2860 2322 ab
2892 2267 3160 2324 hostibus
3186 2285 3295 2340 pax
3317 2270 3376 2324 in
3399 2287 3527 2325 eam
3550 2269 3823 2326 szeviendi
3846 2269 3930 2326 la-

2289 2353 2526 2409 sciviam
2571 2352 2914 2426 plerumque
2965 2355 3265 2411 convertit.
3311 2377 3339 2406 ››
3391 2357 3492 2412 Vix
3537 2356 3742 2412 dubito
3786 2357 3928 2429 quin

2289 2443 2403 2498 alia
2423 2442 2784 2514 cogitaverit,
2817 2460 2952 2498 cum
3004 2444 3086 2499 sic
3125 2445 3418 2500 scriberet.
3471 2446 3654 2512 Quod,
3706 2464 3929 2517 quaeso,

2289 2539 2587 2595 vinculum
2635 2540 2843 2596 harum
2897 2543 3362 2613 pr0positionum
3408 2561 3421 2598 :
3473 2544 3630 2599 Bello
3679 2545 3929 2600 Romani

2287 2629 2522 2684 fuerunt
2542 2629 2849 2699 implicati,
2869 2635 2925 2685 et
2944 2647 2956 2686 :
2981 2631 3296 2687 Christiani
3316 2632 3456 2687 nihil
3479 2633 3764 2689 malorum
3789 2651 3927 2689 sen-

2288 2734 2414 2773 sere
2435 2717 2462 2773 ‘I
2491 2723 2608 2773 Aut
2639 2717 2781 2773 nihil
2812 2735 2917 2790 ego
2947 2719 3231 2792 intelligo,
3265 2725 3366 2776 aut
3406 2720 3653 2777 nullum.
3707 2723 3926 2779 Medios

2286 2806 2438 2862 inter
2490 2807 2732 2863 maximi
2765 2807 2900 2863 belli
2949 2807 3209 2880 fragores
3260 2809 3606 2866 Valerianus
3662 2810 3926 2867 inﬁnitas

2283 2895 2630 2951 Christianis
2653 2896 2950 2952 molestias
2971 2897 3300 2954 exhibebat.
3333 2898 3587 2954 Clariora
3606 2899 3728 2954 haec
3750 2905 3927 2956 erunt

2285 2985 2334 3042 si
2366 2985 2700 3040 distinctius
2731 2987 2859 3055 ejus
2897 2987 3175 3057 temporis
3233 2987 3386 3043 bella
3441 2988 3794 3045 intueamur.
3859 2990 3923 3045 In

2284 3074 2538 3131 Orientis
2571 3073 2904 3146 regionibus
2935 3080 2992 3130 et
3030 3075 3217 3132 Gallia
3264 3076 3486 3132 militias
3541 3079 3791 3134 vacabat
3852 3078 3923 3135 iis

2285 3165 2452 3219 annis
2479 3162 2812 3234 imperator.
2842 3163 3037 3219 Fuerit
3066 3163 3205 3234 illic,
3241 3166 3394 3236 quod
3439 3167 3723 3237 tantisper
3778 3176 3923 3224 con-

2284 3253 2507 3320 cedam,
2541 3251 2600 3306 in
2632 3251 2912 3307 diviniore
2939 3257 3091 3308 caatu
3125 3269 3268 3324 pax:
3305 3255 3458 3326 quod
3480 3271 3611 3311 vero
3642 3255 3777 3310 hinc
3801 3274 3928 3326 pro-

611 3353 786 3427 ἒνιι,
819 3384 888 3394 _
918 3356 1051 3420 Qum
1082 3354 1383 3426 hucusque
1411 3355 1686 3417 disserui,
1719 3359 1884 3409 tanta
1929 3353 2175 3425 praedita
2205 3308 2248 3375 α
2285 3308 2608 3396 vinciarum
2641 3339 2886 3395 aliarum
2922 3308 3229 3412 praefectis,
3259 3308 3414 3413 quod
3448 3308 3605 3414 plebi

537 3457 667 3501 esse
696 3445 944 3500 arbitror
972 3445 1358 3515 perspicuitat
1387 3460 1453 3499 ac
1507 3443 1816 3512 evidentia,
1878 3448 1938 3498 ut
1995 3443 2055 3498 in
2112 3458 2173 3498 se

534 3533 736 3606 ipsum
772 3533 1012 3604 iniquus
1071 3534 1302 3588 futurus
1324 3533 1421 3599 sit,
1445 3533 1545 3604 qui
1567 3533 1876 3587 contrariis
1900 3532 1956 3587 in
1978 3537 2170 3603 poste-

538 3638 667 3678 rum
705 3623 970 3694 partibus
1003 3638 1064 3677 se
1096 3622 1460 3692 adjungeret.
1494 3621 1551 3676 Si
1581 3637 1672 3677 res
1701 3621 1783 3677 ita
1830 3621 2168 3692 postularet,

532 3711 706 3782 longe
738 3711 904 3782 plura
935 3711 1258 3782 potuissem
1309 3712 1565 3782 proferre
1594 3728 1607 3778 ;
1645 3728 1793 3782 quis,
1824 3727 1955 3765 cum
2011 3710 2170 3765 nullo

533 3800 707 3856 modo
738 3799 979 3871 ﬂagitet,
1012 3799 1156 3854 mihi
1185 3799 1244 3853 in
1276 3799 1453 3854 alliud
1479 3806 1712 3870 tempus
1742 3815 1989 3855 reservo.
2036 3798 2170 3853 Om-

535 3889 634 3946 nia
665 3889 749 3943 sic
779 3889 1019 3955 cadunt,
1054 3905 1180 3958 qua:
1212 3905 1326 3943 non
1353 3889 1481 3943 sine
1512 3889 1726 3943 sudore
1777 3890 2022 3942 forsitan
2067 3903 2170 3959 pro

533 3977 862 4035 rationibus
884 3979 1008 4032 suis
1029 3977 1272 4033 celebris
1298 3977 1632 4034 Dodwellus
1657 3977 2016 4049 excogitavit.
2033 3978 2171 4032 Ter-

533 4067 846 4122 tullianum
876 4067 1066 4138 primo
1099 4066 1266 4121 nobis
1299 4066 1396 4122 ille
1426 4068 1650 4139 eripere
1679 4075 1944 4123 conatur.
2005 4065 2174 4122 Intel-

534 4155 672 4211 lexit
701 4156 858 4210 enim
890 4156 1302 4229 Apologeticum
1333 4158 1602 4212 Severum
1636 4172 1837 4212 eorum
1868 4155 2173 4211 excludere

534 4259 801 4310 numero,
834 4245 934 4316 qui
965 4244 1248 4301 violentas
1279 4245 1627 4302 Christianis
1671 4262 1882 4300 manus
1939 4243 2172 4300 intulis-

529 4338 694 4402 sent;
730 4339 786 4390 et
815 4334 888 4405 si,
922 4351 1049 4407 quae
1078 4352 1187 4392 nos
1235 4336 1632 4405 excussimus,
1692 4335 1947 4391 illustria
2005 4335 2173 4401 plane

530 4421 659 4479 loca
707 4441 778 4480 ne
795 4429 996 4496 tangat
1026 4425 1286 4495 quidem.
1331 4424 1478 4488 Quid
1509 4439 1645 4479 vero
1671 4424 1880 4478 exinde
1899 4439 2032 4479 eum
2057 4423 2173 4478 col-

529 4511 714 4584 ligere
743 4513 1041 4569 existimas
1063 4513 1091 4568 ?
1124 4513 1258 4569 Vide
1287 4522 1345 4569 et
1369 4513 1599 4569 mirare.
1631 4513 1870 4568 Decreta
1924 4513 2174 4583 impera-

529 4602 678 4657 toris
709 4607 834 4657 tum
867 4603 1104 4674 quidem
1133 4604 1253 4672 jam
1288 4607 1513 4674 rogata,
1545 4603 1646 4658 sed
1696 4602 1754 4657 in
1803 4618 1903 4658 eas
1955 4608 2171 4672 partes,

2282 3430 2702 3503 pedimentum,
2718 3445 2832 3499 quo
2848 3429 2964 3483 min
2977 3446 3044 3485 us
3056 3429 3415 3486 Christianos
3429 3431 3595 3502 injus
3609 3436 3924 3492 vocarent?

2281 3528 2426 3593 Quid
2461 3525 2674 3595 notius,
2707 3543 3010 3597 nunquam
3045 3529 3325 3597 majorem
3349 3529 3634 3585 scelerum
3662 3531 3922 3602 impuni-

2280 3622 2456 3671 tatem
2490 3630 2637 3682 esse,
2671 3631 2847 3683 quam
2882 3614 3049 3670 bellis
3081 3615 3280 3671 omnia
3308 3619 3673 3674 vastantibus
3701 3619 3728 3673 ?
3773 3621 3920 3683 Quid

2278 3705 2578 3774 vulgarius
2607 3705 2860 3774 denique
2885 3705 3143 3775 gentium
3177 3705 3278 3759 illa
3307 3709 3750 3775 consuetudine,
3794 3726 3920 3780 quas

2281 3794 2529 3860 majores
2562 3807 2863 3861 nunquam
2895 3791 3164 3846 miserias
3195 3791 3410 3847 Christi
3439 3795 3715 3850 creabant
3744 3797 3920 3852 disci-

2281 3880 2509 3952 cipulis,
2544 3895 2720 3950 quam
2753 3895 2888 3933 cum
2919 3879 3079 3934 orbis
3119 3880 3416 3936 Romanus
3447 3882 3615 3937 bellis
3672 3883 3919 3956 aliisque

2280 3971 2713 4027 calamitatibus
2735 3970 3131 4040 premeretur?
3143 3971 3360 4040 Rogati,
3385 3973 3526 4043 quid
3549 3990 3737 4031 causa
3764 3981 3919 4032 esset
3946 3973 3948 3975 ’
3971 3969 3974 3972 ’

2281 4059 2614 4130 sacriﬁculi,
2647 4075 2880 4114 omnem
2909 4058 2968 4114 in
3001 4058 3348 4117 Christianis
3389 4061 3643 4119 residere
3690 4064 3923 4137 culpam

2281 4149 2639 4206 confidenter
2657 4148 3020 4205 clamabant:
3043 4171 3070 4199 ‹‹
3094 4149 3482 4222 Negliguntur
3500 4151 3644 4224 dii»,
3660 4153 3808 4210 hanc
3829 4172 3921 4211 vo-

2283 4253 2406 4294 cem
2439 4253 2639 4293 eorum
2666 4237 2956 4294 Arnobius
2989 4237 3162 4294 refert
3191 4237 3315 4308 (lib.
3351 4257 3390 4306 ι,
3439 4241 3561 4296 adv.
3613 4244 3824 4312 Gentes,
3866 4261 3925 4317 p.

2285 4329 2372 4395 16,
2405 4327 2486 4382 ed.
2531 4326 2811 4398 Heraldi),
2853 4351 2879 4377 «
2933 4331 3106 4398 atque
3151 4326 3210 4382 in
3257 4330 3496 4401 templis
3541 4331 3666 4402 jam
3716 4335 3927 4390 raritas

2283 4434 2519 4474 summa
2548 4420 2637 4472 est
2661 4416 2892 4486 :jacent
2916 4416 3167 4488 antiquae
3200 4418 3420 4473 derisui
3454 4421 3816 4492 caarimoniw,
3872 4427 3929 4479 et

2283 4525 2584 4564 sacrorum
2619 4507 2913 4578 quondam
2946 4507 3219 4563 veterrini
3253 4507 3404 4564 ritus
3443 4509 3786 4581 religionum
3823 4529 3926 4569 no-

2284 4613 2485 4653 varum
2526 4595 3044 4667 superstitionibus
3075 4597 3436 4653 occiderunt.
3475 4621 3500 4648 »
3525 4599 3667 4656 Hinc
3692 4600 3800 4656 illa:
3842 4601 3929 4656 la-

537 4688 636 4743 ubi
666 4689 1064 4745 Tertullianus
1087 4691 1332 4759 degebat
1353 4690 1572 4762 perlata
1587 4707 1701 4746 non
1726 4691 2172 4762 fuisse(Disserl.
2207 4679 2252 4744 D
2283 4702 2491 4757 crymae
2519 4702 2533 4751 ;
2569 4684 2706 4739 hinc
2735 4683 2864 4738 novi
2897 4684 3060 4739 novis
3090 4685 3414 4742 orientibus
3442 4689 3630 4744 turbis
3680 4690 3924 4747 furores.

532 4777 794 4849 Cyprian.
827 4796 904 4846 χι,
939 4782 966 4847 §
997 4780 1084 4845 44,
1121 4798 1175 4850 ρ.
1224 4781 1334 4847 69).
1394 4782 1857 4852 Magnitudinem
1913 4780 2177 4836 videlicet
2285 4773 2409 4832 Non
2450 4777 2574 4828 erat
2603 4772 2820 4844 itaque,
2845 4789 2949 4827 cur
2979 4773 3127 4828 hanc
3177 4775 3461 4832 rationem
3510 4776 3736 4834 clariss.
3770 4780 3928 4834 Dod-

533 4865 905 4922 miseriarum
942 4868 1271 4924 diminuere
1327 4870 1605 4925 omnibus
1651 4869 1870 4925 viribus
1909 4876 2171 4925 conatur.

530 4954 823 5025 Frigidum
861 4973 991 5012 vero
1024 4958 1316 5013 somnium
1344 4960 1353 5013 l
1385 4960 1538 5031 quod
1565 4959 1831 5014 fortassis
1855 4975 1924 5014 ne
1947 4958 2020 5014 iis
2042 4958 2172 5030 qui-

529 5044 662 5099 dem
696 5044 997 5113 arridebit,
1031 5047 1130 5117 qui
1159 5048 1400 5102 Romani
1456 5047 1686 5119 imperii
1716 5053 1938 5104 statum
2004 5048 2173 5120 igno-

530 5138 683 5188 rant.
715 5136 788 5188 At
819 5152 933 5190 non
967 5137 1162 5190 minus
1192 5135 1251 5190 in
1283 5137 1643 5208 explodeuco
1674 5155 1738 5192 eo
1762 5137 2007 5208 frigidus
2034 5135 2172 5192 Rui-

529 5228 737 5278 nartus
757 5228 866 5289 est,
900 5225 1022 5296 qui,
1055 5224 1105 5279 si
1137 5241 1252 5296 quo
1307 5224 1454 5297 loco,
1507 5225 1602 5280 hic
1644 5230 1772 5281 tum
1808 5227 1960 5282 inter
2010 5226 2172 5281 nives

529 5310 784 5368 Gallicas
814 5320 1083 5370 versatus
1131 5315 1318 5371 fuisse
1375 5315 1607 5371 videtur
1663 5316 1855 5388 (Prwl.
1915 5317 1988 5370 ad
2044 5316 2174 5370 Acta

525 5399 708 5470 Mart.,
741 5408 885 5459 sect.
919 5420 980 5473 ιι,
1011 5402 1041 5477 §
1073 5405 1160 5471 44,
1194 5405 1283 5472 45,
1335 5422 1393 5477 p.
1443 5405 1513 5459 46
1567 5407 1652 5475 C).
1713 5405 1878 5460 Locis
1927 5404 2172 5475 quibus-

527 5490 662 5545 dam
696 5492 1077 5549 tumultuarie
1107 5493 1461 5550 coacervatis
1494 5493 1664 5565 longe
1703 5493 1933 5564 lateque
1976 5499 2172 5550 exten-

527 5593 654 5633 sam
690 5579 871 5636 fuisse
891 5583 1354 5653 persecutionem
1384 5583 1567 5638 docet.
1600 5581 1748 5645 Quid
1780 5599 1909 5637 vero
1949 5581 2057 5638 hoc
2100 5584 2170 5640 ad

530 5661 813 5722 Dodwelli
848 5670 1106 5742 argutias
1127 5671 1154 5725 ‘I
1184 5672 1285 5742 qui
1316 5688 1430 5727 non
1463 5671 1570 5726 hoc
1603 5670 1872 5742 negabat,
1905 5673 2006 5727 sed
2055 5689 2173 5730 non

527 5755 650 5810 tam
675 5751 964 5814 immanes
996 5759 1055 5815 in
1078 5759 1355 5816 omnibus
1400 5759 1714 5833 provinciis
1759 5759 1938 5818 fuisse
1993 5779 2172 5820 ausus

2283 4861 2442 4919 welli
2472 4861 2557 4916 vir
2586 4860 2805 4933 alioqui
2837 4861 3039 4932 paucis
3068 4862 3124 4916 in
3149 4863 3255 4918 hoc
3284 4880 3496 4936 genere
3520 4867 3926 4935 conferendus,

2282 4951 2410 5007 Seb.
2461 4949 2887 5018 Tillemontius,
2935 4949 3043 5005 sibi
3103 4955 3166 5005 ut
3214 4952 3494 5023 optimam
3549 4957 3924 5026 repetendam

2283 5057 2412 5096 esse
2443 5041 2681 5095 duceret
2712 5039 2970 5105 (Histoire
2996 5040 3092 5094 des
3119 5041 3337 5112 Emprr.
3375 5047 3515 5099 tom.
3553 5043 3649 5112 Ill,
3701 5051 3850 5116 part.
3887 5062 3928 5112 1,

2283 5147 2341 5201 p.
2377 5129 2496 5183 146.
2558 5127 2640 5183 ed.
2673 5126 2971 5199 Bruxell.).
3003 5130 3135 5194 Quae
3167 5128 3428 5200 quidem,
3473 5136 3704 5188 tantum
3759 5133 3926 5189 abest

2282 5222 2345 5272 ut
2375 5215 2594 5288 aliquid
2627 5214 2923 5287 probet,ut
2943 5215 3251 5270 contrariis
3283 5217 3480 5288 potius
3520 5219 3785 5290 partibus
3816 5219 3922 5275 ali-

2283 5306 2422 5378 quid
2456 5302 2656 5361 auxilii
2687 5303 2905 5359 afferat.
2941 5303 3053 5360 Sed
3082 5305 3288 5360 exilior
3334 5306 3523 5363 adhuc
3573 5308 3778 5379 altera,
3833 5326 3928 5364 oc-

2283 5395 2577 5450 casionem
2610 5391 2760 5448 male
2791 5392 3140 5450 Christianis
3172 5394 3420 5450 faciendi
3463 5413 3576 5453 non
3628 5397 3928 5454 abfuisse:

2282 5515 2310 5543 ‹‹
2343 5497 2458 5548 Nec
2479 5489 2818 5547 occurrebat
2847 5489 3053 5547 saltem
3082 5492 3310 5548 occasio
3340 5493 3556 5565 aliqua,
3590 5511 3718 5566 qua:
3747 5496 3931 5566 impe-

2281 5581 2493 5640 ratoris
2523 5580 2672 5635 iram
2704 5580 2763 5635 in
2794 5580 3160 5638 Christianos
3191 5583 3486 5653 excitaret,
3518 5599 3651 5638 cum
3687 5601 3793 5640 nec
3824 5584 3928 5640 Nl-

2280 5671 2534 5746 griniani
2565 5668 2925 5739 fuissentilli,
2961 5688 3064 5726 nec
3095 5671 3406 5740 Albiniani,
3443 5678 3507 5728 ut
3527 5671 3931 5728 Tertullianus

2283 5765 2383 5820 ait.
2417 5784 2446 5812 »
2478 5758 2685 5817 Verbis
2717 5758 2813 5815 hic
2871 5776 3067 5835 parco,
3117 5778 3182 5816 eo
3235 5763 3388 5833 quod
3443 5762 3932 5818 inconsideratius
