4264 6350
361 317 478 377 617
1081 314 1183 377 DE
1226 314 1510 377 ETATE
1551 311 2069 374 APOLOGE'I‘ICI
2117 313 2499 375 MOSHEMII
2544 313 3045 386 DISQUISITIO.
3652 313 3771 373 618

361 449 445 506 nil
477 448 591 505 dici
621 447 886 522 potuisse
919 448 1380 521 putem.Adcone
1409 462 1711 519 nunquam
1734 445 2008 502 Christia-
2043 450 2097 514 Α
2128 446 2294 502 derit.
2324 446 2402 502 De
2430 451 2599 502 aetate
2628 446 2761 503 libri
2794 446 2859 502 de
2888 446 3403 518 Prwscriptionibus
3460 444 3557 501 hic
3615 460 3774 501 com-

360 554 569 597 norum
602 538 777 594 rebus
810 536 1415 610 imperatoresinfestl
1464 540 1654 604 erant,
1716 535 1832 591 nisi
1884 551 2019 591 cum
2130 536 2430 590 mentandi
2483 534 2646 591 locus
2700 552 2814 592 non
2873 540 2981 590 est.
3033 534 3332 606 Adoptabo
3365 534 3586 590 interea
3615 534 3781 591 Cavei

359 627 543 700 aliqui
596 642 801 683 eorum
866 626 963 698 iis,
994 626 1095 698 qui
1127 625 1319 682 civilia
1347 625 1655 681 movebant
1684 623 1856 693 bella,
1891 641 2020 681 sese
2129 623 2352 697 (Hlstor.
2408 625 2647 681 titterar.
2696 626 2946 696 scriptor.
3005 624 3203 679 ecales.
3244 640 3316 695 .p.
3377 623 3465 694 43)
3498 622 3780 680 aliorum-

358 715 770 773 addixissent?
821 719 902 769 Ne
952 715 1118 787 pueri
1170 715 1407 787 quidem
1456 713 1514 768 id
1548 713 1784 769 ferrent.
1819 716 2016 783 Neque
2128 730 2241 786 que
2273 714 2649 785 sententiam,
2681 714 2837 770 circa
2867 712 3195 768 aun.CCVII
3227 711 3592 784 publicatum
3628 728 3777 771 esse.

360 824 493 863 vero
525 808 595 861 de
625 806 835 860 Severo
888 804 981 859 hic
1038 805 1413 875 potissimum
1473 803 1773 874 quaeritur,
1835 818 1905 857 an
1967 801 2016 857 is
2126 804 2632 867 Quemadmodum
2680 802 2905 858 clariss.
2969 802 3213 857 Allixius
3276 802 3499 873 probet,
3560 801 3777 859 librum

361 900 498 951 ante
557 911 610 950 a.
667 894 804 950 CCII
864 892 924 948 in
971 892 1330 949 Christianos
1364 892 1634 949 swvierit.
1668 895 2014 963 Quanquam
2126 893 2282 947 hunc
2316 893 2370 947 in
2405 892 2779 964 Apologetico
2807 891 3278 957 commemorari,
3312 894 3542 946 tantum
3576 892 3776 947 viden-

361 990 418 1040 et
450 984 584 1040 huic
619 988 677 1038 et
707 982 837 1038 aliis
871 982 1063 1054 ipsum
1095 982 1564 1038 Christianorum
1599 998 1807 1036 nomen
1859 979 2012 1037 548
2124 980 2264 1033 dum
2296 984 2404 1034 est.
2444 984 2648 1049 Locus,
2685 995 2857 1049 quem
2895 978 3182 1050 producit,
3218 977 3309 1031 hic
3343 983 3430 1033 est
3458 979 3773 1051 (cap.-’i7,p.

362 1070 689 1130 occasionis
718 1072 861 1127 satis
892 1074 1016 1125 erat
1049 1087 1061 1125 :
1095 1094 1122 1120 «
1158 1071 1292 1125 Ideo
1324 1075 1683 1141 torquemur,
1707 1076 1904 1124 noster
1933 1070 2015 1124 ait
2120 1068 2249 1138 5l9)
2284 1084 2295 1121 :
2334 1090 2358 1116 ι(
2422 1067 2701 1137 Expedite
2759 1071 2956 1121 autem
3001 1065 3432 1138 praescribimus
3491 1066 3778 1123 adulteris

361 1160 760 1218 Tcrtullianus
792 1159 1147 1231 (Apoloaetiri
1177 1176 1226 1214 c.
1257 1160 1312 1226 2,
1346 1176 1401 1231 p.
1436 1160 1548 1230 35),
1584 1160 1925 1214 confitentes
1956 1163 2013 1214 et
2124 1155 2343 1212 nostris
2378 1156 2527 1211 549
2562 1155 2725 1210 illam
2757 1172 2884 1211 esse
2917 1155 3179 1227 regulam
3213 1154 3498 1223 veritatis,
3521 1174 3647 1227 quae
3682 1172 3775 1212 ve-

360 1249 643 1322 punimur
672 1253 1139 1320 perseverantes,
1191 1252 1248 1303 et
1298 1248 1658 1304 absolvimur
1706 1252 2009 1320 negantes,
2122 1247 2245 1301 niat
2276 1263 2309 1301 a
2341 1245 2572 1301 Christo
2605 1244 2957 1299 transmissa
2984 1260 3087 1315 per
3117 1245 3359 1299 comites
3390 1244 3599 1316 ipsius,
3647 1244 3778 1319 qui-

360 1339 498 1411 quia
530 1354 764 1395 nomms
796 1354 1065 1393 PRELIUM
1096 1355 1211 1392 as'r.
1250 1360 1274 1385 η
2119 1335 2228 1390 bus
2278 1333 2594 1405 aliquando
2643 1332 2995 1405 posteriores
3041 1332 3252 1388 diversi
3289 1332 3383 1389 isti
3418 1338 3777 1391 commenta-

2116 1428 2272 1479 tores
2307 1423 2729 1495 probabuntur.
2765 1446 2785 1474 s
2852 1420 3178 1477 erabilem
3238 1421 3429 1478 cernis
3461 1421 3571 1477 viri
3622 1421 3782 1478 docti

2109 1511 2624 1568 ratiocinationem
2658 1527 2671 1565 :
2739 1511 3051 1582 Usurpavit
3086 1511 3483 1581 praescribendi
3513 1512 3771 1567 vocabu-

2114 1604 2237 1657 lum
2270 1600 2688 1668 Tertullianus;
2720 1617 2856 1673 ergo
2892 1601 2960 1654 ad
2995 1599 3210 1655 librum
3242 1600 3308 1655 de
3337 1603 3775 1672 praescriptioni-

2114 1692 2212 1745 bus
2244 1691 2522 1761 respexit.
2559 1690 2710 1744 Tum
2747 1690 2987 1744 demum
3020 1688 3219 1760 aliqua
3249 1691 3373 1760 ejus
3405 1689 3491 1746 vis
3521 1689 3650 1759 erit,
3701 1690 3777 1759 si,

2119 1785 2437 1851 antequam
2470 1779 2541 1833 de
2576 1777 3117 1850 praescriptionibus
3151 1783 3647 1835 commentaretur
3679 1795 3777 1835 no-

2122 1878 2463 1934 ster,vocem
2498 1867 2907 1939 praescribendi
2937 1866 3217 1923 Romanis
3241 1867 3568 1924 inauditam
3592 1868 3777 1925 fuisse

2124 1957 2462 2014 ostenderit.
2496 1957 2689 2029 Pergit
2713 1973 2866 2025 vero,
2899 1956 3057 2026 tangi
3117 1973 3151 2011 a
3210 1956 3575 2012 Tertulliano
3636 1957 3778 2013 solis

2124 2047 2415 2102 defectum
2475 2045 2654 2101 Uticae
2712 2062 2849 2101 ann.
2900 2045 3029 2100 CCX
3082 2046 3477 2101 observatum.
3526 2046 3695 2119 Perii,
3730 2047 3780 2104 si

2122 2153 2255 2191 vera
2287 2134 2450 2191 dicit.
2493 2133 2681 2189 Nimis
2710 2150 2844 2189 vero
2876 2133 3268 2205 ingeniosum,
3305 2134 3406 2206 qui
3438 2151 3505 2190 ex
3538 2136 3630 2202 iis,
3652 2152 3778 2207 quas

2123 2228 2367 2297 Spectat,
2403 2224 2594 2279 verbis
2625 2223 2745 2277 haec
2802 2222 2929 2277 elici
2988 2240 3162 2294 posse
3220 2229 3402 2294 putet.
3465 2224 3613 2279 Audi
3674 2224 3775 2281 illa

2122 2313 2395 2385 (Apolog.,
2454 2328 2501 2367 c.
2560 2315 2649 2380 20,
2707 2328 2764 2383 p.
2824 2311 2950 2382 390)
3011 2328 3024 2365 :
3086 2331 3111 2363 α
3173 2312 3333 2378 Quod
3380 2311 3557 2367 etiam
3588 2312 3779 2369 ofﬁcia

2123 2408 2456 2475 temporum
2514 2406 2570 2457 et
2638 2400 3057 2457 elementorum
3114 2402 3319 2457 munia
3377 2402 3707 2459 exorbitant
3761 2420 3773 2459 :

2124 2493 2279 2564 quod
2309 2496 2364 2547 et
2393 2493 2673 2547 monstris
2720 2496 2777 2546 et
2835 2489 3124 2562 portentis
3183 2491 3542 2547 naturalium
3575 2492 3773 2548 forma

2123 2584 2417 2638 turbatur.
2469 2602 2490 2631 ι
2546 2580 2655 2635 Ubi
2687 2578 2828 2636 solis
2860 2578 2953 2635 hic
2986 2580 3248 2636 defectus
3269 2580 3296 2634 ‘I
3328 2581 3425 2635 ubi
3458 2580 3670 2639 Utica?
3700 2581 3779 2638 De

2125 2671 2261 2726 enni
2294 2670 2659 2741 temporibus
2692 2670 2889 2741 fruges
2920 2685 3024 2725 nec
3055 2673 3285 2725 mature
3316 2670 3481 2740 satis,
3512 2686 3620 2727 nec
3674 2687 3779 2743 op-

2122 2761 2267 2815 time
2324 2759 2784 2831 producentibus
2837 2774 3159 2813 sermonem
3188 2775 3316 2815 esse
3347 2776 3495 2815 reor.
3528 2764 3604 2815 At
3632 2776 3779 2817 con-

2125 2850 2423 2918 cedamus,
2452 2850 2604 2919 quod
2639 2848 2875 2917 falsum,
2909 2848 2979 2902 de
3006 2848 3304 2904 obfuscato
3336 2850 3455 2904 sole
3513 2849 3609 2905 hic
3666 2848 3775 2905 ali-

2126 2938 2262 3010 quid
2298 2937 2410 2992 dici
2446 2954 2458 2993 :
2494 2953 2610 3008 quo
2642 2942 2811 3009 pacto
2843 2953 3002 3003 eum,
3034 2937 3132 3008 qui
3168 2954 3304 2992 ann.
3337 2939 3466 2995 CCX
3499 2938 3777 3009 obtigerit

2126 3027 2417 3081 defectum
2454 3024 2548 3079 hic
2580 3026 2768 3080 notari
2801 3025 3349 3081 demonstrabitur?

428 1466 455 1532 §
485 1463 630 1518 VIII.
669 1462 836 1519 Plura
867 1478 1045 1533 quam
1077 1462 1411 1532 cogitabam
1440 1462 1496 1517 in
1530 1478 1629 1517 eos
1660 1462 1816 1517 dicta
1867 1466 2009 1517 sunt

360 1553 461 1625 qui
508 1558 640 1607 ante
671 1568 807 1606 ann.
834 1550 971 1605 CCII
1002 1552 1409 1621 Apotogetzrum
1438 1568 1550 1605 non
1589 1550 1768 1605 fuisse
1803 1556 2003 1606 natum

360 1641 742 1698 contendunt.
779 1640 891 1697 Nec
922 1645 1117 1694 tamen
1153 1639 1350 1706 nimis,
1387 1641 1539 1707 quod
1574 1640 1657 1694 sic
1708 1641 1855 1695 lucis
1906 1640 2007 1695 ali-

360 1731 501 1801 quid
535 1730 789 1785 histories
819 1745 997 1783 sacras
1024 1727 1286 1783 additum
1321 1744 1386 1782 ac
1420 1732 1653 1798 tempus
1686 1728 2005 1784 vexationis

355 1818 818 1875 Christianorum
851 1819 961 1872 sub
984 1822 1190 1871 Severo
1215 1816 1475 1871 curatius
1499 1817 1885 1871 constitutum
1911 1819 2006 1873 sit.
2042 1824 2087 1887 Β

367 1909 546 1980 Pergo
570 1908 695 1979 jam
726 1908 797 1961 ad
831 1922 951 1973 eos,
986 1906 1200 1977 quibus
1234 1905 1466 1977 longius
1495 1906 1686 1960 adhuc
1738 1908 2012 1975 procede-

362 2014 443 2063 re,
504 2013 589 2067 ac,
641 2001 846 2051 Severo
907 1995 1181 2057 extincto.
1241 2000 1374 2059 post
1430 2012 1569 2049 anu.
1633 1996 1757 2049 CCX
1795 1994 2010 2050 librum

364 2086 657 2158 prodiisse
685 2085 997 2140 defendere
1028 2082 1238 2153 placet.
1268 2082 1518 2138 Facilius
1549 2082 1607 2137 hi
1659 2089 2016 2139 excusantur

366 2192 618 2247 quorum
667 2191 780 2229 non
833 2179 950 2229 tam
999 2172 1154 2228 mala
1183 2172 1645 2228 Christianorum
1678 2178 2011 2241 extenuare,

365 2281 542 2336 quam
576 2264 647 2318 ad
696 2261 1001 2319 Caracallm
1033 2277 1263 2332 quoque
1312 2260 1481 2315 initia
1526 2262 1853 2329 extendere,
1887 2261 2012 2317 ani-

366 2371 498 2409 mus
545 2357 652 2408 est.
690 2352 876 2423 Longe
907 2356 1103 2406 tamen
1136 2350 1255 2405 illis
1286 2354 1767 2421 argumentorum
1800 2351 2015 2405 cedunt

364 2441 722 2513 praestantia,
756 2455 1010 2510 quorum
1043 2438 1129 2493 vis
1162 2437 1255 2493 hic
1286 2454 1464 2509 prope
1494 2436 1657 2491 nulla
1684 2442 1793 2492 est.
1829 2438 2012 2493 Fami-

363 2531 503 2586 liam
533 2530 625 2585 vir
654 2545 926 2584 summus
958 2527 1122 2583 ducit
1148 2527 1271 2581 Jos.
1305 2526 1583 2597 Scaliger,
1618 2527 1788 2596 cujus
1820 2532 2015 2583 aucto-

365 2620 598 2675 ritatem
631 2618 822 2673 fraudi
856 2615 1155 2672 nonnullis
1185 2616 1663 2687 fuisse,equidem
1698 2615 1779 2670 nil
1812 2617 2011 2683 miror,

362 2708 797 2779 Apologcticum,
830 2706 911 2760 ait
939 2704 991 2760 is
1021 2704 1199 2775 (Notis
1227 2707 1297 2758 ad
1327 2704 1631 2760 Chrnm'con
1662 2705 1903 2773 Eusebii,
1955 2705 2011 2759 in

364 2796 509 2851 Thes.
563 2796 801 2865 Temper.
852 2810 909 2863 p.
958 2794 1084 2861 229,
1139 2793 1230 2847 ed.
1261 2792 1421 2847 Alex.
1455 2793 1593 2846 Mori
1628 2792 1872 2861 ultimas)
1906 2796 2013 2849 du-

366 2886 510 2951 bito,
564 2901 638 2939 an
666 2883 777 2938 sub
808 2884 1019 2950 Severo
1054 2882 1375 2951 scripserit,
1408 2898 1538 2936 cum
1571 2882 1725 2937 dicat
1759 2900 1770 2937 :
1807 2883 2013 2953 Papias

360 2973 519 3045 leges
551 2971 677 3027 heri
713 2972 960 3026 Severus
988 2969 1505 3026 constantissimus
1540 2970 1872 3042 principum
1918 2988 2013 3024 ex-

365 3060 559 3117 clusit.
601 3084 620 3110 ·
654 3060 899 3115 Videtur
928 3060 999 3113 de
1032 3063 1263 3114 mortuo
1311 3057 1492 3128 loqui.
1542 3059 1659 3130 Ego
1708 3075 1841 3114 vero
1890 3064 2012 3113 tam

365 3154 573 3207 acutus
622 3165 760 3255 nonn
786 3165 941 3218 sum,
992 3154 1075 3214 ut,
1129 3147 1267 3219 quid
1318 3147 1437 3202 haec
1466 3147 1804 3255 Tertulliani
1838 3148 2013 3203 verba
2043 3189 2084 3255 C
2194 3152 2221 3217 §
2252 3150 2347 3204 IX.
2380 3148 2637 3204 Tandem
2670 3146 2985 3255 aliqu‘ando
3016 3148 3100 3205 sic
3131 3150 3202 3205 ad
3245 3165 3343 3206 eos
3397 3158 3629 3206 ventum
3691 3155 3781 3207 est

367 3240 438 3295 de
470 3246 700 3293 mortuo
726 3236 933 3293 Severo
986 3252 1272 3307 exponere
1320 3241 1506 3307 cogat,
1555 3236 1806 3291 videam.
1864 3242 2012 3291 Lauo
2044 3236 2084 3255 υ
2129 3239 2228 3310 qui
2273 3243 2375 3293 aut
2424 3243 2557 3293 ante
2589 3254 2724 3292 ann.
2758 3237 2861 3303 CC,
2896 3242 2996 3291 aut
3027 3254 3091 3293 eo
3126 3238 3251 3309 ipso
3283 3256 3437 3295 anno
3465 3240 3779 3311 Apologeti-

370 3330 546 3384 datur
596 3326 713 3381 ille.
765 3332 834 3382 At
882 3329 1015 3397 quis
1050 3326 1207 3381 vivos
1238 3323 1511 3380 laudibus
1540 3325 1723 3381 solere
1755 3326 2009 3381 decorari
2120 3345 2241 3383 cum
2293 3332 2597 3383 exaratum
2655 3342 2784 3381 esse
2838 3327 3213 3397 conﬁtentur,
3270 3344 3488 3399 quosve
3546 3330 3777 3385 veritati

367 3416 588 3489 neget?
618 3416 738 3470 Vox
771 3415 894 3469 heri
926 3414 1652 3479 adhibetur.Quamobrem
1688 3420 1882 3469 autem
1915 3414 2013 3469 illa
2123 3415 2429 3471 amiciores
2460 3430 2588 3469 esse
2621 3430 2799 3485 supra
2831 3415 3201 3486 agnovimus.
3227 3416 3354 3472 Non
3386 3418 3659 3473 eumdem
3688 3418 3775 3473 illi

359 3508 431 3562 de
462 3505 753 3577 praeterito
784 3503 976 3559 Severi
1009 3503 1433 3575 imperio,quod
1469 3519 1603 3557 cum
1636 3503 1728 3558 die
1753 3504 1833 3559 sic
1863 3504 2007 3558 Ter-
2122 3522 2362 3559 cursum
2395 3508 2617 3571 tenent,
2652 3505 2752 3558 sed
2786 3504 2845 3557 in
2876 3503 3035 3558 varia
3066 3504 3395 3560 discedunt.
3444 3510 3592 3561 Sunt
3643 3508 3774 3578 qui-

363 3595 649 3651 tullianus
680 3592 1301 3665 contulisset,intelligi
1335 3592 1536 3647 debet?
1565 3593 1649 3647 Tn
1677 3593 1803 3664 jam
1837 3598 2009 3658 recte,
2123 3594 2232 3647 bus
2290 3609 2427 3647 ann.
2488 3590 2697 3645 CXCVI
2758 3590 2947 3663 placet
2995 3592 3177 3662 (Cave.
3213 3595 3359 3649 llisl.
3394 3595 3542 3650 lilter
3570 3594 3770 3668 Script.

364 3682 746 3754 Havercampi
778 3681 1271 3748 doctissime,eam
1305 3682 1374 3734 de
1404 3686 1664 3752 tempore
1695 3698 1809 3738 non
1843 3681 2014 3754 longe
2120 3682 2263 3737 Eccl.
2299 3699 2353 3753 p.
2388 3681 2498 3747 42).
2524 3681 2780 3743 Quorum
2814 3696 2919 3753 ego
2952 3679 3187 3752 quidem
3240 3684 3495 3739 rationes
3539 3684 3765 3756 ignoro.

362 3772 559 3844 elapso
590 3773 718 3843 capi
750 3788 919 3843 posse
953 3769 1233 3826 monuisti
1264 3771 1444 3840 (Notis
1486 3771 1555 3825 ad
1606 3772 1904 3841 Apologet.,
1954 3789 2009 3843 p.
2120 3772 2270 3828 Ann.
2305 3770 2577 3826 CXCVIII
2630 3769 2875 3842 Pagium
2924 3771 3220 3841 quondam
3279 3771 3545 3844 elegisse,
3600 3779 3772 3830 antea

364 3862 513 3933 287).
565 3862 730 3916 Addo
763 3876 891 3933 ego,
925 3860 1052 3930 capi
1084 3858 1167 3913 ita
1198 3859 1425 3927 debere,
1460 3859 1573 3913 nisi
1606 3860 1841 3915 Patrum
1877 3878 2011 3915 eru—
2122 3859 2315 3914 docui.
2367 3862 2555 3913 Casar
2600 3858 2885 3914 Baronius
2934 3876 3071 3915 ann.
3118 3863 3243 3928 CCI,
3278 3866 3343 3915 ut
3373 3860 3498 3933 ipse
3529 3861 3767 3933 quidem

366 3949 730 4006 ditissimum
763 3948 1065 4020 insptiisse
1104 3946 1376 4002 velimus.
1428 3952 1505 4001 Ex
1552 3948 1828 4020 Scaligeri
1881 3966 2011 4004 sen-
2123 3954 2465 4020 computare
2495 3947 2775 4015 assuevit,
2811 3947 2918 4003 hoc
2950 3953 3059 4015 est,
3090 3966 3213 4004 arae
3262 3949 3537 4021 vulgaris,
3591 3967 3769 4021 quam

363 4039 545 4095 tentia
589 4038 708 4094 haec
738 4038 1020 4094 voluisset
1054 4053 1066 4091 :
1101 4037 1369 4104 Severus,
1398 4053 1527 4092 cum
1562 4038 1752 4092 adhuc
1782 4038 2012 4107 viveret,
2120 4037 2179 4091 in
2213 4036 2729 4108 disquisitionibus
2759 4037 3049 4106 ejusmodi
3081 4038 3342 4094 obtinere
3372 4038 3773 4107 notissimum,

364 4126 523 4200 leges
561 4127 763 4199 Papias
795 4125 1116 4198 abrogavit.
1153 4126 1355 4181 Facete
1388 4127 1686 4197 profecto!
1726 4127 2013 4182 Edocendi
2123 4131 2231 4183 est.
2293 4144 2432 4194 ann,
2486 4125 2687 4181 CXICX
2746 4124 2958 4180 librum
3020 4126 3307 4198 prodiisse
3360 4126 3487 4181 vult
3548 4128 3773 4199 (Annal.

364 4216 631 4274 fortassis
663 4215 909 4271 Romani
940 4218 1125 4280 erant,
1160 4230 1273 4269 non
1308 4215 1458 4285 apud
1511 4216 1728 4269 inferos
1782 4216 1854 4270 ab
1902 4216 2011 4269 im-
2123 4217 2331 4282 660168.,
2391 4217 2431 4269 t.
2496 4214 2565 4284 ΙΙ,
2622 4229 2754 4269 ann.
2819 4214 2927 4283 CC,
2977 4232 3035 4269 n.
3068 4216 3123 4281 7,
3156 4232 3211 4286 p.
3242 4216 3364 4281 198,
3398 4216 3472 4272 ad
3503 4233 3634 4272 ann.
3672 4218 3782 4273 CCI

368 4309 631 4377 peratore
660 4303 768 4359 hoc
798 4304 1146 4359 beneﬁcium
1179 4318 1307 4357 esse
1339 4303 1785 4374 praestitumSic
1818 4305 2015 4376 itaque
2126 4321 2183 4359 n.
2215 4305 2307 4373 27,
2342 4320 2393 4372 p.
2429 4302 2555 4369 307,
2589 4319 2645 4357 n.
2680 4303 2769 4369 36,
2803 4319 2859 4373 p.
2892 4302 3041 4373 3l0),
3094 4303 3361 4359 videlicet
3418 4322 3551 4360 cum
3610 4310 3777 4362 Seve-

368 4394 487 4451 hcri
518 4393 613 4450 hic
646 4392 725 4447 nil
752 4392 934 4460 aliud,
970 4409 1146 4463 quam
1180 4392 1330 4447 haud
1362 4394 1437 4447 ita
1465 4393 1898 4463 pridem.Nihilo
1931 4401 2014 4448 ta-
2126 4410 2227 4447 rus
2260 4393 2319 4447 in
2353 4392 2616 4455 Parthos,
2650 4392 2805 4462 quod
2838 4391 2946 4446 hoc
2978 4409 3130 4447 anno
3184 4393 3405 4449 factum
3465 4411 3594 4449 esse
3655 4396 3782 4450 sine

369 4499 498 4538 men
534 4483 732 4537 minus
762 4482 849 4535 vir
880 4481 1527 4547 celeberrimus,Petrus
1558 4481 2015 4547 Allixius,Scali-
2128 4481 2458 4536 rationibus
2506 4484 2725 4544 censet,
2777 4485 3055 4545 moveret,
3106 4480 3476 4536 Plautianum
3511 4482 3783 4554 praetorio

368 4571 490 4643 geri
523 4571 631 4625 hoc
664 4574 1076 4642 argumentum
1110 4570 1531 4641 comprobavit,
1565 4570 1767 4642 illique
1817 4573 2020 4644 prmci-
2052 4559 2097 4623 Ι)
2130 4573 2462 4642 praefectum
2494 4573 2689 4623 Roman
2723 4567 2992 4623 relictum
3042 4586 3244 4641 pacem
3303 4570 3555 4627 violasse
3615 4571 3780 4627 Chri-

370 4677 483 4732 pue
512 4658 845 4729 opinionem
881 4658 1394 4726 suam,minimum
1420 4676 1534 4714 non
1560 4663 1692 4715 ante
1715 4662 2018 4718 ann.CCXI
2129 4660 2451 4715 stianorum
2486 4657 2933 4727 conjicit.Quam
2966 4659 3037 4714 ob
3070 4676 3309 4715 causam
3330 4660 3785 4733 Tertullianum,

367 4749 773 4820 Apologelicum
802 4746 1016 4803 litteris
1048 4763 1177 4802 esse
1209 4748 1577 4815 mandatum,
1629 4752 2024 4820 superstruxit
2131 4750 2186 4804 in
2219 4748 2382 4816 urbe,
2418 4753 2479 4801 ut
2512 4746 2653 4815 vult,
2688 4752 2813 4801 tum
2847 4754 3214 4817 praesentem,
3250 4750 3509 4821 pericula
3538 4751 3652 4807 ista
3678 4751 3788 4808 hoc

372 4839 617 4909 (Dissert.
676 4836 742 4891 de
792 4838 1120 4891 Tertulliani
1169 4838 1285 4891 vita
1334 4840 1655 4909 etscriptis,
1691 4856 1815 4894 cum
1844 4840 2019 4904 aliis;
2132 4838 2281 4892 libro
2342 4835 2620 4908 repellere
2677 4836 2933 4891 voluisse
2993 4842 3196 4907 putat,
3258 4838 3662 4910 Suspicionem
3718 4843 3790 4895 de

372 4927 509 4981 edit.
547 4926 730 4981 Paris.
767 4927 921 4995 1680,
956 4926 1150 4995 ἱο-Ιιο).
1188 4926 1348 4991 Quod
1372 4943 1553 4997 quam
1594 4929 1915 4999 improvide
1948 4936 2029 4985 ta-
2135 4928 2442 4982 Plautiano
2495 4930 2705 4980 Anton.
2758 4925 2967 4996 Pagius
2989 4928 3114 4997 jam
3149 4927 3533 5000 sustulit,qui
3562 4947 3695 4985 eum
3727 4930 3787 4985 in

375 5020 533 5071 ctum
568 5015 666 5083 sit,
700 5014 936 5070 evidens
967 5029 1093 5069 esse
1120 5014 1345 5085 opinor.
1382 5016 1665 5085 Adjunxit
1693 5018 1846 5073 idem
1880 5020 2027 5075 duas
2138 5018 2333 5072 Asiam
2368 5031 2499 5071 cum
2531 5018 2736 5069 Severo
2768 5013 3050 5085 migrasse
3082 5016 3252 5071 evicit
3282 5017 3442 5088 (Crit.
3477 5019 3537 5073 in
3582 5021 3786 5075 Baron.

377 5103 520 5161 alias
555 5121 656 5174 pro
688 5104 797 5159 hac
827 5103 1260 5175 computatione
1293 5104 1569 5173 rationes,
1606 5123 1770 5175 quas,
1797 5108 2031 5162 etiamsi
2140 5112 2181 5159 t.
2222 5107 2287 5169 ll,
2320 5105 2388 5159 ad
2418 5122 2551 5158 ann.
2585 5105 2797 5171 CXCIX,
2822 5121 2880 5157 n.
2915 5106 2966 5172 4,
3004 5122 3057 5175 ρ.
3086 5106 3176 5171 92,
3237 5106 3349 5177 93).
3412 5107 3596 5174 Quod,
3656 5123 3787 5162 cum

377 5211 411 5249 a
441 5192 622 5248 celeb.
660 5192 912 5263 Dupinio
936 5193 1061 5262 jam
1109 5192 1388 5246 brevibus
1446 5193 1639 5247 dilutas
1694 5202 1833 5249 sunt
1884 5199 2027 5257 (Nov.
2142 5194 2543 5250 Tertullianus
2575 5194 2875 5260 scriberet,
2912 5210 3025 5247 non
3060 5194 3172 5247 nisi
3206 5195 3567 5251 Christianos
3600 5196 3790 5251 Romze

377 5282 521 5337 Bibl.
580 5282 672 5336 de:
730 5286 954 5335 auteurs
1006 5280 1191 5337 scolas.
1251 5285 1392 5335 tom.
1440 5281 1479 5347 l,
1531 5298 1585 5353 p.
1624 5284 1905 5352 107,108,
1939 5287 2030 5341 ed.
2147 5285 2425 5355 degentes
2453 5282 2811 5337 excruciatos
2843 5281 3022 5336 fuisse
3055 5283 3372 5351 contendit,
3407 5283 3529 5356 ipse
3584 5282 3797 5339 refellit

380 5369 923 5439 secundae),uthuic
953 5369 1146 5424 denuo
1179 5370 1891 5440 expendam,institutum
1930 5394 2033 5447 ρος
2144 5373 2540 5445 Apologcticus,
2583 5388 2756 5443 quem
2817 5370 3246 5441 provinciarum
3304 5373 3655 5443 praesidibus
3708 5372 3795 5428 in-

384 5460 585 5515 stulat.
616 5459 878 5513 Primum
932 5462 1063 5529 post
1120 5457 1336 5514 librum
1396 5460 1461 5515 de
1507 5462 2037 5536 Prwscriptionibus
2148 5465 2432 5534 scripturn
2494 5480 2621 5518 esse
2680 5467 2902 5517 certum
2938 5468 3046 5517 est.
3092 5465 3164 5517 De
3197 5470 3458 5534 tempore
3489 5464 3624 5519 belli
3659 5465 3795 5519 Par-

388 5553 657 5603 nostrum
690 5563 821 5604 esse
852 5547 1339 5618 compositum,ex
1370 5567 1436 5604 eo
1469 5558 1737 5607 constare
1773 5555 2036 5623 ait,quod
2148 5555 2291 5609 thici
2317 5554 2562 5608 inferius
2593 5553 2903 5623 diligenter
2932 5559 3153 5623 agetur.
3189 5556 3390 5609 Annus
3422 5557 3503 5610 CC
3534 5570 3566 5609 a
3613 5553 3797 5625 pluri-

388 5637 447 5693 in
480 5638 587 5696 hoc
620 5639 689 5695 ad
722 5636 892 5693 illum
924 5634 1322 5695 Tertullianus
1347 5638 1596 5712 digitum
1630 5642 1798 5714 quasi
1850 5644 2039 5700 inteu-
2153 5644 2266 5701 mis
2323 5643 2540 5701 electus
2600 5648 2707 5711 est,
2744 5643 2931 5715 iisque
2959 5641 3383 5701 eruditissimis
3413 5642 3575 5701 viris.
3608 5646 3709 5702 Est
3740 5644 3799 5701 in

681 5764 946 5828 Panos.
992 5761 1042 5825 Ι.

3447 5774 3527 5835 20
