4264 6398
531 381 650 443 619
1049 379 1574 442 TERTULLIANI
1619 375 1946 440 OPERUM
1991 374 2189 435 PARS
2234 375 2280 434 Ι.
2310 409 2388 420 -
2419 376 2695 437 SERIES
2741 378 2788 450 Ι,
2834 376 3406 438 APOLOGETICA.
3807 373 3931 433 620

532 513 650 568 illis
680 513 802 568 Jac.
835 511 1128 567 Pamelius
1156 513 1313 582 (Vita
1343 511 1686 572 Tertulliani,
1720 508 1999 579 0pp.ejus
2034 523 2168 577 prte-

2288 503 2542 579 τύγχανε,
2593 506 2682 560 καὶ
2729 503 2818 560 διὰ
2863 509 3022 560 τοῦτο
3070 505 3158 560 καὶ
3203 504 3588 580 πολυγνώμων
3645 502 3856 578 μᾶλλον
3892 505 3928 574 ἢ

536 602 693 673 ﬁxa),
739 600 788 656 si
839 601 928 656 Jo.
992 600 1262 656 Forbesio
1316 616 1349 653 a
1405 601 1577 654 Corae
1634 599 1910 670 (Instruat.
1974 596 2175 659 Πέδιον,

537 690 720 747 Theol.
790 688 893 744 lib.
949 687 1072 755 VII,
1133 705 1259 760 cap.
1316 690 1372 753 7,
1422 689 1449 754 §
1497 688 1584 753 16,
1617 705 1670 759 p.
1698 686 1822 750 320,
1856 688 1900 738 t.
1937 685 2006 746 II,
2033 685 2170 754 Opp.

534 777 761 848 Theol.)
815 776 914 849 qui
975 792 1037 832 se
1094 793 1228 832 eum
1287 775 1454 847 sequi
1509 775 1785 839 affirmat,
1844 772 2174 837 credimus;

531 866 816 922 Baronius
872 865 1026 920 enim
1088 864 1146 918 in
1210 881 1318 920 sua
1366 880 1496 918 eum
1532 867 1723 918 castra
1752 860 2052 933 pertrahit.
2082 860 2180 913 Est

531 953 1031 1025 diligentissimus
1059 952 1469 1007 Tillemontius
1504 952 1662 1021 (Hist.
1688 952 1779 1004 des
1833 953 2173 1020 Empercurs,

528 1046 674 1098 tom.
735 1042 831 1109 III,
894 1047 1043 1112 part.
1105 1042 1148 1108 Ι,
1183 1059 1238 1113 p.
1269 1040 1359 1111 94)
1393 1056 1405 1094 :
1441 1055 1786 1112 quanquam
1821 1039 1872 1093 is
1905 1037 2019 1092 alio
2050 1036 2174 1092 loco

528 1131 610 1201 (in
642 1147 748 1187 sua
779 1130 1169 1202 Chronologia,
1203 1131 1271 1186 ad
1307 1129 1520 1186 calcem
1552 1132 1594 1183 t.
1631 1128 1706 1182 III
1737 1128 1874 1181 Hist.
1907 1141 1964 1197 p.
2016 1124 2174 1194 1221)

530 1219 746 1275 dubius
777 1223 888 1285 est,
917 1235 1109 1274 annon
1146 1217 1355 1274 melius
1385 1233 1521 1272 ann.
1550 1217 1678 1284 CCI,
1711 1215 2019 1286 ponendus
2051 1213 2174 1268 sit?

528 1311 630 1363 Est
659 1313 717 1362 L.
750 1308 813 1363 E.
847 1307 1038 1378 Dupin
1073 1307 1242 1378 (Bibl.
1274 1306 1367 1360 de:
1395 1307 1635 1376 Auteurf
1674 1305 1858 1360 ecclés.
1923 1308 2068 1357 tom.
2130 1303 2171 1368 I,

531 1413 588 1469 p.
645 1396 759 1468 91),
817 1395 1034 1466 aliique
1092 1395 1446 1466 complures,
1504 1409 1753 1464 quorum
1813 1391 2051 1446 nomina
2082 1391 2173 1445 hic

530 1498 831 1540 recensere
861 1499 1069 1554 parum
1099 1483 1350 1539 arbitror
1387 1483 1542 1538 550
1574 1482 1735 1536 utile.
1769 1478 2043 1535 Nonnulli
2105 1494 2172 1533 ex

531 1573 626 1628 his
675 1571 1027 1644 simpliciter
1074 1571 1424 1627 sententiam
1458 1571 1684 1633 dicunt,
1716 1568 1967 1623 rationes
1996 1567 2174 1621 omit-

529 1665 685 1716 tunt.
719 1661 914 1716 Manet
945 1662 1100 1715 enim
1133 1660 1255 1715 haec
1303 1665 1504 1714 nostra
1549 1659 1604 1712 id
1667 1658 1767 1712 fati
1825 1656 2170 1728 plerumque

529 1765 740 1821 genus,
771 1752 836 1804 ut
864 1753 1203 1820 contempta
1221 1749 1455 1818 jaceant
1485 1763 1548 1801 ac
1581 1745 1871 1801 derelicta.
1905 1743 2011 1808 Qui
2044 1742 2172 1797 dili-

2286 591 2600 669 πολυλὸγος
2628 600 2714 663 ῆν.
2747 596 2878 651 'Nec
2934 596 3086 650 enim
3143 595 3360 652 Valesii
3418 595 3562 650 mihi
3624 595 3810 652 versio
3862 612 3934 652 ex

2288 683 2448 738 omni
2480 688 2642 756 parte
2673 685 2861 757 placet
2892 701 2904 738 :
2940 708 2967 734 «
3002 684 3458 756 Disciplinarum
3492 684 3794 741 studiosus
3827 701 3931 756 po-

2286 772 2403 827 tius
2436 790 2609 844 quam
2638 774 2880 845 peritus,
2943 794 2968 827 ε
3030 781 3087 828 et
3141 773 3387 844 reliqua.
3447 773 3604 827 Talis
3659 775 3932 846 princeps

2288 862 2427 932 quin
2488 878 2592 916 suo
2616 862 2751 930 jure
2781 861 3028 916 eruditis
3057 861 3468 916 connumerari
3498 861 3771 932 potuerit,
3799 863 3958 933 quis.

2286 949 2556 1006 dubitet?
2587 951 2693 1006 Sed
2727 951 2972 1022 longiori
3005 951 3349 1023 probatione
3395 951 3554 1006 haud
3615 969 3763 1024 opus
3820 959 3930 1007 est.

2285 1037 2418 1110 Ipsa
2469 1055 2562 1093 res
2623 1044 2783 1095 extra
2829 1054 3000 1094 omne
3030 1038 3272 1094 collocat
3298 1039 3568 1107 dubium,
3603 1040 3712 1095 sub
3744 1040 3932 1112 nullo,

2285 1143 2459 1197 quam
2494 1128 2720 1192 Severo,
2771 1127 2879 1182 hoc
2935 1127 3220 1198 scriptum
3277 1127 3337 1182 in
3396 1126 3622 1183 litteras
3681 1129 3933 1185 relatum

2284 1229 2432 1270 8886.

2353 1323 2381 1389 §
2413 1323 2506 1376 XI.
2542 1325 2951 1394 Imperatorem
2979 1321 3287 1378 habemus.
3319 1322 3441 1379 Non
3479 1339 3685 1379 omnes
3717 1322 3932 1379 deinde

2282 1409 2510 1479 imperii
2543 1411 2669 1480 ejus
2702 1426 2908 1478 annos,
2941 1411 3039 1466 sed
3072 1427 3169 1466 eos
3194 1415 3447 1479 tantum,
3495 1412 3597 1484 qui
3655 1412 3728 1467 ab
3785 1428 3927 1468 ann.

2282 1497 2513 1562 CXCIII,
2572 1514 2686 1568 quo
2727 1497 2873 1552 illud
2923 1499 3203 1570 suscepit,
3236 1500 3307 1553 ad
3335 1516 3474 1555 ann.
3509 1502 3592 1556 CC
3622 1517 3934 1557 numeran-

2281 1587 2395 1651 tur,
2429 1586 2776 1654 spectandos
2809 1601 2936 1641 esse
2967 1602 3035 1641 ex
3064 1591 3235 1642 antea
3265 1586 3434 1657 dictis
3466 1588 3757 1644 novimus.
3783 1589 3924 1644 Octo

2280 1673 2458 1743 igitur
2488 1673 2596 1728 iste
2628 1690 2910 1729 annorum
2948 1674 3201 1730 circulus
3234 1677 3477 1746 nosjam
3501 1677 3925 1732 exercebit.Cui

2277 1778 2410 1816 vero
2441 1779 2554 1817 non
2589 1761 2865 1834 exiguum
2907 1765 3101 1818 statim
3161 1763 3502 1820 detrahetur
3547 1766 3825 1837 spatium,
3875 1767 3924 1822 si

529 1836 860 1938 gentifmimi
889 1841 1049 1939 Fufii,
1083 1853 1150 1892 ex
1174 1837 1378 1939 θοάθξῐξ
1409 1851 1516 1890 Sua
1545 1835 1691 1939 1‘33?“
1719 1837 1942 1939 Ρθῖιξηρν
1985 1848 2166 1939 Buff“
2202 1875 2250 1939 B
2283 1854 2413 1920 post
2462 1850 2626 1906 civile
2672 1851 2865 1906 Albini
2921 1852 3067 1908 551
3107 1851 3322 1906 bellum
3356 1853 3414 1906 iu
3449 1835 3633 1908 Gallia
3661 1835 3924 1910 commo-

529 1943 638 1982 nos
693 1924 755 1980 in
813 1925 1145 1981 subsidium
1184 1925 1542 1980 vocabimus.
1579 1922 1863 1978 Differunt
1893 1921 1951 1974 in
1984 1919 2172 1987 factis,

529 2015 602 2070 de
633 2013 848 2086 quibus
906 2014 1210 2085 quaeritur,
1263 2013 1334 2067 ad
1395 2028 1578 2067 annos
1635 2027 1774 2065 suos
1833 2008 2172 2075 referendis,

526 2101 680 2157 bello
738 2100 1016 2157 nimirum
1079 2099 1360 2164 Parthico,
1394 2117 1459 2154 ac
1490 2098 1682 2154 Albini
1713 2097 1990 2152 motibus.
2025 2095 2175 2158 Qua-

530 2194 767 2262 propter
794 2189 939 2243 nihil
974 2189 1108 2244 huic
1137 2189 1370 2261 negotio
1415 2186 1764 2260 perﬁciendo
1812 2185 1998 2254 magis
2045 2200 2176 2238 con-

531 2279 725 2344 ducet,
781 2293 957 2348 quam
1018 2280 1064 2333 si
1124 2293 1338 2344 meam,
1383 2281 1439 2331 et
1469 2291 1756 2348 promam,
1789 2279 1846 2329 et
1876 2272 2170 2328 stabiliam

531 2366 907 2422 sententiam.
941 2367 1063 2430 Quo
1119 2367 1291 2433 facto,
1348 2365 1481 2436 quis
1537 2363 1784 2420 aliorum
1843 2361 2171 2418 rationibus

528 2453 690 2510 locus
720 2471 850 2510 esse
879 2458 1075 2526 queat,
1108 2454 1423 2509 obscurum
1459 2451 1713 2524 amplius
1761 2467 1890 2507 esse
1947 2449 2169 2521 nequit.

531 2542 748 2598 Ordine
804 2559 937 2599 vero
988 2560 1054 2598 ac
1099 2560 1203 2614 per
1232 2542 1450 2614 gradus
1479 2541 1747 2596 incedere
1779 2539 2012 2595 animus
2042 2543 2168 2606 est;

529 2630 894 2702 generaliora
922 2631 1266 2702 precedent,
1301 2646 1364 2685 ac
1396 2646 1596 2685 corum
1630 2645 1827 2692 causa,
1884 2628 1984 2698 qui
2043 2632 2174 2697 post

536 2723 809 2774 Severum
844 2723 1073 2774 aetatem
1106 2717 1240 2772 libri
1290 2717 1597 2785 collocant,
1625 2733 1690 2772 eo
1721 2723 2000 2788 regnante
2043 2733 2177 2770 con-

530 2807 825 2877 signatum
856 2823 985 2862 esse
1015 2807 1531 2861 demonstrabitur.
1594 2803 1911 2877 Specialior
1963 2821 2170 2877 seque-

529 2899 630 2952 tur
657 2895 1013 2967 disquisitio,
1037 2911 1104 2950 ac
1134 2895 1554 2966 impedimenta
1584 2898 1794 2950 cuncta
1824 2893 2173 2948 indubitatis

531 2983 897 3056 argumentis
929 2983 1398 3038 removebantur.
1459 2983 1674 3039 Ultimo
1730 2982 1858 3039 loco
1915 2983 1987 3038 de
2044 2983 2170 3054 ipso

534 3089 687 3128 anno
717 3071 1162 3128 deliberabitur.

605 3198 732 3265 §X.
765 3196 1092 3268 Imperante
1118 3199 1321 3252 Severo
1377 3212 1524 3267 opus
1584 3195 1694 3251 hoc
1749 3194 2171 3252 Tertullianum

535 3284 958 3357 composuisse,
1017 3301 1151 3339 cum
1209 3283 1321 3339 loci
1387 3283 1627 3356 quidam
1660 3283 1775 3354 jam
1808 3300 1987 3356 supra
2017 3301 2050 3338 a
2081 3299 2173 3338 me

535 3372 798 3443 indicati,
848 3377 975 3428 tum
1034 3373 1084 3429 is
1144 3388 1315 3443 quem
1374 3389 1530 3428 nunc
1588 3371 1836 3428 recitabo
1894 3371 2169 3428 declarat.

537 3484 567 3513 «
600 3465 904 3529 Caeterum,
937 3461 1130 3533 inquit
1161 3464 1309 3533 (cap.
1341 3462 1396 3528 5,
1428 3478 1484 3533 p.
1517 3461 1664 3532 294),
1699 3461 1770 3516 de
1826 3465 1912 3516 tot
1966 3460 2173 3517 exinde

537 3551 903 3622 principibus
931 3551 1002 3605 ad
1032 3549 1403 3616 hodiernum,
1432 3549 1690 3605 divinum
1725 3549 2172 3621 humanumquo

537 3638 920 3711 sapientibus,
951 3638 1102 3695 edite
1133 3639 1386 3710 aliquem
1417 3638 1832 3694 debellatorem
1889 3637 2172 3693 Christia-

537 3743 768 3784 norum.
806 3749 834 3778 «
865 3727 1141 3799 Eum,qui
1170 3732 1297 3782 tum
1328 3744 1420 3782 res
1449 3727 1679 3799 imperii
1703 3727 2172 3796 administrabat,

536 3815 597 3872 in
623 3816 989 3890 principibus
1022 3817 1282 3872 divinum
1315 3816 1761 3887 humanumque
1786 3815 2171 3887 sapientibus,

537 3921 640 3962 seu
675 3905 979 3978 utriusque
1001 3905 1154 3977 juris
1184 3922 1249 3961 ac
1278 3905 1602 3962 litterarum
1630 3905 1830 3976 peritis
1877 3910 2171 3960 numerat.

535 3995 744 4067 Excipe
800 3996 1117 4062 Severum;
1171 4000 1226 4051 et
1273 3994 1467 4051 nullus
1500 3995 1610 4051 erit
1639 3995 2083 4066 imperatorum,
2115 3994 2173 4050 in

536 4101 711 4156 quem
741 4083 863 4140 haec
893 4084 1260 4141 conveniunt.
1295 4089 1408 4140 Aut
1437 4085 1816 4153 Commodus,
1849 4088 1950 4139 aut
1995 4085 2172 4139 Cara-

534 4173 704 4242 calla,
761 4190 1010 4243 quorum
1060 4173 1157 4230 ille
1198 4178 1351 4242 ante,
1386 4173 1480 4229 hic
1513 4179 1645 4246 post
1673 4189 1806 4229 eum
1836 4173 1959 4229 orbi
1991 4177 2172 4228 terra-

534 4279 666 4317 rum
696 4263 945 4335 praefuit,
979 4263 1374 4320 nominandus
1414 4267 1521 4319 est.
1580 4262 1850 4318 Pertinax
1904 4261 2060 4317 enim
2117 4265 2175 4317 et

530 4350 931 4424 Julianus,qui
957 4353 1159 4425 paucis
1191 4356 1416 4408 tantum
1449 4352 1658 4408 diebus
1689 4351 1961 4407 defuncto
1999 4350 2172 4408 Com-

532 4443 706 4499 modo
735 4443 1038 4516 fastigium
1061 4443 1171 4499 hoc
1189 4441 1591 4508 tenuerunt,in
1610 4441 1766 4497 hunc
1787 4458 2028 4498 censum
2055 4459 2172 4498 non

521 4531 786 4587 veniunt.
821 4536 890 4586 At
920 4530 1143 4603 quales,
1178 4548 1395 4604 quaeso,
1428 4530 1512 4585 illi
1546 4547 1695 4602 quos
1725 4529 1841 4586 dixi
1863 4530 1891 4585 ‘2
1933 4534 2049 4586 Nec
2080 4532 2170 4586 di-

2283 1942 2408 1993 tum
2442 1939 2721 2010 scriptum
2755 1956 2883 1995 esse
2913 1939 3127 1995 librum
3153 1941 3838 1998 demonstrabimus.Fiet
3867 1943 3927 1998 id

2283 2043 2391 2098 ope
2422 2027 2531 2082 loci
2564 2027 2762 2098 hujus,
2817 2044 2988 2100 quem
3042 2029 3302 2085 exhibeo.
3355 2030 3510 2084 Nihil
3559 2046 3817 2104 unquam
3864 2032 3926 2087 in

2285 2115 2615 2188 principum
2665 2118 2856 2188 capita
2905 2117 3136 2173 molitos
3179 2135 3308 2174 esse
3359 2124 3526 2175 sectas
3585 2119 3928 2175 Christianae

2285 2205 2474 2259 socios
2505 2205 2644 2260 dum
2676 2206 2766 2260 vir
2795 2206 3135 2277 ingeniosus
3165 2208 3482 2276 contendit,
3517 2208 3599 2263 sic
3633 2208 3785 2264 inter
3814 2208 3930 2264 alia

2284 2291 2569 2348 exclamat
2602 2295 2747 2366 (cap.
2781 2295 2872 2361 35,
2903 2296 3128 2365 p.3000)
3163 2312 3174 2350 :
3209 2319 3235 2345 ‹‹
3272 2295 3433 2352 Unde
3462 2296 3648 2352 Cassii
3677 2301 3733 2352 et
3763 2298 3925 2370 Nigri

2283 2386 2340 2436 et
2369 2381 2609 2437 Albini?
2641 2382 2803 2438 Unde
2833 2383 2931 2454 qui
2991 2383 3143 2439 inter
3196 2386 3342 2439 duas
3394 2384 3593 2440 lauros
3651 2385 3926 2441 obsident

2283 2471 2607 2526 Caesarem?
2658 2473 2732 2527 De
2781 2473 3076 2542 Romanis,
3109 2473 3219 2528 nisi
3256 2473 3440 2539 fallor,
3472 2473 3530 2529 id
3562 2478 3673 2539 est,
3706 2475 3776 2529 de
3807 2492 3925 2530 non

2282 2560 2649 2616 Christianis.
2683 2582 2710 2610 »
2741 2561 3034 2617 Praterita
3073 2562 3303 2634 imperii
3361 2562 3515 2618 mala
3573 2563 3926 2634 praesidibus

2282 2648 2341 2702 in
2374 2649 2714 2704 memoriam
2749 2649 2855 2704 hoc
2883 2649 3009 2705 loco
3037 2654 3282 2717 revocat,
3299 2650 3926 2724 periculaque,quibus

2281 2736 2661 2807 imperatores
2694 2737 2934 2793 feliciter
2964 2739 3222 2795 defuncti
3253 2739 3392 2808 sint,
3425 2747 3704 2797 recenset.
3737 2741 3799 2796 In
3831 2741 3927 2797 his

2283 2826 2570 2898 praecipue
2599 2826 2916 2882 tumultum
2942 2828 3013 2883 ab
3038 2827 3238 2884 Albino
3268 2829 3578 2885 excitatum
3612 2835 3920 2887 memorat.

2283 2916 2366 2968 Ad
2397 2913 2702 2968 certiorem
2737 2914 2934 2986 itaque
2965 2915 3272 2970 scientiam
3307 2915 3388 2970 nil
3420 2915 3676 2987 amplius
3733 2916 3927 2988 requi-

2282 3002 2450 3068 ritur,
2504 3018 2680 3072 quam
2739 3008 2824 3072 ut,
2879 3020 2994 3075 quo
3055 3021 3206 3059 anno
3266 3004 3561 3060 Albiniani
3593 3004 3652 3060 hi
3677 3008 3923 3062 conatus

2282 3092 2600 3162 compressi
2624 3091 2762 3160 sint,
2796 3091 3218 3164 disquiramus.

2352 3197 2534 3270 §Xll.
2571 3197 2874 3253 Enimvero
2933 3197 3062 3253 novi
3123 3197 3216 3252 hic
3268 3197 3566 3254 circuitus.
3629 3197 3925 3255 Dissident

2284 3287 2596 3359 ii,quorum
2631 3303 2904 3358 magnam
2938 3285 2995 3341 in
3028 3287 3116 3341 his
3149 3287 3324 3343 rebus
3353 3287 3756 3344 auctoritatem
3788 3305 3920 3346 esse

2281 3374 2620 3448 paucissimi
2653 3375 2936 3445 ignorant.
2972 3374 3191 3430 Unicus
3222 3382 3414 3430 tamen
3447 3393 3640 3431 annus
3686 3381 3916 3432 tantum

2281 3481 2378 3520 eos
2433 3463 2710 3534 seiungit.
2770 3461 2962 3517 Placet
3018 3461 3110 3517 his
3156 3479 3292 3517 ann.
3327 3462 3582 3532 CXCVII,
3615 3462 3746 3519 aliis
3777 3479 3918 3519 ann.

2281 3551 2568 3610 CXCVIII.
2604 3551 2738 3618 Nos,
2772 3551 2987 3623 quibus
3033 3550 3279 3624 aliquid,
3332 3553 3487 3623 quod
3548 3553 3619 3607 ad
3681 3568 3918 3608 causam

2281 3655 2515 3697 omnem
2548 3639 2977 3694 discutiendam
3008 3639 3276 3710 pertinet,
3311 3638 3752 3710 praetermittere
3782 3636 3924 3693 reli-

2283 3731 2377 3802 gio
2410 3733 2519 3796 est,
2552 3727 2898 3783 indubitatis
2928 3727 3278 3798 rationibus,
3309 3726 3445 3798 quid
3497 3725 3710 3781 sentire
3756 3742 3928 3797 opor-

2281 3823 2420 3887 teat,
2481 3817 2840 3872 docebimus.
2901 3817 3063 3882 Quod
3116 3833 3182 3872 eo
3237 3815 3472 3887 quidem
3498 3814 3776 3870 libentius
3808 3813 3931 3885 ﬁet,

2285 3906 2563 3979 quoniam
2591 3906 2783 3963 omnis
2804 3905 2926 3962 haec
2949 3905 3297 3977 disceptatio
3319 3905 3389 3960 de
3408 3904 3759 3977 Apologelici
3778 3919 3933 3958 anno

2283 4014 2350 4052 ex
2379 3996 2487 4052 hoc
2519 3994 2748 4068 negotio
2780 3994 3360 4066 pendet.Pervulgata
3393 3992 3554 4065 prior
3583 3995 3674 4048 est
3704 3991 3929 4063 opinio,

2283 4103 2459 4158 quam
2493 4085 2786 4158 plerisque
2809 4085 3088 4140 fastorum
3117 4085 3446 4140 conditores
3480 4083 3625 4155 (Vid.
3651 4081 3921 4153 Onuphr.

2283 4174 2618 4246 Panvinius,
2649 4176 2858 4231 Faster.
2891 4174 3099 4230 consul.
3135 4192 3190 4246 p.
3245 4174 3369 4244 241,
3433 4171 3689 4228 Heidelb.
3742 4171 3921 4240 1588),

2281 4265 2469 4320 Caesar
2500 4263 2782 4320 Baronius
2806 4264 3122 4334 (Annalium
3153 4268 3294 4319 tom.
3329 4263 3398 4330 ΙΙ,
3429 4261 3497 4316 ad
3525 4278 3658 4316 ann.
3713 4259 3918 4327 CXCIX,

2281 4368 2346 4419 ιι,
2407 4369 2448 4421 ι,
2506 4368 2561 4422 p.
2621 4351 2789 4420 293(;
2851 4351 3051 4406 Franc.
3087 4350 3502 4407 Mediobarbus
3535 4349 3613 4419 (in
3643 4348 3919 4404 Numism.

2281 4442 2473 4512 imper.
2505 4440 2709 4512 p.271,
2743 4439 2992 4495 Medinb.
3030 4441 3186 4512 1683)
3215 4458 3228 4509 ;
3278 4437 3695 4496 celeberrimus
3749 4435 3920 4492 Tille-

2282 4530 2542 4585 montius
2600 4530 2867 4599 (Histoire
2921 4529 3012 4584 de:
3068 4531 3287 4602 Emper.
3349 4532 3491 4584 tom.
3561 4527 3662 4594 III,
3695 4529 3844 4598 part.
3879 4541 3918 4592 ι,

517 4621 744 4688 vinum,
777 4637 882 4676 nec
907 4621 1234 4677 humanum
1280 4619 1594 4692 sapientes,
1647 4618 1922 4675 belluinis
1963 4621 2160 4676 verius
2199 4607 2245 4670 D
2278 4637 2332 4692 p.
2365 4619 2435 4671 72
2465 4623 2520 4674 et
2549 4636 2606 4690 p.
2641 4618 2765 4688 404)
2797 4617 3246 4690 compluresque
3277 4617 3376 4674 alii
3425 4620 3687 4673 tuentur.
3750 4614 3816 4670 Hi
3872 4613 3922 4670 si

519 4725 697 4781 quam
747 4709 1025 4766 humanis
1071 4711 1334 4767 moribus
1357 4709 1603 4783 przediti,
1637 4709 2015 4782 ﬂagitiorum,
2050 4728 2163 4766 non

516 4797 849 4854 litterarum
884 4799 1283 4855 scientissimi.
1311 4799 1562 4855 Multum
1594 4816 1625 4855 e
1675 4800 1966 4855 contrario
2015 4805 2161 4856 tem-

514 4885 674 4958 poris
707 4887 765 4941 in
800 4887 1171 4944 addiscendis
1202 4889 1429 4944 artibus
1457 4893 1702 4944 Severus
1729 4888 2112 4944 collocaverat
2143 4907 2156 4944 :

516 4996 545 5025 «
576 4973 968 5048 Philosophiae
1016 4993 1080 5033 ac
1124 4977 1353 5033 dicendi
1407 4977 1620 5033 studiis
1673 4976 1818 5032 satis
1869 4978 2157 5045 deditum,

513 5063 792 5119 doctrinis
847 5081 1078 5136 quoque
1136 5065 1314 5122 nimis
1371 5066 1674 5138 cupidum,
1722 5088 1750 5117 »
1812 5066 2159 5138 Spartianus

513 5155 656 5225 (Vita
704 5151 909 5225 Severi,
955 5171 1082 5225 cap.
1121 5155 1205 5224 18,
1241 5173 1297 5226 p.
1332 5155 1454 5227 154)
1484 5159 1654 5211 vocat
1683 5172 1695 5209 :
1731 5155 1996 5210 ardorem
2030 5155 2156 5224 ejus

508 5245 565 5297 et
619 5239 974 5298 industriam
1036 5243 1137 5299 Dio
1195 5245 1591 5311 commendat,
1638 5243 1773 5298 licet
1805 5243 1873 5298 ad
1909 5259 1994 5309 ea,
2027 5259 2154 5314 quae

2277 4708 2483 4779 majori
2518 4707 2772 4763 rationes
2795 4724 2933 4762 suas
2966 4707 3257 4764 industria
3289 4706 3702 4774 munivissent,
3736 4702 3923 4758 invio-

2273 4797 2421 4852 latas
2449 4796 2574 4852 sine
2603 4796 2779 4851 dubio
2813 4813 2875 4851 ac
2907 4801 3089 4852 tectas
3134 4801 3596 4853 conservassent.
3643 4792 3923 4850 Munivis-

2271 4892 2403 4942 sent
2461 4903 2613 4948 vero,
2667 4891 2731 4940 ut
2760 4885 2986 4956 opinor,
3020 4886 3069 4940 si
3101 4903 3452 4957 quemquam
3487 4890 3605 4940 tam
3638 4883 3918 4939 audacem

2271 4977 2391 5030 fore
2424 4979 2753 5046 putassent,
2787 4979 2850 5028 ut
2880 4991 2978 5029 eas
3002 4980 3328 5046 pervertere
3359 4992 3424 5030 ac
3458 4975 3696 5045 rejicere
3745 4987 3917 5026 cona-

2270 5071 2448 5119 retur.
2509 5065 2624 5135 Ego
2684 5063 2809 5120 sine
2851 5064 3010 5119 omni
3041 5079 3204 5119 mora
3235 5064 3305 5119 iis
3337 5081 3427 5120 me
3457 5065 3756 5119 addictum
3788 5076 3918 5116 esse

2269 5153 2559 5223 proﬁteor.
2585 5152 2762 5220 Cujus
2793 5152 3019 5207 consilii
3055 5153 3650 5224 rationes,antequam
3687 5165 3912 5217 eorum,

2267 5243 2365 5314 qui
2399 5259 2563 5298 secus
2595 5242 2879 5309 sentiunt,
2921 5246 3270 5313 apparatum
3321 5241 3635 5313 disjiciam,
3685 5238 3912 5312 exposi-

507 5334 703 5386 mente
733 5337 1095 5403 conceperat,
1123 5332 1180 5387 in
1233 5349 1406 5389 usum
1456 5333 1799 5388 deducenda
1847 5349 1960 5387 non
2011 5332 2153 5387 adeo
2263 5331 3201 5389 turussum.Fundamentisenim
3224 5330 3674 5402 computationis
3701 5333 3911 5385 nostris

505 5424 682 5492 aptus
708 5419 901 5476 fuerit.
935 5421 1099 5476 Hunc
1132 5421 1408 5478 nimirum
1442 5423 1910 5491 verborum,quie
1942 5421 2153 5476 exscri-

503 5509 661 5564 bam.
695 5525 934 5565 sensum
978 5526 1103 5565 esse
1153 5510 1359 5581 opinor
1409 5510 1532 5581 (lib.
1594 5527 1746 5575 xxvx,
1804 5511 1868 5564 in
1898 5509 2146 5580 Excerpt.

501 5598 731 5651 Peiresc
781 5598 852 5652 ab
895 5596 1065 5652 Henr.
1096 5597 1327 5654 Valesio
1351 5599 1488 5654 edit.
1524 5616 1578 5667 p.
1617 5598 1737 5663 110,
1769 5597 1953 5666 Paris,
1989 5599 2145 5670 1634,

505 5681 676 5754 ill-4°)
710 5699 723 5738 :
759 5679 1009 5745 Παιδείας
1062 5684 1157 5757 μὶν
1215 5684 1316 5760 γὰρ
1377 5683 1632 5758 ἐπεθύμει
1692 5680 1976 5759 μᾶλλονῆ
2031 5685 2151 5742 ἐπε-

2263 5421 2559 5488 indicatis,
2587 5420 2815 5477 facilius
2839 5420 3208 5491 judicabitur
3237 5421 3392 5493 quod
3442 5419 3693 5493 pretium
3746 5417 3910 5473 alteri

2262 5513 2337 5568 sit
2368 5509 2966 5568 statuendum.Primo
2999 5509 3262 5566 omnium
3288 5510 3397 5565 hoc
3429 5507 3724 5564 observari
3759 5505 3907 5574 volo,

2259 5618 2375 5656 non
2417 5600 2766 5656 diuturnum
2828 5599 3200 5655 Albinianum
3265 5599 3446 5654 fuisse
3503 5596 3745 5663 bellum,
3805 5596 3905 5650 sed

2258 5689 2438 5748 altero
2486 5706 2638 5746 anno
2670 5693 2949 5762 coeptum,
2978 5688 3159 5747 altero
3183 5687 3543 5748 absolutum.
3579 5685 3806 5757 Magnis
3834 5701 3899 5740 ac
