4264 6364
347 357 456 418 6%!

1067 355 1169 415 DE
1211 353 1496 416 ETATE
1540 351 2057 414 APOLOGETICI
2103 351 2491 413 MOSHEMII
2536 353 3035 424 DISQUISITIO.

3638 358 3759 420 622

344 486 636 545 festinatis
666 486 975 542 itineribus
1004 485 1062 541 in
1094 484 1345 541 Galliam
1378 501 1445 540 ex
1474 483 1714 540 Orionte
1747 484 1997 539 Severus
2026 488 2079 552 Α
2110 485 2328 539 candas
2359 485 2737 555 essejubent,
2770 487 2870 542 sed
2904 487 2985 541 ita
3018 491 3342 553 ta11tum,ut
3373 488 3562 546 tribus
3586 492 3759 547 annis

344 576 667 633 advolabat.
717 576 931 631 Aderat
978 578 1035 631 et
1083 574 1285 631 statim
1336 572 1523 629 hostis
1576 572 1845 629 Albinus.
1881 572 1997 628 Nec

339 684 502 722 mora
531 684 543 733 ;
577 666 1133 737 congrediuntur,ac
1165 662 1604 719 velitationibus
1638 661 1995 734 quibusdam

343 755 414 810 de
446 771 680 810 summa
712 755 793 810 rei
826 752 1099 825 publicae,
1131 752 1287 807 haud
1343 751 1578 822 quidem
1631 750 1711 805 ita
1746 750 1998 823 magnis,

344 846 666 900 decertant.
711 843 964 914 Ancipiti
1000 842 1162 897 initio
1204 847 1388 897 marte
1420 840 1815 912 pugnabatur,
1848 857 1911 895 ac
1941 841 1995 893 in

343 950 507 1005 spem
540 933 794 989 victoriis
826 932 1067 987 Albinus
1090 933 1217 1002 jam
1249 935 1478 986 erectus
1510 935 1653 985 erat.
1686 929 1792 983 Sed
1825 929 1996 1001 paulo

342 1027 473 1094 post
505 1020 695 1078 fatalis
731 1038 796 1077 ac
828 1022 1150 1077 decretoria
1182 1036 1361 1092 prope
1413 1018 1763 1091 Lugdunum
1801 1034 1998 1089 pugna

342 1112 434 1167 die
465 1128 520 1167 χι
554 1111 679 1167 Kal.
716 1110 980 1174 Martias,
1027 1111 1235 1166 Severo
1266 1107 1591 1175 victoriam,
1626 1106 1829 1162 Albino
1862 1107 1997 1161 affe-

343 1203 509 1257 rebat
540 1199 869 1256 interitum.
902 1201 1139 1265 Omnes,
1172 1215 1321 1270 quos
1351 1197 1660 1264 habemus,
1684 1196 1996 1268 scriptores

343 1294 554 1347 cuncta
584 1290 703 1345 hinc
730 1289 889 1345 brevi
923 1293 1180 1360 tempore
1203 1292 1388 1360 gesta,
1410 1303 1512 1342 nec
1542 1284 1787 1341 ulterius
1820 1302 1997 1356 quam

342 1378 400 1435 in
434 1379 682 1435 alterum
724 1394 945 1433 annum
994 1380 1283 1448 protracta
1331 1392 1480 1443 esse,
1538 1378 1846 1429 testantur.
1885 1374 1997 1429 Nec

344 1470 497 1541 quod
531 1468 713 1538 excipi
761 1468 949 1538 possit
980 1467 1098 1521 ullo
1155 1467 1325 1521 modo
1386 1464 1663 1533 intelligo.
1713 1463 1864 1529 Jam,
1895 1479 1999 1517 cur

344 1558 491 1613 duos
525 1558 698 1612 hosce
747 1572 933 1611 annos
983 1554 1183 1610 CXCVI
1238 1560 1293 1608 et
1342 1554 1575 1608 CXCVII
1630 1569 1755 1608 esse
1801 1551 1994 1606 velim.

343 1646 558 1717 accipe.
590 1645 723 1699 Tria
758 1645 813 1699 in
847 1645 1027 1699 aciem
1063 1648 1412 1715 argumenta
1434 1644 1677 1696 educam
1706 1658 1715 1696 :
1756 1646 1997 1695 Pescen-

341 1736 505 1790 nium
537 1734 798 1805 Nigrum,
831 1734 1080 1789 alterum
1114 1732 1304 1787 Severi
1336 1731 1635 1798 aemulum,
1670 1747 1807 1784 ann.
1833 1728 1995 1783 CXIV

338 1825 553 1879 victum
581 1825 813 1895 vitaque
843 1824 1133 1895 privatum
1168 1838 1316 1889 esse,
1338 1821 1437 1891 qui
1472 1821 1528 1873 in
1564 1820 1809 1873 dubium
1835 1822 1995 1872 vocet

347 1916 451 1968 aut
497 1928 703 1967 vocare
754 1911 959 1982 possit,
1013 1911 1212 1965 nullus
1274 1915 1382 1964 est.
1428 1909 1581 1965 552
1630 1908 1753 1962 Non
1808 1905 1991 1962 multo

346 2017 483 2056 vero
513 2004 644 2072 post
683 2000 740 2054 in
801 1998 1048 2055 Galliam
1106 2004 1352 2054 Severus
1403 1998 1645 2052 sicarios
1705 1997 1989 2065 mittebat,

354 2098 475 2171 qui,
514 2116 583 2154 ne
614 2114 789 2171 quem
845 2102 1105 2169 augustas
1164 2096 1470 2167 dignitatis
1530 2111 1699 2167 porro
1757 2093 1993 2148 haberet

346 2188 593 2258 socium,
630 2187 902 2242 Albinum
936 2187 1005 2241 de
1032 2186 1223 2241 medio
1256 2185 1542 2240 tollerent.
1578 2188 1793 2237 Praetor
1826 2182 1991 2236 Hero-

344 2276 589 2332 dianum
619 2277 936 2349 (Historiar.
995 2275 1095 2332 lib.
1130 2293 1215 2341 ιιι,
1276 2291 1325 2329 c.
1355 2276 1409 2341 5,
1446 2291 1497 2344 p.
1561 2289 1639 2327 m.
1678 2272 1820 2339 133),
1865 2270 1995 2341 ipsa

343 2365 539 2421 Severi
570 2366 640 2419 ad
683 2364 957 2420 Albinum
1019 2363 1285 2435 epistola,
1337 2378 1514 2433 quam
1549 2358 1994 2432 percussoribus

341 2454 395 2511 ei
427 2455 783 2509 reddendam
821 2452 1159 2518 tradiderat,
1218 2453 1372 2524 apud
1422 2449 1813 2522 Capitolinum
1865 2450 1990 2519 (l’it.

345 2543 424 2598 Cl.
459 2544 668 2609 Albini,
710 2559 759 2597 c.
788 2544 842 2609 7,
875 2560 929 2614 p.
962 2542 1088 2613 212)
1154 2542 1259 2596 hoc
1291 2540 1621 2595 confirmat.
1673 2543 1841 2592 Anno
1892 2535 1994 2590 mi-

341 2632 567 2687 nimum
603 2635 731 2704 post
761 2631 922 2699 Nigri
956 2631 1198 2686 exitium
1233 2629 1385 2684 hanc
1415 2630 1715 2683 exaratam
1748 2638 1992 2691 esse,ve|

338 2720 482 2777 levis
513 2721 639 2790 ejus
674 2719 959 2791 inspectio
1006 2720 1212 2773 docere
1246 2723 1456 2789 potest.
1506 2719 1759 2769 Eventus
1790 2728 1995 2783 exspe-

342 2809 584 2865 ctationi
631 2809 1003 2881 imperatoris
1058 2823 1188 2862 cum
1239 2823 1351 2862 non
1402 2804 1797 2876 responderet,
1849 2802 1996 2856 insi—

342 2899 569 2970 diisque
600 2903 949 2969 comparatas
983 2900 1407 2967 retegerentur,
1446 2894 1692 2948 Albinus
1720 2891 1996 2947 continuo

346 3003 511 3043 arma
543 2988 602 3041 in
632 2987 907 3041 Severum
939 2984 1225 3055 capiebat.
1261 2983 1314 3038 Is
1348 2982 1551 3037 nuntio
1603 2981 1710 3035 hoc
1765 2983 1999 3049 accepto

346 3075 428 3129 nil
461 3074 645 3146 quieti
692 3074 951 3128 dandum
1014 3088 1142 3127 esse
1191 3071 1475 3142 putabat;
1509 3070 1609 3124 sed
1661 3067 1920 3122 collectis
1968 3081 1997 3121 e

347 3163 615 3234 vestigio,
649 3179 776 3233 quas
810 3167 1095 3232 poterant,
1130 3159 1311 3229 copiis
1343 3157 1668 3213 incredibili
1700 3156 1998 3211 celeritate

350 3250 410 3305 in
443 3251 712 3315 Galliam,
748 3266 866 3321 qua
905 3248 1084 3303 animi
1138 3252 1262 3302 erat
1310 3245 1696 3310 vehementia,
1732 3257 1999 3313 propera-
2029 3222 2072 3289 (ἶ

350 3340 471 3404 hat,
502 3339 898 3409 Albinumque
931 3336 1327 3393 adoriebatur.
1365 3335 1443 3390 Ne
1474 3332 1732 3405 Byzantii
1763 3331 2000 3403 quidem

352 3434 687 3501 exspectare
733 3426 961 3482 volebat
1018 3423 1531 3497 expugnationem.
1568 3417 1740 3480 Αὐτὸς
1772 3416 1827 3472 δὲ
1852 3463 1864 3485 ,
1898 3419 2001 3473 im-

356 3518 489 3590 quit
518 3519 588 3572 de
620 3534 686 3573 eo
736 3516 1102 3571 Herodianus
1160 3514 1321 3579 (Hist.
1386 3511 1421 3565 I.
1480 3527 1561 3578 111,
1594 3527 1643 3565 ο.
1676 3512 1731 3573 6,
1766 3527 1822 3579 p.
1880 3509 2004 3577 139)

353 3616 453 3682 τῆς
488 3611 618 3667 ὀδοῦ
643 3610 847 3687 εἷ’χετο,
886 3608 1158 3684 μηδεμίαν
1211 3609 1420 3683 ἀνοχὴν
1459 3604 1776 3674 ἀναπαύλης
1826 3601 2007 3664 διδοὺς

358 3705 497 3776 μήτι
546 3703 759 3775 ἑορταῖς
814 3702 951 3774 μήτε
998 3698 1264 3772 καμάτοις
1299 3740 1313 3766 ,
1356 3696 1553 3772 κρύους
1616 3694 1705 3749 καὶ
1766 3693 2005 3757 θάλπους

357 3790 566 3865 ὁμοίως
593 3789 968 3867 καταφρόνων.
1003 3814 1030 3840 ‹‹
1068 3792 1196 3861 Ipse
1243 3788 1352 3843 iter
1395 3788 1643 3842 faciebat
1674 3787 1800 3840 sine
1831 3785 2007 3840 inter-

360 3883 665 3948 missione,
700 3896 885 3952 neque
935 3881 1112 3934 festos
1162 3878 1310 3945 dies,
1362 3892 1551 3947 neque
1598 3875 1828 3929 labores
1859 3873 2011 3928 ullos

362 3987 715 4044 magnopere
747 3985 983 4039 curans,
1016 3968 1231 4038 algoris
1279 3970 1455 4036 atque
1486 3968 1661 4019 aestus
1702 3965 1872 4034 juxta
1905 3979 2009 4033 pa-

363 4061 535 4117 tiens.
584 4080 607 4111 »
659 4060 818 4114 Hanc
872 4057 973 4130 qui
1023 4055 1458 4112 festinationem
1511 4052 1860 4117 considerat,
1898 4067 2009 4105 non

362 4153 576 4222 potest,
610 4148 750 4221 quin
797 4165 933 4202 ann.
995 4144 1203 4201 CXCVI
1261 4143 1520 4207 initium,
1583 4158 1720 4195 ann.
1781 4140 2013 4196 CXCVII

362 4239 537 4294 finem
573 4238 866 4293 Albiniani
900 4235 1032 4291 belli
1066 4236 1283 4289 factum
1317 4248 1444 4287 esse
1496 4231 1837 4285 constituat.
1874 4231 2011 4283 Insi-

361 4328 620 4384 diatores
652 4327 970 4382 concedam
1005 4340 1142 4379 ann.
1178 4321 1358 4378 CXCV
1390 4318 1693 4391 ablegatos
1716 4335 1759 4372 a
1804 4323 2011 4372 Severo

363 4433 510 4473 esse.
548 4424 713 4472 Anno
747 4415 854 4470 hoc
888 4430 1033 4486 pene
1074 4412 1237 4466 finit-1
1269 4427 1368 4466 eos
1402 4409 1457 4463 in
1511 4407 1765 4463 facinore
1805 4408 2011 4478 depre-

362 4505 575 4561 hensos
606 4521 734 4561 esse
764 4504 1109 4574 adjungam.
1168 4498 1425 4570 Denique
1476 4514 1613 4553 ann.
1656 4495 1861 4551 CXCVI
1886 4496 2013 4565 jam

2108 572 2219 629 sibi
2245 573 2696 630 succedentibus
2728 574 3127 631 continuatam
3181 578 3361 633 fuisse
3392 578 3759 636 obsidionem

2108 662 2386 730 indicent,
2422 662 2554 718 licet
2583 664 2849 720 fortassis
2882 665 3068 736 primo
3101 671 3348 722 exeunte
3398 674 3606 740 coepta,
3641 674 3754 726 ter-

2107 751 2188 806 tio
2235 751 2549 823 incipiente
2609 755 2862 823 perfecta
2918 754 3012 809 sit.
3076 754 3281 809 Modus
3336 756 3427 811 hic
3483 755 3758 828 loquendi

2106 841 2318 896 Graecis
2353 842 2671 896 admodum
2730 842 3039 898 familiaris
3097 849 3206 899 est.
3258 845 3382 899 Non
3415 846 3754 918 disputabo,

2107 930 2197 984 cui
2233 947 2384 985 anno
2415 930 2649 985 initium
2680 933 2808 1003 ejus
2840 933 3126 1002 assignari
3177 934 3403 1001 debeat,
3443 952 3583 990 num
3618 952 3756 991 ann.

2106 1018 2321 1076 CXCIII
2374 1025 2474 1074 aut
2526 1037 2662 1074 ann.
2716 1020 2923 1075 CXCIV
2973 1038 2985 1076 :
3043 1022 3283 1090 sufficit,
3345 1024 3501 1093 quod
3544 1023 3757 1080 iterum

2108 1108 2275 1163 Dioni
2326 1108 2608 1164 debemus
2641 1111 2799 1180 (Hist.
2851 1110 2953 1164 lib.
3020 1127 3198 1178 Lxx1v,
3260 1128 3315 1181 p.
3374 1111 3523 1183 844),
3584 1113 3758 1184 Nigro

2108 1198 2369 1253 nondum
2401 1198 2686 1253 exstincto
2722 1200 2925 1253 urbem
2985 1199 3168 1270 copiis
3237 1200 3421 1255 fuisse
3477 1201 3753 1257 cinctam.

2107 1296 2327 1352 Cecidit
2358 1297 2407 1353 is
2456 1314 2594 1367 ann,
2645 1298 2867 1353 CXCIV.
2922 1298 3046 1353 Sive
3099 1298 3304 1370 igitur,
3363 1301 3517 1370 quod
3576 1300 3759 1373 aliqui

2109 1386 2355 1452 faciunt,
2412 1386 2546 1441 finis
2579 1404 2716 1441 ann.
2774 1386 3008 1455 CXCIII,
3079 1388 3198 1442 sive
3255 1388 3557 1443 exordium
3616 1408 3754 1445 ann.

2107 1474 2319 1530 CXCIV
2374 1476 2734 1545 preferutur,
2795 1492 3028 1547 semper
3078 1476 3349 1532 vicimus.
3383 1477 3497 1532 Nec
3558 1482 3755 1534 tamen

2106 1580 2273 1633 nego,
2308 1564 2518 1618 melius
2566 1564 2733 1635 longe
2782 1581 2879 1619 eos
2934 1564 3175 1634 sentire,
3224 1565 3324 1636 qui
3358 1582 3501 1623 ann.
3542 1566 3754 1621 CXCIV

2106 1651 2351 1723 eligunt,
2404 1670 2467 1708 ac
2522 1653 2726 1708 multis
2775 1653 3009 1725 quidem
3050 1654 3120 1708 de
3162 1654 3380 1710 causis.
3422 1656 3589 1710 Cadit
3617 1671 3754 1727 ergo

2106 1741 2454 1811 expugnatio
2493 1741 2551 1795 in
2599 1759 2737 1796 ann.
2792 1742 3016 1797 CXCVI.
3066 1744 3339 1797 Nondum
3395 1759 3525 1798 vero
3559 1744 3616 1799 in
3651 1761 3755 1815 po-

2104 1831 2373 1883 testatem
2406 1829 2776 1900 imperatoris
2829 1830 2969 1884 urbs
3002 1830 3238 1885 redacta
3285 1835 3408 1885 erat
3437 1832 3494 1886 id
3529 1836 3755 1903 tempo-

2104 1917 2204 1984 ris,
2240 1934 2373 1972 cum
2404 1918 2611 1973 Albino
2632 1918 3329 1985 occurrebat,Herodiano
3361 1924 3509 1975 teste
3530 1920 3752 1991 (Hister.

2101 2006 2141 2059 l.
2179 2024 2260 2068 111,
2291 2023 2341 2061 c.
2386 2008 2440 2076 6,
2504 2024 2556 2077 p.
2596 2007 2736 2078 139).
2772 2007 2920 2074 Quin
2982 2007 3041 2061 in
3098 2006 3306 2063 itinere
3356 2007 3573 2065 Gallico
3623 2010 3751 2080 jam

2103 2096 2461 2149 constitutus
2493 2095 2673 2150 fuisse
2702 2096 2953 2166 videtnr,
2986 2112 3119 2151 cum
3148 2100 3391 2166 receptae
3416 2097 3580 2153 urbis
3606 2114 3751 2152 nun-

2104 2183 2223 2237 tius
2255 2183 2325 2237 ad
2358 2199 2492 2237 eum
2527 2184 2896 2255 perferretur.
2930 2185 3083 2241 543
3142 2186 3304 2250 Quod
3359 2186 3408 2239 si
3454 2201 3591 2256 ergo
3641 2187 3749 2259 By-

2103 2273 2276 2325 zantii
2310 2274 2635 2342 recuperati
2665 2278 2721 2327 et
2751 2273 3127 2344 profectionis
3158 2274 3440 2329 adversus
3468 2274 3746 2332 Albinum

2103 2376 2294 2415 annus
2326 2376 2480 2414 unus
2512 2359 2787 2432 idemque
2817 2365 2927 2425 est,
2965 2361 3062 2416 ille
3082 2378 3216 2417 vero
3248 2363 3576 2417 necessario
3608 2380 3748 2418 ann.

2102 2458 2306 2512 CXCVI
2332 2458 2429 2522 sit,
2463 2456 2725 2526 sequitur
2754 2459 2993 2514 omnino
3040 2448 3201 2513 annf
3228 2459 3454 2515 CXCVII
3486 2460 3750 2531 prrslium

2104 2547 2489 2618 Lugdunense
2520 2546 2905 2602 commissum
2935 2547 3205 2603 fuisse.Si
3237 2549 3309 2602 ad
3344 2549 3758 2605 ann.CXCVIII

2106 2634 2520 2706 progrediaris,
2581 2635 2949 2690 obsidionem
3009 2652 3127 2690 una
3198 2638 3580 2707 Byzantinam
3658 2654 3761 2708 per

2106 2730 2360 2794 quatuor
2394 2725 2639 2778 durasse
2670 2740 2856 2779 annos
2887 2724 3343 2793 confiteberis,id
3378 2726 3535 2795 quod
3568 2725 3761 2781 falsis-

2108 2813 2324 2867 simum
2360 2828 2487 2866 esse
2520 2828 2588 2865 ex
2620 2812 2799 2867 Dione
2832 2818 3081 2867 constat.
3115 2813 3437 2868 Maximum
3461 2818 3569 2881 est,
3605 2816 3761 2885 quod

2108 2907 2401 2971 postremo
2432 2900 2556 2954 loco
2589 2901 2851 2967 afferam,
2886 2907 3325 2973 argumentum.
3364 2902 3578 2974 Magna
3604 2905 3759 2973 apud

2108 2989 2419 3043 Gruterum
2480 2988 2744 3060 aliosque
2804 2990 3281 3061 inscriptionum,
3344 3006 3559 3061 magna
3605 2992 3760 3061 apud

2108 3076 2402 3142 Biragium
2438 3093 2776 3143 numorum,
2824 3077 2911 3131 vis
2964 3083 3070 3145 est,
3125 3095 3251 3148 qua;
3304 3082 3440 3132 natu
3477 3079 3757 3149 majorem

2110 3165 2300 3220 Severi
2331 3164 2536 3233 lilium,
2568 3165 2886 3220 Antonium
2934 3165 3289 3221 Caracallam
3345 3166 3556 3222 deinde
3587 3183 3757 3223 voca-

2112 3256 2259 3317 tum,
2313 3268 2464 3307 anno
2516 3254 2782 3308 CXCVIII
2833 3254 3081 3325 Augusti
3132 3256 3580 3311 condecoratum
3630 3273 3762 3312 esse

2111 3342 2282 3397 titulo
2339 3342 2522 3397 docet.
2558 3345 2682 3405 Qua
2738 3343 2976 3414 quidem
3009 3344 3285 3399 commoti
3334 3344 3547 3400 eruditi
3580 3345 3765 3401 homi-

2114 3446 2238 3495 nes,
2272 3429 2406 3484 licet
2437 3431 2507 3485 de
2538 3431 2631 3485 die
2663 3447 2982 3502 mensaque
3042 3431 3373 3504 disceptent
3428 3433 3575 3504 (Vid.
3625 3435 3762 3489 Ant.

2114 3519 2251 3591 Pagi
2289 3519 2425 3573 Crit.
2461 3521 2518 3573 in
2553 3522 2756 3575 Baron.
2802 3524 2843 3574 t.
2880 3520 2947 3590 ll,
2989 3521 3077 3576 ad.
3111 3538 3244 3575 ann.
3290 3521 3558 3593 CXCVIII,
3614 3540 3672 3577 n.
3706 3524 3764 3591 7,

2116 3624 2173 3679 p.
2208 3608 2278 3660 90
2309 3632 2322 3674 ς
2353 3610 2529 3661 Henr.
2582 3606 2867 3675 Norisius,
2927 3607 2991 3663 de
3053 3608 3192 3663 Votis
3240 3608 3531 3666 decennal.
3594 3612 3766 3682 impp.

2117 3712 2173 3766 p.
2206 3696 2271 3750 91
2309 3712 2335 3750 s
2363 3711 2376 3761 ;
2410 3695 2745 3750 Tillemont.
2781 3698 3020 3752 Histoire
3052 3697 3145 3752 de:
3201 3702 3425 3770 Emper.
3487 3704 3632 3755 tom.
3664 3700 3766 3769 III,

2118 3791 2261 3856 part.
2302 3801 2338 3839 1.
2375 3788 2498 3839 not.
2540 3783 2682 3850 XIX,
2714 3801 2815 3839 sur
2843 3786 3054 3851 Sévere,
3089 3803 3144 3858 p.
3178 3788 3326 3858 406),
3360 3789 3431 3843 de
3452 3788 3589 3843 anni
3620 3788 3767 3843 veri-

2118 3878 2234 3929 tate
2266 3890 2382 3927 non
2415 3873 2708 3939 dubitant,
2742 3890 2808 3929 ac
2840 3875 3235 3947 Spartianum,
3270 3876 3370 3947 qui
3403 3877 3458 3932 id
3493 3893 3644 3932 anno
3666 3881 3767 3945 CC,

2120 3963 2347 4017 decimo
2396 3963 2569 4017 tertio
2617 3962 2923 4018 Caracallae
2969 3981 3143 4031 anno,
3195 3966 3413 4020 factum
3466 3966 3649 4021 fuisse
3690 3964 3771 4021 ait

2122 4053 2250 4122 (Vit.
2283 4050 2489 4118 Severi,
2523 4067 2573 4105 c.
2610 4052 2697 4120 16,
2748 4068 2805 4122 p.
2844 4051 2987 4123 182),
3039 4054 3425 4108 deserendum
3485 4070 3612 4110 esse
3643 4071 3769 4109 mo-

2121 4144 2277 4195 nent.
2314 4141 2436 4204 Quo
2470 4139 2625 4194 hunc
2648 4140 2783 4210 jure
2817 4140 3268 4210 reprehendant,
3303 4158 3476 4213 quem
3511 4158 3615 4214 ego
3648 4142 3771 4214 qui-

2121 4230 2252 4283 dem
2286 4244 2401 4283 non
2432 4229 2502 4283 de
2535 4227 2704 4282 titulo
2734 4229 3012 4300 Augusti,
3071 4232 3171 4285 sed
3225 4231 3615 4303 imperatoris,
3648 4238 3771 4287 An-

2121 4318 2321 4373 tonino
2354 4334 2387 4370 a
2419 4316 2711 4372 militibus
2742 4316 3040 4389 imposito,
3094 4318 3337 4391 intelligi
3367 4322 3514 4376 forte
3563 4321 3772 4377 debere

2123 4406 2389 4476 conjicio,
2422 4422 2536 4460 non
2570 4406 2791 4461 laboro.
2829 4408 3023 4478 Ipsam
3056 4410 3407 4463 sententiam
3453 4415 3511 4465 et
3553 4410 3772 4481 ample-

2124 4499 2269 4560 ctor,
2319 4501 2376 4549 et
2434 4494 2615 4549 nullis
2673 4496 2996 4564 expositam
3056 4512 3186 4551 esse
3244 4497 3440 4553 dubiis
3497 4513 3772 4569 agnosco.

364 4611 567 4651 exorso
616 4594 697 4650 rei
762 4594 892 4664 ejus
941 4590 1244 4646 certiorem
1295 4589 1573 4643 Severum
1622 4601 1750 4641 esse
1793 4585 2011 4639 factum
2044 4594 2089 4658 D
2120 4583 2365 4656 Egregie
2393 4599 2527 4639 vero
2559 4600 2625 4639 ea
2651 4588 2862 4638 nostra:
2887 4586 3158 4639 subvenit
3191 4587 3295 4640 hoc
3327 4587 3451 4642 loco
3473 4591 3777 4659 computa-

364 4693 578 4749 dicam.
613 4692 773 4747 Intra
803 4690 958 4745 haud
994 4690 1076 4743 ita
1108 4686 1326 4742 multos
1357 4685 1482 4740 dies
1517 4700 1690 4741 morae
1713 4682 2017 4755 impatien-

366 4783 637 4837 tissimus
691 4780 1032 4852 imperator,
1093 4776 1194 4849 qui
1248 4775 1518 4831 currebat
1574 4773 1789 4844 potius,
1840 4788 2018 4843 quam

371 4870 871 4944 proﬁciscebatur,
905 4867 1155 4923 Galliam
1190 4870 1317 4936 post
1349 4864 1503 4918 hunc
1553 4862 1823 4917 nuntium
1859 4875 2020 4914 acce-

373 4965 537 5033 ptum
571 4960 859 5031 attingere
894 4956 1102 5029 potuit.
1136 4953 1305 5008 Aliud
1340 4970 1406 5006 ex
1450 4951 1773 5006 obsidionis
1809 4956 2021 5021 Byzan-

375 5051 511 5105 tina:
540 5055 801 5121 tempore
832 5045 1170 5118 prmsidium
1213 5043 1581 5114 parabimus.
1624 5040 1728 5095 Dio
1785 5039 2023 5094 Cassius

376 5138 557 5195 trium
612 5151 899 5193 annorum
965 5133 1173 5205 spatio,
1224 5129 1312 5183 ἐπὶ
1372 5125 1502 5183 ὅλον
1558 5134 1741 5201 τριετῆ
1800 5126 2024 5202 χρόνον,

376 5240 775 5308 oppugnatam
833 5252 866 5288 a
912 5234 1116 5287 Severo
1164 5229 1316 5285 hanc
1360 5229 1565 5283 urbem
1612 5226 1792 5282 fuisse
1824 5226 2027 5281 scribit

379 5327 542 5398 (Hist.
578 5324 676 5379 lib.
707 5339 893 5390 Lxx1v,
925 5338 982 5392 p.
1014 5320 1143 5387 845,
1175 5319 1267 5374 ed.
1300 5316 1564 5373 Francof.
1600 5317 1779 5384 1606).
1814 5315 2027 5371 Omnes

378 5415 462 5471 rei
491 5409 968 5480 circumstantiae,
1004 5409 1059 5463 id
1095 5408 1250 5480 quod
1282 5405 1657 5461 Tillemontio
1714 5406 1866 5476 (Voy.
1901 5410 2025 5461 Not.

379 5504 530 5571 XIV,
561 5520 662 5558 sur
690 5501 902 5565 Sévére,
946 5503 991 5553 t.
1046 5497 1143 5564 III,
1193 5498 1330 5551 Hist.
1377 5495 1469 5551 des
1517 5495 1755 5564 Emper.,
1806 5500 1953 5566 part.
1989 5512 2027 5565 1,

2130 4671 2293 4727 tioni.
2334 4674 2491 4727 Anno
2524 4672 2624 4743 qui
2658 4671 3050 4743 Lugdunense
3083 4673 3349 4745 praelium
3400 4679 3639 4731 secutus
3669 4680 3777 4746 est,

2130 4762 2411 4817 honorem
2446 4762 2601 4816 hunc
2632 4759 2938 4815 Caracallaz
2979 4778 3102 4817 esse
3137 4762 3401 4819 habitum
3450 4781 3519 4820 ex
3550 4764 3782 4821 histori-

2131 4850 2213 4905 cis
2243 4850 2449 4921 liquet.
2484 4849 2851 4904 Herodianus
2882 4850 3055 4921 paulo
3088 4857 3223 4907 ante
3254 4853 3583 4910 Parthicam
3617 4872 3783 4927 expe-

2133 4940 2413 4994 ditionem
2468 4940 2657 4994 Romas
2706 4940 2934 5001 (Hister.
2984 4939 3083 4995 lib.
3136 4958 3222 5012 ιιι,
3278 4957 3326 4996 c.
3383 4944 3435 4997 9.
3506 4960 3563 5014 p.
3628 4945 3779 5014 ‘48);

2132 5037 2498 5108 Spartianus,
2533 5040 2595 5091 ut
2652 5035 2839 5104 aiunt,
2891 5036 2950 5091 in
2982 5037 3215 5093 Oriente
3271 5038 3412 5095 illud
3468 5039 3785 5113 contigisse

2135 5128 2320 5182 docet.
2355 5125 2508 5181 Alias
2554 5126 2811 5181 rationes
2861 5130 3158 5198 praetereo.
3213 5127 3467 5199 Utraque
3498 5131 3789 5185 sententia

2136 5218 2194 5271 in
2229 5232 2382 5271 anno
2414 5214 2671 5269 CXCVIII
2706 5215 3027 5286 conspirat,
3063 5233 3177 5286 quo
3208 5217 3263 5271 in
3300 5217 3543 5272 Parthos
3600 5219 3787 5289 impe-

2137 5310 2295 5361 rator
2326 5305 2524 5360 movit.
2559 5305 2726 5375 Qupd
2759 5304 2807 5358 si
2846 5304 3047 5375 igitur,
3096 5305 3443 5361 imminente
3492 5308 3617 5377 jam
3652 5311 3790 5362 Par-

2136 5395 2294 5451 thico
2328 5393 2501 5462 bello,
2537 5410 2673 5448 ann.
2708 5392 2972 5449 CXCVIII
3021 5394 3310 5451 Antonius
3356 5395 3676 5466 imperator
3705 5414 3792 5453 sa-

2139 5486 2363 5539 lutatus
2395 5488 2504 5552 est,
2539 5482 2696 5538 nullo
2733 5484 2906 5537 modo
2941 5499 3092 5538 anno
3125 5483 3361 5539 CXCVII
3382 5483 3664 5541 occidisse
3696 5484 3793 5540 Al-

383 5611 441 5667 p.
473 5594 597 5661 401,
629 5592 754 5663 402)
798 5590 923 5661 jam
974 5587 1351 5643 observatum
1399 5600 1529 5641 esse
1579 5584 1768 5651 video,
1813 5601 1928 5639 non
1961 5584 2031 5638 de
2140 5572 2369 5637 binum,
2404 5571 2603 5642 negari
2638 5575 2850 5641 potest.

386 5682 671 5757 completo
703 5695 993 5740 annorum
1022 5674 1203 5733 trium
1233 5673 1450 5732 circulo
1499 5673 1606 5731 has
1638 5689 1802 5731 voces
1840 5673 2030 5747 expli-

2218 5676 2245 5742 §
2272 5670 2418 5729 XIII.
2454 5638 2736 5743 Equidem
2768 5669 2853 5728 sic
2884 5668 3249 5743 argumentis
3280 5669 3441 5730 hisce
3490 5638 3797 5748 compara-
