4264 6396
411 413 528 474 623

936 405 1468 469 TEHTULLIANI
1515 401 1839 466 OPERUM
1883 402 2085 462 PARS
2131 401 2179 460 Ι.
2213 433 2290 446 -
2323 401 2599 463 SERIES
2646 403 2697 478 I,
2741 402 3306 466 APOLOGETICA.

3714 408 3837 467 624

413 550 546 602 tum
577 559 706 601 esse
738 541 1008 611 arbitror,
1045 545 1109 595 ut
1139 554 1507 595 communem
1540 538 1612 591 de
1655 535 1851 590 Albini
1902 535 2067 590 clade
2099 541 2151 606 Α
2182 534 2421 589 tertium
2482 552 2704 592 annum
2767 539 3044 593 omnibus
3096 539 3568 612 repugnantibus
3615 539 3837 597 bellum

417 635 770 694 sententiam
807 630 1200 688 certissimam
1233 643 1362 684 esse
1393 628 1657 682 doceant.
1693 625 1751 681 Si
1783 641 1875 680 res
1908 623 2072 696 ﬂagi-

417 728 590 792 taret,
624 724 696 778 de
725 720 854 779 aliis
887 718 1175 776 addendis
1206 733 1395 773 essem
1420 715 1768 772 sollicitus.J
1776 731 1868 769 am
1891 713 2075 769 satius

421 828 552 869 esse
581 814 747 883 puto,
781 813 867 875 ut,
902 807 1041 880 quid
1074 823 1198 876 eos,
1249 807 1465 878 quibus
1496 805 1693 858 tritam
1749 802 2077 872 relinquere

416 901 573 957 viam
635 899 877 971 placuit,
939 895 1343 964 commoverit,
1420 892 1845 963 disquiramus.
1909 890 2079 946 Levia

419 994 578 1059 sunt,
613 1004 718 1043 nec
750 991 946 1042 tamen
979 985 1324 1041 omittenda.
1363 982 1527 1037 Dion.
1554 981 1823 1036 Petavius
1857 980 2077 1051 primas

420 1081 636 1134 teneat.
672 1075 909 1130 Initium
942 1076 992 1129 is
1022 1072 1342 1144 oppugnati
1368 1070 1625 1143 Byzantii
1651 1070 1719 1124 ad
1751 1068 2078 1124 ann.CXCV

421 1168 616 1224 refert.
651 1166 836 1230 Quam
899 1164 970 1218 ob
1005 1179 1125 1218 rem
1187 1160 1588 1216 necessarium
1652 1173 1887 1230 quoque
1948 1156 2078 1211 fuit.

420 1271 553 1312 cum
584 1253 834 1310 triennio
861 1251 1088 1308 obsidio
1122 1251 1236 1306 ista
1265 1249 1608 1304 continuata
1670 1247 1766 1315 sit,
1825 1250 1890 1300 ut
1939 1262 2076 1300 ann°

417 1342 684 1409 CXCVII,
732 1357 847 1413 quo
892 1340 1184 1394 Orientem
1246 1337 1550 1408 reliquerit
1607 1337 1878 1402 Severus,
1940 1336 2077 1388 ann“

415 1430 682 1490 CXCVIII
731 1445 842 1499 quo
901 1427 1176 1483 Albinum
1255 1425 1559 1495 devicerit,
1610 1423 1797 1478 fuisse
1864 1422 2080 1500 diceret

417 1519 714 1592 (Doctrina
740 1521 971 1588 tempor.
1004 1515 1105 1570 lib.
1142 1531 1238 1584 xv,
1270 1531 1328 1586 p.
1363 1514 1488 1579 693,
1520 1512 1613 1567 ed.
1647 1511 1833 1566 Paris.
1895 1512 2075 1581 1627),

416 1607 775 1679 Perspicuus
828 1609 918 1661 est
961 1619 1144 1668 error,
1203 1602 1376 1657 modo
1438 1601 1800 1667 observetur,
1861 1599 2079 1652 fontem

419 1698 549 1768 ejus
617 1710 767 1766 esse,
818 1693 970 1765 quod
1037 1691 1189 1748 male
1257 1690 1560 1746 exordium
1629 1686 2082 1760 oppugnationis

421 1784 751 1858 Byzantina)
788 1800 942 1839 anno
972 1782 1159 1837 CXCV
1210 1779 1501 1835 tribuerit.
1556 1782 1684 1832 Haec
1733 1793 1891 1845 vero,
1928 1781 1992 1830 ut
2023 1776 2079 1830 id

2186 624 2345 680 istud
2378 625 2698 696 protrahat.
2750 629 2850 684 Est
2896 631 2954 684 et
3003 628 3182 696 aliud,
3236 629 3393 701 quod
3439 629 3590 686 hanc
3616 631 3836 704 premit

2187 714 2562 770 sententiam.
2598 716 2709 771 Iter
2736 717 2924 772 Severi
2960 717 3018 771 in
3051 717 3342 773 Orientem
3393 719 3462 774 ad
3515 719 3834 793 expeditio-

2188 818 2322 856 nem
2354 803 2870 876 Parthicam,quod
2903 805 3104 860 eodem
3137 823 3289 862 anno
3321 808 3579 863 CXCVIII
3618 811 3836 865 factum

2188 906 2315 946 esse
2347 893 2686 947 conceditur
2724 911 2754 947 a
2798 893 2920 948 viro
2970 895 3160 963 docto,
3195 912 3330 952 cum
3378 897 3837 969 quinquennali-

2189 979 2299 1034 bus
2329 979 2459 1034 istis
2492 981 2792 1052 redituque
2821 983 2881 1036 in
2914 982 3124 1038 Urbem
3171 985 3569 1057 conjungitur.
3624 990 3696 1042 At
3727 986 3839 1044 hoc

2191 1068 2453 1122 omnium
2488 1069 2835 1141 scriptorum
2874 1072 3215 1127 adversatur
3246 1073 3727 1147 testimoniis,qui
3755 1076 3838 1131 sic

2189 1157 2259 1211 de
2308 1156 2401 1211 his
2450 1158 2624 1213 rebus
2673 1165 2995 1230 exponunt,
3046 1164 3107 1215 ut
3152 1161 3277 1216 sine
3325 1161 3486 1217 omni
3536 1163 3714 1219 dubio
3765 1167 3839 1220 ad

2191 1243 2371 1300 alium
2403 1263 2622 1301 annum
2658 1247 2880 1304 reditus
2907 1249 3100 1304 Severi
3133 1249 3192 1304 in
3223 1250 3428 1306 urbem
3462 1267 3492 1308 e
3523 1251 3731 1320 Gallia,
3765 1253 3840 1308 ad

2190 1333 2367 1389 alium
2403 1334 2673 1406 migratio
2706 1336 2775 1390 ad
2827 1337 3206 1394 debellandos
3237 1339 3483 1396 Parthos
3533 1341 3844 1398 referenda

2191 1423 2285 1478 sit.
2320 1423 2466 1486 Quid
2501 1424 2569 1479 dc
2601 1425 2924 1482 rationibus
2977 1427 3282 1498 speciatim
3335 1429 3550 1497 dicam,
3583 1446 3838 1502 quarum

2191 1511 2354 1566 nulla
2387 1528 2448 1568 se
2497 1519 2826 1569 sustentare
2875 1515 2962 1570 vel
3017 1515 3219 1571 leviter
3270 1521 3508 1588 potest?
3553 1518 3844 1576 Distincte

2191 1599 2514 1668 quamlibet
2585 1602 2897 1656 excutiam.
2966 1604 3433 1660 Incertissimum
3507 1611 3615 1674 est,
3685 1624 3840 1662 anno

2189 1688 2446 1744 CXCVIII
2480 1690 2940 1761 quinquennalia
2971 1692 3245 1748 Severum
3301 1694 3657 1751 exhibuisse.
3711 1696 3842 1768 Ipse

2191 1776 2368 1831 celeb.
2402 1777 2615 1849 Pagius
2663 1778 2811 1833 hanc
2871 1779 3186 1836 inculcavit
3243 1783 3504 1854 regulam
3546 1801 3560 1838 :
3596 1807 3625 1833 ‹‹
3655 1784 3839 1850 Quin-

423 1875 658 1941 faceret,
691 1871 838 1927 ratio
871 1869 1299 1945 eumimpulit,
1335 1867 1490 1939 quod
1538 1866 1716 1938 Nigro
1767 1865 2082 1977 sgperstite
2137 1865 2531 1977 Bquennalia,
2577 1867 2928 1923 Decennalia
2975 1873 3033 1924 et
3094 1869 3148 1924 id
3199 1887 3385 1943 genus
3439 1873 3612 1940 festa,
3669 1875 3844 1929 modo

423 1966 602 2020 tantae
631 1960 806 2017 molis
836 1959 1019 2031 operi,
1053 1957 1246 2030 qualis
1313 1957 1435 2011 haec
1494 1954 1744 2023 obsidio,
1807 1954 2080 2010 Severum
2138 1954 2343 2010 "anno
2376 1956 2582 2026 quinto
2615 1957 2876 2023 ineunte,
2911 1959 3082 2013 modo
3115 1964 3359 2016 exeunte
3403 1961 3843 2018 indiscrimina-

428 2067 634 2110 vacare
693 2065 808 2104 non
887 2048 1148 2118 potuisse
1202 2045 1467 2102 credidit.
1556 2044 1928 2099 Contrarium
2017 2061 2080 2097 ex

429 2141 610 2197 Dione
641 2137 728 2193 vir
756 2135 1022 2193 eruditus
1055 2134 1278 2190 discere
1312 2133 1602 2205 potuisset
1654 2135 1718 2187 ut
1758 2133 1883 2202 jam
1931 2130 2079 2185 indi-

431 2229 574 2287 cavi.
614 2229 931 2283 Revocetur
963 2224 1159 2294 itaque
1191 2239 1324 2277 cum
1374 2222 1557 2277 Dione
1614 2220 1942 2293 Byzantines
1975 2237 2080 2291 op-

426 2315 806 2392 pugnationis
837 2312 1069 2368 initium
1102 2312 1172 2368 ad
1207 2328 1406 2367 verum
1439 2327 1614 2366 suum
1666 2327 1800 2364 ann.
1853 2308 2080 2364 CXCIV.

427 2413 486 2465 et
513 2406 669 2464 554
700 2420 792 2459 res
823 2404 969 2473 ipsa,
1004 2405 1088 2487 .nt
1133 2401 1191 2455 in
1238 2400 1488 2472 gratiam
1518 2398 1828 2455 nobiscum
1860 2398 2078 2461 redeat,

425 2493 724 2552 Petavium
758 2496 926 2564 coget
958 2490 1138 2563 (Co-nr.
1169 2489 1502 2545 Tillemont.
1539 2489 1676 2544 Hist.
1709 2487 1801 2542 des
1851 2489 2078 2558 Emper.

426 2587 471 2639 t.
503 2584 601 2652 ΙΙΙ,
635 2585 753 2637 not.
787 2580 930 2647 XVI,
961 2595 1059 2634 sur
1088 2577 1297 2643 Sévére,
1330 2595 1386 2648 p.
1420 2577 1568 2646 404).

497 2670 783 2728 Henricus
813 2667 1083 2724 Norisius
1115 2667 1306 2721 eidem
1339 2683 1400 2721 se
1432 2664 1786 2736 patrocinari
1818 2663 2079 2736 opinioni

428 2759 627 2816 innuit
657 2759 914 2829 (οὐθενί.
949 2756 1016 2811 de
1046 2756 1181 2810 votis
1222 2755 1507 2810 decennat.
1541 2755 1709 2824 impp.
1764 2770 1818 2824 p.
1853 2753 1941 2821 83,
1977 2752 2082 2807 Pa-

431 2847 574 2906 tavii
606 2847 785 2915 1686),
818 2849 877 2901 at
907 2844 1164 2900 rationes
1195 2860 1310 2898 non
1343 2843 1551 2914 aperit,
1602 2843 1977 2912 Spartianum
2010 2841 2081 2895 ab

435 2955 502 2995 eo
543 2935 771 2993 laudari
803 2934 990 3001 video,
1042 2947 1221 3004 quem
1273 2931 1417 2988 nihil
1464 2930 1809 3002 hujusmodi
1867 2930 2084 2984 dixisse

439 3025 584 3082 scio.
619 3025 806 3090 Quare
837 3039 929 3078 me
964 3020 1270 3077 confestim
1304 3022 1373 3076 ad
1408 3024 1619 3074 Anton.
1673 3018 1914 3089 Pagium
1949 3034 2082 3072 con-

448 3116 592 3184 fero,
623 3112 718 3168 cui
749 3112 899 3168 hanc
931 3127 1103 3166 seram
1135 3127 1204 3165 ex
1253 3110 1521 3164 instituto
1569 3107 1829 3164 stabilire
1877 3123 2081 3179 propo-

446 3203 627 3260 situm
659 3201 789 3258 fuit.
820 3200 983 3271 (Crit.
1033 3201 1093 3254 in
1141 3201 1374 3266 Baron.,
1424 3197 1492 3252 ad
1540 3214 1673 3252 ann.
1734 3197 1990 3265 CXCVIII,
2023 3213 2081 3251 n.

2192 2044 2299 2098 tim
2332 2043 2797 2100 celebrabantur.
2834 2069 2862 2097 υ
2896 2047 3066 2118 (Diss.
3103 2051 3400 2120 Hypatira,
3431 2050 3582 2106 Part.
3618 2067 3679 2118 ιι,
3712 2067 3762 2106 o.
3787 2053 3844 2120 2,

2190 2136 2216 2201 §
2247 2134 2300 2199 5,
2333 2150 2390 2204 p.
2422 2134 2538 2204 87.)
2569 2135 2816 2191 Lubrico
2846 2152 2974 2191 eam
3015 2138 3397 2193 fundamento
3431 2140 3502 2194 ab
3534 2155 3600 2194 eo
3652 2139 3839 2212 impo~

2192 2223 2362 2278 sitam
2394 2239 2522 2278 esse
2553 2241 2666 2279 non
2701 2223 2919 2294 ignoro.
2972 2225 3056 2280 illi
3102 2226 3400 2297 nimirum,
3453 2230 3622 2298 cujus
3677 2229 3829 2300 prin-

2193 2329 2326 2382 ceps
2358 2316 2559 2367 auctor
2587 2318 2698 2378 est,
2731 2315 3052 2380 sententiae,
3087 2316 3468 2387 imperatores
3527 2316 3586 2372 in
3619 2316 3837 2372 solem-

2191 2401 2473 2454 nitatibus
2505 2401 2794 2471 ejusmodi
2833 2403 3200 2459 consularem
3237 2421 3469 2476 semper
3489 2405 3833 2476 dignitatem

2192 2489 2542 2560 suscepisse.
2601 2490 2794 2560 Neque
2853 2496 3048 2547 tamen
3109 2492 3327 2564 alioqui
3380 2494 3508 2550 suis
3547 2511 3614 2550 ea
3644 2495 3838 2552 nervis

2193 2578 2473 2633 destituta
2511 2583 2619 2649 est,
2654 2583 2718 2634 ut
2749 2580 3014 2636 nonnulli
3075 2581 3185 2636 sibi
3244 2582 3396 2640 555
3457 2584 3836 2656 persuadent.

2192 2666 2431 2721 Exstant
2459 2671 2515 2720 et
2571 2683 2796 2733 eorum,
2852 2672 2954 2740 qui
3013 2669 3251 2726 ineunte
3309 2688 3462 2727 anno
3497 2671 3704 2743 quinto
3737 2677 3842 2728 aut

2194 2754 2442 2821 decimo,
2475 2759 2532 2810 et
2561 2771 2784 2823 eorum,
2818 2757 2919 2828 qui
2948 2764 3192 2814 exeunte
3221 2775 3286 2814 eo
3317 2759 3490 2815 ludos
3541 2759 3650 2815 hos
3677 2759 3840 2816 exhi-

2193 2843 2390 2910 buere,
2423 2844 2709 2917 exempla.
2745 2849 2808 2900 In
2840 2845 2956 2900 illis
3023 2846 3442 2904 Constantinus
3475 2852 3544 2904 Μ.
3597 2857 3703 2917 est,
3738 2865 3840 2904 cu-

2187 2933 2287 3002 jus
2321 2932 2575 3004 primum
2611 2933 2744 2988 anni
2779 2933 3062 2990 tricesimi
3092 2935 3247 2992 diem
3279 2937 3448 2992 XXV.
3489 2937 3646 3006 Julii,
3680 2954 3837 2994 cere-

2195 3021 2408 3076 moniis
2465 3021 2876 3078 tricennalium
2937 3023 3224 3080 illustrem
3318 3026 3498 3081 fuisse
3581 3030 3832 3082 constat.

2193 3110 2561 3180 Applicemus
2593 3111 2713 3166 hec
2750 3113 2936 3167 Severi
2985 3114 3176 3178 annis,
3211 3118 3267 3168 et
3307 3114 3658 3182 videbimus,
3713 3118 3836 3171 tam

2193 3215 2346 3255 anno
2375 3198 2602 3255 CXCVII
2635 3217 2810 3271 quam
2842 3218 2993 3257 anno
3022 3201 3278 3258 CXCVIII
3325 3218 3457 3259 eum
3504 3203 3840 3275 spectacula

444 3294 499 3351 5.
533 3312 593 3366 p.
633 3294 721 3350 89.
754 3292 1000 3348 Fallitur
1027 3290 1183 3346 enim
1218 3288 1648 3353 Tillemontius,
1701 3288 1801 3359 qui
1845 3287 2083 3358 Pagium
2118 3273 2160 3340 C
2198 3288 2310 3343 ista
2341 3287 2494 3359 plebi
2527 3289 2694 3343 edere
2727 3289 3005 3358 potuisse.
3060 3290 3412 3362 Prmpositus
3469 3273 3560 3347 est
3587 3292 3837 3364 imperio

445 3398 642 3439 secum
678 3383 863 3437 facere
895 3379 975 3434 ait
1000 3379 1096 3451 (2).
1129 3383 1370 3432 Summa
1414 3377 1704 3432 rationum
1758 3375 1907 3444 ejus,
1940 3391 2087 3446 quas

445 3469 593 3526 mire
615 3469 890 3540 disjectas
919 3467 978 3522 in
1002 3483 1184 3522 unum
1214 3465 1574 3537 eolligo,heec
1595 3468 1683 3520 est
1712 3480 1727 3519 :
1753 3465 2088 3534 Quinquen-

445 3560 604 3616 nalia
633 3559 850 3630 Severi,
883 3559 1010 3614 sine
1043 3556 1159 3614 ulla
1189 3556 1603 3622 controversia,
1649 3572 1801 3610 anno
1832 3554 2087 3609 CXCVIII

446 3649 645 3704 Romae
675 3647 965 3704 celebrata
994 3652 1152 3711 sunt,
1188 3645 1546 3700 Herodianus
1570 3660 1703 3699 vero
1737 3642 1934 3698 statim
1961 3645 2089 3712 post

445 3752 706 3809 pugnam
743 3735 1186 3808 Lugdunensem
1220 3733 1442 3805 ingenti
1474 3749 1607 3788 cum
1660 3731 1950 3787 celeritate
1983 3731 2088 3786 Ro-

445 3842 605 3882 mam
663 3841 795 3880 eum
855 3823 1114 3895 petiisse,
1173 3839 1238 3878 ac
1293 3821 1469 3876 simul
1545 3837 1611 3876 ac
1669 3820 2082 3889 adventaverit,

446 3912 908 3988 quinquennalia
960 3912 1075 3967 ista
1147 3910 1482 3966 exhibuisse
1539 3914 1757 3965 narrat.
1817 3909 2003 3973 Quare
2036 3908 2084 3964 si

443 4004 618 4077 paulo
651 4009 782 4076 post
814 4003 1232 4073 interemptum
1298 4000 1596 4066 Albinum,
1639 3999 1808 4070 cujus
1859 3997 2084 4054 cladem

443 4093 671 4148 decima
701 4108 857 4147 nona
887 4089 1186 4146 Februarii
1218 4088 1310 4144 die
1351 4089 1667 4159 contigisse
1718 4087 1920 4142 nullus
1951 4087 2083 4142 inti-

440 4181 649 4248 ciatur,
691 4181 1012 4253 imperator
1065 4179 1309 4236 Romam
1361 4178 1667 4250 ingressus
1715 4180 1822 4248 est,
1853 4175 1900 4231 si
1935 4177 2087 4231 inter

439 4271 693 4327 reditum
742 4271 902 4326 hunc
961 4271 1089 4341 ejus
1137 4268 1195 4323 in
1255 4267 1460 4324 urbem
1523 4271 1578 4322 et
1626 4265 2084 4338 quinquennalia

439 4359 604 4416 nulla
649 4363 746 4415 aut
789 4359 1000 4431 exigua
1050 4374 1214 4413 mora
1262 4356 1368 4412 fuit
1414 4355 1781 4428 interposita,
1811 4356 2082 4411 eumdem

438 4448 596 4506 necis
625 4448 815 4505 Albini
841 4452 894 4502 et
916 4445 1446 4520 quinquennalium
1479 4461 1698 4500 annum
1730 4459 1858 4500 esse
1875 4444 2084 4500 debere

445 4537 845 4593 indubitatum
877 4541 983 4592 est.
1018 4536 1163 4608 Nisi,
1198 4552 1372 4608 quam
1432 4533 1620 4590 facilis
1654 4533 1709 4588 in
1766 4533 1858 4589 his
1909 4536 2083 4591 rebus

2195 3377 2348 3433 circa
2377 3377 2635 3432 medium
2674 3379 2817 3432 forte
2850 3395 2984 3433 ann.
3017 3378 3244 3435 CXCIII.
3277 3380 3441 3435 Diem
3483 3385 3539 3436 et
3569 3397 3832 3436 mensem

2195 3469 2267 3522 de
2299 3482 2413 3538 quo
2446 3465 2543 3520 alii
2575 3465 2826 3537 litigant,
2874 3468 3020 3523 scire
3052 3484 3259 3540 parum
3311 3469 3485 3524 refert
3537 3469 3689 3541 (Vide
3715 3469 3838 3524 Til-

2194 3553 2460 3620 lemont.,
2495 3555 2640 3608 Hist.
2675 3554 2766 3610 das
2787 3556 3027 3626 Emper..
3064 3562 3104 3611 t.
3135 3557 3229 3626 III,
3284 3561 3403 3613 not.
3436 3558 3557 3627 VII,
3615 3574 3710 3613 sur
3736 3561 3836 3615 Sd-

2193 3647 2335 3699 vére.
2369 3660 2426 3714 p.
2457 3644 2599 3712 393).
2634 3644 2750 3716 Ego
2782 3645 2977 3716 ipsum
3025 3644 3248 3701 interea
3297 3646 3542 3718 Pagium
3597 3664 3833 3718 sequar,

2195 3732 2294 3804 qui
2320 3731 2520 3787 Idibus
2567 3733 2700 3787 Maii
2757 3731 2813 3786 id
2875 3734 3091 3789 factum
3152 3738 3350 3790 censet
3407 3734 3565 3806 (Diss.
3630 3740 3832 3807 Hypat.

2194 3824 2345 3892 part.
2380 3837 2440 3891 Il,
2475 3837 2523 3874 ο.
2573 3822 2658 3886 12,
2720 3839 2776 3893 p.
2835 3822 2984 3891 220).
3043 3822 3295 3886 Quintus
3351 3822 3551 3895 itaque
3602 3824 3835 3896 imperii

2193 3911 2321 3981 ejus
2351 3927 2502 3966 anno
2531 3909 2786 3976 CXCVII,
2837 3928 3036 3967 mense
3087 3912 3236 3968 Maio
3282 3913 3671 3969 exordiendus
3701 3913 3832 3969 erit.

2195 4001 2328 4064 Quae
2355 3999 2476 4070 jam
2503 4015 2636 4055 vero
2661 3999 2806 4055 ratio
2840 4000 3029 4055 afferri
3063 4005 3278 4073 potest,
3327 4019 3445 4074 qua
3487 4001 3702 4058 invicte
3731 4004 3832 4059 de-

2195 4094 2573 4155 monstretur,
2609 4106 2722 4145 non
2754 4106 2908 4145 anno
2939 4090 3193 4158 CXCVII,
3219 4107 3332 4162 quo
3364 4091 3606 4162 quintus
3637 4091 3832 4148 Severi

2193 4196 2382 4235 annus
2431 4178 2657 4250 incipit,
2716 4179 2813 4234 sed
2872 4195 3023 4235 anno
3079 4179 3359 4249 CXCVIII,
3417 4197 3532 4251 quo
3590 4180 3828 4250 desinit,

2193 4267 2661 4338 Quinquennalia
2692 4285 2824 4324 eum
2859 4268 3134 4325 dedisse?
3163 4269 3489 4341 Utrumque
3518 4271 3674 4325 enim
3707 4270 3831 4326 fieri

2192 4355 2452 4429 potuisse
2482 4357 2705 4412 'certum
2745 4361 2852 4413 est.
2903 4355 3278 4428 Reliquorum
3336 4358 3589 4415 deterior
3639 4358 3832 4414 adhuc

2194 4445 2446 4501 conditio
2479 4449 2586 4502 est.
2620 4445 2853 4501 Falsum
2887 4451 2977 4501 est
3021 4446 3410 4503 Herodianum
3459 4448 3671 4517 dicere,
3717 4447 3827 4503 im-

2195 4541 2516 4606 peratorem
2551 4535 2750 4590 statim
2785 4540 2916 4607 post
2959 4535 3270 4591 adventum
3320 4536 3379 4591 in
3430 4536 3633 4592 urbem
3677 4535 3829 4608 plebi

436 4627 641 4698 lapsus
671 4631 847 4694 esset,
892 4625 1123 4697 scirem,
1157 4630 1310 4681 certe
1354 4624 1696 4693 admirarer,
1745 4623 1816 4678 ab
1847 4623 2083 4680 homine
2116 4645 2160 4710 D
2194 4641 2437 4680 munera
2469 4626 2579 4679 ista
2622 4624 2894 4689 edidisse,
2946 4641 3075 4696 qua:
3133 4625 3589 4696 quinquennalia
3645 4630 3830 4681 vocat.

436 4720 557 4772 tam
590 4716 816 4771 erudito
849 4715 1113 4770 inﬁrmas
1173 4713 1458 4786 ejusmodi
1491 4712 1856 4769 ratiunculas
1906 4715 2077 4785 protl—

437 4804 575 4859 cisci
608 4804 886 4876 potuisse.
938 4804 1077 4859 Mihi
1109 4802 1344 4873 quidem
1405 4802 1465 4857 in
1499 4801 1617 4859 illis
1668 4803 1988 4873 generatim
2021 4803 2078 4858 id

434 4892 722 4964 displicet,
758 4895 910 4964 quod
946 4893 1028 4947 sic
1061 4891 1316 4946 motibus
1363 4890 1690 4946 Albinianis
1730 4897 1847 4945 tres
1897 4908 2080 4946 annos

431 4985 634 5039 contra
665 4998 899 5036 omnem
956 4981 1131 5035 fidem
1164 4980 1390 5035 tribuit.
1453 4985 1627 5034 Arma
1655 4996 1808 5035 anno
1865 4979 2078 5036 CXCVI

433 5077 675 5142 sumpta
707 5087 835 5125 esse
865 5071 1192 5141 proﬁtetur.
1241 5069 1541 5124 Petavium
1592 5068 1707 5124 alio
1736 5067 1860 5124 loco
1891 5085 2078 5140 repre-

428 5159 767 5230 hendit,qui
803 5161 874 5214 ob
907 5175 1194 5230 eam,quae
1227 5158 1338 5228 ipsi
1371 5174 1506 5212 cum
1544 5157 1712 5229 Pagio
1746 5161 2077 5213 communis

427 5253 571 5316 erat,
620 5249 997 5317 sententiam,
1063 5251 1402 5318 sequentem
1455 5264 1676 5301 annum
1745 5248 2079 5318 praetulerat

424 5339 693 5412 (Dissert.
727 5340 1013 5410 Hypatica,
1051 5336 1241 5408 parth.
1277 5353 1338 5402 ιι,
1374 5353 1422 5393 c.
1459 5337 1544 5403 12,
1589 5353 1647 5406 p.
1680 5337 1828 5406 221).
1881 5337 2076 5407 Neque

424 5435 645 5501 tamen,
681 5445 743 5485 se
773 5428 882 5484 hoc
917 5433 1081 5500 pacto
1129 5427 1186 5482 in
1240 5427 1407 5495 longe
1465 5426 1848 5495 difﬁciliores,
1900 5445 2075 5498 quam

422 5518 746 5586 Petavium,
806 5516 1136 5573 tendiculas
1203 5517 1482 5571 incideret
1564 5517 1760 5582 sentit,
1823 5533 1954 5571 cum
2015 5517 2072 5570 in

2191 4714 2515 4769 Audiamus
2547 4713 2652 4768 viri
2684 4714 2857 4769 verba
2899 4714 3221 4785 (Historiam
3256 4713 3352 4784 ΙΙΙ,
3399 4732 3447 4770 c.
3479 4716 3533 4785 8,
3564 4731 3619 4786 p.
3657 4715 3780 4786 145)
3814 4732 3828 4771 :

2190 4803 2250 4857 Ὀ
2281 4799 2330 4855 δ’
2359 4798 2450 4854 οὖν
2482 4795 2722 4874 Σεϐηρὸς
2775 4800 2851 4862 εἷς
2898 4801 2960 4855 τὸ
3013 4805 3110 4856 τοῦ
3141 4801 3264 4864 Διὸς
3309 4801 3534 4874 τέμενος
3566 4801 3827 4870 ἀνελθὼν,

2189 4892 2277 4945 καὶ
2335 4890 2428 4954 τὰς
2481 4889 2676 4951 λοιπὰς
2725 4888 2946 4952 τελέσας
3005 4891 3334 4966 ἱερουργίας,
3394 4889 3694 4961 ἐπανῆλθεν
3753 4891 3830 4953 εἷς

2187 4979 2253 5033 τὰ
2306 4979 2574 5052 βασίλεια,
2624 4979 2713 5032 καὶ
2762 4983 2840 5049 τῷ
2885 4978 3046 5051 δήμῳ
3093 4977 3397 5054 προῦθηκεν
3448 4979 3534 5034 ἐπὶ
3583 4985 3701 5042 ταῖς
3748 4980 3827 5033 νί-

2188 5089 2306 5130 καις
2358 5069 2612 5142 μεγίστας
2661 5069 2856 5141 νομὰς,
2915 5074 3032 5132 τοῖς
3087 5067 3143 5123 δὲ
3190 5069 3543 5140 στρατιώταις
3592 5066 3830 5124 ἐπέδωκε

2188 5160 2451 5231 χρήματα
2504 5155 2732 5211 πλεῖστα
2767 5201 2780 5227 ,
2831 5156 2974 5212 ἄλλα
3035 5177 3094 5211 τε
3149 5154 3334 5212 πολλὰ
3391 5159 3766 5233 συνεχώρησεν
3798 5157 3831 5211 ἃ

2190 5249 2265 5319 μὴ
2310 5246 2570 5322 πρότερον
2614 5247 2786 5320 εἶχον.
2837 5247 3157 5302 Politianus
3208 5248 3294 5301 ita
3314 5247 3485 5302 vertit
3518 5264 3530 5302 :
3561 5271 3587 5298 (ι
3621 5253 3830 5304 Postea

2185 5353 2318 5392 vero
2351 5353 2524 5407 quam
2559 5335 2844 5408 templum
2904 5335 3063 5391 Jovis
3116 5335 3420 5408 ingressus
3449 5341 3561 5401 est,
3593 5337 3829 5392 omnia-

2187 5443 2300 5497 que
2330 5425 2618 5480 sacriﬁcia
2655 5426 2726 5480 de
2759 5442 2918 5481 more
2977 5424 3218 5497 peregit,
3281 5442 3546 5482 reversus
3579 5427 3638 5481 in
3669 5425 3830 5499 pala-

2185 5516 2334 5569 tium
2389 5529 2717 5584 magnoque
2775 5513 3070 5586 congiario
3130 5513 3412 5585 populum
3474 5515 3827 5585 Romanum,

494 5644 580 5714 (2)
603 5643 835 5698 Histoire
864 5642 953 5699 des
981 5647 1339 5714 Fmpereurs,
1377 5647 1420 5696 t.
1455 5640 1550 5710 III,
1585 5657 1715 5710 pag.
1774 5641 1898 5696 408.
1961 5641 2030 5696 Le
2060 5643 2194 5712 pere
2252 5638 2412 5710 Pagi,
2475 5637 2572 5710 qui
2637 5643 2757 5695 met
2786 5656 3012 5697 comme
3047 5656 3197 5695 nous
3226 5637 3281 5695 la
3341 5639 3553 5696 déi‘aite
3592 5638 3827 5695 d’Albin

424 5729 494 5769 en
528 5713 651 5768 198.
