4264 6364
457 356 575 414 635

1179 352 1282 411 DE
1327 350 1610 411 .E’I‘A'I‘E
1653 348 2171 411 APOLUGE'I‘ICI
2216 354 2604 417 MOSHEMII
2648 355 3147 429 DlSOUISlTIO.

3749 347 3866 409 626

454 482 703 541 victoria:
737 480 994 549 nomine,
1019 483 1387 553 prosecutus,
1411 496 1477 535 ac
1510 495 1784 535 nummos
1815 478 2107 537 militibus
2135 486 2189 553 Α
2222 488 2422 542 notare
2474 503 2589 543 non
2639 486 2849 559 potuit,
2883 486 3161 559 quoniam
3208 499 3346 541 ann.
3395 478 3669 548 CXCVIII,
3700 481 3871 533 gave-

456 572 703 646 largitus
734 575 843 643 est,
867 569 1043 628 simul
1068 568 1179 626 alia
1210 568 1496 641 permulta
1521 568 1932 640 indulsil,quse
1957 586 2111 624 nun-

2222 592 2352 630 rum
2411 576 2685 633 reducem
2747 577 2965 632 factum
3026 574 3208 630 fuisse
3271 573 3537 641 Romam,
3590 586 3656 625 ac
3714 584 3868 623 anno

454 679 633 735 quam
714 666 884 717 antea
964 662 1326 732 acceperant.
1396 656 1935 730 Quinquennalium
2014 659 2107 714 hic
2218 665 2425 721 CXCIX
2474 664 2704 721 Parthis
2752 665 2920 737 signa
2968 665 3205 719 demum
3252 661 3415 717 illata
3462 673 3589 715 esse
3640 656 3867 714 statuit.

456 752 812 809 mentionem
873 767 1087 822 quaero,
1148 749 1247 804 sed
1308 748 1543 802 frustra.
1578 748 1821 819 Pagium
1868 748 2104 818 quidem

453 842 645 897 dicere
669 840 882 898 audio:
908 864 933 889 α
962 842 1093 907 Quae
1117 838 1402 893 novitates
1434 837 1738 909 gratiaque
1769 838 2104 908 quinquen-

454 931 679 988 nalium
713 929 907 986 Severi
939 928 1174 984 indicia.
1213 949 1239 976 κ
1276 926 1569 982 Infelicem
1616 942 1750 981 vero
1794 925 2104 982 divinatio-

453 1038 588 1077 nem
616 1020 627 1075 !
662 1019 837 1085 Quasi
871 1036 987 1073 non
1012 1017 1141 1072 aliis
1172 1016 1558 1089 temporibus,
1584 1032 1754 1087 quem
1782 1015 2104 1087 quinquen-

454 1110 710 1179 nalibus,
733 1106 1069 1165 istiusmodi
1096 1106 1271 1163 rebus
1305 1105 1506 1161 donari
1541 1104 1793 1177 populus
1826 1104 2099 1175 potuerit.

454 1200 522 1255 Et
567 1199 708 1271 quid
749 1196 933 1253 obfuit
982 1194 1321 1252 doctissime
1369 1195 1529 1267 Pagi,
1563 1195 1716 1266 quod
1767 1209 1932 1248 voces
1971 1194 2101 1250 illas

452 1288 765 1345 Herodiani
814 1303 927 1341 non
982 1285 1206 1341 videres
1255 1282 1341 1337 ἐπὶ
1389 1288 1507 1346 ταῖς
1553 1284 1772 1345 νίκαιςῩ
1803 1285 1885 1341 Ob
1920 1284 2101 1340 victo-

453 1378 600 1435 riam
657 1379 727 1433 de
784 1376 990 1432 Albino
1052 1380 1429 1447 reportatum,
1481 1392 1593 1430 non
1642 1376 2102 1448 quinquennalis

450 1467 681 1539 imperii
712 1484 912 1535 causa,
946 1466 1016 1520 de
1066 1464 1282 1537 quibus
1334 1464 1490 1519 ludis
1540 1468 1739 1535 postea
1786 1464 2100 1537 separatim

450 1557 816 1612 Herodianus
848 1555 1008 1621 dicit,
1044 1555 1191 1609 hanc
1225 1553 1635 1609 liberalitatem
1668 1555 1914 1609 Severus
1944 1572 2100 1610 exer-

460 1647 644 1702 cebat.
696 1646 819 1701 Non
860 1645 1058 1700 minus
1106 1644 1166 1698 in
1210 1660 1276 1699 eo
1327 1643 1568 1711 fallitur,
1600 1643 1755 1714 quod
1807 1662 1875 1699 ex
1921 1648 2101 1699 Hero~

451 1735 624 1791 diano
689 1739 886 1806 patere
952 1735 1051 1803 ait,
1103 1736 1432 1805 Augustum
1487 1734 1685 1789 statim
1732 1738 1864 1805 post
1913 1732 2099 1789 Albini

450 1824 671 1879 cladem
708 1824 952 1879 Romam
984 1822 1378 1878 contendisse.
1414 1822 1560 1876 Dicit
1589 1822 1639 1877 is
1672 1823 1930 1893 quidem,
1965 1838 2099 1879 cum

449 1912 693 1968 Romam
744 1916 982 1984 peteret,
1033 1908 1231 1981 πολλῷ
1267 1909 1422 1983 τάχει
1473 1928 1605 1967 eum
1669 1912 1977 1984 migrasse.
2026 1913 2099 1966 At

445 2017 561 2058 non
616 2001 726 2057 iter
752 2000 898 2056 illud
932 2001 1147 2056 caedem
1199 1999 1394 2055 Albini
1448 1999 1753 2056 confestim
1804 1999 2097 2072 excepisse

444 2096 729 2147 memorat
778 2090 844 2162 (ἰ.
899 2107 947 2145 c.
992 2106 1121 2162 pag.
1174 2090 1315 2163 145).
1365 2090 1581 2161 Potius,
1614 2107 1729 2145 non
1763 2095 1933 2145 antea
1961 2106 2096 2144 eum

441 2184 687 2237 Romam
731 2197 860 2237 esse
912 2196 1207 2237 reversum
1242 2184 1459 2248 narrat,
1493 2198 1673 2251 quam
1706 2198 1796 2236 res
1828 2180 2095 2235 ordinas-

440 2273 531 2326 set
575 2268 907 2337 Britanniis,
942 2270 1372 2342 composuisset
1411 2268 1657 2325 Galliam
1691 2286 1757 2324 ac
1786 2270 1856 2325 de
1890 2286 2097 2339 magna

441 2358 767 2415 amicorum
819 2358 1014 2414 Albini
1082 2358 1249 2430 copia
1305 2357 1659 2430 supplicium
1720 2357 2093 2429 sumpsisset.

439 2451 575 2515 Quae
597 2447 743 2503 tanti
783 2448 1063 2504 momenti
1098 2453 1238 2503 sunt
1280 2448 1532 2519 negotia,
1564 2452 1631 2502 ut
1660 2446 1915 2502 multum
1947 2451 2094 2502 tem-

440 2538 599 2610 poris
629 2537 689 2593 in
735 2537 1106 2609 perﬁciendis
1152 2536 1267 2593 illis
1317 2541 1728 2608 consumptum
1761 2536 1887 2592 sine
1916 2536 2094 2591 dubio

440 2628 635 2682 fuerit.
670 2626 827 2682 Nihil
875 2627 1057 2698 igitur
1094 2628 1220 2698 jam
1259 2628 1477 2683 certius
1524 2642 1653 2682 esse
1704 2626 2093 2695 affirmamus,

446 2733 624 2788 quam
653 2733 805 2772 anno
837 2716 1076 2772 CXCVII
1119 2716 1195 2790 (3)
1230 2721 1423 2772 motus
1453 2716 1668 2786 Albini,
1702 2717 2095 2788 auctoredejus

445 2805 658 2872 occiso,
692 2806 927 2862 sedatos
959 2805 1161 2861 fuisse.

510 2895 664 2951 556
705 2896 734 2963 §
783 2894 932 2950 XIV.
985 2896 1169 2966 Atque
1226 2898 1310 2950 sic
1360 2895 1643 2950 inotfenso
1691 2895 1836 2967 pede
1881 2896 1953 2949 ad
2009 2911 2095 2950 re-

444 2981 609 3053 liqua
662 2982 845 3054 pergi,
898 2999 1210 3054 annusque
1258 2984 1586 3053 Apologetici
1634 2984 1815 3038 nostri
1869 2982 2097 3039 facilius

437 3070 719 3126 constitui
753 3075 966 3142 potest.
1004 3070 1206 3126 Libere
1236 3070 1412 3141 igitur
1444 3088 1594 3126 anno
1627 3072 1911 3137 CXCVIII,
1943 3071 2101 3127 labo-

438 3160 710 3215 rantibus
744 3159 1021 3215 fratribus
1050 3174 1116 3214 eo
1166 3160 1477 3216 subvenire
1524 3159 1800 3227 voluisse,
1836 3177 2098 3232 pronun-

2217 754 2629 810 'I‘illemontius
2678 771 2830 817 vero,
2887 754 3055 824 cujus
3102 750 3453 807 industriam
3512 748 3867 819 stupendam

2215 842 2433 915 alioqui
2483 860 2611 899 esse
2662 843 2866 911 fateor,
2929 843 2999 898 de
3067 841 3229 913 Nigri
3287 856 3419 895 cum
3480 835 3866 893 sectatoribus

2215 932 2532 1004 improvide
2582 931 2884 1002 intellexit,
2926 947 3068 1002 quos
3124 947 3258 986 eum
3291 926 3523 984 Parthis
3548 927 3672 996 jam
3702 928 3867 980 Seve-

2212 1038 2311 1078 rus
2343 1022 2695 1090 immineret,
2714 1021 3013 1076 Plautiano
3037 1035 3298 1089 suasore,
3322 1034 3455 1073 cum
3490 1016 3865 1088 persecutum

2210 1126 2359 1178 esse,
2416 1110 2760 1181 Spartianus
2818 1110 2944 1181 (Vit.
3005 1110 3213 1177 Severi,
3274 1124 3401 1179 cap.
3472 1106 3560 1175 l5,
3625 1120 3679 1176 p.
3743 1101 3865 1173 181)

2212 1199 2422 1270 prodit.
2486 1200 2793 1271 Propterea
2840 1216 2979 1265 ann,
3028 1198 3112 1254 CC
3161 1202 3261 1253 aut
3317 1194 3425 1251 CCI
3454 1191 3867 1264 Apologeticum

2209 1293 2509 1344 exaratum
2541 1306 2671 1345 esse
2701 1288 2883 1344 voluit
2912 1289 3007 1360 (4).
3040 1290 3388 1359 Quanquam
3421 1301 3491 1339 ne
3535 1282 3592 1338 id
3626 1281 3864 1354 quidem

2212 1378 2492 1451 intelligo,
2523 1396 2628 1434 cur
2674 1379 2825 1435 hanc
2854 1377 3330 1451 Nigrinianorum
3373 1380 3650 1446 stragem,
3683 1386 3862 1444 quam

2212 1468 2555 1539 Spartianus
2588 1468 2739 1523 inter
2769 1467 2903 1523 belli
2960 1466 3208 1523 Parthici
3237 1464 3405 1520 initia
3433 1463 3696 1529 collocat,
3727 1462 3863 1533 post

2213 1558 2400 1629 ipsam
2436 1557 2844 1613 difficillimam
2877 1556 3038 1611 urbis
3089 1558 3239 1611 Atra:
3296 1552 3659 1610 obsidionem
3710 1549 3860 1606 acci-

2213 1648 2390 1715 disse,
2422 1649 2509 1703 vir
2539 1650 2803 1705 eruditus
2836 1652 3087 1704 censeat.
3121 1646 3257 1714 Nos,
3281 1644 3591 1718 diligenter
3615 1657 3860 1699 excusso

2210 1737 2555 1794 Tertulliani
2587 1738 2734 1805 loco,
2770 1736 3000 1793 facilem
3051 1736 3285 1808 negotio
3336 1734 3556 1790 exitum
3604 1731 3858 1787 invenie-

2214 1844 2366 1883 mus.
2399 1828 2707 1885 Parricidae
2750 1827 2992 1900 quinam
3035 1826 3155 1881 sint
3208 1826 3268 1880 in
3299 1840 3386 1891 eo,
3420 1825 3688 1895 apertum
3716 1825 3808 1877 est
3840 1835 3855 1876 :

2210 1916 2250 1971 ii
2284 1934 2511 1987 nempe,
2544 1918 2643 1989 qui
2695 1916 2901 1972 Albino
2951 1914 3264 1986 imperium
3295 1911 3587 1969 affectanti
3619 1914 3720 1967 aut
3750 1923 3858 1980 ope

2206 2010 2308 2062 aut
2341 2006 2585 2063 consilio
2626 2006 2930 2063 affuerant.
2964 2004 3157 2059 Cicero
3189 2002 3547 2075 jamdudum
3583 2001 3667 2056 sic
3721 2016 3851 2057 sen-

2206 2100 2362 2151 serat
2408 2095 2743 2167 (Philippica
2784 2096 2833 2150 II
2874 2111 2922 2150 c.
2980 2093 3065 2163 13,
3118 2110 3173 2165 p.
3228 2092 3351 2161 446,
3402 2095 3445 2146 t.
3496 2090 3544 2146 II
3575 2090 3722 2162 Opp.
3756 2090 3851 2145 ed.

2204 2187 2454 2254 Gruteri)
2482 2186 2607 2256 plus
2652 2187 2820 2240 etiam
2850 2200 3016 2256 quam
3040 2182 3355 2254 parricidas
3384 2180 3674 2251 ejusmodi
3726 2194 3856 2236 esse

2205 2273 2497 2340 homines,
2528 2273 2817 2344 siquidem,
2851 2276 2913 2328 ut
2944 2271 3125 2338 addit,
3157 2271 3396 2326 atrocius
3426 2274 3504 2325 es!
3532 2270 3735 2340 patriae
3761 2284 3859 2340 pa-

2207 2368 2413 2420 rentem
2445 2379 2612 2435 quam
2641 2379 2802 2418 suum
2830 2360 3091 2417 cecidere.
3138 2364 3208 2413 At
3250 2359 3456 2414 horum
3506 2356 3678 2430 longe
3727 2356 3858 2429 plu-

2206 2452 2339 2507 rimi
2400 2453 2497 2525 qui
2550 2456 2650 2507 aut
2695 2468 2826 2507 vere
2873 2448 3137 2506 criminis
3186 2447 3360 2503 istius
3409 2447 3490 2502 rei
3539 2449 3725 2513 erant,
3759 2448 3862 2501 aut

2207 2540 2351 2597 falso
2374 2540 2761 2611 habebantur,
2784 2544 2903 2595 tam
2922 2539 2981 2593 in
3005 2537 3211 2608 Gallia,
3231 2553 3409 2609 quam
3431 2535 3626 2591 Romae
3650 2533 3861 2590 deinde

2206 2629 2493 2702 supplicio
2524 2630 2711 2685 affecti
2742 2632 2928 2693 erant,
2960 2632 3168 2699 praeter
3205 2642 3304 2681 eos
3336 2625 3435 2697 qui
3467 2628 3664 2696 aperte
3695 2639 3862 2678 arma

2204 2719 2481 2776 tulerant.
2524 2718 2887 2775 Herodianus
2943 2720 2999 2773 et
3054 2714 3400 2788 Spartianus
3454 2712 3550 2769 hic
3610 2714 3859 2785 possunt

2206 2808 2453 2864 consuli.
2486 2810 2675 2881 Atque
2704 2808 2813 2863 hoc
2842 2810 2951 2878 est,
2997 2805 3150 2877 quod
3182 2804 3514 2861 vindemiam
3544 2801 3857 2858 Tertullia~

2207 2915 2318 2952 nus
2346 2902 2533 2953 vocat.
2565 2896 2875 2953 Racematio
2905 2895 3198 2967 quaedam,
3230 2896 3295 2948 ut
3331 2891 3566 2964 quidem
3599 2891 3855 2961 impera-

2208 2992 2298 3041 tor
2330 2986 2593 3057 putabat,
2634 2986 2828 3041 adhuc
2877 2988 3199 3056 supererat.
3236 2982 3382 3039 557
3419 2980 3702 3052 Suspicax
3740 2979 3852 3035 sci-

2206 3074 2344 3129 licet
2391 3078 2446 3129 et
2499 3073 2679 3129 simul
2710 3073 2937 3144 argenti
2969 3071 3219 3142 cupidus
3248 3069 3542 3142 princeps,
3568 3085 3702 3124 cum
3727 3070 3855 3140 jam

2209 3164 2409 3218 omnia
2462 3162 2851 3235 tranquilitati
2910 3160 3179 3216 restituta
3224 3163 3442 3224 essent,
3476 3157 3859 3215 nihilominus

437 3246 539 3303 tio.
569 3249 779 3316 Locus,
832 3248 929 3320 qui
983 3247 1134 3303 hanc
1184 3248 1379 3303 ﬁrmat
1416 3248 1774 3320 opinionem,
1808 3249 1901 3304 hlo
1948 3254 2037 3305 est
2070 3264 2082 3303 :
2118 3234 2160 3300 C
2200 3253 2489 3325 quosdam
2517 3270 2547 3307 e
2589 3234 2829 3307 latebris
2880 3250 3060 3305 veluti
3106 3248 3500 3321 protrahebat,
3534 3263 3683 3319 quos
3713 3246 3859 3302 insi-

443 3358 470 3386 «
510 3337 614 3391 Sed
648 3340 705 3392 et
753 3336 852 3408 qui
897 3353 1052 3391 nunc
1101 3336 1477 3393 scelestarum
1510 3337 1761 3409 partium
1809 3338 1949 3393 socii
1994 3342 2096 3393 aut
2204 3342 2332 3397 dias
2364 3342 2475 3397 sibi
2520 3340 2727 3396 fecisse
2753 3339 2967 3408 aiebat,
3013 3354 3079 3393 ac
3135 3338 3206 3393 ad
3249 3340 3500 3393 mortem
3550 3337 3679 3392 ideo
3728 3335 3857 3407 rapi

437 3424 751 3497 plausores
794 3426 1053 3497 quotidie
1073 3425 1561 3498 revelantur,post
1578 3427 1933 3483 vindemiam
1965 3444 2095 3499 par-

432 3514 770 3570 ricidarum
823 3516 1136 3571 racematio
1184 3520 1505 3587 superstes,
1538 3532 1715 3586 quam
1766 3516 2096 3572 recentissi-

435 3604 549 3659 mis
585 3609 642 3659 et
664 3603 1090 3660 ramosissimis
1136 3604 1356 3661 laureis
1390 3609 1584 3676 postes
1620 3606 2045 3676 praestruebant
2072 3605 2099 3659 ?

444 3709 622 3765 quam
655 3692 996 3749 elatissimis
1027 3699 1084 3749 et
1113 3693 1463 3750 clarissimis
1504 3693 1762 3750 lucernis
1809 3694 2099 3750 vestibula

442 3781 866 3837 enubilabant?
911 3799 1086 3854 quam
1141 3781 1490 3839 cultissimis
1547 3788 1603 3839 et
1659 3783 2099 3855 superbissimis

439 3871 584 3925 toris
619 3871 808 3926 forum
839 3870 951 3926 sibi
975 3870 1361 3927 dividebant?
1395 3888 1507 3927 non
1531 3875 1596 3926 ut
1620 3872 1834 3943 gaudia
1866 3872 2101 3944 publica

441 3958 826 4030 celebrarent,
860 3961 962 4016 sed
1014 3965 1079 4016 ut
1130 3964 1262 4017 vota
1291 3961 1528 4033 propria
1559 3961 1685 4030 jam
1718 3960 2011 4017 edicerent
2038 3961 2099 4015 in

443 4047 633 4104 aliena
661 4048 1055 4119 solemnitate,
1089 4054 1147 4105 et
1196 4048 1528 4121 exemplum
1580 4053 1755 4121 atque
1780 4050 2098 4122 imaginem

445 4137 569 4210 spei
612 4154 732 4194 suae
778 4138 1222 4210 inaugurarent,
1258 4154 1470 4194 nomen
1521 4137 1805 4210 principis
1837 4139 1895 4193 in
1927 4141 2103 4195 corde

448 4230 768 4283 mutantes.
802 4227 1013 4282 Eadem
1059 4226 1255 4284 ofﬁcia
1284 4227 1614 4299 deperdunt
1646 4231 1702 4282 et
1731 4227 1832 4299 qui
1862 4227 2103 4283 astrolo-

449 4332 554 4390 gos
588 4321 645 4374 et
674 4318 976 4390 aruspices
1009 4323 1067 4375 et
1096 4335 1350 4391 augures
1384 4322 1442 4374 et
1472 4334 1673 4392 magos
1705 4319 1776 4375 de
1806 4320 2100 4376 Cassarum

447 4407 639 4480 capite
695 4407 1035 4464 consultant
1087 4408 1344 4480 (.Ipolog.
1407 4425 1456 4463 c.
1509 4408 1725 4475 XXXV,
1777 4426 1833 4481 p.
1893 4409 2036 4479 458).
2072 4429 2101 4459 ››

448 4496 572 4552 Non
624 4496 770 4568 fugit
819 4497 1072 4555 illustris
1122 4498 1282 4557 hicoe
1332 4496 1496 4553 locus
1550 4497 1863 4553 Baronium
1918 4513 1931 4552 :
1988 4514 2102 4553 non

2198 3432 2467 3502 jubebat.
2502 3434 2619 3486 Ista
2648 3429 2879 3502 vigente
2905 3429 3291 3495 racematione,
3326 3430 3392 3481 ut
3422 3425 3698 3497 loquitur,
3731 3427 3863 3481 Ter-

2207 3519 2489 3575 tullianus
2528 3518 2839 3574 scribebat.
2872 3517 3029 3571 Scire
3077 3517 3295 3587 itaque,
3330 3532 3445 3586 quo
3476 3519 3738 3586 tempore
3768 3530 3861 3570 re-

2208 3608 2424 3681 liquias
2475 3607 2890 3664 seditiosorum
2959 3603 3396 3677 investigaverit
3448 3604 3716 3671 Severus,
3776 3606 3865 3658 est

2209 3698 2405 3769 ipsum
2438 3697 2771 3768 Apolagelici
2800 3710 3019 3750 annum
3067 3709 3213 3749 scre.
3250 3694 3380 3764 Ipse
3424 3708 3560 3747 vero
3591 3691 3736 3747 illud
3768 3691 3864 3747 in-

2209 3787 2365 3843 dicat
2395 3791 2525 3859 post
2556 3784 2842 3842 solemnia
2880 3785 3149 3856 quaedam
3182 3783 3375 3838 Romae
3427 3781 3578 3838 facta
3602 3780 3864 3837 evenisse

2210 3877 2267 3930 in
2300 3875 2514 3947 quibus
2543 3875 2640 3930 isti
2687 3874 3060 3947 imperatoris
3107 3871 3335 3927 inimici
3386 3886 3668 3943 magnum
3714 3869 3861 3925 falso

2209 3966 2491 4037 gaudium
2541 3982 2655 4037 prus
2704 3980 2766 4020 se
2815 3963 3077 4019 tulerint.
3124 3963 3418 4025 Quantum
3468 3958 3867 4015 intercesserit

2212 4053 2586 4110 intervallum
2619 4071 2735 4109 non
2762 4053 2946 4108 addit.
2982 4052 3145 4106 Patet
3174 4054 3396 4116 tamen,
3430 4048 3587 4103 haud
3627 4047 3709 4102 ita
3739 4062 3866 4103 ma-

2210 4160 2393 4217 gnum
2423 4142 2669 4215 inlelligi
2710 4143 2940 4197 debere.
2992 4144 3095 4195 Est
3142 4143 3197 4195 et
3227 4138 3380 4195 alius
3428 4138 3488 4192 in
3538 4138 3667 4209 ejus
3715 4135 3866 4192 libro

2211 4233 2397 4301 locus,
2451 4233 2575 4304 qui,
2625 4232 2781 4303 quod
2826 4231 2897 4285 ad
2947 4229 3056 4285 hoc
3108 4231 3495 4299 momentum,
3528 4226 3666 4282 hinc
3697 4224 3869 4297 quasi

2211 4322 2460 4394 explicat
2503 4321 2628 4392 (lib.
2684 4320 2754 4375 ad
2803 4319 3122 4390 Scapulam,
3172 4333 3222 4372 c.
3278 4316 3333 4381 1,
3383 4333 3440 4388 p.
3484 4316 3591 4371 552
3636 4315 3807 4387 Opp.)
3851 4331 3866 4371 :

2219 4432 2245 4465 α
2302 4415 2637 4481 Nunquam,
2698 4411 2797 4477 ait,
2848 4406 3167 4473 Albiniani,
3220 4407 3323 4461 aut
3376 4403 3727 4477 Nigriniani,
3776 4401 3868 4459 vel

2214 4500 2475 4557 Cassiani
2506 4498 2754 4554 inveniri
2785 4500 3104 4570 potuerunt
3146 4493 3457 4549 Christiani
3490 4509 3503 4551 :
3539 4494 3641 4549 sed
3688 4492 3867 4549 iidem

448 4585 883 4643 Lillemontium
917 4586 1214 4659 praeteriit.
1267 4588 1376 4643 Sed
1427 4591 1650 4657 neuter,
1683 4588 1834 4658 quod
1880 4587 2102 4658 absque
2132 4600 2178 4664 ι)
2213 4591 2347 4663 ipsi,
2380 4588 2481 4662 qui
2513 4605 2616 4661 per
2645 4586 2847 4661 genios
2878 4600 3081 4642 eorum
3114 4584 3173 4638 in
3207 4582 3393 4655 pridie
3426 4598 3615 4652 usque
3629 4582 3865 4655 jureve-

450 4674 843 4732 diminutione
874 4681 1172 4733 tantorum
1214 4676 1522 4734 hominum
1554 4676 1821 4744 dixerim,
1853 4692 1919 4732 eo
1951 4680 2104 4731 recte

450 4765 532 4821 uti
561 4766 772 4839 potuit,
817 4783 883 4824 eo
933 4768 1089 4839 quod
1139 4768 1198 4823 in
1248 4766 1378 4823 aliis
1427 4768 1602 4823 rebus
1631 4771 1909 4823 errarent.
1947 4766 2107 4823 Vidit

451 4854 673 4927 aliquid
706 4856 994 4913 Baronius
1040 4874 1107 4913 ac
1155 4858 1224 4912 de
1278 4861 1470 4929 strage
1502 4856 1882 4929 reliquiarum
1912 4856 2106 4912 Albini

453 4960 591 5001 eum
622 4945 1130 5018 interpretandum
1164 4962 1292 5003 esse
1340 4947 1486 5002 bene
1524 4947 1753 5003 monuit
1782 4947 2006 5018 (Annal.
2033 4946 2106 5004 ad

454 5050 589 5091 ann.
624 5034 723 5103 CC,
757 5053 815 5091 ιι.
847 5036 901 5108 3,
934 5054 992 5109 p.
1036 5036 1181 5110 198).
1213 5036 1461 5093 Etatem
1509 5035 1644 5092 libri
1688 5036 1904 5094 idcirco
1954 5042 2106 5094 recte

523 5194 602 5277 (3)
631 5199 840 5277 Neque,
877 5213 1011 5255 vero
1061 5213 1197 5277 cum
1248 5195 1832 5277 Baron’ipmhiofacio,
1868 5200 1969 5271 qui
2002 5217 2105 5277 ne-

458 5268 580 5322 scio
611 5284 759 5339 quas
788 5270 862 5326 ob
895 5287 1126 5338 causa,
1157 5270 1294 5326 licet
1322 5286 1374 5325 a.
1418 5268 1652 5325 CXCVII
1690 5268 1967 5327 Albinum
2006 5275 2105 5329 de-

454 5338 738 5395 bellatum
772 5358 900 5398 esse
930 5344 1230 5401 concedat.
1262 5348 1461 5397 tamen
1508 5347 1641 5397 ante
1673 5360 1809 5398 ann.
1844 5345 2106 5401 CXCVIII

460 5350 738 5395 bellatum
772 5358 900 5398 esse
930 5350 1230 5412 concedat,
1262 5350 1461 5397 tamen
1508 5350 1641 5397 ante
1673 5360 1809 5398 ann.
1844 5350 2105 5401 CXCVIII

460 5410 747 5494 Severum
783 5413 1026 5494 Romam
1080 5415 1332 5494 redisse“
1352 5417 1541 5494 negat.
1592 5414 1798 5494 Annal.
1841 5421 1882 5472 t.
1929 5417 2009 5494 lI,_
2033 5418 2105 5472 ad

438 5499 614 5565 anna
644 5484 770 5551 200,
799 5502 858 5540 n.
912 5487 957 5556 Ι,
1006 5504 1067 5565 γρ.
1116 5488 1243 5565 29ρ.
1295 5484 1504 5565 omnia
1535 5492 1801 5565 pugnant
1829 5489 2107 5565 cum_hac

459 5557 731 5629 opinione
777 5573 844 5611 ac
887 5557 1027 5629 post
1072 5557 1646 5629 mediumifortassis
1698 5576 1834 5615 ann.
1868 5561 2108 5616 CXCVII

456 5625 862 5697 imperatorem
888 5625 1025 5685 urbi
1052 5646 1113 5685 se
1144 5628 1469 5685 reddidisse
1518 5630 1885 5687 confirmant.
1921 5633 2107 5687 Taceo

461 5697 616 5771 apud
663 5699 1001 5775 Adolphum
1030 5700 1317 5760 Occonem
1372 5699 1434 5757 in
1483 5701 1852 5775 numismat.,
1885 5719 1941 5777 p.
1976 5704 2104 5776 849,

2213 4685 2365 4745 rant,
2398 4678 2495 4749 qui
2552 4694 2654 4749 pro
2701 4675 2887 4732 salute
2936 4690 3138 4731 eorum
3165 4672 3391 4728 hostias
3422 4676 3479 4728 et
3501 4675 3781 4728 voverant
3809 4674 3868 4728 et

2214 4770 2486 4826 fecerant.
2520 4790 2548 4817 »
2580 4767 2659 4823 De
2701 4766 2901 4821 eadem
2955 4779 3015 4819 re
3062 4762 3323 4835 loquitur
3370 4762 3459 4817 vir
3500 4761 3865 4835 ingeniosus,

2213 4860 2283 4915 de
2315 4875 2431 4930 qua
2460 4858 2518 4912 in
2570 4855 2789 4912 nostris
2836 4870 2963 4926 quis
3008 4851 3376 4924 exponimus.
3410 4851 3616 4908 Vocem
3671 4851 3869 4923 itaque

2211 4948 2414 5023 pridie,
2444 4963 2574 5019 quas
2618 4946 2789 5000 breve
2837 4944 3073 4999 denotat
3116 4945 3376 5014 tempus,
3427 4942 3498 4997 ad
3544 4944 3867 5012 utrumque

2214 5037 2392 5107 trahi,
2448 5036 2585 5108 quid
2638 5033 2951 5107 progibet?
3000 5034 3276 5098 Quaenam
3323 5046 3459 5087 vero
3506 5033 3676 5088 erant
3747 5028 3869 5085 hinc

2215 5202 2504 5277 a_uventus
2532 5197 2714 5277 hujus
2740 5193 3000 5277 .Augusti
3031 5194 3240 5277 quarto
3272 5191 3591 5277 tribunitiae.
3616 5193 3871 5263 potesta-

2215 5271 2291 5325 tis
2325 5286 2477 5326 anno
2526 5264 2685 5338 facti,
2736 5264 2955 5324 indicia
2991 5265 3258 5337 quaedam
3284 5264 3344 5319 in
3367 5264 3628 5320 nummis
3656 5280 3861 5320 occur-

2215 5359 2361 5399 rere.

2290 5415 2362 5486 (4)
2396 5414 2530 5468 Hist.
2560 5413 2650 5467 des
2684 5414 2839 5486 Emp,
2874 5409 3049 5486 t.LI_lI,
3085 5424 3140 5477 p.
3174 5407 3260 5486 9_4,
3295 5407 3552 5486 adnann.
3744 5406 3872 5486 Uno

2217 5476 2867 5558 des'occupations'de
2917 5476 3149 5558 seyere
3180 5479 3327 5558 dans
3383 5476 3620 5558 I'Orient
3673 5479 3761 5534 fut
3799 5479 3870 5558 de

2216 5558 2359 5612 faire
2414 5559 2484 5613 de
2517 5548 2841 5612 -nouvelles
2896 5548 3241 5607 recherches
3292 5550 3394 5604 des
3444 5550 3743 5613 partisans
3798 5550 3871 5605 de

2216 5566 2359 5612 faire
2414 5566 2484 5613 de
2547 5566 2841 5612 nouvelles
2896 5566 3241 5607 recnercnes
3292 5566 3394 5604 aes
3486 5566 3743 5606 artisans
3798 5566 3871 5605 de

2214 5630 2407 5701 Niger,
2440 5634 2497 5685 et
2526 5645 2753 5701 comme
2781 5624 3100 5683 Tertullien
3131 5622 3217 5676 dit
3245 5636 3350 5677 sur
3378 5566 3520 5692 cera,
3549 5623 3620 5679 de
3652 5621 3871 5696 grapil-

2215 5699 2311 5758 ler'
2328 5703 2496 5774 apres
2526 5700 2585 5759 la
2612 5699 2929 5773 vendange.
