4264 6388
437 405 554 466 627

954 398 1480 459 TERTULLIANI
1525 397 1850 459 OPERUM
1895 393 2094 456 PARS
2139 393 2187 451 Ι.
2216 423 2292 434 -
2324 391 2597 454 SERIES
2644 393 2694 468 Ι,
2743 393 3307 456 APOLOGETICA.

3720 393 3842 453 628

438 537 655 611 gaudia
685 533 938 606 publica,
973 533 1042 586 ad
1072 546 1201 603 quae
1230 529 1512 602 respicit?
1559 519 1753 587 Fallor.
1786 533 1886 586 aut
1915 527 2081 600 quin-
2112 525 2166 592 Α
2196 538 2678 597 unumquemque
2707 525 2982 582 idoneum
3016 524 3281 597 imperio.
3320 546 3348 574 ››
3401 525 3718 582 Eransacta
3748 542 3843 582 res

439 621 1233 698 quennaliainnuit.Romam
1257 619 1492 690 quidem
1517 635 1650 674 eum
1683 619 2085 690 ingrederetur

438 717 686 770 Severus
713 715 843 784 post
874 710 1241 764 interfectum
1277 709 1576 774 Albinum,
1617 708 1849 780 gaudiis
1887 705 2085 761 omnia

438 807 495 859 et
527 802 828 875 plausibus
860 798 1254 870 personabant
1284 797 1434 868 (Vid.
1485 797 1850 852 Herodianus
1881 796 2079 849 Hister.

435 891 540 946 lib.
572 907 657 956 ιιι,
692 905 740 945 c.
772 888 826 955 8,
861 903 918 959 p.
963 887 1106 955 145).
1157 885 1272 961 Nec
1324 885 1491 941 nobis
1521 885 1577 940 id
1610 886 1841 941 obesset
1869 882 1916 938 si
1950 879 2082 952 quis

440 995 568 1034 eam
601 979 695 1033 hic
725 974 986 1031 laetitiam
1018 973 1310 1045 publicam
1346 973 1588 1028 indicari
1621 974 1856 1028 diceret.
1891 975 2083 1039 Longe

432 1071 630 1122 tamen
705 1063 1068 1138 probabilius
1119 1063 1371 1118 arbitror
1417 1062 1487 1117 de
1544 1058 2083 1134 quinquennalibus

435 1170 767 1210 sermonem
798 1169 950 1220 esse,
991 1167 1123 1207 cum
1175 1150 1320 1206 alias
1362 1152 1433 1207 ob
1483 1167 1713 1218 causas,
1751 1155 1875 1204 tum
1927 1147 2079 1218 quod

433 1249 566 1300 vota
586 1260 687 1316 pro
710 1242 900 1298 salute
929 1240 1177 1310 Augusti
1213 1243 1336 1295 tum
1374 1255 1501 1295 esse
1533 1239 1687 1295 facta
1718 1236 2080 1294 subindicat:

436 1366 462 1392 «
497 1342 607 1397 Sed
641 1345 704 1396 ut
729 1344 858 1396 vota
887 1339 1122 1410 propria
1161 1338 1287 1408 jam
1342 1338 1637 1393 edicerent
1671 1337 1725 1392 in
1773 1335 1959 1390 aliena
1991 1351 2082 1388 so-

434 1430 756 1500 lemnitate,
793 1451 819 1476 »
852 1432 908 1483 et
937 1426 1182 1497 reliqua.
1217 1426 1433 1496 Ecquid
1483 1442 1614 1481 vero
1650 1424 1865 1488 notius,
1926 1422 2084 1476 ludis

439 1516 976 1591 quinquennalibus
1021 1515 1176 1570 hunc
1220 1531 1440 1570 morem
1487 1514 1776 1586 praecipue
1815 1513 2082 1567 observa-

434 1613 561 1663 tum
597 1607 780 1662 fuisse
802 1604 830 1660 ?
879 1605 1099 1676 Ecquid
1133 1603 1222 1659 his
1255 1619 1567 1658 numornm
1599 1599 2085 1672 inscriptionibus

436 1696 723 1753 celebrius
757 1711 769 1749 :
802 1710 943 1749 VOTA
973 1710 1192 1748 DECENN
1223 1708 1451 1748 suscnp.
1477 1692 1505 1747 ?
1536 1691 1744 1762 Tangit
1773 1690 1879 1745 has
1907 1704 2082 1744 caere-

438 1787 666 1842 monias
697 1787 822 1841 sine
853 1783 1028 1839 dubio
1060 1783 1444 1849 Herodianus,
1478 1782 1577 1854 qui
1633 1786 1835 1853 praeter
1865 1793 2084 1833 munus

437 1874 610 1943 illud,
643 1875 796 1945 quod
831 1877 1074 1928 Romam
1106 1873 1289 1927 redux
1328 1871 1646 1943 imperator
1678 1867 1889 1942 populo
1921 1867 2081 1957 exhi-
2115 1892 2163 1957 B

436 1962 849 2031 buerat,a1iam
882 1963 1008 2033 ejus
1031 1961 1209 2033 hujus
1240 1961 1466 2033 generis
1487 1959 1889 2015 liberalitatem
1915 1955 2086 2028 paulo

443 2056 578 2108 ante
607 2050 938 2107 Parthicam
969 2049 1396 2122 expeditionem
1429 2049 1865 2104 commemorat.
1900 2045 2084 2114 Νομάς

436 2160 496 2194 τε
557 2137 980 2215 μεγαλοφρόνως
1033 2134 1306 2208 ἐπεδίδου,
1365 2135 1640 2191 ἐπετέλεσε
1673 2132 1728 2188 δὲ
1786 2133 1871 2187 καὶ
1915 2131 2083 2186 ἐπινι-

435 2227 569 2282 κίων
600 2229 804 2302 ἀγῶνα,
856 2225 981 2288 τοὺς
1023 2224 1358 2301 πανταχόθεν
1423 2223 1630 2297 (eodem
1679 2244 1737 2278 τε
1791 2220 2085 2296 ὑποκριτὰς

434 2318 519 2372 καὶ
553 2313 800 2392 ἀνδρείας
836 2316 1081 2388 μαθητὰς
1132 2313 1621 2387 μεταπεμψάμενος
1667 2314 1732 2384 (Ι.
1793 2329 1875 2377 ur,
1927 2329 1976 2367 c.
2027 2312 2080 2378 8,

437 2423 493 2478 p.
532 2407 674 2475 147).
708 2428 736 2456 ‹‹
769 2406 879 2461 Sed
919 2410 975 2460 et
1010 2405 1310 2476 congiaria
1359 2403 1523 2458 dedit
1556 2401 1849 2457 uberrima
1881 2405 1936 2456 et
1966 2417 2081 2455 cer-

431 2507 626 2560 tamen
661 2503 979 2576 proposuit,
1016 2503 1274 2573 undique
1305 2500 1506 2557 accitis
1536 2498 1876 2554 ludionibus
1906 2502 2082 2568 atque

432 2590 746 2646 athletis.»
797 2592 955 2646 Idem
1007 2590 1352 2662 Spartianus
1401 2587 1668 2660 perhibet
1709 2587 1851 2658 (Vita
1899 2586 2084 2640 Severi

439 2695 570 2749 cap.
604 2679 692 2746 M,
735 2695 791 2750 p.
845 2679 966 2749 150)
1026 2679 1194 2749 cujus
1251 2677 1371 2732 hinc
1431 2681 1570 2732 sunt
1625 2693 1643 2729 :
1701 2697 1722 2725 ι
1785 2675 2082 2730 Profectus

436 2766 644 2823 deinde
675 2767 745 2822 ad
777 2766 996 2822 bellum
1033 2765 1368 2821 Parthicum
1401 2769 1510 2835 est,
1555 2763 1708 2820 edito
1739 2762 2082 2834 gladiatorio

438 2872 681 2912 munere
731 2860 785 2910 et
834 2853 1093 2926 congirlo
1136 2852 1350 2925 populo
1398 2853 1553 2908 dato.
1603 2875 1630 2902 »
1680 2851 1842 2921 Vide,
1903 2867 2080 2922 quam

436 2942 622 2999 amice
651 2943 844 2998 hiduo
876 2943 1210 3013 conspireut
1241 2958 1253 2996 :
1290 2958 1468 3012 quam
1500 2944 1632 3012 apte
1662 2944 1905 3009 uterque
1938 2957 2076 3009 pra:-

435 3031 682 3088 cessisse
730 3031 989 3103 aliquam
1024 3047 1245 3103 magnae
1287 3029 1695 3086 muniﬁcentia:
1748 3029 2080 3083 solemnita-

431 3125 548 3174 tem
582 3119 1007 3192 expeditionem
1042 3118 1370 3174 Parthicam
1418 3118 1630 3173 tradat.
1665 3120 1797 3184 Quaa
1839 3116 1887 3170 si
1931 3115 2079 3171 cele-

430 3207 720 3265 berrimus
747 3207 1092 3264 attendisset
1109 3205 1537 3274 Tillemontius,
1565 3206 1732 3262 aliter
1751 3205 1876 3260 sine
1899 3205 2075 3260 dubio

433 3297 814 3353 instituisset.
860 3301 933 3352 De
967 3295 1246 3352 Pescenni
1288 3294 1446 3366 Nigri
1494 3294 1901 3359 sectatoribus,
1933 3310 2076 3364 quas

428 3385 490 3440 in
535 3385 694 3458 Syria
742 3385 1066 3441 venabatur
1111 3389 1377 3452 Severus,
1432 3399 1763 3438 sermonem
1812 3383 1906 3438 hic
1952 3398 2081 3437 esse

430 3479 654 3530 censet.
684 3475 756 3529 At
805 3490 904 3530 eos
955 3473 1182 3528 inducit
1225 3471 1644 3536 Tertullianus,
1673 3471 1770 3544 qui
1805 3471 2084 3527 Romanis

431 3562 805 3618 interfuerint
852 3561 1222 3632 spectaculis,
1253 3559 1484 3628 Quales,
1536 3560 1636 3630 qui
1686 3561 1744 3614 in
1783 3559 1949 3631 Syria
1978 3561 2080 3614 de-

433 3649 805 3717 litescebant,
836 3648 994 3719 Nigri
1030 3652 1345 3704 sectatores
1377 3664 1490 3702 non
1541 3652 1725 3702 erant.
1753 3647 1874 3712 Quo
1907 3663 2084 3716 anno,

433 3763 576 3803 num
622 3763 775 3802 anno
820 3745 1050 3800 CXCVII
1101 3749 1202 3800 aut
1250 3744 1511 3800 CXCVIII
1546 3746 1722 3801 festos
1752 3745 1926 3800 hosce
1959 3746 2082 3801 dies

432 3837 753 3907 imperator
783 3833 1080 3898 indixerit,
1112 3849 1319 3905 parum
1360 3849 1522 3889 curo.
1558 3834 1619 3888 Id
1655 3833 1798 3888 mihi
1829 3839 2081 3901 tantum,

434 3930 500 3981 ut
529 3925 858 3995 ostendam,
892 3922 1202 3989 incumbit,
1235 3921 1582 3993 sanguinem
1614 3923 1804 3978 denuo
1835 3921 2085 3978 Albinia-

431 4030 665 4084 norum,
717 4017 781 4069 ut
836 4011 1245 4076 credebantur,
1305 4011 1458 4068 568
1517 4011 1820 4082 profusum
1879 4011 2082 4090 fuisse,

430 4119 565 4158 cum
597 4101 655 4156 in
689 4117 754 4156 eo
786 4105 962 4166 esset,
996 4104 1060 4154 nt
1090 4097 1336 4154 Parthos
1365 4099 1681 4154 invaderet.
1716 4097 1924 4155 Nullus
1955 4101 2085 4172 qui-

429 4191 563 4246 dem
597 4189 647 4244 si
680 4189 921 4259 produci
970 4187 1140 4242 testis
1177 4194 1394 4259 posset,
1443 4187 1624 4242 nihilo
1679 4187 1874 4242 minus
1928 4194 2083 4244 certa

431 4296 562 4334 mea
591 4283 746 4335 esset
774 4276 1156 4349 computatio,
1191 4279 1290 4346 qui
1341 4275 1605 4330 omnium
1640 4275 1825 4330 instar
1853 4276 2078 4332 Tertul-

432 4367 655 4424 lianum
689 4366 1100 4423 commendare
1131 4381 1385 4436 possem.
1410 4364 1586 4419 Adest
1615 4380 1744 4418 vero
1775 4367 2082 4420 commode

431 4459 796 4530 Spartianus,
830 4454 1242 4528 auspiciasque
1273 4454 1402 4509 novi
1435 4453 1572 4509 belli
1603 4454 1856 4509 caedibus
1889 4455 2078 4510 homi-

433 4563 577 4603 num
609 4546 940 4619 iniquinata
972 4545 1153 4600 fuisse
1192 4546 1371 4599 tradit
1409 4545 1565 4614 (Vita
1589 4545 1772 4599 Severi
1815 4561 1862 4600 c.
1901 4545 1984 4612 14,
2019 4563 2077 4617 p.

2191 616 2299 667 est.
2333 616 2496 668 Anno
2531 614 2816 685 CXCVIII,
2851 615 3116 671 omnium
3153 629 3465 680 consensu,
3497 613 3558 668 in
3599 613 3848 670 Parthos

2189 705 2432 758 Severus
2479 703 2772 775 profectus
2822 708 2929 760 est.
2981 703 3135 758 Tum
3189 707 3319 774 post
3377 703 3846 774 quinquennalia

2189 789 2463 859 exhibita,
2515 808 2648 848 cum
2697 793 2823 863 jam
2871 791 2952 847 nil
3005 791 3114 847 nisi
3163 790 3364 862 praelia
3405 796 3461 846 et
3491 791 3843 848 Parthorum

2189 878 2395 933 funera
2453 881 2721 951 spiraret,
2755 883 3056 936 racematio
3104 878 3206 935 illa
3256 879 3561 948 rebellum,
3613 881 3684 936 de
3729 897 3849 952 qua

2187 966 2603 1036 Tertullianus,
2647 969 2904 1040 contigit.
2973 969 3176 1042 Igitur,
3227 968 3366 1039 quia
3422 969 3622 1025 eodem
3682 985 3837 1024 anno

2188 1057 2561 1127 Apologeticus
2593 1058 2670 1112 sit
2699 1061 2992 1124 exaratos,
3024 1057 3279 1112 dubitari
3333 1057 3588 1130 amplius
3619 1057 3842 1129 nequit.

2191 1145 2350 1199 Licet
2381 1163 2535 1201 nunc
2575 1162 2803 1217 quoque
2857 1163 3077 1202 annum
3131 1146 3389 1217 primum
3439 1145 3845 1202 calamitatum

2187 1232 2530 1290 Christianis
2558 1234 2885 1307 imperante
2925 1239 3129 1290 Severo
3177 1233 3476 1289 illatarum
3508 1234 3838 1306 designare.

2189 1321 2600 1378 Sustinuerant
2620 1324 2745 1393 jam
2781 1341 2880 1394 per
2907 1324 3136 1394 aliquod
3172 1327 3404 1394 tempus
3447 1324 3698 1378 furorem
3733 1323 3843 1379 ho-

2190 1410 2391 1478 stium,
2439 1429 2574 1466 cum
2628 1430 2730 1484 pro
2787 1413 2872 1468 eis
2932 1419 3126 1468 noster
3186 1415 3360 1468 verba
3412 1413 3639 1468 faceret.
3675 1415 3839 1470 Certe

2188 1515 2477 1570 nusquam
2508 1501 2579 1556 de
2608 1501 2948 1558 vulneribus
2981 1517 3168 1574 nuper
3208 1501 3448 1570 infictis,
3480 1501 3580 1557 sed
3615 1502 3845 1558 invete-

2191 1587 2332 1642 ratis
2372 1589 2497 1658 jam
2555 1589 2750 1658 malis,
2806 1590 3082 1662 loquitur.
3144 1591 3328 1657 Quod,
3380 1590 3430 1645 si
3481 1607 3595 1646 non
3649 1590 3836 1663 prius,

2191 1675 2502 1732 minimum
2535 1695 2568 1732 a
2599 1678 2945 1750 praecedenti
2976 1697 3028 1734 a.
3061 1678 3297 1735 CXCVII
3342 1678 3606 1736 miserias
3637 1695 3841 1735 eorum

2190 1766 2530 1836 repetendas
2563 1783 2691 1823 esse
2715 1768 2989 1823 ostendit.

2265 1871 2433 1938 §XV.
2481 1903 2544 1912 -—
2594 1873 2782 1928 Habes
2819 1875 2968 1945 jam,
3021 1890 3148 1945 quae
3182 1873 3252 1930 de
3292 1877 3458 1928 aatate
3504 1874 3846 1945 Apologelici

2196 1958 2541 2015 Tertulliani
2594 1966 2786 2017 tecum
2833 1963 3268 2018 communicare
3300 1963 3498 2017 statui.
3536 1963 3844 2034 Equidem,

2195 2052 2260 2104 ut
2279 2065 2411 2102 cum
2437 2050 2631 2120 robur,
2656 2054 2781 2105 tum
2808 2051 3281 2122 perspicuitatem
3311 2051 3383 2106 iis
3415 2067 3844 2121 compararem,

2193 2154 2297 2209 pro
2315 2137 2539 2193 viribus
2565 2139 2802 2194 studui:
2831 2145 3144 2210 utrumque
3169 2155 3307 2194 num
3333 2146 3686 2196 consecutus
3707 2141 3846 2208 sim,

2191 2225 2437 2281 aliorum
2469 2232 2590 2282 esto
2613 2227 2927 2298 judicium.
2962 2227 3195 2299 Aliquid
3236 2228 3283 2283 si
3318 2229 3700 2284 obscuritatis
3732 2229 3833 2284 ad-

2192 2314 2386 2385 haeret,
2423 2333 2536 2370 non
2569 2321 2685 2372 tam
2721 2332 2847 2372 meo
2876 2316 2930 2371 id
2965 2316 3102 2371 vitio
3135 2317 3351 2372 factum
3379 2334 3508 2372 esse
3528 2319 3836 2390 cogitabis,

2191 2420 2363 2474 quam
2421 2405 2636 2478 negotii
2688 2405 2895 2477 ipsius.
2947 2405 3176 2462 Habent
3223 2406 3330 2461 hoc
3391 2405 3840 2476 disquisitiones

2190 2493 2503 2563 ejusmodi,
2538 2498 2600 2549 ut
2631 2511 2864 2566 semper
2893 2493 3112 2566 aliquid
3150 2495 3609 2550 domesticarum
3641 2511 3841 2552 secum

2189 2582 2400 2637 vehant
2454 2583 2735 2638 sordium.
2787 2585 2894 2639 Sed
2955 2600 3058 2638 nec
3117 2583 3208 2650 iis,
3241 2583 3342 2654 qui
3383 2583 3576 2656 prima
3617 2591 3846 2642 merent

2190 2672 2500 2743 stipendia,
2533 2673 2894 2742 scribuntur,
2926 2689 3125 2728 verum
3159 2672 3232 2728 iis
3261 2673 3360 2744 qui
3403 2675 3530 2744 jam
3579 2674 3842 2746 aliquem

2187 2761 2338 2816 inter
2366 2760 2518 2816 cives
2550 2762 2808 2817 eruditos
2839 2761 3086 2833 gradum
3119 2761 3272 2816 nacti
3305 2763 3614 2834 utriusque
3643 2763 3835 2820 histo-

2188 2852 2284 2906 rias
2326 2869 2638 2925 rerumque
2670 2853 3002 2908 criticarum
3037 2869 3150 2906 non
3184 2852 3373 2924 ignari
3412 2858 3570 2909 sunt.
3601 2853 3840 2917 Quibus

2188 2941 2444 3012 quidem.
2490 2943 2646 3013 quod
2693 2941 2808 2996 illis
2849 2943 3267 3013 perobscurum
3313 2940 3562 3007 videtur,
3617 2942 3843 2998 nullam

2187 3029 2581 3086 difficultatem
2642 3047 2841 3102 parere
2911 3031 3078 3085 solet.
3131 3030 3291 3097 Mihi,
3353 3031 3400 3086 si
3461 3029 3578 3086 fata
3635 3031 3840 3101 velint,

2186 3118 2426 3189 suisque
2456 3119 2620 3174 labor
2655 3123 2853 3174 noster
2880 3118 3206 3174 fautoribus
3252 3135 3366 3174 non
3415 3117 3586 3191 plane
3633 3136 3845 3175 carue-

2188 3207 2283 3275 rit,
2337 3208 2439 3262 hac
2487 3209 2579 3262 via
2627 3224 2865 3279 pergere
2918 3209 3282 3279 propositum
3327 3212 3435 3263 est.
3479 3209 3552 3262 De
3597 3206 3843 3279 reliquis

2187 3296 2523 3352 Tertulliani
2557 3297 2830 3368 operibus
2862 3313 2976 3352 nou
3009 3297 3212 3352 eadem
3244 3301 3477 3352 tantum
3519 3296 3832 3363 industria,

2188 3402 2388 3440 verum
2450 3386 2626 3441 etiam
2685 3385 2754 3440 de
2802 3385 2920 3440 vita
2976 3385 3103 3456 ejus
3164 3384 3415 3457 fatisque
3469 3385 3836 3458 diligentius,

2187 3490 2363 3545 quam
2395 3473 2508 3529 huc
2535 3491 2718 3546 usque
2748 3475 2963 3529 l‘aetum
2995 3475 3182 3543 video,
3207 3474 3487 3546 peculiari
3510 3475 3658 3531 libro
3683 3491 3810 3531 com
3829 3517 3841 3530 .

2191 3563 2533 3628 mentabor;
2567 3563 2658 3618 cui
2708 3563 3155 3618 dissertationes
3211 3563 3498 3634 quasdam
3558 3563 3617 3619 in
3669 3581 3847 3636 opera

2191 3653 2319 3723 ejus
2361 3651 2659 3721 adjiciam.

2262 3759 2494 3812 Dudum
2539 3763 2648 3824 est,
2683 3757 2840 3828 quod
2871 3756 3216 3813 eruditiores
3248 3774 3456 3813 novam
3487 3773 3688 3813 eorum
3720 3759 3840 3814 edi-

2191 3848 2406 3902 tionem
2456 3850 2750 3918 exoptant.
2781 3847 2860 3900 Ac
2909 3861 3080 3900 nemo
3132 3862 3224 3901 me
3275 3847 3512 3918 quidem
3562 3846 3843 3904 libentius

2194 3937 2299 3991 hoc
2329 3953 2476 3991 onus
2506 3933 2564 3990 in
2597 3952 2661 3990 se
2691 3933 3060 4002 devolvisset,
3096 3934 3145 3990 si
3172 3951 3240 3990 ea
3273 3933 3420 3990 mihi
3458 3934 3686 3991 vivendi
3718 3952 3846 3993 sors

2191 4025 2519 4096 obtigisset,
2571 4028 2636 4080 ut
2682 4040 2773 4079 me
2819 4022 2928 4078 rite
2967 4039 3033 4079 eo
3083 4023 3325 4096 defungi
3355 4039 3526 4096 posse
3556 4027 3847 4096 putarem-

2191 4116 2324 4180 Quae
2381 4130 2515 4169 cum
2567 4111 2710 4167 mihi
2760 4116 2969 4184 negata
3021 4112 3121 4180 sit,
3171 4128 3238 4168 ea
3294 4117 3515 4181 tamen,
3547 4130 3660 4185 qua
3705 4115 3846 4180 dixi.

2192 4202 2438 4270 ratione,
2485 4218 2599 4256 non
2647 4205 2766 4256 tam
2798 4201 2868 4255 de
2899 4199 3008 4255 hac
3039 4204 3225 4272 parte,
3259 4217 3435 4272 quam
3485 4201 3556 4257 de
3587 4201 3720 4274 ipsa
3749 4203 3844 4258 Hi-

2191 4290 2373 4347 storia
2405 4307 2569 4346 sacra
2618 4293 2674 4346 et
2723 4288 2876 4345 civili
2926 4288 3074 4345 bene
3107 4289 3317 4346 mereri
3351 4290 3652 4346 constitui.
3693 4290 3850 4347 Moli-

2189 4386 2287 4436 tus
2319 4385 2408 4434 est
2437 4377 2729 4450 ejusmodl
2770 4378 2922 4435 559
2975 4395 3123 4450 opus
3165 4378 3518 4435 immortalis
3549 4379 3844 4436 memoria

2185 4468 2293 4536 vir,
2328 4468 2615 4523 Henricus
2644 4465 2985 4522 Dodwellus
3014 4467 3103 4537 (ex
3139 4468 3267 4524 Vita
3296 4468 3425 4538 ejus
3463 4484 3498 4522 a
3546 4471 3635 4522 Fr.
3670 4468 3843 4524 Broc-

2201 4557 2382 4628 kesby
2433 4555 2650 4628 scripta
2691 4555 2809 4610 vid.
2857 4553 2935 4610 La
2999 4553 3212 4622 Roche,
3263 4555 3406 4612 Bibl.
3454 4557 3614 4627 Angl.
3641 4561 3762 4612 tom
3803 4557 3846 4625 Ι,

432 4635 562 4708 480)
599 4652 612 4690 :
647 4659 673 4686 ‹‹
717 4635 930 4691 Multos
975 4633 1129 4689 inter
1173 4633 1292 4688 haec
1326 4634 1488 4704 (dum
1523 4650 1584 4688 se
1617 4650 1761 4689 novo
1798 4633 1952 4690 bello
2005 4651 2094 4690 ac'
2125 4619 2169 4684 D
2200 4619 2424 4719 pum-1,
2458 4662 2514 4717 p.
2549 4619 2638 4712 86,
2665 4645 2777 4716 87).
2811 4646 2961 4700 Mors
2985 4619 3303 4716 quonimus
3327 4645 3397 4700 ad
3431 4619 3606 4701 tinem
3640 4619 3848 4717 perdu.

435 4723 714 4795 cingeret,
765 4723 906 4777 dum
957 4721 1123 4776 ludos
1153 4720 1367 4793 populo
1399 4723 1746 4792 spectandos
1779 4723 2080 4794 praeberet,

437 4812 508 4867 de
537 4812 748 4881 quibus
779 4811 1028 4882 aliisque
1079 4810 1138 4865 in
1181 4811 1582 4881 superioribus
1615 4811 1860 4884 dixerat)
1891 4813 2083 4869 causis

433 4899 525 4956 vel
547 4900 698 4956 veris
717 4899 803 4955 vel
836 4899 1126 4954 simulatis
1157 4899 1388 4954 occidit.
1415 4899 1858 4955 Damnabantur
1885 4906 2082 4957 autem

433 4987 696 5062 plerique
735 5005 840 5044 cur
877 4987 1060 5058 jocati
1103 4992 1301 5043 essent
1347 5005 1359 5042 :
1415 4989 1510 5042 alii
1561 5005 1666 5044 cur
1712 4988 2080 5046 tacuissent:

435 5087 536 5144 alii
567 5104 672 5142 cur
703 5085 983 5158 pleraque
1032 5086 1280 5156 figurata
1311 5085 1596 5141 dixissent
1629 5103 1642 5141 :
1677 5091 1739 5141 ut
1784 5093 1940 5143 esset
1969 5088 2081 5144 im-

431 5183 668 5249 perator
698 5193 828 5232 vere
861 5175 1120 5231 nominis
1161 5177 1274 5242 sui,
1322 5193 1452 5231 vere
1507 5177 1772 5233 Pertinax
1821 5183 1878 5234 et
1921 5183 2084 5235 Seve-

436 5283 621 5322 rus.»
681 5270 805 5320 Huc
862 5265 1061 5334 etiam,
1121 5281 1254 5335 quos
1309 5265 1481 5335 paulo
1541 5271 1673 5336 post
1731 5272 2080 5339 sequuntur,

434 5357 610 5411 verba
641 5355 844 5425 refero,
876 5371 1024 5424 quae,
1057 5359 1122 5407 ut
1151 5353 1375 5423 opinor.
1411 5370 1524 5408 non
1569 5356 1640 5410 ad
1672 5354 1855 5410 solam
1887 5355 2083 5426 Nigri-

436 5445 747 5500 nianorum
806 5443 865 5498 in
918 5443 1147 5497 Oriente
1190 5443 1652 5512 persecutionem
1687 5444 1995 5515 pertinent.
2029 5449 2086 5500 et

438 5548 576 5587 cum
609 5531 832 5587 ultimis
864 5529 1206 5586 Tertulliani
1239 5532 1588 5587 conferenda
1620 5537 1794 5587 sunt:
1823 5554 1850 5581 «
1872 5531 2084 5587 Multos

441 5621 642 5684 etiam,
689 5621 856 5691 quasi
907 5619 1212 5675 Chaldaeos
1264 5625 1366 5676 aut
1407 5626 1568 5677 vates
1615 5621 1686 5676 de
1739 5637 1848 5676 sua
1897 5619 2086 5677 salute

445 5708 902 5777 consuluissent,
986 5708 1317 5779 interemit,
1401 5709 1691 5782 praecipue
1782 5711 2084 5781 suspectos

2193 4739 2367 4801 ceret,
2403 4733 2728 4806 prohibuit.
2771 4736 2889 4805 Ego
2937 4748 3072 4788 vero
3113 4732 3485 4790 vehementer
3513 4733 3739 4801 dubito,
3769 4751 3844 4789 an

2193 4843 2299 4898 par
2344 4821 2656 4880 eruditioni
2707 4821 2924 4877 candor
2971 4838 3037 4875 ac
3085 4821 3292 4892 judicii
3344 4822 3654 4878 maturitas
3687 4821 3745 4876 in
3775 4837 3842 4877 eo

2193 4916 2391 4970 futura
2421 4913 2647 4968 fuisset.
2696 4911 2988 4967 Habemus
3015 4909 3360 4966 Tertulliani
3399 4911 3580 4966 vitam
3612 4927 3646 4968 a
3677 4910 3842 4967 Petro

2191 4989 2400 5060 Allixio
2435 5018 2447 5057 :
2483 5005 2541 5056 at
2570 5017 2722 5066 eam,
2771 5015 2947 5070 quam
2998 4999 3047 5055 si
3079 4999 3278 5056 dixero
3327 4998 3527 5056 minus
3555 5015 3684 5056 esse
3716 5015 3846 5072 per-

2193 5093 2401 5146 fectam
2442 5105 2507 5145 ac
2537 5089 2917 5156 elaboratam,
2966 5103 3000 5143 a
3040 5087 3283 5143 veritate
3337 5103 3452 5144 non
3477 5088 3842 5144 aberravero.

2189 5180 2318 5234 Sint
2346 5195 2434 5246 ea,
2466 5194 2594 5249 qua
2627 5177 2685 5232 in
2727 5175 2834 5232 hac
2877 5175 3300 5232 Dissertatione
3357 5193 3426 5232 ex
3481 5193 3550 5232 ea
3578 5176 3845 5232 conside-

2192 5268 2473 5334 ravimus,
2517 5264 2856 5338 speciminis
2900 5263 3044 5321 loco.
3098 5265 3249 5320 Petri
3298 5265 3536 5322 Thomas
3576 5265 3732 5322 560
3765 5265 3844 5320 du

2194 5358 2369 5413 Fosse
2397 5355 2576 5410 vitam
2605 5353 2967 5423 Tertulliani,
3003 5369 3180 5425 quam
3213 5354 3340 5410 sine
3371 5353 3608 5410 nomine
3638 5357 3846 5409 aucto-

2193 5447 2274 5501 ris
2307 5443 2591 5517 prodiisse
2627 5442 2909 5513 Dupinius
2957 5446 3210 5497 testatur
3256 5444 3423 5512 (Bibl.
3473 5443 3567 5498 de:
3608 5444 3847 5498 Auleur:

2191 5534 2382 5590 ecclés.
2434 5538 2577 5588 tom.
2631 5530 2828 5598 XVIII,
2879 5547 2936 5603 p.
2994 5531 3143 5602 258),
3186 5547 3292 5588 nec
3342 5548 3469 5602 ego,
3501 5547 3608 5586 nec
3639 5546 3845 5587 omnes

2194 5623 2358 5692 forte,
2392 5620 2492 5692 qui
2521 5625 2680 5676 extra
2711 5619 2956 5675 Galliam
2987 5635 3310 5688 versamur,
3343 5620 3616 5676 vidimus.
3645 5619 3847 5676 Palma

2192 5710 2373 5784 igitur
2417 5706 2607 5766 adhuc
2664 5707 2724 5764 in
2781 5706 2976 5765 medio
3005 5707 3196 5780 posita
3218 5713 3342 5780 est;
3393 5723 3573 5781 quam
3603 5708 3668 5766 ut
3697 5704 3846 5766 mihi
