  <div class='ocr_page' id='page_1' title='image "/cluster/home/n/w/nwhite01/storage/ocr_20150623/1/umn.31951002477295j/320.png"; bbox 0 0 4264 6392; ppageno 0'>
   <div class='ocr_carea' id='block_1_1' title="bbox 435 391 553 452">
    <p class='ocr_par' dir='ltr' id='par_1_1' title="bbox 435 391 553 452">
     <span class='ocr_line' id='line_1_1' title="bbox 435 391 553 452; baseline 0.025 -3"><span class='ocrx_word' id='word_1_1' title='bbox 435 391 553 452; x_wconf 73' lang='grc'>629</span> 
     </span>
    </p>
   </div>
   <div class='ocr_carea' id='block_1_2' title="bbox 1660 393 2616 488">
    <p class='ocr_par' dir='ltr' id='par_1_2' title="bbox 1660 393 2616 488">
     <span class='ocr_line' id='line_1_2' title="bbox 1660 393 2616 488; baseline 0.001 -37"><span class='ocrx_word' id='word_1_2' title='bbox 1660 393 1763 488; x_wconf 74' lang='lat' dir='ltr'>AD</span> <span class='ocrx_word' id='word_1_3' title='bbox 1810 393 2231 454; x_wconf 83' lang='lat' dir='ltr'>NATIONES.</span> <span class='ocrx_word' id='word_1_4' title='bbox 2263 425 2339 438; x_wconf 88' lang='lat'><strong><em>—</em></strong></span> <span class='ocrx_word' id='word_1_5' title='bbox 2372 393 2522 452; x_wconf 85' lang='lat' dir='ltr'>LIB.</span> <span class='ocrx_word' id='word_1_6' title='bbox 2568 394 2616 453; x_wconf 93' lang='grc' dir='ltr'><strong>Ι.</strong></span> 
     </span>
    </p>
   </div>
   <div class='ocr_carea' id='block_1_3' title="bbox 3729 399 3847 462">
    <p class='ocr_par' dir='ltr' id='par_1_3' title="bbox 3729 399 3847 462">
     <span class='ocr_line' id='line_1_3' title="bbox 3729 399 3847 462; baseline 0.017 -3"><span class='ocrx_word' id='word_1_7' title='bbox 3729 399 3847 462; x_wconf 86' lang='grc'>630</span> 
     </span>
    </p>
   </div>
   <div class='ocr_carea' id='block_1_4' title="bbox 432 523 3845 596">
    <p class='ocr_par' dir='ltr' id='par_1_4' title="bbox 432 523 3845 596">
     <span class='ocr_line' id='line_1_4' title="bbox 432 523 3845 596; baseline 0.003 -19"><span class='ocrx_word' id='word_1_8' title='bbox 432 523 744 590; x_wconf 83' lang='lat' dir='ltr'>vindicem,</span> <span class='ocrx_word' id='word_1_9' title='bbox 776 524 824 580; x_wconf 91' lang='lat' dir='ltr'>si</span> <span class='ocrx_word' id='word_1_10' title='bbox 874 524 1088 592; x_wconf 86' lang='lat' dir='ltr'>vixero,</span> <span class='ocrx_word' id='word_1_11' title='bbox 1126 525 1389 580; x_wconf 89' lang='lat' dir='ltr'>studebo.</span> <span class='ocrx_word' id='word_1_12' title='bbox 1422 525 1548 580; x_wconf 90' lang='lat' dir='ltr'>Non</span> <span class='ocrx_word' id='word_1_13' title='bbox 1598 525 1648 579; x_wconf 92' lang='lat' dir='ltr'>is</span> <span class='ocrx_word' id='word_1_14' title='bbox 1679 541 1832 590; x_wconf 91' lang='lat' dir='ltr'>sum,</span> <span class='ocrx_word' id='word_1_15' title='bbox 1861 525 1960 596; x_wconf 86' lang='lat' dir='ltr'>qui</span> <span class='ocrx_word' id='word_1_16' title='bbox 1989 541 2079 580; x_wconf 89' lang='lat' dir='ltr'>me</span> <span class='ocrx_word' id='word_1_17' title='bbox 2110 524 2163 592; x_wconf 82' lang='grc' dir='ltr'>Α</span> <span class='ocrx_word' id='word_1_18' title='bbox 2197 526 2494 593; x_wconf 79' lang='lat' dir='ltr'>audacter,</span> <span class='ocrx_word' id='word_1_19' title='bbox 2534 525 2900 582; x_wconf 85' lang='lat' dir='ltr'>Dodwellum</span> <span class='ocrx_word' id='word_1_20' title='bbox 2931 528 3192 584; x_wconf 77' lang='lat' dir='ltr'>veritatis</span> <span class='ocrx_word' id='word_1_21' title='bbox 3226 543 3444 595; x_wconf 89' lang='lat' dir='ltr'>amore,</span> <span class='ocrx_word' id='word_1_22' title='bbox 3480 534 3716 587; x_wconf 68' lang='lat' dir='ltr'>cmteros</span> <span class='ocrx_word' id='word_1_23' title='bbox 3748 547 3845 589; x_wconf 79' lang='lat' dir='ltr'>as-</span> 
     </span>
    </p>
   </div>
   <div class='ocr_carea' id='block_1_5' title="bbox 431 612 2078 684">
    <p class='ocr_par' dir='ltr' id='par_1_5' title="bbox 431 612 2078 684">
     <span class='ocr_line' id='line_1_5' title="bbox 431 612 2078 684; baseline 0.001 -18"><span class='ocrx_word' id='word_1_24' title='bbox 431 612 523 683; x_wconf 88' lang='lat' dir='ltr'>iis,</span> <span class='ocrx_word' id='word_1_25' title='bbox 555 629 702 684; x_wconf 90' lang='lat' dir='ltr'>quos</span> <span class='ocrx_word' id='word_1_26' title='bbox 759 613 1075 682; x_wconf 81' lang='lat' dir='ltr'>nominavi,</span> <span class='ocrx_word' id='word_1_27' title='bbox 1108 615 1251 670; x_wconf 90' lang='lat' dir='ltr'>viris</span> <span class='ocrx_word' id='word_1_28' title='bbox 1305 615 1570 669; x_wconf 81' lang='lat' dir='ltr'>doctrina</span> <span class='ocrx_word' id='word_1_29' title='bbox 1621 613 1791 684; x_wconf 91' lang='lat' dir='ltr'>longe</span> <span class='ocrx_word' id='word_1_30' title='bbox 1844 615 2078 669; x_wconf 89' lang='lat' dir='ltr'>inferio-</span> 
     </span>
    </p>
   </div>
   <div class='ocr_carea' id='block_1_6' title="bbox 433 702 2082 773">
    <p class='ocr_par' dir='ltr' id='par_1_6' title="bbox 433 702 2082 773">
     <span class='ocr_line' id='line_1_6' title="bbox 433 702 2082 773; baseline 0.001 -18"><span class='ocrx_word' id='word_1_31' title='bbox 433 718 556 756; x_wconf 88' lang='lat' dir='ltr'>rem</span> <span class='ocrx_word' id='word_1_32' title='bbox 611 719 740 758; x_wconf 90' lang='lat' dir='ltr'>esse</span> <span class='ocrx_word' id='word_1_33' title='bbox 799 702 1075 758; x_wconf 83' lang='lat' dir='ltr'>nesciam.</span> <span class='ocrx_word' id='word_1_34' title='bbox 1112 704 1268 758; x_wconf 92' lang='lat' dir='ltr'>ldem</span> <span class='ocrx_word' id='word_1_35' title='bbox 1331 707 1544 773; x_wconf 86' lang='lat' dir='ltr'>tamen,</span> <span class='ocrx_word' id='word_1_36' title='bbox 1583 705 1758 757; x_wconf 92' lang='lat' dir='ltr'>nimis</span> <span class='ocrx_word' id='word_1_37' title='bbox 1815 703 2082 758; x_wconf 90' lang='lat' dir='ltr'>fortassis</span> 
     </span>
    </p>
   </div>
   <div class='ocr_carea' id='block_1_7' title="bbox 445 892 1324 900">
    <p class='ocr_par' dir='ltr' id='par_1_7' title="bbox 445 892 1324 900">
     <span class='ocr_line' id='line_1_7' title="bbox 445 892 1324 900; baseline 0 0"><span class='ocrx_word' id='word_1_38' title='bbox 445 893 538 900; x_wconf 56' lang='lat'>——-..</span> <span class='ocrx_word' id='word_1_39' title='bbox 554 893 712 899; x_wconf 66' lang='lat'>_—_—.-</span> <span class='ocrx_word' id='word_1_40' title='bbox 739 894 785 899; x_wconf 79' lang='lat'>_.</span> <span class='ocrx_word' id='word_1_41' title='bbox 803 895 814 900; x_wconf 82' lang='lat'>-</span> <span class='ocrx_word' id='word_1_42' title='bbox 829 892 962 900; x_wconf 63' lang='lat'>———.-</span> <span class='ocrx_word' id='word_1_43' title='bbox 975 892 1324 900; x_wconf 45' lang='grc' dir='ltr'>*οι-ψ</span> 
     </span>
    </p>
   </div>
   <div class='ocr_carea' id='block_1_8' title="bbox 2196 615 3846 693">
    <p class='ocr_par' dir='ltr' id='par_1_8' title="bbox 2196 615 3846 693">
     <span class='ocr_line' id='line_1_8' title="bbox 2196 615 3846 693; baseline 0.005 -23"><span class='ocrx_word' id='word_1_44' title='bbox 2196 615 2473 670; x_wconf 88' lang='lat' dir='ltr'>siduitate</span> <span class='ocrx_word' id='word_1_45' title='bbox 2504 621 2560 670; x_wconf 89' lang='lat' dir='ltr'>et</span> <span class='ocrx_word' id='word_1_46' title='bbox 2591 615 2893 687; x_wconf 85' lang='lat' dir='ltr'>diligentia</span> <span class='ocrx_word' id='word_1_47' title='bbox 2924 635 3015 673; x_wconf 89' lang='lat' dir='ltr'>me</span> <span class='ocrx_word' id='word_1_48' title='bbox 3048 623 3465 690; x_wconf 88' lang='lat' dir='ltr'>superaturum</span> <span class='ocrx_word' id='word_1_49' title='bbox 3492 637 3642 689; x_wconf 87' lang='lat' dir='ltr'>esse,</span> <span class='ocrx_word' id='word_1_50' title='bbox 3676 636 3846 693; x_wconf 87' lang='lat' dir='ltr'>spon-</span> 
     </span>
    </p>
   </div>
   <div class='ocr_carea' id='block_1_9' title="bbox 2194 705 2322 759">
    <p class='ocr_par' dir='ltr' id='par_1_9' title="bbox 2194 705 2322 759">
     <span class='ocr_line' id='line_1_9' title="bbox 2194 705 2322 759; baseline 0 -1"><span class='ocrx_word' id='word_1_51' title='bbox 2194 705 2322 759; x_wconf 91' lang='lat' dir='ltr'>deo.</span> 
     </span>
    </p>
   </div>
   <div class='ocr_carea' id='block_1_10' title="bbox 614 1040 3672 1234">
    <p class='ocr_par' dir='ltr' id='par_1_10' title="bbox 614 1040 3672 1234">
     <span class='ocr_line' id='line_1_10' title="bbox 614 1040 3672 1234; baseline 0.003 -30"><span class='ocrx_word' id='word_1_52' title='bbox 614 1040 802 1234; x_wconf 80' lang='grc' dir='ltr'>Ο.</span> <span class='ocrx_word' id='word_1_53' title='bbox 935 1040 1488 1206; x_wconf 88' lang='lat' dir='ltr'>SEPT.</span> <span class='ocrx_word' id='word_1_54' title='bbox 1623 1041 2196 1208; x_wconf 78' lang='lat' dir='ltr'>FLOR.</span> <span class='ocrx_word' id='word_1_55' title='bbox 2327 1044 3672 1213; x_wconf 82' lang='lat' dir='ltr'>TERTULLIANI</span> 
     </span>
    </p>
   </div>
   <div class='ocr_carea' id='block_1_11' title="bbox 1529 1331 2702 1434">
    <p class='ocr_par' dir='ltr' id='par_1_11' title="bbox 1529 1331 2702 1434">
     <span class='ocr_line' id='line_1_11' title="bbox 1529 1331 2702 1434; baseline 0.006 -7"><span class='ocrx_word' id='word_1_56' title='bbox 1529 1335 1746 1429; x_wconf 76' lang='lat' dir='ltr'><strong>AD</strong></span> <span class='ocrx_word' id='word_1_57' title='bbox 1833 1331 2702 1434; x_wconf 72' lang='lat' dir='ltr'>NATIONES</span> 
     </span>
    </p>
   </div>
   <div class='ocr_carea' id='block_1_12' title="bbox 1905 1529 2345 1590">
    <p class='ocr_par' dir='ltr' id='par_1_12' title="bbox 1905 1529 2345 1590">
     <span class='ocr_line' id='line_1_12' title="bbox 1905 1529 2345 1590; baseline -0.005 -2"><span class='ocrx_word' id='word_1_58' title='bbox 1905 1529 2110 1590; x_wconf 79' lang='lat' dir='ltr'>LIBRI</span> <span class='ocrx_word' id='word_1_59' title='bbox 2165 1531 2345 1590; x_wconf 88' lang='lat' dir='ltr'>DUO.</span> 
     </span>
    </p>
   </div>
   <div class='ocr_carea' id='block_1_13' title="bbox 1671 1835 2590 1930">
    <p class='ocr_par' dir='ltr' id='par_1_13' title="bbox 1671 1835 2590 1930">
     <span class='ocr_line' id='line_1_13' title="bbox 1671 1835 2590 1930; baseline 0 -2"><span class='ocrx_word' id='word_1_60' title='bbox 1671 1835 2038 1928; x_wconf 83' lang='lat' dir='ltr'>LIBER</span> <span class='ocrx_word' id='word_1_61' title='bbox 2104 1835 2590 1930; x_wconf 83' lang='lat' dir='ltr'>PRIMUS.</span> 
     </span>
    </p>
   </div>
   <div class='ocr_carea' id='block_1_14' title="bbox 497 2207 3830 2297">
    <p class='ocr_par' dir='ltr' id='par_1_14' title="bbox 497 2207 3830 2297">
     <span class='ocr_line' id='line_1_14' title="bbox 497 2207 3830 2297; baseline 0.001 -34"><span class='ocrx_word' id='word_1_62' title='bbox 497 2210 544 2264; x_wconf 93' lang='grc'>1.</span> <span class='ocrx_word' id='word_1_63' title='bbox 578 2209 1000 2266; x_wconf 89' lang='lat' dir='ltr'>Testimonium</span> <span class='ocrx_word' id='word_1_64' title='bbox 1035 2209 1377 2282; x_wconf 64' lang='lat' dir='ltr'>ignorantiae</span> <span class='ocrx_word' id='word_1_65' title='bbox 1407 2213 1764 2278; x_wconf 64' lang='lat' dir='ltr'>vestrae,qu£e</span> <span class='ocrx_word' id='word_1_66' title='bbox 1798 2207 2073 2297; x_wconf 37' lang='lat' dir='ltr'>iniquitas</span> <span class='ocrx_word' id='word_1_67' title='bbox 2105 2233 2150 2297; x_wconf 83' lang='lat' dir='ltr'><strong>B</strong></span> <span class='ocrx_word' id='word_1_68' title='bbox 2184 2209 2432 2297; x_wconf 89' lang='lat' dir='ltr'>denique</span> <span class='ocrx_word' id='word_1_69' title='bbox 2461 2211 2720 2282; x_wconf 89' lang='lat' dir='ltr'>gestiunt</span> <span class='ocrx_word' id='word_1_70' title='bbox 2769 2212 2969 2282; x_wconf 82' lang='lat' dir='ltr'>latere,</span> <span class='ocrx_word' id='word_1_71' title='bbox 3000 2211 3263 2268; x_wconf 85' lang='lat' dir='ltr'>devitant</span> <span class='ocrx_word' id='word_1_72' title='bbox 3311 2228 3612 2283; x_wconf 84' lang='lat' dir='ltr'>apparere,</span> <span class='ocrx_word' id='word_1_73' title='bbox 3648 2211 3830 2284; x_wconf 88' lang='lat' dir='ltr'>trepi-</span> 
     </span>
    </p>
   </div>
   <div class='ocr_carea' id='block_1_15' title="bbox 421 2296 2072 2369">
    <p class='ocr_par' dir='ltr' id='par_1_15' title="bbox 421 2296 2072 2369">
     <span class='ocr_line' id='line_1_15' title="bbox 421 2296 2072 2369; baseline -0.002 -16"><span class='ocrx_word' id='word_1_74' title='bbox 421 2302 541 2353; x_wconf 88' lang='lat' dir='ltr'>tcm</span> <span class='ocrx_word' id='word_1_75' title='bbox 576 2301 716 2354; x_wconf 90' lang='lat' dir='ltr'>dum</span> <span class='ocrx_word' id='word_1_76' title='bbox 748 2300 1029 2367; x_wconf 79' lang='lat' dir='ltr'>defendit,</span> <span class='ocrx_word' id='word_1_77' title='bbox 1065 2299 1328 2364; x_wconf 88' lang='lat' dir='ltr'>revincit,</span> <span class='ocrx_word' id='word_1_78' title='bbox 1361 2298 1419 2352; x_wconf 91' lang='lat' dir='ltr'>in</span> <span class='ocrx_word' id='word_1_79' title='bbox 1455 2302 1728 2369; x_wconf 88' lang='lat' dir='ltr'>promptu</span> <span class='ocrx_word' id='word_1_80' title='bbox 1773 2303 1880 2360; x_wconf 90' lang='lat' dir='ltr'>est,</span> <span class='ocrx_word' id='word_1_81' title='bbox 1917 2296 2072 2368; x_wconf 90' lang='lat' dir='ltr'>quod</span> 
     </span>
    </p>
   </div>
   <div class='ocr_carea' id='block_1_16' title="bbox 421 2386 2071 2458">
    <p class='ocr_par' dir='ltr' id='par_1_16' title="bbox 421 2386 2071 2458">
     <span class='ocr_line' id='line_1_16' title="bbox 421 2386 2071 2458; baseline -0.002 -16"><span class='ocrx_word' id='word_1_82' title='bbox 421 2389 751 2458; x_wconf 87' lang='lat' dir='ltr'>omnes,qui</span> <span class='ocrx_word' id='word_1_83' title='bbox 784 2389 1090 2443; x_wconf 87' lang='lat' dir='ltr'>vobiscum</span> <span class='ocrx_word' id='word_1_84' title='bbox 1126 2395 1278 2442; x_wconf 87' lang='lat' dir='ltr'>retro</span> <span class='ocrx_word' id='word_1_85' title='bbox 1313 2388 1663 2458; x_wconf 85' lang='lat' dir='ltr'>ignorabant</span> <span class='ocrx_word' id='word_1_86' title='bbox 1685 2390 1741 2440; x_wconf 90' lang='lat' dir='ltr'>et</span> <span class='ocrx_word' id='word_1_87' title='bbox 1771 2386 2071 2441; x_wconf 81' lang='lat' dir='ltr'>vobiscum</span> 
     </span>
    </p>
   </div>
   <div class='ocr_carea' id='block_1_17' title="bbox 423 2475 2075 2546">
    <p class='ocr_par' dir='ltr' id='par_1_17' title="bbox 423 2475 2075 2546">
     <span class='ocr_line' id='line_1_17' title="bbox 423 2475 2075 2546; baseline -0.001 -16"><span class='ocrx_word' id='word_1_88' title='bbox 423 2478 686 2542; x_wconf 88' lang='lat' dir='ltr'>oderant,</span> <span class='ocrx_word' id='word_1_89' title='bbox 721 2477 897 2532; x_wconf 87' lang='lat' dir='ltr'>simul</span> <span class='ocrx_word' id='word_1_90' title='bbox 949 2479 1032 2532; x_wconf 91' lang='lat' dir='ltr'>eis</span> <span class='ocrx_word' id='word_1_91' title='bbox 1083 2477 1325 2546; x_wconf 82' lang='lat' dir='ltr'>contigit</span> <span class='ocrx_word' id='word_1_92' title='bbox 1367 2476 1536 2545; x_wconf 87' lang='lat' dir='ltr'>scire,</span> <span class='ocrx_word' id='word_1_93' title='bbox 1571 2475 1850 2530; x_wconf 88' lang='lat' dir='ltr'>desinunt</span> <span class='ocrx_word' id='word_1_94' title='bbox 1880 2475 2075 2529; x_wconf 90' lang='lat' dir='ltr'>odisse</span> 
     </span>
    </p>
   </div>
   <div class='ocr_carea' id='block_1_18' title="bbox 423 2563 2074 2637">
    <p class='ocr_par' dir='ltr' id='par_1_18' title="bbox 423 2563 2074 2637">
     <span class='ocr_line' id='line_1_18' title="bbox 423 2563 2074 2637; baseline -0.001 -17"><span class='ocrx_word' id='word_1_95' title='bbox 423 2566 522 2636; x_wconf 90' lang='lat' dir='ltr'>qui</span> <span class='ocrx_word' id='word_1_96' title='bbox 556 2567 836 2620; x_wconf 88' lang='lat' dir='ltr'>desinunt</span> <span class='ocrx_word' id='word_1_97' title='bbox 865 2566 1155 2637; x_wconf 84' lang='lat' dir='ltr'>ignorare,</span> <span class='ocrx_word' id='word_1_98' title='bbox 1191 2566 1308 2619; x_wconf 93' lang='lat' dir='ltr'>imo</span> <span class='ocrx_word' id='word_1_99' title='bbox 1342 2564 1492 2619; x_wconf 88' lang='lat' dir='ltr'>fiunt</span> <span class='ocrx_word' id='word_1_100' title='bbox 1518 2569 1574 2618; x_wconf 90' lang='lat' dir='ltr'>et</span> <span class='ocrx_word' id='word_1_101' title='bbox 1606 2564 1717 2635; x_wconf 87' lang='lat' dir='ltr'>ipsi</span> <span class='ocrx_word' id='word_1_102' title='bbox 1751 2566 1904 2634; x_wconf 88' lang='lat' dir='ltr'>quod</span> <span class='ocrx_word' id='word_1_103' title='bbox 1938 2563 2074 2618; x_wconf 88' lang='lat' dir='ltr'>ode-</span> 
     </span>
    </p>
   </div>
   <div class='ocr_carea' id='block_1_19' title="bbox 425 2653 2074 2725">
    <p class='ocr_par' dir='ltr' id='par_1_19' title="bbox 425 2653 2074 2725">
     <span class='ocr_line' id='line_1_19' title="bbox 425 2653 2074 2725; baseline -0.001 -17"><span class='ocrx_word' id='word_1_104' title='bbox 425 2660 574 2721; x_wconf 90' lang='lat' dir='ltr'>rant,</span> <span class='ocrx_word' id='word_1_105' title='bbox 610 2660 664 2710; x_wconf 92' lang='lat' dir='ltr'>et</span> <span class='ocrx_word' id='word_1_106' title='bbox 697 2655 987 2725; x_wconf 88' lang='lat' dir='ltr'>incipiunt</span> <span class='ocrx_word' id='word_1_107' title='bbox 1018 2655 1213 2710; x_wconf 89' lang='lat' dir='ltr'>odisse</span> <span class='ocrx_word' id='word_1_108' title='bbox 1247 2654 1402 2725; x_wconf 91' lang='lat' dir='ltr'>quod</span> <span class='ocrx_word' id='word_1_109' title='bbox 1438 2653 1687 2708; x_wconf 87' lang='lat' dir='ltr'>fuerant.</span> <span class='ocrx_word' id='word_1_110' title='bbox 1721 2654 1876 2708; x_wconf 82' lang='lat' dir='ltr'>Adeo</span> <span class='ocrx_word' id='word_1_111' title='bbox 1926 2669 2074 2723; x_wconf 92' lang='lat' dir='ltr'>quo-</span> 
     </span>
    </p>
   </div>
   <div class='ocr_carea' id='block_1_20' title="bbox 425 2742 2073 2813">
    <p class='ocr_par' dir='ltr' id='par_1_20' title="bbox 425 2742 2073 2813">
     <span class='ocr_line' id='line_1_20' title="bbox 425 2742 2073 2813; baseline -0.001 -16"><span class='ocrx_word' id='word_1_112' title='bbox 425 2743 563 2799; x_wconf 90' lang='lat' dir='ltr'>tidie</span> <span class='ocrx_word' id='word_1_113' title='bbox 596 2745 1025 2799; x_wconf 86' lang='lat' dir='ltr'>adolescentem</span> <span class='ocrx_word' id='word_1_114' title='bbox 1057 2760 1369 2798; x_wconf 87' lang='lat' dir='ltr'>numerum</span> <span class='ocrx_word' id='word_1_115' title='bbox 1412 2742 1879 2798; x_wconf 86' lang='lat' dir='ltr'>Christianorum</span> <span class='ocrx_word' id='word_1_116' title='bbox 1913 2742 2073 2813; x_wconf 84' lang='lat' dir='ltr'>inge-</span> 
     </span>
    </p>
   </div>
   <div class='ocr_carea' id='block_1_21' title="bbox 427 2830 2074 2902">
    <p class='ocr_par' dir='ltr' id='par_1_21' title="bbox 427 2830 2074 2902">
     <span class='ocr_line' id='line_1_21' title="bbox 427 2830 2074 2902; baseline -0.002 -15"><span class='ocrx_word' id='word_1_117' title='bbox 427 2833 608 2889; x_wconf 89' lang='lat' dir='ltr'>mitis.</span> <span class='ocrx_word' id='word_1_118' title='bbox 642 2835 956 2889; x_wconf 86' lang='lat' dir='ltr'>Obsessam</span> <span class='ocrx_word' id='word_1_119' title='bbox 990 2831 1388 2887; x_wconf 85' lang='lat' dir='ltr'>vociferamini</span> <span class='ocrx_word' id='word_1_120' title='bbox 1437 2832 1729 2887; x_wconf 87' lang='lat' dir='ltr'>civitatem</span> <span class='ocrx_word' id='word_1_121' title='bbox 1757 2849 1770 2898; x_wconf 93' lang='lat'>;</span> <span class='ocrx_word' id='word_1_122' title='bbox 1804 2830 1862 2884; x_wconf 91' lang='lat' dir='ltr'>in</span> <span class='ocrx_word' id='word_1_123' title='bbox 1897 2832 2074 2902; x_wconf 83' lang='lat' dir='ltr'>agris,</span> 
     </span>
    </p>
   </div>
   <div class='ocr_carea' id='block_1_22' title="bbox 423 2920 2072 2986">
    <p class='ocr_par' dir='ltr' id='par_1_22' title="bbox 423 2920 2072 2986">
     <span class='ocr_line' id='line_1_22' title="bbox 423 2920 2072 2986; baseline -0.002 -10"><span class='ocrx_word' id='word_1_124' title='bbox 423 2921 481 2976; x_wconf 89' lang='lat' dir='ltr'>in</span> <span class='ocrx_word' id='word_1_125' title='bbox 515 2922 793 2984; x_wconf 89' lang='lat' dir='ltr'>castellis,</span> <span class='ocrx_word' id='word_1_126' title='bbox 826 2921 882 2974; x_wconf 91' lang='lat' dir='ltr'>in</span> <span class='ocrx_word' id='word_1_127' title='bbox 915 2922 1126 2976; x_wconf 85' lang='lat' dir='ltr'>insulis</span> <span class='ocrx_word' id='word_1_128' title='bbox 1157 2920 1555 2985; x_wconf 81' lang='lat' dir='ltr'>Christianos;</span> <span class='ocrx_word' id='word_1_129' title='bbox 1582 2936 1815 2973; x_wconf 90' lang='lat' dir='ltr'>omnem</span> <span class='ocrx_word' id='word_1_130' title='bbox 1847 2935 2072 2986; x_wconf 84' lang='lat' dir='ltr'>sexum,</span> 
     </span>
    </p>
   </div>
   <div class='ocr_carea' id='block_1_23' title="bbox 424 3008 2074 3078">
    <p class='ocr_par' dir='ltr' id='par_1_23' title="bbox 424 3008 2074 3078">
     <span class='ocr_line' id='line_1_23' title="bbox 424 3008 2074 3078; baseline -0.002 -14"><span class='ocrx_word' id='word_1_131' title='bbox 424 3027 658 3065; x_wconf 91' lang='lat' dir='ltr'>omnem</span> <span class='ocrx_word' id='word_1_132' title='bbox 693 3014 1179 3075; x_wconf 84' lang='lat' dir='ltr'>aetatem,omnem</span> <span class='ocrx_word' id='word_1_133' title='bbox 1213 3009 1464 3077; x_wconf 90' lang='lat' dir='ltr'>denique</span> <span class='ocrx_word' id='word_1_134' title='bbox 1497 3008 1844 3078; x_wconf 88' lang='lat' dir='ltr'>dignitatem</span> <span class='ocrx_word' id='word_1_135' title='bbox 1883 3013 2074 3061; x_wconf 85' lang='lat' dir='ltr'>trans-</span> 
     </span>
    </p>
   </div>
   <div class='ocr_carea' id='block_1_24' title="bbox 424 3093 2072 3167">
    <p class='ocr_par' dir='ltr' id='par_1_24' title="bbox 424 3093 2072 3167">
     <span class='ocr_line' id='line_1_24' title="bbox 424 3093 2072 3167; baseline -0.001 -17"><span class='ocrx_word' id='word_1_136' title='bbox 424 3097 585 3167; x_wconf 87' lang='lat' dir='ltr'>gredi</span> <span class='ocrx_word' id='word_1_137' title='bbox 617 3115 650 3152; x_wconf 93' lang='lat' dir='ltr'>a</span> <span class='ocrx_word' id='word_1_138' title='bbox 681 3097 844 3152; x_wconf 92' lang='lat' dir='ltr'>vobis</span> <span class='ocrx_word' id='word_1_139' title='bbox 877 3096 1043 3167; x_wconf 89' lang='lat' dir='ltr'>quasi</span> <span class='ocrx_word' id='word_1_140' title='bbox 1077 3094 1430 3150; x_wconf 89' lang='lat' dir='ltr'>detrimento</span> <span class='ocrx_word' id='word_1_141' title='bbox 1471 3093 1701 3149; x_wconf 89' lang='lat' dir='ltr'>doletis.</span> <span class='ocrx_word' id='word_1_142' title='bbox 1738 3094 1850 3150; x_wconf 83' lang='lat' dir='ltr'>Nec</span> <span class='ocrx_word' id='word_1_143' title='bbox 1884 3099 2072 3149; x_wconf 87' lang='lat' dir='ltr'>tamen</span> 
     </span>
    </p>
   </div>
   <div class='ocr_carea' id='block_1_25' title="bbox 424 3182 2072 3256">
    <p class='ocr_par' dir='ltr' id='par_1_25' title="bbox 424 3182 2072 3256">
     <span class='ocr_line' id='line_1_25' title="bbox 424 3182 2072 3256; baseline -0.002 -17"><span class='ocrx_word' id='word_1_144' title='bbox 424 3185 534 3239; x_wconf 92' lang='lat' dir='ltr'>hoc</span> <span class='ocrx_word' id='word_1_145' title='bbox 584 3185 712 3256; x_wconf 91' lang='lat' dir='ltr'>ipso</span> <span class='ocrx_word' id='word_1_146' title='bbox 764 3185 832 3240; x_wconf 91' lang='lat' dir='ltr'>ad</span> <span class='ocrx_word' id='word_1_147' title='bbox 884 3184 1329 3238; x_wconf 80' lang='lat' dir='ltr'>aestimationem</span> <span class='ocrx_word' id='word_1_148' title='bbox 1365 3183 1615 3253; x_wconf 88' lang='lat' dir='ltr'>alicujus</span> <span class='ocrx_word' id='word_1_149' title='bbox 1660 3182 1894 3237; x_wconf 87' lang='lat' dir='ltr'>latentis</span> <span class='ocrx_word' id='word_1_150' title='bbox 1936 3183 2072 3238; x_wconf 94' lang='lat' dir='ltr'>boni</span> 
     </span>
    </p>
   </div>
   <div class='ocr_carea' id='block_1_26' title="bbox 427 3271 2071 3346">
    <p class='ocr_par' dir='ltr' id='par_1_26' title="bbox 427 3271 2071 3346">
     <span class='ocr_line' id='line_1_26' title="bbox 427 3271 2071 3346; baseline -0.003 -18"><span class='ocrx_word' id='word_1_151' title='bbox 427 3273 657 3329; x_wconf 89' lang='lat' dir='ltr'>animos</span> <span class='ocrx_word' id='word_1_152' title='bbox 706 3274 1105 3346; x_wconf 85' lang='lat' dir='ltr'>promovetis;</span> <span class='ocrx_word' id='word_1_153' title='bbox 1151 3290 1262 3327; x_wconf 92' lang='lat' dir='ltr'>non</span> <span class='ocrx_word' id='word_1_154' title='bbox 1314 3271 1448 3327; x_wconf 89' lang='lat' dir='ltr'>licet</span> <span class='ocrx_word' id='word_1_155' title='bbox 1497 3271 1714 3326; x_wconf 89' lang='lat' dir='ltr'>rectius</span> <span class='ocrx_word' id='word_1_156' title='bbox 1763 3271 2071 3342; x_wconf 80' lang='lat' dir='ltr'>suspicari,</span> 
     </span>
    </p>
   </div>
   <div class='ocr_carea' id='block_1_27' title="bbox 424 3360 2074 3434">
    <p class='ocr_par' dir='ltr' id='par_1_27' title="bbox 424 3360 2074 3434">
     <span class='ocr_line' id='line_1_27' title="bbox 424 3360 2074 3434; baseline -0.002 -16"><span class='ocrx_word' id='word_1_157' title='bbox 424 3380 538 3419; x_wconf 91' lang='lat' dir='ltr'>non</span> <span class='ocrx_word' id='word_1_158' title='bbox 575 3363 717 3418; x_wconf 90' lang='lat' dir='ltr'>libet</span> <span class='ocrx_word' id='word_1_159' title='bbox 746 3363 988 3434; x_wconf 91' lang='lat' dir='ltr'>propius</span> <span class='ocrx_word' id='word_1_160' title='bbox 1040 3362 1328 3433; x_wconf 83' lang='lat' dir='ltr'>experiri;</span> <span class='ocrx_word' id='word_1_161' title='bbox 1368 3361 1456 3416; x_wconf 92' lang='lat' dir='ltr'>hic</span> <span class='ocrx_word' id='word_1_162' title='bbox 1493 3365 1718 3416; x_wconf 90' lang='lat' dir='ltr'>tantum</span> <span class='ocrx_word' id='word_1_163' title='bbox 1763 3360 2074 3416; x_wconf 86' lang='lat' dir='ltr'>curiositas</span> 
     </span>
    </p>
   </div>
   <div class='ocr_carea' id='block_1_28' title="bbox 423 3449 2076 3521">
    <p class='ocr_par' dir='ltr' id='par_1_28' title="bbox 423 3449 2076 3521">
     <span class='ocr_line' id='line_1_28' title="bbox 423 3449 2076 3521; baseline -0.002 -14"><span class='ocrx_word' id='word_1_164' title='bbox 423 3453 685 3507; x_wconf 90' lang='lat' dir='ltr'>humana</span> <span class='ocrx_word' id='word_1_165' title='bbox 715 3451 1013 3521; x_wconf 86' lang='lat' dir='ltr'>torpescit.</span> <span class='ocrx_word' id='word_1_166' title='bbox 1047 3451 1270 3505; x_wconf 85' lang='lat' dir='ltr'>Amatis</span> <span class='ocrx_word' id='word_1_167' title='bbox 1305 3450 1596 3520; x_wconf 88' lang='lat' dir='ltr'>ignorare,</span> <span class='ocrx_word' id='word_1_168' title='bbox 1621 3450 1776 3521; x_wconf 93' lang='lat' dir='ltr'>quod</span> <span class='ocrx_word' id='word_1_169' title='bbox 1811 3449 1905 3504; x_wconf 89' lang='lat' dir='ltr'>alii</span> <span class='ocrx_word' id='word_1_170' title='bbox 1939 3466 2076 3520; x_wconf 80' lang='lat' dir='ltr'>gau-</span> 
     </span>
    </p>
   </div>
   <div class='ocr_carea' id='block_1_29' title="bbox 421 3538 2066 3609">
    <p class='ocr_par' dir='ltr' id='par_1_29' title="bbox 421 3538 2066 3609">
     <span class='ocr_line' id='line_1_29' title="bbox 421 3538 2066 3609; baseline -0.001 -13"><span class='ocrx_word' id='word_1_171' title='bbox 421 3543 599 3596; x_wconf 88' lang='lat' dir='ltr'>deant</span> <span class='ocrx_word' id='word_1_172' title='bbox 630 3541 922 3596; x_wconf 87' lang='lat' dir='ltr'>invenisse</span> <span class='ocrx_word' id='word_1_173' title='bbox 949 3559 960 3607; x_wconf 92' lang='lat'>;</span> <span class='ocrx_word' id='word_1_174' title='bbox 983 3539 1261 3594; x_wconf 88' lang='lat' dir='ltr'>mavultis</span> <span class='ocrx_word' id='word_1_175' title='bbox 1282 3539 1803 3609; x_wconf 81' lang='lat' dir='ltr'>nescire,quiajam</span> <span class='ocrx_word' id='word_1_176' title='bbox 1837 3538 2066 3607; x_wconf 89' lang='lat' dir='ltr'>odistis,</span> 
     </span>
    </p>
   </div>
   <div class='ocr_carea' id='block_1_30' title="bbox 2184 2296 3830 2370">
    <p class='ocr_par' dir='ltr' id='par_1_30' title="bbox 2184 2296 3830 2370">
     <span class='ocr_line' id='line_1_30' title="bbox 2184 2296 3830 2370; baseline 0.004 -21"><span class='ocrx_word' id='word_1_177' title='bbox 2184 2296 2325 2350; x_wconf 83' lang='lat' dir='ltr'>dant</span> <span class='ocrx_word' id='word_1_178' title='bbox 2357 2297 2952 2370; x_wconf 88' lang='lat' dir='ltr'>dcprehcnsi,negant</span> <span class='ocrx_word' id='word_1_179' title='bbox 2983 2300 3240 2355; x_wconf 89' lang='lat' dir='ltr'>accusati</span> <span class='ocrx_word' id='word_1_180' title='bbox 3268 2317 3280 2367; x_wconf 89' lang='lat'>;</span> <span class='ocrx_word' id='word_1_181' title='bbox 3317 2316 3386 2353; x_wconf 89' lang='lat' dir='ltr'>ne</span> <span class='ocrx_word' id='word_1_182' title='bbox 3420 2299 3557 2354; x_wconf 90' lang='lat' dir='ltr'>torti</span> <span class='ocrx_word' id='word_1_183' title='bbox 3590 2300 3830 2369; x_wconf 89' lang='lat' dir='ltr'>quidem</span> 
     </span>
    </p>
   </div>
   <div class='ocr_carea' id='block_1_31' title="bbox 2187 2385 3835 2457">
    <p class='ocr_par' dir='ltr' id='par_1_31' title="bbox 2187 2385 3835 2457">
     <span class='ocr_line' id='line_1_31' title="bbox 2187 2385 3835 2457; baseline 0.003 -19"><span class='ocrx_word' id='word_1_184' title='bbox 2187 2385 2350 2439; x_wconf 86' lang='lat' dir='ltr'>facile</span> <span class='ocrx_word' id='word_1_185' title='bbox 2383 2391 2483 2440; x_wconf 93' lang='lat' dir='ltr'>aut</span> <span class='ocrx_word' id='word_1_186' title='bbox 2514 2403 2743 2457; x_wconf 90' lang='lat' dir='ltr'>semper</span> <span class='ocrx_word' id='word_1_187' title='bbox 2791 2389 3161 2455; x_wconf 85' lang='lat' dir='ltr'>confitentur,</span> <span class='ocrx_word' id='word_1_188' title='bbox 3194 2394 3347 2443; x_wconf 89' lang='lat' dir='ltr'>certe</span> <span class='ocrx_word' id='word_1_189' title='bbox 3379 2387 3641 2444; x_wconf 88' lang='lat' dir='ltr'>damnati</span> <span class='ocrx_word' id='word_1_190' title='bbox 3691 2405 3835 2443; x_wconf 81' lang='lat' dir='ltr'>mm-</span> 
     </span>
    </p>
   </div>
   <div class='ocr_carea' id='block_1_32' title="bbox 2186 2476 3832 2548">
    <p class='ocr_par' dir='ltr' id='par_1_32' title="bbox 2186 2476 3832 2548">
     <span class='ocr_line' id='line_1_32' title="bbox 2186 2476 3832 2548; baseline 0.004 -21"><span class='ocrx_word' id='word_1_191' title='bbox 2186 2479 2315 2528; x_wconf 90' lang='lat' dir='ltr'>rent</span> <span class='ocrx_word' id='word_1_192' title='bbox 2341 2500 2353 2540; x_wconf 87' lang='lat'>;</span> <span class='ocrx_word' id='word_1_193' title='bbox 2377 2476 2730 2546; x_wconf 83' lang='lat' dir='ltr'>exprobrant</span> <span class='ocrx_word' id='word_1_194' title='bbox 2755 2477 2969 2531; x_wconf 85' lang='lat' dir='ltr'>etenim</span> <span class='ocrx_word' id='word_1_195' title='bbox 3000 2479 3150 2547; x_wconf 90' lang='lat' dir='ltr'>quod</span> <span class='ocrx_word' id='word_1_196' title='bbox 3175 2481 3341 2532; x_wconf 90' lang='lat' dir='ltr'>erant</span> <span class='ocrx_word' id='word_1_197' title='bbox 3363 2476 3421 2531; x_wconf 91' lang='lat' dir='ltr'>in</span> <span class='ocrx_word' id='word_1_198' title='bbox 3452 2476 3832 2548; x_wconf 89' lang='lat' dir='ltr'>semetipsos:</span> 
     </span>
    </p>
   </div>
   <div class='ocr_carea' id='block_1_33' title="bbox 2187 2563 3878 2621">
    <p class='ocr_par' dir='ltr' id='par_1_33' title="bbox 2187 2563 3878 2621">
     <span class='ocr_line' id='line_1_33' title="bbox 2187 2563 3878 2621; baseline 0.002 -5"><span class='ocrx_word' id='word_1_199' title='bbox 2187 2563 2350 2617; x_wconf 69' lang='lat' dir='ltr'>male:</span> <span class='ocrx_word' id='word_1_200' title='bbox 2385 2565 2599 2619; x_wconf 90' lang='lat' dir='ltr'>mentis</span> <span class='ocrx_word' id='word_1_201' title='bbox 2631 2566 2701 2619; x_wconf 90' lang='lat' dir='ltr'>ab</span> <span class='ocrx_word' id='word_1_202' title='bbox 2732 2565 3070 2620; x_wconf 84' lang='lat' dir='ltr'>innocentia</span> <span class='ocrx_word' id='word_1_203' title='bbox 3103 2565 3420 2621; x_wconf 89' lang='lat' dir='ltr'>transitum</span> <span class='ocrx_word' id='word_1_204' title='bbox 3452 2565 3538 2620; x_wconf 85' lang='lat' dir='ltr'>vel</span> <span class='ocrx_word' id='word_1_205' title='bbox 3572 2565 3692 2620; x_wconf 91' lang='lat' dir='ltr'>fato</span> <span class='ocrx_word' id='word_1_206' title='bbox 3728 2566 3841 2620; x_wconf 88' lang='lat' dir='ltr'>im-</span> <span class='ocrx_word' id='word_1_207' title='bbox 3875 2609 3878 2612; x_wconf 87' lang='lat'>.</span> 
     </span>
    </p>
   </div>
   <div class='ocr_carea' id='block_1_34' title="bbox 2186 2653 3840 2726">
    <p class='ocr_par' dir='ltr' id='par_1_34' title="bbox 2186 2653 3840 2726">
     <span class='ocr_line' id='line_1_34' title="bbox 2186 2653 3840 2726; baseline 0.002 -20"><span class='ocrx_word' id='word_1_208' title='bbox 2186 2658 2447 2723; x_wconf 91' lang='lat' dir='ltr'>putant;</span> <span class='ocrx_word' id='word_1_209' title='bbox 2509 2655 2649 2709; x_wconf 88' lang='lat' dir='ltr'>adeo</span> <span class='ocrx_word' id='word_1_210' title='bbox 2711 2653 2918 2709; x_wconf 91' lang='lat' dir='ltr'>nolunt</span> <span class='ocrx_word' id='word_1_211' title='bbox 2978 2671 3152 2709; x_wconf 90' lang='lat' dir='ltr'>suum</span> <span class='ocrx_word' id='word_1_212' title='bbox 3212 2671 3361 2723; x_wconf 90' lang='lat' dir='ltr'>esse,</span> <span class='ocrx_word' id='word_1_213' title='bbox 3423 2653 3560 2726; x_wconf 90' lang='lat' dir='ltr'>quia</span> <span class='ocrx_word' id='word_1_214' title='bbox 3619 2653 3840 2710; x_wconf 87' lang='lat' dir='ltr'>malum</span> 
     </span>
    </p>
   </div>
   <div class='ocr_carea' id='block_1_35' title="bbox 2189 2743 3842 2814">
    <p class='ocr_par' dir='ltr' id='par_1_35' title="bbox 2189 2743 3842 2814">
     <span class='ocr_line' id='line_1_35' title="bbox 2189 2743 3842 2814; baseline 0.002 -19"><span class='ocrx_word' id='word_1_215' title='bbox 2189 2758 2401 2812; x_wconf 88' lang='lat' dir='ltr'>negare</span> <span class='ocrx_word' id='word_1_216' title='bbox 2449 2760 2562 2798; x_wconf 90' lang='lat' dir='ltr'>non</span> <span class='ocrx_word' id='word_1_217' title='bbox 2621 2748 2890 2814; x_wconf 79' lang='lat' dir='ltr'>possunt;</span> <span class='ocrx_word' id='word_1_218' title='bbox 2922 2743 3238 2799; x_wconf 71' lang='lat' dir='ltr'>Christiani</span> <span class='ocrx_word' id='word_1_219' title='bbox 3281 2759 3414 2799; x_wconf 88' lang='lat' dir='ltr'>vero</span> <span class='ocrx_word' id='word_1_220' title='bbox 3445 2743 3521 2814; x_wconf 84' lang='grc'>(1)</span> <span class='ocrx_word' id='word_1_221' title='bbox 3553 2743 3694 2814; x_wconf 92' lang='lat' dir='ltr'>quid</span> <span class='ocrx_word' id='word_1_222' title='bbox 3727 2743 3842 2799; x_wconf 89' lang='lat' dir='ltr'>tale</span> 
     </span>
    </p>
   </div>
   <div class='ocr_carea' id='block_1_36' title="bbox 2187 2831 3838 2904">
    <p class='ocr_par' dir='ltr' id='par_1_36' title="bbox 2187 2831 3838 2904">
     <span class='ocr_line' id='line_1_36' title="bbox 2187 2831 3838 2904; baseline 0.001 -19"><span class='ocrx_word' id='word_1_223' title='bbox 2187 2833 2675 2902; x_wconf 86' lang='lat' dir='ltr'>consequuntur?</span> <span class='ocrx_word' id='word_1_224' title='bbox 2709 2833 3015 2889; x_wconf 85' lang='lat' dir='ltr'>Meminem</span> <span class='ocrx_word' id='word_1_225' title='bbox 3071 2833 3271 2904; x_wconf 90' lang='lat' dir='ltr'>pudet,</span> <span class='ocrx_word' id='word_1_226' title='bbox 3308 2831 3602 2887; x_wconf 90' lang='lat' dir='ltr'>neminem</span> <span class='ocrx_word' id='word_1_227' title='bbox 3651 2832 3838 2901; x_wconf 68' lang='lat' dir='ltr'>paeni-</span> 
     </span>
    </p>
   </div>
   <div class='ocr_carea' id='block_1_37' title="bbox 2185 2919 3838 2992">
    <p class='ocr_par' dir='ltr' id='par_1_37' title="bbox 2185 2919 3838 2992">
     <span class='ocr_line' id='line_1_37' title="bbox 2185 2919 3838 2992; baseline 0.001 -18"><span class='ocrx_word' id='word_1_228' title='bbox 2185 2924 2285 2989; x_wconf 90' lang='lat' dir='ltr'>tet,</span> <span class='ocrx_word' id='word_1_229' title='bbox 2321 2921 2433 2975; x_wconf 90' lang='lat' dir='ltr'>nisi</span> <span class='ocrx_word' id='word_1_230' title='bbox 2465 2926 2694 2976; x_wconf 88' lang='lat' dir='ltr'>tantum</span> <span class='ocrx_word' id='word_1_231' title='bbox 2729 2921 3132 2992; x_wconf 91' lang='lat' dir='ltr'>pristinorum.</span> <span class='ocrx_word' id='word_1_232' title='bbox 3166 2922 3223 2974; x_wconf 88' lang='lat' dir='ltr'>Si</span> <span class='ocrx_word' id='word_1_233' title='bbox 3258 2922 3590 2989; x_wconf 88' lang='lat' dir='ltr'>denotatur,</span> <span class='ocrx_word' id='word_1_234' title='bbox 3624 2919 3838 2992; x_wconf 89' lang='lat' dir='ltr'>gloria-</span> 
     </span>
    </p>
   </div>
   <div class='ocr_carea' id='block_1_38' title="bbox 2186 3008 3835 3078">
    <p class='ocr_par' dir='ltr' id='par_1_38' title="bbox 2186 3008 3835 3078">
     <span class='ocr_line' id='line_1_38' title="bbox 2186 3008 3835 3078; baseline 0.001 -16"><span class='ocrx_word' id='word_1_235' title='bbox 2186 3013 2283 3062; x_wconf 88' lang='lat' dir='ltr'>tur</span> <span class='ocrx_word' id='word_1_236' title='bbox 2317 3024 2329 3063; x_wconf 93' lang='lat'>:</span> <span class='ocrx_word' id='word_1_237' title='bbox 2365 3008 2413 3062; x_wconf 89' lang='lat' dir='ltr'>si</span> <span class='ocrx_word' id='word_1_238' title='bbox 2443 3009 2718 3076; x_wconf 87' lang='lat' dir='ltr'>trahitur,</span> <span class='ocrx_word' id='word_1_239' title='bbox 2754 3026 2868 3064; x_wconf 91' lang='lat' dir='ltr'>non</span> <span class='ocrx_word' id='word_1_240' title='bbox 2919 3009 3209 3065; x_wconf 88' lang='lat' dir='ltr'>subsistit.</span> <span class='ocrx_word' id='word_1_241' title='bbox 3244 3009 3303 3062; x_wconf 88' lang='lat' dir='ltr'>Si</span> <span class='ocrx_word' id='word_1_242' title='bbox 3354 3016 3683 3078; x_wconf 86' lang='lat' dir='ltr'>accusatur,</span> <span class='ocrx_word' id='word_1_243' title='bbox 3719 3025 3835 3064; x_wconf 91' lang='lat' dir='ltr'>non</span> 
     </span>
    </p>
   </div>
   <div class='ocr_carea' id='block_1_39' title="bbox 2186 3096 3835 3169">
    <p class='ocr_par' dir='ltr' id='par_1_39' title="bbox 2186 3096 3835 3169">
     <span class='ocr_line' id='line_1_39' title="bbox 2186 3096 3835 3169; baseline 0.001 -19"><span class='ocrx_word' id='word_1_244' title='bbox 2186 3096 2501 3164; x_wconf 88' lang='lat' dir='ltr'>defendit;</span> <span class='ocrx_word' id='word_1_245' title='bbox 2571 3097 2986 3169; x_wconf 84' lang='lat' dir='ltr'>interrogatus,</span> <span class='ocrx_word' id='word_1_246' title='bbox 3059 3097 3428 3163; x_wconf 81' lang='lat' dir='ltr'>confitetur;</span> <span class='ocrx_word' id='word_1_247' title='bbox 3499 3097 3835 3164; x_wconf 87' lang='lat' dir='ltr'>damnatus,</span> 
     </span>
    </p>
   </div>
   <div class='ocr_carea' id='block_1_40' title="bbox 2186 3183 3833 3256">
    <p class='ocr_par' dir='ltr' id='par_1_40' title="bbox 2186 3183 3833 3256">
     <span class='ocr_line' id='line_1_40' title="bbox 2186 3183 3833 3256; baseline 0.002 -19"><span class='ocrx_word' id='word_1_248' title='bbox 2186 3183 2658 3256; x_wconf 83' lang='lat' dir='ltr'>gloriatur.Quod</span> <span class='ocrx_word' id='word_1_249' title='bbox 2694 3185 2801 3241; x_wconf 88' lang='lat' dir='ltr'>hoc</span> <span class='ocrx_word' id='word_1_250' title='bbox 2834 3185 3053 3241; x_wconf 90' lang='lat' dir='ltr'>malum</span> <span class='ocrx_word' id='word_1_251' title='bbox 3089 3185 3264 3251; x_wconf 89' lang='lat' dir='ltr'>est,in</span> <span class='ocrx_word' id='word_1_252' title='bbox 3300 3201 3415 3256; x_wconf 91' lang='lat' dir='ltr'>quo</span> <span class='ocrx_word' id='word_1_253' title='bbox 3448 3183 3586 3240; x_wconf 93' lang='lat' dir='ltr'>mali</span> <span class='ocrx_word' id='word_1_254' title='bbox 3620 3189 3833 3241; x_wconf 85' lang='lat' dir='ltr'>natura</span> 
     </span>
    </p>
   </div>
   <div class='ocr_carea' id='block_1_41' title="bbox 2185 3274 2424 3328">
    <p class='ocr_par' dir='ltr' id='par_1_41' title="bbox 2185 3274 2424 3328">
     <span class='ocr_line' id='line_1_41' title="bbox 2185 3274 2424 3328; baseline -0.004 0"><span class='ocrx_word' id='word_1_255' title='bbox 2185 3274 2424 3328; x_wconf 79' lang='lat' dir='ltr'>cessat?</span> 
     </span>
    </p>
   </div>
   <div class='ocr_carea' id='block_1_42' title="bbox 2254 3361 3833 3435">
    <p class='ocr_par' dir='ltr' id='par_1_42' title="bbox 2254 3361 3833 3435">
     <span class='ocr_line' id='line_1_42' title="bbox 2254 3361 3833 3435; baseline 0.002 -19"><span class='ocrx_word' id='word_1_256' title='bbox 2254 3364 2308 3417; x_wconf 84' lang='lat'>2.</span> <span class='ocrx_word' id='word_1_257' title='bbox 2343 3364 2407 3418; x_wconf 88' lang='lat' dir='ltr'>In</span> <span class='ocrx_word' id='word_1_258' title='bbox 2441 3380 2555 3435; x_wconf 89' lang='lat' dir='ltr'>quo</span> <span class='ocrx_word' id='word_1_259' title='bbox 2607 3363 2719 3435; x_wconf 90' lang='lat' dir='ltr'>ipsi</span> <span class='ocrx_word' id='word_1_260' title='bbox 2751 3363 2929 3419; x_wconf 89' lang='lat' dir='ltr'>etiam</span> <span class='ocrx_word' id='word_1_261' title='bbox 2975 3367 3176 3419; x_wconf 84' lang='lat' dir='ltr'>contra</span> <span class='ocrx_word' id='word_1_262' title='bbox 3209 3363 3455 3418; x_wconf 90' lang='lat' dir='ltr'>formam</span> <span class='ocrx_word' id='word_1_263' title='bbox 3487 3361 3833 3419; x_wconf 88' lang='lat' dir='ltr'>indicando-</span> 
     </span>
    </p>
   </div>
   <div class='ocr_carea' id='block_1_43' title="bbox 2185 3451 3835 3523">
    <p class='ocr_par' dir='ltr' id='par_1_43' title="bbox 2185 3451 3835 3523">
     <span class='ocr_line' id='line_1_43' title="bbox 2185 3451 3835 3523; baseline 0.001 -17"><span class='ocrx_word' id='word_1_264' title='bbox 2185 3469 2315 3506; x_wconf 91' lang='lat' dir='ltr'>rum</span> <span class='ocrx_word' id='word_1_265' title='bbox 2377 3452 2665 3508; x_wconf 91' lang='lat' dir='ltr'>malorum</span> <span class='ocrx_word' id='word_1_266' title='bbox 2720 3451 3020 3523; x_wconf 88' lang='lat' dir='ltr'>judicatis.</span> <span class='ocrx_word' id='word_1_267' title='bbox 3058 3452 3201 3508; x_wconf 84' lang='lat' dir='ltr'>Nam</span> <span class='ocrx_word' id='word_1_268' title='bbox 3261 3455 3537 3507; x_wconf 90' lang='lat' dir='ltr'>nocentes</span> <span class='ocrx_word' id='word_1_269' title='bbox 3596 3451 3835 3522; x_wconf 89' lang='lat' dir='ltr'>quidem</span> 
     </span>
    </p>
   </div>
   <div class='ocr_carea' id='block_1_44' title="bbox 2186 3541 3836 3612">
    <p class='ocr_par' dir='ltr' id='par_1_44' title="bbox 2186 3541 3836 3612">
     <span class='ocr_line' id='line_1_44' title="bbox 2186 3541 3836 3612; baseline 0.001 -17"><span class='ocrx_word' id='word_1_270' title='bbox 2186 3542 2518 3612; x_wconf 91' lang='lat' dir='ltr'>perductos,</span> <span class='ocrx_word' id='word_1_271' title='bbox 2552 3541 2601 3596; x_wconf 93' lang='lat' dir='ltr'>si</span> <span class='ocrx_word' id='word_1_272' title='bbox 2633 3541 2958 3596; x_wconf 87' lang='lat' dir='ltr'>admissum</span> <span class='ocrx_word' id='word_1_273' title='bbox 3003 3546 3239 3611; x_wconf 88' lang='lat' dir='ltr'>negent,</span> <span class='ocrx_word' id='word_1_274' title='bbox 3273 3541 3581 3596; x_wconf 88' lang='lat' dir='ltr'>tormentis</span> <span class='ocrx_word' id='word_1_275' title='bbox 3613 3541 3836 3611; x_wconf 88' lang='lat' dir='ltr'>urgetis</span> 
     </span>
    </p>
   </div>
   <div class='ocr_carea' id='block_1_45' title="bbox 423 3602 3835 3700">
    <p class='ocr_par' dir='ltr' id='par_1_45' title="bbox 423 3602 3835 3700">
     <span class='ocr_line' id='line_1_45' title="bbox 423 3602 3835 3700; baseline 0 -17"><span class='ocrx_word' id='word_1_276' title='bbox 423 3630 587 3700; x_wconf 88' lang='lat' dir='ltr'>quasi</span> <span class='ocrx_word' id='word_1_277' title='bbox 641 3633 794 3684; x_wconf 91' lang='lat' dir='ltr'>certe</span> <span class='ocrx_word' id='word_1_278' title='bbox 840 3645 953 3683; x_wconf 91' lang='lat' dir='ltr'>non</span> <span class='ocrx_word' id='word_1_279' title='bbox 1006 3627 1271 3682; x_wconf 91' lang='lat' dir='ltr'>odituros</span> <span class='ocrx_word' id='word_1_280' title='bbox 1321 3643 1423 3681; x_wconf 91' lang='lat' dir='ltr'>vos</span> <span class='ocrx_word' id='word_1_281' title='bbox 1471 3627 1690 3682; x_wconf 84' lang='lat' dir='ltr'>sciatis.</span> <span class='ocrx_word' id='word_1_282' title='bbox 1729 3627 1967 3698; x_wconf 84' lang='lat' dir='ltr'>Atquin,</span> <span class='ocrx_word' id='word_1_283' title='bbox 2018 3627 2067 3682; x_wconf 90' lang='lat' dir='ltr'>si</span> <span class='ocrx_word' id='word_1_284' title='bbox 2101 3602 2142 3670; x_wconf 78' lang='lat' dir='ltr'>C</span> <span class='ocrx_word' id='word_1_285' title='bbox 2184 3629 2254 3682; x_wconf 90' lang='lat' dir='ltr'>ad</span> <span class='ocrx_word' id='word_1_286' title='bbox 2287 3627 3108 3698; x_wconf 84' lang='lat' dir='ltr'>confessionem,Christianos</span> <span class='ocrx_word' id='word_1_287' title='bbox 3139 3644 3272 3683; x_wconf 89' lang='lat' dir='ltr'>vero</span> <span class='ocrx_word' id='word_1_288' title='bbox 3304 3633 3511 3699; x_wconf 88' lang='lat' dir='ltr'>sponte</span> <span class='ocrx_word' id='word_1_289' title='bbox 3534 3629 3835 3684; x_wconf 88' lang='lat' dir='ltr'>confessos</span> 
     </span>
    </p>
   </div>
   <div class='ocr_carea' id='block_1_46' title="bbox 423 3716 2065 3788">
    <p class='ocr_par' dir='ltr' id='par_1_46' title="bbox 423 3716 2065 3788">
     <span class='ocr_line' id='line_1_46' title="bbox 423 3716 2065 3788; baseline -0.001 -15"><span class='ocrx_word' id='word_1_290' title='bbox 423 3718 650 3774; x_wconf 88' lang='lat' dir='ltr'>nullum</span> <span class='ocrx_word' id='word_1_291' title='bbox 692 3719 800 3773; x_wconf 82' lang='lat' dir='ltr'>erit</span> <span class='ocrx_word' id='word_1_292' title='bbox 857 3716 996 3784; x_wconf 91' lang='lat' dir='ltr'>odii,</span> <span class='ocrx_word' id='word_1_293' title='bbox 1031 3717 1352 3788; x_wconf 85' lang='lat' dir='ltr'>reperietur</span> <span class='ocrx_word' id='word_1_294' title='bbox 1407 3717 1693 3788; x_wconf 88' lang='lat' dir='ltr'>optimum</span> <span class='ocrx_word' id='word_1_295' title='bbox 1744 3717 1945 3787; x_wconf 89' lang='lat' dir='ltr'>utique</span> <span class='ocrx_word' id='word_1_296' title='bbox 1995 3716 2065 3771; x_wconf 87' lang='lat' dir='ltr'>ab</span> 
     </span>
    </p>
   </div>
   <div class='ocr_carea' id='block_1_47' title="bbox 424 3804 2064 3878">
    <p class='ocr_par' dir='ltr' id='par_1_47' title="bbox 424 3804 2064 3878">
     <span class='ocr_line' id='line_1_47' title="bbox 424 3804 2064 3878; baseline -0.001 -18"><span class='ocrx_word' id='word_1_297' title='bbox 424 3805 719 3878; x_wconf 86' lang='lat' dir='ltr'>injustitia</span> <span class='ocrx_word' id='word_1_298' title='bbox 750 3805 940 3876; x_wconf 91' lang='lat' dir='ltr'>priore</span> <span class='ocrx_word' id='word_1_299' title='bbox 988 3804 1322 3873; x_wconf 87' lang='lat' dir='ltr'>discedere;</span> <span class='ocrx_word' id='word_1_300' title='bbox 1357 3805 1448 3860; x_wconf 91' lang='lat' dir='ltr'>sin</span> <span class='ocrx_word' id='word_1_301' title='bbox 1481 3821 1613 3859; x_wconf 91' lang='lat' dir='ltr'>vero</span> <span class='ocrx_word' id='word_1_302' title='bbox 1645 3822 1821 3860; x_wconf 89' lang='lat' dir='ltr'>causa</span> <span class='ocrx_word' id='word_1_303' title='bbox 1850 3805 2064 3860; x_wconf 87' lang='lat' dir='ltr'>consti-</span> 
     </span>
    </p>
   </div>
   <div class='ocr_carea' id='block_1_48' title="bbox 422 3893 2064 3965">
    <p class='ocr_par' dir='ltr' id='par_1_48' title="bbox 422 3893 2064 3965">
     <span class='ocr_line' id='line_1_48' title="bbox 422 3893 2064 3965; baseline -0.001 -15"><span class='ocrx_word' id='word_1_304' title='bbox 422 3896 577 3965; x_wconf 86' lang='lat' dir='ltr'>terit,</span> <span class='ocrx_word' id='word_1_305' title='bbox 634 3893 782 3949; x_wconf 89' lang='lat' dir='ltr'>nihil</span> <span class='ocrx_word' id='word_1_306' title='bbox 833 3894 965 3949; x_wconf 92' lang='lat' dir='ltr'>odio</span> <span class='ocrx_word' id='word_1_307' title='bbox 1013 3893 1368 3963; x_wconf 89' lang='lat' dir='ltr'>detrahetur,</span> <span class='ocrx_word' id='word_1_308' title='bbox 1415 3893 1570 3964; x_wconf 91' lang='lat' dir='ltr'>quod</span> <span class='ocrx_word' id='word_1_309' title='bbox 1619 3893 1761 3948; x_wconf 90' lang='lat' dir='ltr'>adeo</span> <span class='ocrx_word' id='word_1_310' title='bbox 1809 3894 2064 3965; x_wconf 89' lang='lat' dir='ltr'>amplius</span> 
     </span>
    </p>
   </div>
   <div class='ocr_carea' id='block_1_49' title="bbox 412 3980 2067 4054">
    <p class='ocr_par' dir='ltr' id='par_1_49' title="bbox 412 3980 2067 4054">
     <span class='ocr_line' id='line_1_49' title="bbox 412 3980 2067 4054; baseline -0.002 -16"><span class='ocrx_word' id='word_1_311' title='bbox 412 3983 658 4054; x_wconf 75' lang='lat' dir='ltr'>justitize</span> <span class='ocrx_word' id='word_1_312' title='bbox 692 3982 936 4038; x_wconf 91' lang='lat' dir='ltr'>scientia</span> <span class='ocrx_word' id='word_1_313' title='bbox 966 3980 1384 4047; x_wconf 89' lang='lat' dir='ltr'>cumulabitur,</span> <span class='ocrx_word' id='word_1_314' title='bbox 1418 3981 1530 4036; x_wconf 90' lang='lat' dir='ltr'>nisi</span> <span class='ocrx_word' id='word_1_315' title='bbox 1565 3981 1614 4036; x_wconf 92' lang='lat' dir='ltr'>si</span> <span class='ocrx_word' id='word_1_316' title='bbox 1645 3981 1942 4037; x_wconf 88' lang='lat' dir='ltr'>emendari</span> <span class='ocrx_word' id='word_1_317' title='bbox 1963 3998 2067 4052; x_wconf 91' lang='lat' dir='ltr'>pu-</span> 
     </span>
    </p>
   </div>
   <div class='ocr_carea' id='block_1_50' title="bbox 420 4069 2062 4143">
    <p class='ocr_par' dir='ltr' id='par_1_50' title="bbox 420 4069 2062 4143">
     <span class='ocr_line' id='line_1_50' title="bbox 420 4069 2062 4143; baseline -0.002 -14"><span class='ocrx_word' id='word_1_318' title='bbox 420 4075 514 4129; x_wconf 91' lang='lat' dir='ltr'>det</span> <span class='ocrx_word' id='word_1_319' title='bbox 543 4078 645 4128; x_wconf 91' lang='lat' dir='ltr'>aut</span> <span class='ocrx_word' id='word_1_320' title='bbox 675 4071 941 4127; x_wconf 85' lang='lat' dir='ltr'>excusari</span> <span class='ocrx_word' id='word_1_321' title='bbox 973 4069 1282 4143; x_wconf 90' lang='lat' dir='ltr'>piget.Scio</span> <span class='ocrx_word' id='word_1_322' title='bbox 1310 4069 1503 4142; x_wconf 89' lang='lat' dir='ltr'>plane,</span> <span class='ocrx_word' id='word_1_323' title='bbox 1538 4087 1654 4142; x_wconf 91' lang='lat' dir='ltr'>qua</span> <span class='ocrx_word' id='word_1_324' title='bbox 1686 4071 2062 4141; x_wconf 90' lang='lat' dir='ltr'>responsione</span> 
     </span>
    </p>
   </div>
   <div class='ocr_carea' id='block_1_51' title="bbox 419 4158 2059 4218">
    <p class='ocr_par' dir='ltr' id='par_1_51' title="bbox 419 4158 2059 4218">
     <span class='ocr_line' id='line_1_51' title="bbox 419 4158 2059 4218; baseline -0.002 0"><span class='ocrx_word' id='word_1_325' title='bbox 419 4161 619 4218; x_wconf 87' lang='lat' dir='ltr'>soletis</span> <span class='ocrx_word' id='word_1_326' title='bbox 642 4161 1044 4216; x_wconf 72' lang='lat' dir='ltr'>redundantias</span> <span class='ocrx_word' id='word_1_327' title='bbox 1067 4163 1277 4215; x_wconf 65' lang='lat' dir='ltr'>nostra:</span> <span class='ocrx_word' id='word_1_328' title='bbox 1302 4158 1703 4214; x_wconf 89' lang='lat' dir='ltr'>testimonium</span> <span class='ocrx_word' id='word_1_329' title='bbox 1724 4160 2059 4215; x_wconf 88' lang='lat' dir='ltr'>convenire:</span> 
     </span>
    </p>
   </div>
   <div class='ocr_carea' id='block_1_52' title="bbox 419 4247 2063 4323">
    <p class='ocr_par' dir='ltr' id='par_1_52' title="bbox 419 4247 2063 4323">
     <span class='ocr_line' id='line_1_52' title="bbox 419 4247 2063 4323; baseline -0.002 -17"><span class='ocrx_word' id='word_1_330' title='bbox 419 4269 533 4308; x_wconf 90' lang='lat' dir='ltr'>non</span> <span class='ocrx_word' id='word_1_331' title='bbox 568 4251 769 4323; x_wconf 91' lang='lat' dir='ltr'>utique</span> <span class='ocrx_word' id='word_1_332' title='bbox 801 4266 866 4305; x_wconf 92' lang='lat' dir='ltr'>eo</span> <span class='ocrx_word' id='word_1_333' title='bbox 898 4250 1117 4304; x_wconf 93' lang='lat' dir='ltr'>bonum</span> <span class='ocrx_word' id='word_1_334' title='bbox 1152 4247 1539 4319; x_wconf 81' lang='lat' dir='ltr'>preejudicari,</span> <span class='ocrx_word' id='word_1_335' title='bbox 1577 4249 1712 4319; x_wconf 89' lang='lat' dir='ltr'>quia</span> <span class='ocrx_word' id='word_1_336' title='bbox 1757 4248 2063 4320; x_wconf 89' lang='lat' dir='ltr'>plerosque</span> 
     </span>
    </p>
   </div>
   <div class='ocr_carea' id='block_1_53' title="bbox 418 4337 2060 4409">
    <p class='ocr_par' dir='ltr' id='par_1_53' title="bbox 418 4337 2060 4409">
     <span class='ocr_line' id='line_1_53' title="bbox 418 4337 2060 4409; baseline -0.004 -13"><span class='ocrx_word' id='word_1_337' title='bbox 418 4344 716 4396; x_wconf 84' lang='lat' dir='ltr'>convertat</span> <span class='ocrx_word' id='word_1_338' title='bbox 745 4349 800 4394; x_wconf 91' lang='lat' dir='ltr'>et</span> <span class='ocrx_word' id='word_1_339' title='bbox 831 4338 942 4394; x_wconf 89' lang='lat' dir='ltr'>sibi</span> <span class='ocrx_word' id='word_1_340' title='bbox 993 4337 1199 4409; x_wconf 88' lang='lat' dir='ltr'>rapiat,</span> <span class='ocrx_word' id='word_1_341' title='bbox 1233 4337 1499 4408; x_wconf 88' lang='lat' dir='ltr'>inquitis.</span> <span class='ocrx_word' id='word_1_342' title='bbox 1534 4337 1673 4391; x_wconf 88' lang='lat' dir='ltr'>Novi</span> <span class='ocrx_word' id='word_1_343' title='bbox 1705 4337 2060 4392; x_wconf 90' lang='lat' dir='ltr'>demutatio-</span> 
     </span>
    </p>
   </div>
   <div class='ocr_carea' id='block_1_54' title="bbox 418 4425 2060 4498">
    <p class='ocr_par' dir='ltr' id='par_1_54' title="bbox 418 4425 2060 4498">
     <span class='ocr_line' id='line_1_54' title="bbox 418 4425 2060 4498; baseline -0.001 -14"><span class='ocrx_word' id='word_1_344' title='bbox 418 4446 550 4485; x_wconf 90' lang='lat' dir='ltr'>nem</span> <span class='ocrx_word' id='word_1_345' title='bbox 580 4429 788 4484; x_wconf 90' lang='lat' dir='ltr'>mentis</span> <span class='ocrx_word' id='word_1_346' title='bbox 820 4432 876 4483; x_wconf 91' lang='lat' dir='ltr'>et</span> <span class='ocrx_word' id='word_1_347' title='bbox 907 4425 1092 4482; x_wconf 90' lang='lat' dir='ltr'>malas</span> <span class='ocrx_word' id='word_1_348' title='bbox 1125 4431 1339 4498; x_wconf 89' lang='lat' dir='ltr'>partes.</span> <span class='ocrx_word' id='word_1_349' title='bbox 1374 4427 1520 4489; x_wconf 89' lang='lat' dir='ltr'>Quot</span> <span class='ocrx_word' id='word_1_350' title='bbox 1555 4427 1876 4482; x_wconf 87' lang='lat' dir='ltr'>desertores</span> <span class='ocrx_word' id='word_1_351' title='bbox 1899 4427 2060 4483; x_wconf 75' lang='lat' dir='ltr'>bonae</span> 
     </span>
    </p>
   </div>
   <div class='ocr_carea' id='block_1_55' title="bbox 415 4517 2062 4591">
    <p class='ocr_par' dir='ltr' id='par_1_55' title="bbox 415 4517 2062 4591">
     <span class='ocr_line' id='line_1_55' title="bbox 415 4517 2062 4591; baseline -0.001 -16"><span class='ocrx_word' id='word_1_352' title='bbox 415 4522 544 4576; x_wconf 65' lang='lat' dir='ltr'>vitae</span> <span class='ocrx_word' id='word_1_353' title='bbox 571 4523 593 4574; x_wconf 76' lang='grc' dir='ltr'>Ρ</span> <span class='ocrx_word' id='word_1_354' title='bbox 623 4525 764 4591; x_wconf 86' lang='lat' dir='ltr'>quot</span> <span class='ocrx_word' id='word_1_355' title='bbox 807 4519 1123 4590; x_wconf 61' lang='lat' dir='ltr'>transfuga</span> <span class='ocrx_word' id='word_1_356' title='bbox 1174 4517 1232 4571; x_wconf 92' lang='lat' dir='ltr'>in</span> <span class='ocrx_word' id='word_1_357' title='bbox 1288 4517 1672 4589; x_wconf 85' lang='lat' dir='ltr'>perversum?</span> <span class='ocrx_word' id='word_1_358' title='bbox 1704 4518 1869 4573; x_wconf 90' lang='lat' dir='ltr'>Multi</span> <span class='ocrx_word' id='word_1_359' title='bbox 1911 4520 2062 4574; x_wconf 87' lang='lat' dir='ltr'>bona</span> 
     </span>
    </p>
   </div>
   <div class='ocr_carea' id='block_1_56' title="bbox 419 4607 2059 4680">
    <p class='ocr_par' dir='ltr' id='par_1_56' title="bbox 419 4607 2059 4680">
     <span class='ocr_line' id='line_1_56' title="bbox 419 4607 2059 4680; baseline -0.001 -14"><span class='ocrx_word' id='word_1_360' title='bbox 419 4612 551 4675; x_wconf 88' lang='lat' dir='ltr'>fide,</span> <span class='ocrx_word' id='word_1_361' title='bbox 585 4611 702 4665; x_wconf 91' lang='lat' dir='ltr'>imo</span> <span class='ocrx_word' id='word_1_362' title='bbox 742 4610 866 4680; x_wconf 92' lang='lat' dir='ltr'>jam</span> <span class='ocrx_word' id='word_1_363' title='bbox 923 4609 1120 4679; x_wconf 89' lang='lat' dir='ltr'>plures</span> <span class='ocrx_word' id='word_1_364' title='bbox 1171 4624 1273 4679; x_wconf 88' lang='lat' dir='ltr'>pro</span> <span class='ocrx_word' id='word_1_365' title='bbox 1324 4607 1787 4663; x_wconf 85' lang='lat' dir='ltr'>extremitatibus</span> <span class='ocrx_word' id='word_1_366' title='bbox 1834 4613 2059 4679; x_wconf 81' lang='lat' dir='ltr'>tempo-</span> 
     </span>
    </p>
   </div>
   <div class='ocr_carea' id='block_1_57' title="bbox 420 4695 2058 4766">
    <p class='ocr_par' dir='ltr' id='par_1_57' title="bbox 420 4695 2058 4766">
     <span class='ocr_line' id='line_1_57' title="bbox 420 4695 2058 4766; baseline 0 -13"><span class='ocrx_word' id='word_1_367' title='bbox 420 4701 795 4754; x_wconf 83' lang='lat' dir='ltr'>rum.Verum</span> <span class='ocrx_word' id='word_1_368' title='bbox 827 4695 1022 4752; x_wconf 87' lang='lat' dir='ltr'>deficit</span> <span class='ocrx_word' id='word_1_369' title='bbox 1038 4695 1362 4766; x_wconf 65' lang='lat' dir='ltr'>adaquatio</span> <span class='ocrx_word' id='word_1_370' title='bbox 1387 4695 1840 4766; x_wconf 87' lang='lat' dir='ltr'>comparationis</span> <span class='ocrx_word' id='word_1_371' title='bbox 1863 4696 2058 4753; x_wconf 89' lang='lat' dir='ltr'>istius.</span> 
     </span>
    </p>
   </div>
   <div class='ocr_carea' id='block_1_58' title="bbox 418 4784 2062 4858">
    <p class='ocr_par' dir='ltr' id='par_1_58' title="bbox 418 4784 2062 4858">
     <span class='ocr_line' id='line_1_58' title="bbox 418 4784 2062 4858; baseline -0.001 -16"><span class='ocrx_word' id='word_1_372' title='bbox 418 4787 564 4842; x_wconf 90' lang='lat' dir='ltr'>Nam</span> <span class='ocrx_word' id='word_1_373' title='bbox 599 4786 668 4841; x_wconf 92' lang='lat' dir='ltr'>de</span> <span class='ocrx_word' id='word_1_374' title='bbox 718 4784 872 4841; x_wconf 91' lang='lat' dir='ltr'>malo</span> <span class='ocrx_word' id='word_1_375' title='bbox 903 4784 986 4840; x_wconf 91' lang='lat' dir='ltr'>ita</span> <span class='ocrx_word' id='word_1_376' title='bbox 1034 4788 1263 4840; x_wconf 87' lang='lat' dir='ltr'>constat</span> <span class='ocrx_word' id='word_1_377' title='bbox 1293 4785 1448 4856; x_wconf 88' lang='lat' dir='ltr'>apud</span> <span class='ocrx_word' id='word_1_378' title='bbox 1479 4802 1702 4857; x_wconf 87' lang='lat' dir='ltr'>omnes,</span> <span class='ocrx_word' id='word_1_379' title='bbox 1737 4790 1801 4841; x_wconf 92' lang='lat' dir='ltr'>ut</span> <span class='ocrx_word' id='word_1_380' title='bbox 1832 4802 1902 4841; x_wconf 90' lang='lat' dir='ltr'>ne</span> <span class='ocrx_word' id='word_1_381' title='bbox 1948 4787 2062 4858; x_wconf 91' lang='lat' dir='ltr'>ipsi</span> 
     </span>
    </p>
   </div>
   <div class='ocr_carea' id='block_1_59' title="bbox 418 4875 2058 4950">
    <p class='ocr_par' dir='ltr' id='par_1_59' title="bbox 418 4875 2058 4950">
     <span class='ocr_line' id='line_1_59' title="bbox 418 4875 2058 4950; baseline -0.001 -16"><span class='ocrx_word' id='word_1_382' title='bbox 418 4878 658 4950; x_wconf 91' lang='lat' dir='ltr'>quidem</span> <span class='ocrx_word' id='word_1_383' title='bbox 692 4877 795 4947; x_wconf 91' lang='lat' dir='ltr'>rei,</span> <span class='ocrx_word' id='word_1_384' title='bbox 830 4877 928 4949; x_wconf 92' lang='lat' dir='ltr'>qui</span> <span class='ocrx_word' id='word_1_385' title='bbox 962 4878 1032 4932; x_wconf 92' lang='lat' dir='ltr'>ad</span> <span class='ocrx_word' id='word_1_386' title='bbox 1065 4875 1285 4931; x_wconf 89' lang='lat' dir='ltr'>malum</span> <span class='ocrx_word' id='word_1_387' title='bbox 1316 4881 1627 4933; x_wconf 89' lang='lat' dir='ltr'>transeunt</span> <span class='ocrx_word' id='word_1_388' title='bbox 1656 4883 1713 4933; x_wconf 88' lang='lat' dir='ltr'>et</span> <span class='ocrx_word' id='word_1_389' title='bbox 1743 4896 1774 4933; x_wconf 91' lang='lat' dir='ltr'>a</span> <span class='ocrx_word' id='word_1_390' title='bbox 1806 4879 1968 4934; x_wconf 91' lang='lat' dir='ltr'>vobis</span> <span class='ocrx_word' id='word_1_391' title='bbox 2000 4879 2058 4932; x_wconf 91' lang='lat' dir='ltr'>in</span> 
     </span>
    </p>
   </div>
   <div class='ocr_carea' id='block_1_60' title="bbox 2178 3717 3834 3789">
    <p class='ocr_par' dir='ltr' id='par_1_60' title="bbox 2178 3717 3834 3789">
     <span class='ocr_line' id='line_1_60' title="bbox 2178 3717 3834 3789; baseline 0 -16"><span class='ocrx_word' id='word_1_392' title='bbox 2178 3717 2486 3774; x_wconf 88' lang='lat' dir='ltr'>tormentis</span> <span class='ocrx_word' id='word_1_393' title='bbox 2519 3717 2907 3789; x_wconf 90' lang='lat' dir='ltr'>comprimitis</span> <span class='ocrx_word' id='word_1_394' title='bbox 2961 3719 3031 3772; x_wconf 87' lang='lat' dir='ltr'>ad</span> <span class='ocrx_word' id='word_1_395' title='bbox 3066 3717 3456 3789; x_wconf 84' lang='lat' dir='ltr'>negationem.</span> <span class='ocrx_word' id='word_1_396' title='bbox 3492 3720 3627 3781; x_wconf 68' lang='lat' dir='ltr'>Quae</span> <span class='ocrx_word' id='word_1_397' title='bbox 3667 3721 3834 3774; x_wconf 88' lang='lat' dir='ltr'>tanta</span> 
     </span>
    </p>
   </div>
   <div class='ocr_carea' id='block_1_61' title="bbox 2175 3806 3827 3878">
    <p class='ocr_par' dir='ltr' id='par_1_61' title="bbox 2175 3806 3827 3878">
     <span class='ocr_line' id='line_1_61' title="bbox 2175 3806 3827 3878; baseline 0 -17"><span class='ocrx_word' id='word_1_398' title='bbox 2175 3808 2548 3877; x_wconf 88' lang='lat' dir='ltr'>perversitas,</span> <span class='ocrx_word' id='word_1_399' title='bbox 2591 3812 2655 3862; x_wconf 94' lang='lat' dir='ltr'>ut</span> <span class='ocrx_word' id='word_1_400' title='bbox 2703 3806 3056 3862; x_wconf 89' lang='lat' dir='ltr'>confessioni</span> <span class='ocrx_word' id='word_1_401' title='bbox 3108 3806 3472 3878; x_wconf 90' lang='lat' dir='ltr'>repugnetis,</span> <span class='ocrx_word' id='word_1_402' title='bbox 3505 3810 3827 3862; x_wconf 89' lang='lat' dir='ltr'>tormento-</span> 
     </span>
    </p>
   </div>
   <div class='ocr_carea' id='block_1_62' title="bbox 2176 3894 3822 3967">
    <p class='ocr_par' dir='ltr' id='par_1_62' title="bbox 2176 3894 3822 3967">
     <span class='ocr_line' id='line_1_62' title="bbox 2176 3894 3822 3967; baseline 0.001 -18"><span class='ocrx_word' id='word_1_403' title='bbox 2176 3912 2307 3950; x_wconf 90' lang='lat' dir='ltr'>rum</span> <span class='ocrx_word' id='word_1_404' title='bbox 2339 3896 2531 3950; x_wconf 86' lang='lat' dir='ltr'>offieia</span> <span class='ocrx_word' id='word_1_405' title='bbox 2572 3895 2833 3964; x_wconf 88' lang='lat' dir='ltr'>mutetis,</span> <span class='ocrx_word' id='word_1_406' title='bbox 2868 3895 3053 3967; x_wconf 80' lang='lat' dir='ltr'>gratis</span> <span class='ocrx_word' id='word_1_407' title='bbox 3086 3912 3247 3950; x_wconf 91' lang='lat' dir='ltr'>reum</span> <span class='ocrx_word' id='word_1_408' title='bbox 3279 3895 3540 3963; x_wconf 90' lang='lat' dir='ltr'>evadere,</span> <span class='ocrx_word' id='word_1_409' title='bbox 3574 3894 3822 3951; x_wconf 89' lang='lat' dir='ltr'>invitum</span> 
     </span>
    </p>
   </div>
   <div class='ocr_carea' id='block_1_63' title="bbox 2173 3983 3819 4057">
    <p class='ocr_par' dir='ltr' id='par_1_63' title="bbox 2173 3983 3819 4057">
     <span class='ocr_line' id='line_1_63' title="bbox 2173 3983 3819 4057; baseline -0.001 -19"><span class='ocrx_word' id='word_1_410' title='bbox 2173 4001 2297 4040; x_wconf 91' lang='lat' dir='ltr'>com</span> <span class='ocrx_word' id='word_1_411' title='bbox 2309 3984 2590 4056; x_wconf 90' lang='lat' dir='ltr'>pellentes</span> <span class='ocrx_word' id='word_1_412' title='bbox 2631 3985 2888 4057; x_wconf 85' lang='lat' dir='ltr'>negare?</span> <span class='ocrx_word' id='word_1_413' title='bbox 2917 3983 3200 4041; x_wconf 83' lang='lat' dir='ltr'>Praesides</span> <span class='ocrx_word' id='word_1_414' title='bbox 3229 3984 3635 4054; x_wconf 70' lang='lat' dir='ltr'>extorquendaa</span> <span class='ocrx_word' id='word_1_415' title='bbox 3666 3983 3819 4040; x_wconf 87' lang='lat' dir='ltr'>veri-</span> 
     </span>
    </p>
   </div>
   <div class='ocr_carea' id='block_1_64' title="bbox 2172 4072 3819 4145">
    <p class='ocr_par' dir='ltr' id='par_1_64' title="bbox 2172 4072 3819 4145">
     <span class='ocr_line' id='line_1_64' title="bbox 2172 4072 3819 4145; baseline 0 -17"><span class='ocrx_word' id='word_1_416' title='bbox 2172 4073 2333 4145; x_wconf 85' lang='lat' dir='ltr'>tatis,</span> <span class='ocrx_word' id='word_1_417' title='bbox 2355 4074 2423 4129; x_wconf 92' lang='lat' dir='ltr'>de</span> <span class='ocrx_word' id='word_1_418' title='bbox 2445 4073 2587 4129; x_wconf 90' lang='lat' dir='ltr'>solis</span> <span class='ocrx_word' id='word_1_419' title='bbox 2608 4074 2775 4128; x_wconf 90' lang='lat' dir='ltr'>nobis</span> <span class='ocrx_word' id='word_1_420' title='bbox 2801 4074 3171 4129; x_wconf 90' lang='lat' dir='ltr'>mendacium</span> <span class='ocrx_word' id='word_1_421' title='bbox 3201 4072 3526 4143; x_wconf 88' lang='lat' dir='ltr'>exquiritis,</span> <span class='ocrx_word' id='word_1_422' title='bbox 3562 4076 3627 4127; x_wconf 89' lang='lat' dir='ltr'>ut</span> <span class='ocrx_word' id='word_1_423' title='bbox 3658 4072 3819 4128; x_wconf 88' lang='lat' dir='ltr'>dica-</span> 
     </span>
    </p>
   </div>
   <div class='ocr_carea' id='block_1_65' title="bbox 2173 4161 3819 4235">
    <p class='ocr_par' dir='ltr' id='par_1_65' title="bbox 2173 4161 3819 4235">
     <span class='ocr_line' id='line_1_65' title="bbox 2173 4161 3819 4235; baseline 0 -18"><span class='ocrx_word' id='word_1_424' title='bbox 2173 4179 2306 4219; x_wconf 90' lang='lat' dir='ltr'>mus</span> <span class='ocrx_word' id='word_1_425' title='bbox 2340 4180 2443 4219; x_wconf 91' lang='lat' dir='ltr'>nos</span> <span class='ocrx_word' id='word_1_426' title='bbox 2475 4181 2590 4218; x_wconf 91' lang='lat' dir='ltr'>non</span> <span class='ocrx_word' id='word_1_427' title='bbox 2622 4179 2751 4219; x_wconf 89' lang='lat' dir='ltr'>esse</span> <span class='ocrx_word' id='word_1_428' title='bbox 2784 4165 2938 4235; x_wconf 91' lang='lat' dir='ltr'>quod</span> <span class='ocrx_word' id='word_1_429' title='bbox 2971 4179 3200 4218; x_wconf 90' lang='lat' dir='ltr'>sumus.</span> <span class='ocrx_word' id='word_1_430' title='bbox 3236 4161 3474 4234; x_wconf 89' lang='lat' dir='ltr'>Opinor,</span> <span class='ocrx_word' id='word_1_431' title='bbox 3499 4179 3614 4216; x_wconf 92' lang='lat' dir='ltr'>non</span> <span class='ocrx_word' id='word_1_432' title='bbox 3645 4161 3819 4217; x_wconf 79' lang='lat' dir='ltr'>vultis</span> 
     </span>
    </p>
   </div>
   <div class='ocr_carea' id='block_1_66' title="bbox 2173 4251 3819 4323">
    <p class='ocr_par' dir='ltr' id='par_1_66' title="bbox 2173 4251 3819 4323">
     <span class='ocr_line' id='line_1_66' title="bbox 2173 4251 3819 4323; baseline -0.001 -16"><span class='ocrx_word' id='word_1_433' title='bbox 2173 4270 2278 4308; x_wconf 90' lang='lat' dir='ltr'>nos</span> <span class='ocrx_word' id='word_1_434' title='bbox 2312 4252 2495 4308; x_wconf 90' lang='lat' dir='ltr'>malos</span> <span class='ocrx_word' id='word_1_435' title='bbox 2514 4254 2928 4322; x_wconf 89' lang='lat' dir='ltr'>esse,ideoque</span> <span class='ocrx_word' id='word_1_436' title='bbox 2949 4251 3180 4323; x_wconf 88' lang='lat' dir='ltr'>gestitis</span> <span class='ocrx_word' id='word_1_437' title='bbox 3212 4251 3282 4306; x_wconf 93' lang='lat' dir='ltr'>de</span> <span class='ocrx_word' id='word_1_438' title='bbox 3313 4251 3425 4306; x_wconf 93' lang='lat' dir='ltr'>isto</span> <span class='ocrx_word' id='word_1_439' title='bbox 3458 4251 3694 4306; x_wconf 87' lang='lat' dir='ltr'>nomine</span> <span class='ocrx_word' id='word_1_440' title='bbox 3724 4268 3819 4306; x_wconf 82' lang='lat' dir='ltr'>ex-</span> 
     </span>
    </p>
   </div>
   <div class='ocr_carea' id='block_1_67' title="bbox 2172 4339 3820 4397">
    <p class='ocr_par' dir='ltr' id='par_1_67' title="bbox 2172 4339 3820 4397">
     <span class='ocr_line' id='line_1_67' title="bbox 2172 4339 3820 4397; baseline -0.001 -2"><span class='ocrx_word' id='word_1_441' title='bbox 2172 4340 2423 4397; x_wconf 91' lang='lat' dir='ltr'>cludere.</span> <span class='ocrx_word' id='word_1_442' title='bbox 2458 4347 2605 4396; x_wconf 89' lang='lat' dir='ltr'>Sane</span> <span class='ocrx_word' id='word_1_443' title='bbox 2639 4345 2875 4396; x_wconf 79' lang='lat' dir='ltr'>caeteros</span> <span class='ocrx_word' id='word_1_444' title='bbox 2927 4341 2995 4395; x_wconf 92' lang='lat' dir='ltr'>ad</span> <span class='ocrx_word' id='word_1_445' title='bbox 3025 4340 3133 4395; x_wconf 90' lang='lat' dir='ltr'>hoc</span> <span class='ocrx_word' id='word_1_446' title='bbox 3164 4339 3405 4395; x_wconf 93' lang='lat' dir='ltr'>tenditis</span> <span class='ocrx_word' id='word_1_447' title='bbox 3440 4343 3455 4376; x_wconf 86' lang='grc'>¹</span> <span class='ocrx_word' id='word_1_448' title='bbox 3491 4343 3546 4394; x_wconf 90' lang='lat' dir='ltr'>et</span> <span class='ocrx_word' id='word_1_449' title='bbox 3587 4341 3820 4395; x_wconf 85' lang='lat' dir='ltr'>carniﬁ-</span> 
     </span>
    </p>
   </div>
   <div class='ocr_carea' id='block_1_68' title="bbox 2171 4428 3819 4502">
    <p class='ocr_par' dir='ltr' id='par_1_68' title="bbox 2171 4428 3819 4502">
     <span class='ocr_line' id='line_1_68' title="bbox 2171 4428 3819 4502; baseline -0.002 -16"><span class='ocrx_word' id='word_1_450' title='bbox 2171 4431 2335 4498; x_wconf 91' lang='lat' dir='ltr'>catis,</span> <span class='ocrx_word' id='word_1_451' title='bbox 2370 4435 2435 4486; x_wconf 92' lang='lat' dir='ltr'>ut</span> <span class='ocrx_word' id='word_1_452' title='bbox 2483 4435 2695 4502; x_wconf 87' lang='lat' dir='ltr'>negent</span> <span class='ocrx_word' id='word_1_453' title='bbox 2725 4447 2852 4486; x_wconf 91' lang='lat' dir='ltr'>esse</span> <span class='ocrx_word' id='word_1_454' title='bbox 2903 4430 3056 4501; x_wconf 90' lang='lat' dir='ltr'>quod</span> <span class='ocrx_word' id='word_1_455' title='bbox 3092 4445 3220 4484; x_wconf 90' lang='lat' dir='ltr'>esse</span> <span class='ocrx_word' id='word_1_456' title='bbox 3272 4430 3567 4484; x_wconf 85' lang='lat' dir='ltr'>dicuntur.</span> <span class='ocrx_word' id='word_1_457' title='bbox 3601 4428 3819 4498; x_wconf 89' lang='lat' dir='ltr'>Atquin</span> 
     </span>
    </p>
   </div>
   <div class='ocr_carea' id='block_1_69' title="bbox 2170 4517 3821 4592">
    <p class='ocr_par' dir='ltr' id='par_1_69' title="bbox 2170 4517 3821 4592">
     <span class='ocr_line' id='line_1_69' title="bbox 2170 4517 3821 4592; baseline -0.002 -17"><span class='ocrx_word' id='word_1_458' title='bbox 2170 4521 2286 4575; x_wconf 91' lang='lat' dir='ltr'>illis</span> <span class='ocrx_word' id='word_1_459' title='bbox 2336 4520 2686 4592; x_wconf 88' lang='lat' dir='ltr'>negantibus</span> <span class='ocrx_word' id='word_1_460' title='bbox 2721 4537 2836 4575; x_wconf 90' lang='lat' dir='ltr'>non</span> <span class='ocrx_word' id='word_1_461' title='bbox 2891 4518 3169 4586; x_wconf 88' lang='lat' dir='ltr'>creditis;</span> <span class='ocrx_word' id='word_1_462' title='bbox 3202 4518 3396 4586; x_wconf 91' lang='lat' dir='ltr'>nobis,</span> <span class='ocrx_word' id='word_1_463' title='bbox 3429 4517 3477 4572; x_wconf 92' lang='lat' dir='ltr'>si</span> <span class='ocrx_word' id='word_1_464' title='bbox 3518 4517 3821 4588; x_wconf 89' lang='lat' dir='ltr'>negaveri-</span> 
     </span>
    </p>
   </div>
   <div class='ocr_carea' id='block_1_70' title="bbox 2171 4605 3821 4676">
    <p class='ocr_par' dir='ltr' id='par_1_70' title="bbox 2171 4605 3821 4676">
     <span class='ocr_line' id='line_1_70' title="bbox 2171 4605 3821 4676; baseline -0.003 -11"><span class='ocrx_word' id='word_1_465' title='bbox 2171 4627 2326 4676; x_wconf 90' lang='lat' dir='ltr'>mus,</span> <span class='ocrx_word' id='word_1_466' title='bbox 2359 4609 2558 4664; x_wconf 90' lang='lat' dir='ltr'>statim</span> <span class='ocrx_word' id='word_1_467' title='bbox 2593 4607 2846 4663; x_wconf 89' lang='lat' dir='ltr'>creditis.</span> <span class='ocrx_word' id='word_1_468' title='bbox 2882 4607 2940 4662; x_wconf 90' lang='lat' dir='ltr'>Si</span> <span class='ocrx_word' id='word_1_469' title='bbox 2973 4607 3116 4661; x_wconf 88' lang='lat' dir='ltr'>certi</span> <span class='ocrx_word' id='word_1_470' title='bbox 3147 4607 3287 4662; x_wconf 90' lang='lat' dir='ltr'>estis</span> <span class='ocrx_word' id='word_1_471' title='bbox 3323 4623 3426 4662; x_wconf 91' lang='lat' dir='ltr'>nos</span> <span class='ocrx_word' id='word_1_472' title='bbox 3469 4605 3821 4661; x_wconf 91' lang='lat' dir='ltr'>nocentissi-</span> 
     </span>
    </p>
   </div>
   <div class='ocr_carea' id='block_1_71' title="bbox 2171 4696 3820 4768">
    <p class='ocr_par' dir='ltr' id='par_1_71' title="bbox 2171 4696 3820 4768">
     <span class='ocr_line' id='line_1_71' title="bbox 2171 4696 3820 4768; baseline -0.002 -14"><span class='ocrx_word' id='word_1_473' title='bbox 2171 4716 2298 4755; x_wconf 91' lang='lat' dir='ltr'>mos</span> <span class='ocrx_word' id='word_1_474' title='bbox 2330 4714 2478 4768; x_wconf 89' lang='lat' dir='ltr'>esse,</span> <span class='ocrx_word' id='word_1_475' title='bbox 2513 4714 2615 4753; x_wconf 91' lang='lat' dir='ltr'>cur</span> <span class='ocrx_word' id='word_1_476' title='bbox 2663 4698 2838 4753; x_wconf 89' lang='lat' dir='ltr'>etiam</span> <span class='ocrx_word' id='word_1_477' title='bbox 2872 4697 2930 4752; x_wconf 91' lang='lat' dir='ltr'>in</span> <span class='ocrx_word' id='word_1_478' title='bbox 2963 4696 3072 4752; x_wconf 90' lang='lat' dir='ltr'>hoc</span> <span class='ocrx_word' id='word_1_479' title='bbox 3124 4696 3293 4752; x_wconf 89' lang='lat' dir='ltr'>aliter</span> <span class='ocrx_word' id='word_1_480' title='bbox 3325 4713 3501 4768; x_wconf 91' lang='lat' dir='ltr'>quam</span> <span class='ocrx_word' id='word_1_481' title='bbox 3545 4699 3820 4753; x_wconf 89' lang='lat' dir='ltr'>nocentes</span> 
     </span>
    </p>
   </div>
   <div class='ocr_carea' id='block_1_72' title="bbox 2171 4785 3819 4860">
    <p class='ocr_par' dir='ltr' id='par_1_72' title="bbox 2171 4785 3819 4860">
     <span class='ocr_line' id='line_1_72' title="bbox 2171 4785 3819 4860; baseline -0.003 -15"><span class='ocrx_word' id='word_1_482' title='bbox 2171 4807 2203 4845; x_wconf 88' lang='lat' dir='ltr'>a</span> <span class='ocrx_word' id='word_1_483' title='bbox 2231 4788 2395 4844; x_wconf 91' lang='lat' dir='ltr'>vobis</span> <span class='ocrx_word' id='word_1_484' title='bbox 2428 4786 2657 4860; x_wconf 88' lang='lat' dir='ltr'>agimur</span> <span class='ocrx_word' id='word_1_485' title='bbox 2679 4785 2706 4840; x_wconf 76' lang='lat' dir='ltr'>‘I</span> <span class='ocrx_word' id='word_1_486' title='bbox 2738 4787 2861 4842; x_wconf 90' lang='lat' dir='ltr'>Non</span> <span class='ocrx_word' id='word_1_487' title='bbox 2887 4786 3016 4842; x_wconf 93' lang='lat' dir='ltr'>dico</span> <span class='ocrx_word' id='word_1_488' title='bbox 3067 4787 3220 4857; x_wconf 91' lang='lat' dir='ltr'>quod</span> <span class='ocrx_word' id='word_1_489' title='bbox 3247 4802 3433 4857; x_wconf 89' lang='lat' dir='ltr'>neque</span> <span class='ocrx_word' id='word_1_490' title='bbox 3461 4785 3819 4843; x_wconf 89' lang='lat' dir='ltr'>accusationi</span> 
     </span>
    </p>
   </div>
   <div class='ocr_carea' id='block_1_73' title="bbox 2171 4873 3822 4949">
    <p class='ocr_par' dir='ltr' id='par_1_73' title="bbox 2171 4873 3822 4949">
     <span class='ocr_line' id='line_1_73' title="bbox 2171 4873 3822 4949; baseline -0.002 -15"><span class='ocrx_word' id='word_1_491' title='bbox 2171 4894 2359 4949; x_wconf 91' lang='lat' dir='ltr'>neque</span> <span class='ocrx_word' id='word_1_492' title='bbox 2394 4875 2749 4932; x_wconf 89' lang='lat' dir='ltr'>recusationi</span> <span class='ocrx_word' id='word_1_493' title='bbox 2791 4875 3047 4948; x_wconf 90' lang='lat' dir='ltr'>spatium</span> <span class='ocrx_word' id='word_1_494' title='bbox 3073 4873 3499 4945; x_wconf 90' lang='lat' dir='ltr'>commodetis;</span> <span class='ocrx_word' id='word_1_495' title='bbox 3533 4875 3734 4931; x_wconf 90' lang='lat' dir='ltr'>soletis</span> <span class='ocrx_word' id='word_1_496' title='bbox 3765 4878 3822 4930; x_wconf 89' lang='lat' dir='ltr'>et</span> 
     </span>
    </p>
   </div>
   <div class='ocr_carea' id='block_1_74' title="bbox 417 4965 3818 5040">
    <p class='ocr_par' dir='ltr' id='par_1_74' title="bbox 417 4965 3818 5040">
     <span class='ocr_line' id='line_1_74' title="bbox 417 4965 3818 5040; baseline -0.002 -16"><span class='ocrx_word' id='word_1_497' title='bbox 417 4985 688 5040; x_wconf 89' lang='lat' dir='ltr'>perversa</span> <span class='ocrx_word' id='word_1_498' title='bbox 745 4967 1065 5034; x_wconf 89' lang='lat' dir='ltr'>divertunt,</span> <span class='ocrx_word' id='word_1_499' title='bbox 1097 4966 1406 5022; x_wconf 89' lang='lat' dir='ltr'>defendere</span> <span class='ocrx_word' id='word_1_500' title='bbox 1468 4966 1687 5022; x_wconf 89' lang='lat' dir='ltr'>malum</span> <span class='ocrx_word' id='word_1_501' title='bbox 1750 4985 1852 5039; x_wconf 90' lang='lat' dir='ltr'>pro</span> <span class='ocrx_word' id='word_1_502' title='bbox 1909 4968 2061 5024; x_wconf 93' lang='lat' dir='ltr'>bono</span> <span class='ocrx_word' id='word_1_503' title='bbox 2091 4971 2138 5036; x_wconf 87' lang='lat' dir='ltr'><strong>D</strong></span> <span class='ocrx_word' id='word_1_504' title='bbox 2171 4968 2536 5023; x_wconf 88' lang='lat' dir='ltr'>inaccusatos</span> <span class='ocrx_word' id='word_1_505' title='bbox 2584 4969 2640 5020; x_wconf 90' lang='lat' dir='ltr'>et</span> <span class='ocrx_word' id='word_1_506' title='bbox 2689 4965 3026 5020; x_wconf 84' lang='lat' dir='ltr'>indefensos</span> <span class='ocrx_word' id='word_1_507' title='bbox 3076 4982 3188 5021; x_wconf 91' lang='lat' dir='ltr'>non</span> <span class='ocrx_word' id='word_1_508' title='bbox 3239 4969 3456 5022; x_wconf 90' lang='lat' dir='ltr'>temere</span> <span class='ocrx_word' id='word_1_509' title='bbox 3515 4966 3818 5020; x_wconf 88' lang='lat' dir='ltr'>damnare.</span> 
     </span>
    </p>
   </div>
   <div class='ocr_carea' id='block_1_75' title="bbox 415 5054 2055 5129">
    <p class='ocr_par' dir='ltr' id='par_1_75' title="bbox 415 5054 2055 5129">
     <span class='ocr_line' id='line_1_75' title="bbox 415 5054 2055 5129; baseline 0.001 -16"><span class='ocrx_word' id='word_1_510' title='bbox 415 5058 690 5114; x_wconf 89' lang='lat' dir='ltr'>audeant.</span> <span class='ocrx_word' id='word_1_511' title='bbox 748 5055 965 5128; x_wconf 89' lang='lat' dir='ltr'>Turpia</span> <span class='ocrx_word' id='word_1_512' title='bbox 1017 5054 1237 5124; x_wconf 90' lang='lat' dir='ltr'>timori,</span> <span class='ocrx_word' id='word_1_513' title='bbox 1298 5056 1508 5127; x_wconf 90' lang='lat' dir='ltr'>pudori</span> <span class='ocrx_word' id='word_1_514' title='bbox 1569 5056 1750 5129; x_wconf 91' lang='lat' dir='ltr'>impia</span> <span class='ocrx_word' id='word_1_515' title='bbox 1799 5056 2055 5128; x_wconf 87' lang='lat' dir='ltr'>habent;</span> 
     </span>
    </p>
   </div>
   <div class='ocr_carea' id='block_1_76' title="bbox 2168 5053 3819 5127">
    <p class='ocr_par' dir='ltr' id='par_1_76' title="bbox 2168 5053 3819 5127">
     <span class='ocr_line' id='line_1_76' title="bbox 2168 5053 3819 5127; baseline -0.003 -15"><span class='ocrx_word' id='word_1_516' title='bbox 2168 5057 2279 5113; x_wconf 91' lang='lat' dir='ltr'>Sed</span> <span class='ocrx_word' id='word_1_517' title='bbox 2313 5054 2470 5112; x_wconf 89' lang='lat' dir='ltr'>verbi</span> <span class='ocrx_word' id='word_1_518' title='bbox 2518 5054 2706 5127; x_wconf 86' lang='lat' dir='ltr'>gratia</span> <span class='ocrx_word' id='word_1_519' title='bbox 2737 5054 2785 5109; x_wconf 89' lang='lat' dir='ltr'>si</span> <span class='ocrx_word' id='word_1_520' title='bbox 2827 5054 2896 5109; x_wconf 92' lang='lat' dir='ltr'>de</span> <span class='ocrx_word' id='word_1_521' title='bbox 2929 5053 3226 5110; x_wconf 91' lang='lat' dir='ltr'>homicida</span> <span class='ocrx_word' id='word_1_522' title='bbox 3259 5055 3599 5112; x_wconf 89' lang='lat' dir='ltr'>confutatur</span> <span class='ocrx_word' id='word_1_523' title='bbox 3627 5053 3669 5125; x_wconf 77' lang='grc'>³,</span> <span class='ocrx_word' id='word_1_524' title='bbox 3703 5068 3819 5108; x_wconf 90' lang='lat' dir='ltr'>non</span> 
     </span>
    </p>
   </div>
   <div class='ocr_carea' id='block_1_77' title="bbox 1839 5203 2392 5267">
    <p class='ocr_par' dir='ltr' id='par_1_77' title="bbox 1839 5203 2392 5267">
     <span class='ocr_line' id='line_1_77' title="bbox 1839 5203 2392 5267; baseline -0.007 0"><span class='ocrx_word' id='word_1_525' title='bbox 1839 5204 2043 5267; x_wconf 79' lang='lat' dir='ltr'>Variae</span> <span class='ocrx_word' id='word_1_526' title='bbox 2074 5203 2392 5267; x_wconf 79' lang='lat' dir='ltr'>lectiones.</span> 
     </span>
    </p>
   </div>
   <div class='ocr_carea' id='block_1_78' title="bbox 485 5325 2241 5401">
    <p class='ocr_par' dir='ltr' id='par_1_78' title="bbox 485 5325 2241 5401">
     <span class='ocr_line' id='line_1_78' title="bbox 485 5325 2241 5401; baseline 0.001 -18"><span class='ocrx_word' id='word_1_527' title='bbox 485 5331 501 5365; x_wconf 74' lang='grc' dir='ltr'><strong>ι</strong></span> <span class='ocrx_word' id='word_1_528' title='bbox 537 5328 607 5384; x_wconf 83' lang='lat' dir='ltr'>Le</span> <span class='ocrx_word' id='word_1_529' title='bbox 638 5331 730 5385; x_wconf 85' lang='lat' dir='ltr'>Pr.</span> <span class='ocrx_word' id='word_1_530' title='bbox 768 5325 875 5398; x_wconf 80' lang='lat' dir='ltr'>leg.</span> <span class='ocrx_word' id='word_1_531' title='bbox 908 5325 1179 5384; x_wconf 90' lang='lat' dir='ltr'>tunditis.</span> <span class='ocrx_word' id='word_1_532' title='bbox 1257 5327 1278 5361; x_wconf 73' lang='grc'>⁸</span> <span class='ocrx_word' id='word_1_533' title='bbox 1309 5327 1509 5400; x_wconf 84' lang='lat' dir='ltr'>Rigalt.</span> <span class='ocrx_word' id='word_1_534' title='bbox 1542 5328 1776 5401; x_wconf 68' lang='lat' dir='ltr'>conject:</span> <span class='ocrx_word' id='word_1_535' title='bbox 1805 5346 1823 5383; x_wconf 88' lang='lat'><strong><em>:</em></strong></span> <span class='ocrx_word' id='word_1_536' title='bbox 1856 5328 2241 5387; x_wconf 87' lang='lat' dir='ltr'>consultatur.</span> 
     </span>
    </p>
   </div>
   <div class='ocr_carea' id='block_1_79' title="bbox 1851 5462 2373 5525">
    <p class='ocr_par' dir='ltr' id='par_1_79' title="bbox 1851 5462 2373 5525">
     <span class='ocr_line' id='line_1_79' title="bbox 1851 5462 2373 5525; baseline -0.002 -1"><span class='ocrx_word' id='word_1_537' title='bbox 1851 5462 2373 5525; x_wconf 87' lang='lat' dir='ltr'>Commentarius.</span> 
     </span>
    </p>
   </div>
   <div class='ocr_carea' id='block_1_80' title="bbox 483 5583 2068 5654">
    <p class='ocr_par' dir='ltr' id='par_1_80' title="bbox 483 5583 2068 5654">
     <span class='ocr_line' id='line_1_80' title="bbox 483 5583 2068 5654; baseline 0.001 -16"><span class='ocrx_word' id='word_1_538' title='bbox 483 5585 558 5654; x_wconf 92' lang='grc'>(1)</span> <span class='ocrx_word' id='word_1_539' title='bbox 595 5583 898 5639; x_wconf 81' lang='lat' dir='ltr'>Christiani</span> <span class='ocrx_word' id='word_1_540' title='bbox 954 5597 1098 5638; x_wconf 84' lang='lat' dir='ltr'>vero.</span> <span class='ocrx_word' id='word_1_541' title='bbox 1163 5583 1482 5641; x_wconf 88' lang='lat' dir='ltr'>Christiani</span> <span class='ocrx_word' id='word_1_542' title='bbox 1544 5587 1706 5642; x_wconf 89' lang='lat' dir='ltr'>nulla</span> <span class='ocrx_word' id='word_1_543' title='bbox 1762 5586 1816 5642; x_wconf 91' lang='lat' dir='ltr'>vi</span> <span class='ocrx_word' id='word_1_544' title='bbox 1881 5585 2068 5641; x_wconf 90' lang='lat' dir='ltr'>coacti</span> 
     </span>
    </p>
   </div>
   <div class='ocr_carea' id='block_1_81' title="bbox 415 5654 2071 5730">
    <p class='ocr_par' dir='ltr' id='par_1_81' title="bbox 415 5654 2071 5730">
     <span class='ocr_line' id='line_1_81' title="bbox 415 5654 2071 5730; baseline 0.004 -23"><span class='ocrx_word' id='word_1_545' title='bbox 415 5654 777 5730; x_wconf 84' lang='lat' dir='ltr'>Christianos</span> <span class='ocrx_word' id='word_1_546' title='bbox 824 5671 886 5711; x_wconf 91' lang='lat' dir='ltr'>se</span> <span class='ocrx_word' id='word_1_547' title='bbox 919 5654 1213 5730; x_wconf 86' lang='lat' dir='ltr'>dicebant,</span> <span class='ocrx_word' id='word_1_548' title='bbox 1247 5672 1432 5728; x_wconf 89' lang='lat' dir='ltr'>eaque</span> <span class='ocrx_word' id='word_1_549' title='bbox 1477 5659 1548 5714; x_wconf 89' lang='lat' dir='ltr'>de</span> <span class='ocrx_word' id='word_1_550' title='bbox 1580 5675 1641 5714; x_wconf 90' lang='lat' dir='ltr'>re</span> <span class='ocrx_word' id='word_1_551' title='bbox 1692 5674 2071 5730; x_wconf 86' lang='lat' dir='ltr'>summepere</span> 
     </span>
    </p>
   </div>
   <div class='ocr_carea' id='block_1_82' title="bbox 418 5724 2068 5801">
    <p class='ocr_par' dir='ltr' id='par_1_82' title="bbox 418 5724 2068 5801">
     <span class='ocr_line' id='line_1_82' title="bbox 418 5724 2068 5801; baseline 0.004 -21"><span class='ocrx_word' id='word_1_552' title='bbox 418 5724 824 5797; x_wconf 77' lang='lat' dir='ltr'>gloriabantur</span> <span class='ocrx_word' id='word_1_553' title='bbox 850 5743 865 5800; x_wconf 85' lang='lat'>;</span> <span class='ocrx_word' id='word_1_554' title='bbox 898 5725 949 5784; x_wconf 83' lang='lat' dir='ltr'>si</span> <span class='ocrx_word' id='word_1_555' title='bbox 977 5731 1311 5796; x_wconf 81' lang='lat' dir='ltr'>accusatur,</span> <span class='ocrx_word' id='word_1_556' title='bbox 1335 5724 1460 5787; x_wconf 74' lang='lat' dir='ltr'>non</span> <span class='ocrx_word' id='word_1_557' title='bbox 1489 5730 1788 5801; x_wconf 85' lang='lat' dir='ltr'>defendit;</span> <span class='ocrx_word' id='word_1_558' title='bbox 1821 5724 2068 5787; x_wconf 71' lang='lat' dir='ltr'>interro-</span> 
     </span>
    </p>
   </div>
   <div class='ocr_carea' id='block_1_83' title="bbox 2180 5576 3821 5659">
    <p class='ocr_par' dir='ltr' id='par_1_83' title="bbox 2180 5576 3821 5659">
     <span class='ocr_line' id='line_1_83' title="bbox 2180 5576 3821 5659; baseline -0.007 -16"><span class='ocrx_word' id='word_1_559' title='bbox 2180 5591 2352 5658; x_wconf 81' lang='lat' dir='ltr'>gntus</span> <span class='ocrx_word' id='word_1_560' title='bbox 2382 5586 2467 5642; x_wconf 93' lang='lat' dir='ltr'>vel</span> <span class='ocrx_word' id='word_1_561' title='bbox 2490 5585 2643 5659; x_wconf 86' lang='lat' dir='ltr'>ultro</span> <span class='ocrx_word' id='word_1_562' title='bbox 2667 5582 2980 5659; x_wconf 75' lang='lat' dir='ltr'>confitetur</span> <span class='ocrx_word' id='word_1_563' title='bbox 3002 5599 3014 5648; x_wconf 90' lang='lat'>;</span> <span class='ocrx_word' id='word_1_564' title='bbox 3037 5578 3601 5659; x_wconf 79' lang='lat' dir='ltr'>damnatus,gratia_s</span> <span class='ocrx_word' id='word_1_565' title='bbox 3623 5576 3761 5659; x_wconf 83' lang='lat' dir='ltr'>agit.</span> <span class='ocrx_word' id='word_1_566' title='bbox 3794 5600 3821 5659; x_wconf 53' lang='grc' dir='ltr'><strong>η</strong></span> 
     </span>
    </p>
   </div>
   <div class='ocr_carea' id='block_1_84' title="bbox 2180 5653 3825 5722">
    <p class='ocr_par' dir='ltr' id='par_1_84' title="bbox 2180 5653 3825 5722">
     <span class='ocr_line' id='line_1_84' title="bbox 2180 5653 3825 5722; baseline -0.005 -8"><span class='ocrx_word' id='word_1_567' title='bbox 2180 5653 2287 5722; x_wconf 69' lang='lat' dir='ltr'>Qui</span> <span class='ocrx_word' id='word_1_568' title='bbox 2311 5676 2442 5714; x_wconf 90' lang='lat' dir='ltr'>vero</span> <span class='ocrx_word' id='word_1_569' title='bbox 2475 5659 2532 5712; x_wconf 92' lang='lat' dir='ltr'>id</span> <span class='ocrx_word' id='word_1_570' title='bbox 2582 5656 2732 5711; x_wconf 93' lang='lat' dir='ltr'>ultro</span> <span class='ocrx_word' id='word_1_571' title='bbox 2763 5655 3120 5720; x_wconf 88' lang='lat' dir='ltr'>fatebantur,</span> <span class='ocrx_word' id='word_1_572' title='bbox 3157 5654 3286 5712; x_wconf 90' lang='lat' dir='ltr'>ideo</span> <span class='ocrx_word' id='word_1_573' title='bbox 3319 5653 3585 5712; x_wconf 79' lang='lat' dir='ltr'>damnati</span> <span class='ocrx_word' id='word_1_574' title='bbox 3614 5656 3715 5709; x_wconf 83' lang='lat' dir='ltr'>aut</span> <span class='ocrx_word' id='word_1_575' title='bbox 3745 5653 3825 5707; x_wconf 77' lang='lat' dir='ltr'>rei</span> 
     </span>
    </p>
   </div>
   <div class='ocr_carea' id='block_1_85' title="bbox 2180 5728 2745 5788">
    <p class='ocr_par' dir='ltr' id='par_1_85' title="bbox 2180 5728 2745 5788">
     <span class='ocr_line' id='line_1_85' title="bbox 2180 5728 2745 5788; baseline -0.002 -1"><span class='ocrx_word' id='word_1_576' title='bbox 2180 5747 2296 5787; x_wconf 89' lang='lat' dir='ltr'>non</span> <span class='ocrx_word' id='word_1_577' title='bbox 2328 5733 2510 5788; x_wconf 87' lang='lat' dir='ltr'>erant.</span> <span class='ocrx_word' id='word_1_578' title='bbox 2540 5729 2616 5786; x_wconf 76' lang='lat' dir='ltr'>Ls</span> <span class='ocrx_word' id='word_1_579' title='bbox 2651 5728 2745 5786; x_wconf 79' lang='lat' dir='ltr'>Pa.</span> 
     </span>
    </p>
   </div>
  </div>
