4264 6368
505 411 619 470 631

1029 408 1553 469 TERTULLIANI
1599 406 1923 468 OPERUM
1967 404 2150 464 PARS

2259 451 2260 455 η
2293 431 2371 446 --
2397 401 2672 462 SEHIES
2720 403 2767 474 Ι,
2812 401 3377 463 APOLOGETICA.

3781 385 3904 461 632

509 540 706 597 statim
731 538 1070 596 contessoeo
1094 555 1303 596 nomen
1327 538 1630 594 homicidae
1645 538 2150 609 dispunotacausa
2179 537 2234 602 Α
2331 534 2384 589 3.
2418 533 2536 589 Vos
2561 532 2760 604 igitur,
2793 532 2938 589 alias
2983 532 3416 605 diligentissimi
3447 548 3512 588 ac
3553 533 3906 604 pertinacis-

508 633 597 685 est
617 633 718 684 aut
742 629 950 684 satiata
971 629 1597 699 cognitio.Quanquam
1621 627 1903 682 confessis
1917 624 2149 679 difﬁcile

511 717 748 774 creditis
800 736 814 786 ;
872 733 1073 772 verum
1136 719 1378 789 insuper
1430 716 1846 788 consequentia
1899 713 2150 785 exigitis,

511 806 783 880 quotiens
841 807 1050 862 cmdem
1112 805 1316 877 egerit,
1347 806 1562 877 quibus
1620 805 1681 860 in
1741 804 1902 868 locis,
1937 803 2151 873 quibus

509 894 734 967 spoliis,
768 896 968 964 sociis,
1001 895 1422 968 receptoribus,
1457 911 1528 950 ne
1560 893 1703 966 quid
1735 891 1972 948 omnino
2013 889 2152 946 mali

509 982 768 1039 hominis
799 983 1226 1051 delitescat,aut
1256 983 1408 1039 desit
1439 981 1660 1054 aliquid
1691 980 2047 1036 instruenda;
2081 980 2152 1035 ad

511 1071 864 1128 sententiam
891 1071 1142 1128 veritati.
1179 1076 1356 1127 Porro
1388 1072 1458 1127 de
1502 1070 1691 1135 nobis,
1725 1085 1872 1140 quos
1902 1068 2119 1124 atrocio
2140 1099 2154 1110 -

511 1161 676 1218 ribus
707 1177 772 1217 ac
818 1160 1088 1233 pluribus
1141 1160 1491 1216 criminibus
1539 1157 1858 1231 deputatis,
1891 1157 2158 1214 breviora

514 1265 579 1306 ac
610 1249 826 1307 leviora
854 1249 1040 1322 elogia
1069 1249 1378 1305 conficitis.
1413 1250 1559 1306 561
1597 1247 1802 1315 Credo,
1834 1264 1949 1302 non
1979 1245 2156 1302 vultis

514 1343 810 1406 oneratos,
844 1355 992 1410 quos
1051 1339 1210 1394 omni
1266 1355 1440 1410 opere
1498 1337 1756 1410 perditos
1811 1335 2008 1402 vultis,
2058 1340 2160 1390 aut

514 1445 630 1484 non
663 1427 882 1500 putatis
931 1427 1284 1498 requirenda
1315 1443 1441 1499 quae
1474 1426 1681 1482 nostis.
1717 1427 1830 1482 Hoc
1864 1441 1999 1496 ergo
2031 1441 2158 1496 per-

512 1517 763 1588 versius,
796 1517 844 1572 si
903 1516 1108 1585 cogitis
1165 1532 1400 1588 negare,
1433 1517 1502 1571 de
1561 1515 1777 1587 quibus
1835 1514 2160 1570 certissime

515 1606 703 1672 scitis,
734 1605 874 1677 imo,
906 1605 1056 1674 quod
1115 1603 1305 1675 magis
1353 1603 1486 1658 odio
1533 1607 1727 1657 vestro
1773 1601 2160 1672 competehat,

519 1694 778 1766 seposita
831 1694 1020 1748 forma
1057 1692 1395 1762 judicandi,
1425 1691 1661 1764 proprio
1709 1689 1903 1746 studio
1937 1706 2050 1744 non
2088 1690 2160 1744 ad

519 1782 973 1854 negotiationem
1015 1785 1254 1849 certare,
1289 1798 1361 1837 ne
1391 1797 1539 1853 quos
1578 1779 1786 1836 odistis
1815 1778 2160 1844 liberaretis,

523 1871 624 1927 sed
673 1871 746 1926 ad
803 1870 1230 1926 confessionem
1291 1868 1657 1942 singulorum
1708 1869 2014 1937 scelerum,
2047 1883 2162 1938 quo

522 1959 714 2031 magis
743 1957 1062 2014 inimicitia:
1084 1959 1438 2014 satiarentur
1466 1975 1533 2014 ex
1565 1955 1934 2029 aggeratione
1967 1972 2163 2027 poena-

519 2061 672 2115 rum,
707 2046 849 2101 dum
897 2047 1360 2118 recognoscitur,
1388 2051 1528 2116 quot
1576 2046 1827 2118 quisque
1848 2046 1974 2116 jam
2026 2061 2162 2100 con-

516 2133 671 2189 vivia
700 2133 802 2189 illa
833 2135 1485 2207 celebrasset,quotiens
1515 2134 1576 2190 in
1600 2133 1858 2190 tenebris
1881 2133 2160 2188 incursio-

515 2222 609 2278 nis
638 2221 880 2279 incesta.
915 2223 1064 2289 Quid
1083 2223 1110 2278 ?
1132 2224 1283 2294 quod
1324 2223 1657 2279 eradicandi
1685 2221 1914 2294 generis
1946 2221 2158 2276 diffun-

512 2311 706 2367 denda
735 2315 859 2367 erat
891 2311 1577 2384 requisitio,porrigenda
1609 2311 1850 2383 quaestio
1881 2310 1939 2365 in
1971 2310 2158 2366 socios

506 2399 912 2472 oonsciosque.
947 2402 1416 2456 Perducerentur
1463 2399 1761 2456 infantarii
1803 2404 1860 2455 et
1907 2400 2071 2470 coqui
2103 2402 2161 2454 et

503 2487 623 2560 ipsi
675 2504 849 2545 canes
901 2489 1150 2560 pronubi
1198 2490 1298 2560 (2),
1356 2491 1667 2545 emendata
1717 2504 1808 2544 res
1858 2491 2012 2544 esset
2059 2487 2153 2558 (3).

505 2577 698 2632 Etiam
760 2577 1114 2649 spectaculis
1172 2578 1361 2649 gratia
1421 2581 1880 2650 aggregaretur;
1940 2580 2158 2647 quanto

508 2665 674 2720 enim
707 2665 901 2720 studio
932 2665 990 2719 in
1024 2681 1259 2721 caveam
1293 2665 1719 2730 conveniretur,
1752 2666 2157 2736 depugnaturo

507 2752 740 2824 aliquo,
773 2753 873 2824 qui
905 2757 1137 2808 centum
1171 2753 1426 2810 infantes
1479 2753 1857 2810 devorasset?
1885 2754 2156 2809 Sedenim

517 2845 639 2896 tam
670 2840 962 2897 horrenda
991 2845 1231 2913 tamque
1259 2847 1636 2898 monstruosa
1675 2843 1746 2897 de
1798 2841 1966 2897 nobis
1997 2841 2156 2897 defe-

510 2933 744 2986 runtur.
778 2930 990 3002 Utique
1020 2930 1144 2986 erui
1197 2931 1541 2999 debuerunt,
1574 2947 1646 2986 ne
1677 2929 2041 2986 incredibilia
2071 2930 2156 2985 vi-

510 3020 808 3087 derentur,
843 3025 899 3075 et
928 3020 1128 3076 odium
1161 3019 1220 3074 in
1257 3037 1359 3076 nos
1405 3020 1700 3093 publicum
1733 3019 2153 3091 refrigesceret.

507 3108 655 3164 Nam
685 3112 742 3164 et
772 3107 1033 3180 plerique
1066 3107 1234 3164 fidem
1273 3107 1482 3164 talium
1524 3112 1876 3180 temperant,
1910 3107 2152 3164 horren-

503 3202 592 3255 tes
622 3198 701 3270 (4)
732 3201 1004 3254 naturam
1055 3214 1310 3270 QUIEPCI‘O
1349 3197 1632 3269 pabulum
1667 3197 1940 3268 ferinum,
1974 3214 2151 3269 quam

506 3287 856 3344 concubitus
888 3286 960 3342 ab
990 3286 1251 3344 humano
1281 3303 1489 3358 genere
1517 3285 1835 3358 praeclusit.

2257 621 2388 676 simi
2416 622 2783 678 discussores
2796 621 3082 678 scelerum
3106 621 3277 694 longe
3301 621 3758 689 minorum,cum
3776 622 3906 676 tali-

2259 713 2368 767 bus
2383 716 2489 766 tarn
2509 711 2716 766 horren
2729 712 2758 764 ri
2771 711 2817 765 is
2831 716 3129 766 etomnem
3146 711 3495 782 impietatem
3508 711 3906 782 supergressis

2259 815 2386 854 eam
2445 799 2806 870 diligentiam
2863 800 3168 867 deseratis,
3222 815 3411 870 neque
3468 799 3902 855 confessionem

2261 887 2593 958 recipiendo
2616 887 3025 958 judicantibus
3046 904 3278 959 semper
3301 887 3909 958 10b0randam,neque

2261 975 2712 1046 exquisitionem
2727 975 3038 1046 digerendo
3052 976 3500 1033 damnatoribus
3523 993 3757 1048 semper
3777 993 3911 1032 con-

2263 1065 2570 1120 sulendam
2603 1065 2764 1135 :jam
2798 1068 3061 1137 apparet,
3095 1080 3268 1120 omne
3300 1067 3356 1121 in
3391 1081 3497 1121 nos
3527 1066 3748 1121 crimen
3793 1082 3911 1122 non

2266 1154 2515 1225 alicujus
2575 1153 2809 1210 sceleris
2839 1157 2940 1209 sed
2992 1154 3249 1210 nominis
3297 1155 3494 1227 dirigi.
3530 1157 3686 1212 Adeo
3743 1156 3791 1212 si
3840 1156 3913 1213 de

2265 1243 2580 1300 criminum
2601 1243 2840 1298 veritate
2862 1243 3308 1314 constaret,ipsa
3328 1243 3645 1300 criminum
3672 1243 3914 1300 nomina

2267 1331 2561 1388 damnatis
2593 1331 3197 1399 acoommodarent,ut
3226 1334 3305 1387 ita
3337 1332 3820 1402 pronuntiaretur
3848 1333 3910 1388 in

2269 1438 2375 1476 nos
2407 1437 2422 1476 :
2457 1420 2621 1475 illum
2655 1419 3125 1489 homicidam,vel
3159 1419 3571 1488 incestum,vel
3603 1422 3908 1492 quodcun-

2269 1527 2382 1582 que
2405 1511 2720 1580 jactamur,
2753 1509 2906 1575 duci,
2940 1509 3158 1580 sufﬁgi,
3192 1510 3262 1564 ad
3295 1509 3514 1564 bestias
3544 1510 3671 1565 dari
3703 1509 3912 1580 placet.

2273 1605 2441 1655 Porro
2472 1599 2774 1654 sententiae
2802 1601 3006 1653 vestrae
3040 1598 3190 1654 562
3222 1597 3369 1652 nihil
3395 1597 3506 1653 nisi
3543 1597 3915 1654 Christianus

2271 1688 2534 1743 confessa
2547 1704 2599 1741 m
2615 1685 3077 1755 notant;nullum
3094 1687 3359 1742 criminis
3377 1703 3591 1742 nomen
3605 1686 3914 1756 exstat,ni-

2273 1777 2319 1832 si
2353 1776 2609 1832 nominis
2639 1776 2858 1832 crimen
2888 1781 3012 1831 est:
3039 1775 3159 1830 haec
3181 1775 3395 1832 etenim
3428 1780 3519 1831 est
3549 1791 3744 1831 revera
3766 1773 3913 1854 ratio

2271 1865 2450 1920 totius
2482 1865 2598 1920 odii
2629 1866 2908 1920 adversus
2938 1881 3065 1920 nos.
3098 1866 3319 1920 Nomen
3357 1866 3415 1920 in
3466 1880 3646 1920 causa
3696 1869 3784 1920 est
3813 1865 3910 1937 (5),

2273 1954 2425 2024 quod
2446 1955 2712 2025 quaedam
2730 1953 2958 2008 occulta
2986 1954 3073 2008 vis
3106 1970 3210 2026 per
3237 1961 3488 2009 vestram
3521 1953 3914 2026 ignorantiam

2271 2047 2590 2114 oppugnat,
2623 2047 2688 2096 ut
2717 2041 2913 2097 nolitis
2946 2041 3094 2098 scire
3125 2058 3228 2114 pro
3257 2050 3430 2110 certo,
3465 2042 3618 2114 quod
3677 2058 3778 2098 vos
3806 2058 3910 2114 pro

2270 2135 2425 2186 certo
2458 2130 2681 2186 nescire
2729 2130 2867 2185 certi
2902 2131 3066 2196 estis,
3097 2135 3154 2185 et
3197 2130 3323 2185 ideo
3374 2146 3478 2186 nec
3509 2129 3747 2186 creditis
3781 2147 3908 2202 quae

2269 2235 2384 2276 non
2416 2219 2759 2291 probantur,
2791 2223 2947 2286 et,ne
2979 2219 3296 2291 probentur
3327 2218 3492 2274 facile
3523 2219 3564 2288 ³,
3587 2236 3701 2274 non
3731 2219 3911 2276 vultis

2268 2308 2586 2380 inquirere,
2620 2313 2684 2363 ut
2727 2325 2935 2363 nomen
2968 2308 3273 2363 inimicum
3308 2309 3416 2363 sub
3452 2308 3910 2380 praesumptione

2267 2397 2579 2452 criminum
2633 2397 2912 2470 puniatur
2944 2414 2956 2452 :
2991 2398 3134 2452 adeo
3183 2401 3246 2452 ut
3275 2398 3346 2452 de
3390 2397 3631 2453 nomine
3667 2397 3910 2453 inimico

2269 2486 2726 2553 recedatur,ideo
2759 2502 2970 2558 negare
3001 2483 3660 2558 compsllimur,dehiuc
3690 2501 3913 2558 negan-

2265 2578 2355 2630 tes
2390 2574 2708 2630 liberamur
2753 2579 2873 2630 tota
2903 2574 3254 2647 impunitate
3285 2574 3706 2646 praeteritorum
3741 2576 3909 2646 :jam

2267 2681 2382 2719 non
2436 2664 2680 2729 cruenti,
2742 2680 2930 2734 neque
2988 2663 3213 2730 incesti,
3274 2663 3410 2735 quia
3485 2679 3701 2720 nomen
3761 2663 3910 2719 illud

2266 2751 2595 2808 amisimus.
2617 2752 2727 2807 Sed
2761 2753 2899 2806 dum
2930 2751 3051 2807 haec
3083 2752 3228 2807 ratio
3261 2769 3366 2808 suo
3399 2754 3523 2808 loco
3555 2752 3907 2820 ostenditur,

2264 2858 2364 2897 vos
2397 2858 2571 2913 quam
2604 2840 2981 2910 insequimini
3011 2841 3082 2896 ad
3116 2841 3600 2913 expugnationem
3625 2842 3906 2911 nominis,

2265 2930 2466 2986 edite:
2517 2931 2670 3002 quod
2721 2929 2976 2984 nominis
3021 2929 3263 2998 crimen,
3307 2946 3434 3002 quae
3487 2931 3728 3001 offensa,
3777 2948 3907 3002 qua

2265 3020 2436 3092 culpa
2457 3019 2484 3073 ‘I
2513 3019 2911 3074 Prmscribitur
2939 3019 3094 3074 enim
3125 3020 3311 3087 vobis,
3344 3035 3460 3075 non
3491 3037 3662 3093 posse
3702 3021 3908 3076 crimi-

2264 3126 2339 3164 na
2393 3109 2664 3180 objicere,
2725 3125 2849 3179 quae
2907 3123 3099 3179 neque
3150 3107 3490 3164 institutum
3550 3108 3751 3181 dirigit
3793 3110 3907 3182 (ὃ),

2264 3213 2456 3268 neque
2509 3195 2772 3268 probatio
2803 3198 2825 3231 ⁴
2856 3195 3136 3268 assignat,
3189 3212 3378 3269 neque
3427 3199 3716 3253 sententia
3762 3215 3905 3254 enu-

2178 3271 2220 3338 C
2262 3290 2466 3342 meret.
2499 3286 2664 3350 Quod
2713 3284 2945 3359 prasidi
2993 3284 3294 3356 offeratur,
3337 3286 3494 3355 quod
3542 3287 3614 3342 de
3662 3302 3759 3344 reo
3811 3286 3904 3343 in-

1925 3411 2126 3472 Variae
2167 3410 2486 3472 lectiones.

503 3593 528 3647 t
565 3518 753 3647 :Hav.
783 3533 926 3575 corr.
961 3533 1033 3574 ne
1062 3517 1229 3589 prob.
1263 3515 1440 3588 falsa,
1481 3522 1592 3574 etc.

532 3605 562 3646 e
593 3605 682 3646 ur.

532 3605 682 3646 stur.

1687 3517 1710 3552 δ
1738 3517 1863 3586 Rig.
1895 3515 2163 3588 prolatio.
2195 3548 2263 3557 -—
2312 3521 2378 3572 In
2407 3533 2549 3589 seqq.
2582 3515 2748 3603 scrib.
2786 3516 3210 3588 respondeatur
3256 3517 3346 3573 vel
3377 3522 3624 3592 negetur
3651 3549 3721 3562 —-
3757 3518 3904 3577 recl-

1945 3677 2466 3739 Commentarius.

576 3792 650 3864 (2)
681 3791 1112 3864 Perducerentur
1140 3793 1440 3863 infantarii
1469 3795 1521 3848 et
1561 3793 1743 3864 coqui,
1773 3799 1825 3848 et
1852 3792 1962 3863 ipsi
1988 3807 2146 3847 canes

501 3863 972 3937 pronubi.Trium
997 3879 1204 3935 nempe
1218 3863 1531 3937 criminum
1555 3863 2024 3937 poetulabantur:
2042 3864 2146 3919 im-

505 3935 761 4008 pietatis.
794 3935 1228 4008 Thyestaaarum
1257 3935 1651 4008 epularum,et
1680 3935 2027 4008 concubitus
2053 3937 2146 3991 in-

505 4005 694 4084 cesti,
743 4008 834 4062 Sic
890 4005 1309 4084 hthenagoras:
1353 4005 1474 4081 τρία
1520 4005 2143 4084 ἐπιφημίςρρσινλήμῖν

505 4077 848 4152 ἐγκλήματασ
883 4075 1166 4152 ἀθεότητᾶ,
1213 4075 1721 4152 Θυέστὲιαῗδεῖτὲνά)
1765 4075 2140 4138 Οἴδιποδείὸυς

508 4151 694 4223 μίξεις.
731 4151 977 4206 Alebant
1005 4151 1161 4206 enim
1195 4151 1412 4223 ethnici
1442 4151 1824 4220 Christianos,
1859 4152 1956 4206 ubi
2003 4167 2142 4205 con-

498 4221 815 4289 venissent,
850 4227 1107 4278 maotare
1164 4221 1370 4278 solitos
1416 4223 1699 4278 infantem
1751 4225 1920 4292 cujus
1968 4239 2143 4278 carne

499 4295 853 4350 manducata
880 4298 936 4350 et
965 4298 1131 4365 epoto
1163 4296 1451 4364 sanguine
1484 4295 1669 4350 foedus
1703 4295 1853 4348 inter
1882 4311 1944 4350 se
1972 4292 2138 4364 inire,

498 4383 565 4422 ac
589 4372 723 4438 post
749 4366 1079 4438 convivium
1111 4381 1261 4438 cum,
1295 4366 1599 4436 quibusvis
1631 4365 1976 4421 mulieribus
2010 4383 2140 4436 pro-

497 4436 722 4494 miscue
781 4436 1164 4504 commisceri,
1200 4437 1459 4504 adeoque
1516 4438 1794 4492 adhibere
1855 4454 2031 4492 canes
2081 4439 2140 4492 in

498 4526 659 4566 more
693 4514 816 4564 erat
849 4509 921 4563 ad
954 4508 1303 4563 candelabra
1337 4508 1620 4578 alligatos.
1655 4508 1755 4580 qui
1786 4508 1897 4580 olla
1927 4509 2141 4580 injecta

497 4581 847 4637 candelabra
867 4581 1631 4650 everterenl,exstinctisque
1652 4579 1977 4635 luminibus
2000 4587 2141 4635 tunc

2257 3808 2467 3869 nempe
2498 3792 2764 3869 homines
2811 3791 2891 3848 ita
2922 3796 3112 3860 natos,
3146 3796 3210 3848 ut
3237 3797 3499 3869 quaerant
3536 3799 3592 3851 et
3621 3801 3902 3869 appetant

2257 3863 2538 3935 pabulum
2573 3864 2822 3920 ferinum
2853 3882 2867 3931 ;
2902 3869 3170 3920 naturam
3203 3867 3345 3921 adeo
3378 3863 3747 3934 ferinamfut
3775 3885 3898 3924 car-

2256 3935 2430 4009 nibus
2460 3935 2738 4009 humanis
2770 3935 3022 3992 libenter
3050 3944 3382 4003 vescantur,
3415 3954 3543 4009 quas
3569 3943 3782 3996 natura
3810 3944 3901 3996 est

2253 4008 2531 4080 ferarum.
2565 4008 2703 4080 Eam
2728 4023 2868 4080 vero
2918 4013 3190 4080 naturam
3223 4008 3500 4080 ferarum,
3531 4009 3589 4066 id
3621 4015 3710 4068 est
3747 4011 3899 4068 feras

2253 4079 2459 4154 ipsas,‘
2494 4078 2840 4154 concubitus
2887 4081 2959 4135 ab
3019 4079 3278 4154 humano
3321 4078 3530 4154 genere
3579 4082 3896 4154 praeclusit.

2306 4151 2416 4205 nde
2446 4149 2924 4224 igiturhomines
2977 4151 3118 4217 nati,
3148 4149 3353 4224 ferumf
3366 4149 3600 4224 genus?
3624 4156 3892 4211 Naturam

2253 4221 2500 4294 quiti-ere
2529 4221 2673 4277 dixit
2701 4223 2917 4296 Greco
2938 4238 3122 4294 more,
3154 4226 3311 4296 quod
3343 4221 3426 4281 ita
3457 4227 3676 4282 factum
3707 4230 3765 4283 et
3795 4243 3898 4284 na-

2250 4299 2378 4350 tum
2410 4298 2500 4349 est
2532 4297 2596 4348 ut
2625 4299 2864 4364 quaerat.
2900 4294 3065 4350 IDEM.

2321 4366 2392 4436 (5)
2424 4365 2714 4450 qumenjn
2742 4382 2908 4450 causa
2931 4369 3034 4450 ᾖξε.
3067 4365 3353 4450 Quoniam
3380 4367 3649 4450 Apenuria
3699 4368 3897 4450 crimi-

2251 4453 2393 4492 num
2425 4436 2768 4513 laborabant
2815 4437 3175 4513 gentiles,_ut
3203 4436 3892 4513 Christianosopprime-

2251 4513 2618 4582 rent,nomen
2651 4508 2848 4580 ipsum
2870 4509 3373 4582 accusabant,qua
3402 4511 3475 4566 de
3494 4529 3554 4566 re
3575 4508 3897 4569 hio'multis

2248 4580 2668 4657 Tertullianus,
2698 4585 2754 4657 et
2783 4585 2954 4657 antea
2981 4581 3040 4636 in
3071 4580 3426 4653 Apologético.
3461 4583 3640 4657 Erant
3681 4586 3897 4657 quippe

501 4653 914 4741 ﬁeridiccbant
933 4652 1638 4741 fmdissi‘marumillarum
1665 4651 2142 4741 cornm'istipnum
2176 4670 2220 4734 D
2252 4656 2392 4741 tunc
2421 4652 2735 4736 Christiani
2782 4652 2883 4741 iano
2915 4651 3898 4741 suxepdvzaivnqcattepsyoi,inquit

503 4724 742 4779 scelera.
773 4724 844 4777 Ls
875 4727 975 4778 Pa.
1009 4754 1077 4764 —
1109 4724 1169 4778 Et
1200 4725 1310 4794 ipsi
1356 4740 1515 4779 canes
1561 4723 1814 4794 pronubi.
1851 4724 1913 4779 In
1944 4723 2143 4794 Apolo-

502 4796 674 4867 gen'co
711 4793 949 4867 lenones
997 4793 1293 4866 dicuntdr,
1328 4796 1426 4867 qui
1479 4793 1570 4850 hic
1604 4796 1877 4867 pronubi,
1909 4793 2144 4852 everso-

504 4865 598 4922 res
626 4865 941 4920 luminum.
974 4869 1099 4920 RIG.

572 4939 646 5008 (3)
679 4937 1097 5008 Emendata_res
1126 4936 1438 4992 esset.'l‘um
1469 4937 1707 4992 demum
1733 4938 1900 5006 justa
1919 4941 1977 4992 et
1998 4935 2140 5007 legi-

501 5006 646 5064 tima
674 5006 1010 5079 inquirendi
1063 5009 1209 5080 ratio
1258 5013 1431 5075 esset,
1465 5008 1514 5064 si
1545 5009 2004 5080 perducerentur
2051 5006 2141 5063 in-

499 5078 982 5150 fantarii,’coqui,
1017 5083 1124 5134 etc.
1160 5078 1323 5133 IDEM.

568 5152 647 5225 (4)
678 5149 965 5225 Horremus
1012 5156 1272 5225 naturam
1298 5165 1547 5225 quaerere
1585 5149 1849 5225 pabulum
1893 5151 2142 5225 fermqu

533 5221 660 5280 unm
689 5239 836 5280 conc.
870 5224 963 5278 Sic
984 5221 1352 5276 restituimus
1374 5237 1501 5290 qua:
1535 5221 1590 5274 in
1619 5223 1818 5277 codice
1850 5221 2140 5293 Agobardi

519 5302 773 5366 eguntur
789 5296 1008 5366 absque
1032 5293 1148 5348 ullo
1173 5293 1522 5348 sensu.Nam
1545 5293 1776 5366 itasunt
1800 5294 2136 5364 depravata:

497 5391 526 5418 ‹‹
556 5365 926 5423 Honoranles
958 5371 1225 5420 naturam
1268 5381 1524 5435 quaerere
1557 5365 1831 5435 pabulum
1868 5366 2138 5434 ferinum,

544 5457 675 5495 uam
725 5438 1173 5508 concubitusab
1218 5437 1485 5508 humano
1515 5451 1720 5506 genere
1763 5436 2075 5508 praeclusit.
2110 5458 2138 5485 »

544 5457 675 5495 uam
725 5456 1072 5495 COUCUDHUS
1102 5456 1173 5491 RD
1227 5456 1485 5490 Humano
1515 5456 1720 5506 genere
1763 5456 2075 5508 ρνωοιυειι.
2110 5458 2138 5485 ))

498 5456 569 5565 2t
597 5510 1012 5573 Tertullianns,
1043 5507 1184 5563 Tam
1215 5507 1502 5562 horrenda
1533 5514 1771 5578 tamque
1802 5512 2141 5562 monstrosa

501 5582 573 5636 de
603 5583 768 5661 nobis
787 5583 1234 5661 _deferuntur:,ut
1265 5579 1526 5661 plerique
1555 5579 1728 5633 ﬁdem
1761 5578 1967 5661 talium
1991 5583 2138 5661 tern-

546 5657 725 5721 erent,
785 5653 893 5708 hoc
949 5655 1056 5717 est,
1117 5649 1290 5707 fidem
1349 5649 1738 5721 talibus_non
1798 5649 2136 5721 adhibeant,

549 5718 806 5781 orren'tcs
863 5727 1135 5779 naturam
1192 5735 1448 5794 quarere
1504 5718 1786 5793 pabulum
1849 5720 2138 5790 ferinum;

2252 4723 2654 4800 Athenagoras
2706 4725 2765 4778 in
2803 4723 3071 4800 Apologia:
3114 4742 3217 4797 pro
3267 4723 3633 4783 Christianis.
3689 4728 3749 4784 In
3787 4723 3896 4800 jus

2252 4798 2614 4851 vocabantur
2642 4800 2700 4851 et
2729 4798 3274 4868 condemnabantur
3305 4803 3539 4868 propter
3572 4817 3752 4855 unum
3787 4798 3896 4856 no-

2256 4883 2427 4931 men;
2462 4882 2650 4938 neque
2695 4866 2860 4943 enim
2885 4866 3372 4943 quaerebamus—np
3399 4866 3539 4943 mali
3570 4871 3891 4943 quidquam

2251 4943 2684 5025 perpetrassent
2714 4939 3070 5025 'Christiani,
3121 4941 3314 5025 inquit
3357 4939 3533 5025 idem,
3567 4939 3693 4998 ἄλλ’
3726 4939 3803 5025 ei;
3832 4942 3895 5025 ιεὸ

2250 5005 2441 5081 sinet—ta,
2473 5009 2546 5070 ὡς
2579 5010 2653 5070 εἱς
2692 5005 2971 5082 ἀδίκημα,
3003 5005 3076 5068 lis
3107 5005 3472 5069 scribebatur
3497 5005 3685 5081 {nam
3730 5015 3893 5071 Chri-

2252 5056 2578 5156 stiarnorurn
2606 5056 2804 5138 n‘ullus
2827 5056 3028 5156 iii—ullo
3051 5088 3140 5156 est
3164 5083 3416 5156 facinore
3445 5056 3893 5156 ἀέρι-ἔδδηΐιῖἔε

2251 5149 2428 5215 οὐδεὶς
2472 5149 2674 5227 ᾁδικῶν
2709 5153 3034 5226 Χριστιανὸς
3063 5151 3428 5227 λέλήλεγκται.
3464 5149 3729 5227 Nominis
3767 5165 3895 5214 tan-

2252 5231 2393 5302 tum
2430 5225 2648 5302 ubique
2689 5224 2842 5302 ratio
2893 5229 2949 5302 et
2991 5225 3212 5302 crimen
3244 5224 3393 5302 erat,
3427 5224 3583 5302 οὐδὲν
3617 5227 3674 5284 δὲ
3699 5226 3891 5302 ὄνομα,

2252 5293 2331 5371 ἐφ’
2367 5292 2570 5376 ’ἑαυτοῦ
2617 5294 2706 5349 καὶ
2739 5292 2806 5349 δι’
2853 5295 3153 5376 αὐτῷ)κώ
3187 5298 3433 5376 nov-inps»;
3487 5296 3611 5355 οὔτε
3654 5292 3896 5376 unde;

2248 5363 2579 5436 νὸμίζεσθαι,
2615 5373 2671 5423 et
2700 5373 2888 5431 antea,
2923 5365 2983 5420 οὐ
3014 5366 3116 5443 γὰρ
3143 5369 3211 5423 τὰ
3241 5363 3480 5441 ὀνόματα
3526 5363 3719 5442 placui;
3747 5363 3888 5446 ἄξια,

2451 5438 2512 5491 τὸ
2559 5434 3004 5516 damnabitur):
3054 5439 3144 5516 κᾳὶ
3190 5441 3478 5516 τιμωρίας.
3529 5446 3620 5501 Sic
3670 5447 3891 5516 passim

2251 5463 2395 5492 αΛΛα
2451 5463 2512 5491 το
2559 5463 2803 5510 αοικημα
2848 5463 3004 5508 οιχης
3054 5463 3144 5494 και
3190 5463 3478 5516 τιμωριας.
3529 5463 3620 5501 διο
3670 5463 3705 5518 p

2247 5510 2645 5584 Athenagoras
2675 5512 2784 5566 sub
2817 5510 3051 5584 initium
3082 5514 3304 5584 Apolog.
3344 5520 3414 5569 ιε
3444 5514 3544 5569 Pa.

2317 5582 2396 5709 $6)
2426 5583 2605 5653 Neque
2634 5583 2952 5665 institutum
2985 5582 3195 5654 dirigit.
3228 5589 3346 5668 Hoc
3390 5590 3482 5640 est
3519 5587 3888 5651 mandatum.

2341 5669 2424 5709 ra.
2457 5669 2587 5709 uas.
2618 5654 2708 5709 51.
2735 5657 3068 5709 institutum
3101 5656 3517 5709 Neronianum.
3554 5657 3681 5709 Rm.

2245 5653 2424 5724 Infra,
2457 5669 2587 5725 pag.
2618 5654 2708 5720 51,
2735 5654 3068 5712 institutum
3098 5653 3517 5714 Neronianum.
3554 5657 3681 5714 Bia.
