4264 6398
575 419 695 480 635

1094 418 1618 480 TERTULLIANI
1663 418 1985 479 OPERUM
2033 418 2231 476 PARS
2276 416 2324 476 l.
2361 445 2439 462 —
2466 417 2741 480 SEHIES
2785 420 2836 495 Ι,
2880 419 3446 480 APOLOGETICA.

3848 417 3969 479 636

577 567 810 606 omnem
835 547 2040 620 uxoripatientiam(t3)obtulisse,negasse
2067 547 2216 602 zelo-
2247 546 2301 613 Α
2333 547 2552 604 frustra
2579 549 2872 619 dicuntur,
2921 554 2977 606 et
3025 548 3237 606 fallunt
3283 565 3403 616 eos,
3453 549 3554 620 qui
3603 563 3727 604 rem
3775 549 3974 604 nomi-

576 645 802 710 typum,
838 637 1116 693 maluisse
1147 637 1297 708 lupa}
1330 655 1507 709 quam
1541 637 1881 692 Christianae
1911 637 2210 702 maritum;

576 728 690 796 ipsi
720 744 887 783 suam
920 727 1085 781 licuit
1114 726 1171 780 in
1206 743 1541 798 perversum
1570 727 1870 781 demutare
1918 730 2212 788 naturam,

575 817 808 872 mulieri
859 833 971 870 non
1021 816 1290 886 permisit
1337 817 1395 870 in
1447 816 1658 871 melius
1691 814 2012 870 reformari.
2045 818 2215 868 Pater

573 905 758 961 ﬁlium
793 905 862 960 de
892 921 1006 976 quo
1038 904 1199 976 queri
1234 904 1485 960 desierat
1516 903 2211 960 exhaeredavit.Dominus

571 1009 826 1060 servum,
859 1009 1036 1066 quem
1070 997 1345 1063 praeterea
1376 992 1771 1048 necessarium
1819 995 2100 1057 senserat,
2151 989 2208 1044 in

571 1082 936 1154 ergastulum
983 1082 1176 1137 dedit.
1225 1082 1411 1137 Simul
1461 1082 1593 1152 quis
1644 1080 1992 1136 intellexerit
2043 1079 2209 1134 Chri-

569 1172 856 1240 stianum,
885 1169 1108 1226 mavult
1158 1175 1482 1225 nocentem.
1534 1170 1679 1224 Nam
1729 1174 1784 1224 et
1832 1169 1962 1241 ipsa
2004 1184 2104 1239 per
2149 1183 2210 1222 se

566 1260 894 1316 traducitur
923 1259 1257 1330 disciplina,
1289 1274 1394 1313 nec
1427 1257 1660 1313 aliunde
1692 1257 2208 1328 prodimur,'quam

569 1350 641 1405 de
674 1350 821 1404 bono
854 1352 1072 1403 nostro.
1106 1347 1162 1401 Si
1213 1352 1269 1402 et
1317 1345 1456 1401 mali
1507 1348 1576 1401 de
1623 1363 1730 1402 suo
1779 1345 1930 1400 malo
1980 1345 2211 1400 radiant

568 1438 839 1510 (13'),cur
869 1453 976 1492 nos
1009 1435 1115 1492 soli
1149 1441 1354 1492 contra
1385 1435 1654 1490 instituta
1701 1437 1919 1490 natura:
1967 1433 2208 1505 pessimi

567 1527 638 1582 de
665 1527 815 1582 bono
846 1525 1243 1581 denotamur?
1275 1525 1424 1591 Quid
1475 1525 1629 1579 enim
1680 1524 1908 1595 insigne
1954 1522 2207 1595 praeferi-

566 1629 701 1670 mus
732 1614 845 1670 nisi
878 1614 1130 1686 primam
1153 1612 1524 1685 sapientiam,
1549 1628 1665 1683 qua
1705 1611 1905 1667 frivola
1935 1611 2204 1666 humanis

565 1719 781 1759 manus
812 1720 987 1774 opera
1017 1719 1130 1757 non
1167 1703 1513 1768 adoramus;
1545 1699 2104 1772 abstinentiam,qua
2133 1699 2204 1754 ab

569 1790 762 1848 alieno
792 1796 1230 1862 temperamus;
1265 1789 1628 1861 pudicitiam,
1677 1805 1848 1860 quam
1899 1805 2003 1844 nec
2051 1789 2200 1846 565

2323 637 2379 692 ni
2433 639 2714 694 addicunt
2761 656 2892 695 cum
2944 641 3014 695 de
3063 657 3122 694 re
3168 643 3356 694 status
3405 637 3662 694 nominis
3729 654 3963 709 compe-

2321 731 2426 783 tat.
2473 729 2551 783 Ex
2603 733 2793 784 tamen
2847 729 3136 800 ejusmoni
3175 744 3364 799 neque
3396 731 3750 798 congregant
3781 744 3970 798 neque

2321 817 2672 889 participant
2727 818 3078 884 nobiscum,
3135 817 3269 872 facti
3331 832 3434 888 per
3489 815 3702 871 delicta
3770 815 3968 870 denuo

2319 904 2536 973 vestri;
2587 906 2823 977 quando
2875 923 2945 962 ne
2990 904 3107 961 illis
3139 905 3376 977 quidem
3407 903 3784 971 misceamur,
3814 918 3971 973 quos

2319 1000 2510 1050 vestra
2555 995 2643 1050 vis
2694 999 2870 1066 atque
2921 994 3139 1050 savitia
3191 994 3263 1048 ad
3315 993 3650 1064 negandum
3706 991 3966 1063 subegit.

2320 1081 2532 1155 Utique
2589 1083 2744 1139 enim
2803 1083 3030 1138 facilius
3079 1083 3229 1138 inter
3267 1098 3374 1137 nos
3421 1080 3584 1136 inviti
3632 1081 3966 1136 desertores

2319 1171 2665 1244 disciplinae,
2695 1189 2871 1244 quam
2913 1171 3225 1228 voluntarii
3277 1169 3735 1226 continerentur.
3783 1169 3965 1224 Caete-

2318 1276 2447 1314 rum
2507 1261 2634 1316 sine
2679 1278 2857 1316 causa
2914 1259 3127 1316 vocatis
3196 1259 3558 1316 Christianos
3624 1274 3772 1329 quos
3847 1258 3964 1329 ipsi

2318 1353 2532 1420 negant
2581 1349 2918 1416 Christiani,
2968 1351 3064 1420 qui
3097 1365 3159 1405 se
3190 1363 3400 1421 negare
3431 1364 3546 1403 non
3578 1350 3795 1402 norunt
3823 1347 3961 1417 (14).

2385 1439 2439 1493 6.
2495 1438 2596 1493 His
2642 1439 3139 1510 propositionibus
3203 1435 3804 1508 responsionibusque
3851 1452 3964 1492 no-

2315 1527 2474 1582 stris.
2509 1544 2656 1599 quas
2685 1527 2898 1583 veritas
2927 1528 2998 1583 de
3027 1544 3134 1582 suo
3184 1525 3463 1599 suggerit,
3515 1524 3745 1596 quoties
3794 1539 3960 1579 com-

2315 1615 2589 1686 prirnitur
2635 1619 2691 1672 et
2737 1619 3069 1672 ooarctatur
3115 1613 3474 1671 conscientia
3521 1616 3737 1679 vestra,
3766 1610 3955 1667 tacita

2313 1702 2656 1774 ignorantiae
2706 1721 2827 1761 suae
2873 1705 3080 1774 testis,
3135 1701 3453 1776 confugitis
3520 1704 3838 1757 astuantes
3885 1700 3959 1756 ad

2315 1792 2540 1848 arulam
2575 1793 2980 1864 quamdam,id
3013 1796 3102 1849 est
3133 1791 3328 1864 legum
3361 1789 3957 1860 auctoritatem,quod

565 1879 752 1936 oculis
797 1879 1266 1935 contaminamus
1295 1896 1309 1947 ;
1361 1878 1845 1943 misericordiam,
1884 1894 1999 1947 qua
2028 1893 2206 1948 super
2235 1910 2280 1975 Β
2316 1881 2521 1951 utique
2554 1898 2666 1936 non
2702 1880 3016 1953 plecterent
3045 1881 3198 1938 506
3231 1884 3447 1936 sectam
3479 1879 3678 1945 istam,
3723 1875 3837 1932 nisi
3883 1876 3957 1932 de

564 1967 894 2039 indigentes
917 1968 1240 2034 ﬂcctimur;
1275 1967 1461 2038 ipsam
1514 1966 1809 2021 veritatem
1858 1983 1974 2037 qua
2020 1967 2199 2021 offen-

564 2058 797 2124 dimus;
830 2057 1016 2128 ipsam
1052 2057 1376 2111 libertatem
1405 2072 1508 2127 pro
1536 2071 1652 2126 qua
1683 2056 1832 2111 mori
1882 2055 2151 2111 novimus
2172 2055 2200 2109 ?

562 2146 671 2211 Qui
701 2146 822 2201 vult
854 2145 1175 2215 intelligere
1205 2145 1306 2216 qui
1337 2144 1456 2200 sint
1486 2143 1962 2212 Cbristiani,istis
1992 2143 2198 2198 indici-

559 2235 672 2291 bus
704 2238 905 2290 utatur
934 2250 1170 2290 necesse
1201 2237 1304 2288 est.

626 2323 877 2400 5.‘Quod
908 2338 1044 2392 ergo
1091 2321 1283 2376 dicitis
1320 2338 1332 2375 :
1369 2321 1611 2393 pessimi
1659 2325 1716 2375 et
1763 2319 2199 2391 probrosissimi

557 2403 838 2480 avaritia,
883 2411 1154 2477 luxuria,
1204 2410 1628 2482 improbitate;
1689 2425 1800 2464 non
1855 2409 2198 2480 negabimus

557 2500 876 2571 quosdam;
911 2499 1127 2555 sufficit
1154 2505 1211 2554 et
1241 2499 1349 2555 hoc
1381 2499 1451 2554 ad
1485 2498 1889 2554 testimonium
1942 2498 2199 2553 nominis

559 2589 780 2644 nostri:
815 2589 860 2644 si
895 2606 1010 2644 non
1045 2605 1270 2653 omnes,
1304 2589 1351 2643 si
1386 2605 1498 2643 non
1552 2586 1766 2658 plures.
1818 2585 2064 2642 Necesse
2111 2591 2201 2643 est

559 2675 620 2732 in
671 2693 932 2749 corpore,
975 2677 1075 2748 [et]
1127 2682 1412 2747 quantum
1461 2676 1605 2731 velis
1643 2676 1868 2746 integro
1899 2682 2000 2730 aut
2031 2692 2195 2746 puro,

560 2769 627 2821 ut
656 2782 852 2820 naavus
884 2765 1099 2836 aliquis
1129 2764 1546 2831 efiruticet,aut
1574 2762 1878 2818 verrucula
1903 2769 2196 2835 exsurgat,

559 2858 661 2910 aut
688 2853 904 2924 lentigo
936 2854 1255 2910 sordescat.
1290 2853 1506 2908 Caelum
1540 2852 1734 2924 ipsum
1767 2852 2048 2907 serenitas
2078 2857 2197 2907 tam

559 2940 750 2996 celata
780 2947 1014 3013 purgat,
1050 2947 1112 2996 ut
1145 2957 1259 2996 non
1312 2940 1563 3009 alicujus
1611 2939 1910 2994 nubeculae
1958 2940 2198 2995 ﬂocculo

560 3029 911 3102 resignetur.
945 3030 1172 3086 Modica
1202 3028 1432 3084 macula
1460 3028 1520 3083 in
1553 3028 1832 3094 lrcnte,in
1866 3037 2025 3098 parte
2053 3045 2197 3100 qua-

561 3117 695 3173 dam
727 3117 1041 3190 exemplari
1073 3118 1218 3184 visa,
1254 3134 1368 3189 quo
1400 3116 1749 3172 universitas
1799 3118 2018 3172 munda
2064 3122 2153 3173 est
2181 3134 2194 3172 :

561 3209 750 3278 major
778 3207 914 3263 boni
965 3208 1152 3279 portio
1200 3206 1426 3262 modico
1476 3205 1628 3260 malo
1676 3205 1746 3260 ad
1795 3205 2194 3262 testimonium

2312 1971 2535 2024 meritis
2561 1971 2716 2041 apud
2749 1972 3078 2026 conditores
3124 1969 3320 2040 legum
3371 1965 3750 2023 constitisset.
3803 1963 3952 2027 Quid

2309 2073 2444 2128 ergo
2497 2057 2797 2130 prohibuit
2854 2058 3008 2130 apud
3051 2063 3417 2113 exsecutores
3461 2069 3694 2126 quoque
3748 2051 3947 2125 legum

2311 2146 2552 2217 proinde
2581 2150 2868 2213 constare,
2903 2163 3035 2202 cum
3063 2147 3133 2201 de
3165 2145 3385 2201 caeteris
3411 2142 3782 2208 criminibus,
3817 2157 3946 2212 quas

2310 2235 2579 2290 similiter
2609 2235 2837 2308 legibus
2869 2239 3142 2291 arcentur
3172 2251 3239 2290 ac
3269 2233 3617 2305 puniuntur,
3639 2229 3754 2285 nisi
3785 2230 3949 2300 prius

2312 2325 2668 2395 requiratur,
2703 2342 2872 2396 pcsna
2898 2324 3128 2380 cessat?
3156 2323 3313 2379 verbi
3339 2322 3545 2394 gratia,
3570 2318 3949 2386 homicidam,

2310 2413 2642 2468 adulterum
2679 2413 2824 2486 lege,
2876 2413 3191 2468 discutitur
3235 2416 3428 2466 tamen
3482 2410 3551 2464 de
3599 2406 3802 2462 ordine
3849 2405 3951 2461 ad-

2311 2503 2580 2568 missi;et'
2598 2507 2792 2557 tamen
2825 2503 3118 2572 cognitum
3147 2505 3237 2556 est
3267 2498 3544 2556 omnibus
3573 2511 3757 2568 genus
3790 2493 3950 2550 facti.

2309 2590 2705 2646 Christianum
2762 2591 3015 2663 puniunt
3061 2591 3238 2662 leges.
3289 2590 3345 2643 Si
3397 2587 3552 2659 quod
3596 2590 3685 2642 est
3733 2584 3952 2640 factum

2308 2679 2644 2745 Christiani,
2677 2681 2800 2736 erui
2834 2680 3040 2749 debet;
3091 2678 3254 2734 nulla
3295 2677 3386 2733 lex
3434 2675 3708 2748 prohibet
3755 2671 3952 2743 inqui-

2310 2785 2451 2826 rcre.
2502 2770 2719 2840 Atquin
2784 2785 2885 2841 pro
2942 2767 3170 2841 legibus
3230 2766 3366 2822 facit
3419 2762 3738 2834 inquisitio.
3799 2763 3952 2828 Quo-

2310 2860 2482 2914 modo
2514 2860 2668 2914 enim
2702 2858 2888 2930 legem
2931 2856 3267 2914 observabis
3313 2854 3569 2911 cavendo
3621 2851 3777 2924 quod
3827 2848 3950 2920 lege

2309 2947 2667 3020 prohibetur,
2717 2948 2990 3018 adempta
3042 2945 3346 3017 diligentia
3393 2942 3631 2999 cavendi
3660 2957 3764 3012 per
3791 2939 3948 2994 defe-

2309 3041 2465 3091 ctum
2520 3037 2873 3108 agnoscendi
2921 3036 3062 3107 quid
3112 3031 3428 3090 observes?
3474 3029 3646 3087 Nulla
3694 3027 3807 3084 sibi
3855 3025 3948 3082 lex

2307 3125 2479 3181 debet
2527 3125 2940 3180 conscientiam
2977 3123 3218 3195 justitiaa
3251 3139 3392 3190 suis,
3427 3122 3525 3177 sed
3557 3119 3642 3176 eis
3668 3135 3702 3174 a
3731 3116 3948 3189 quibus

2308 3218 2502 3285 captat
2531 3214 2902 3286 obsequium.
2951 3213 3232 3269 Caeterum
3282 3213 3555 3283 suspecta
3601 3207 3694 3264 lex
3736 3210 3847 3275 est,
3897 3203 3948 3261 si

558 3273 886 3355 sui—utitur.
919 3273 1066 3351 Cum
1099 3302 1294 3351 tamen
1347 3295 1576 3367 aliquos
1626 3295 1698 3350 de
1746 3295 1959 3350 nostris
2009 3295 2194 3351 malos
2226 3273 2269 3341 C
2309 3273 2538 3374 probari
2582 3319 2645 3358 se
2675 3273 2790 3358 non
2820 3301 2960 3357 vult.
2996 3301 3195 3356 Merito
3227 3273 3407 3373 igitur
3433 3297 3658 3354 tamdiu
3681 3273 3855 3366 justas
3885 3293 3947 3349 in

558 3385 840 3458 probatis,
883 3386 1009 3456 jam
1061 3385 1167 3440 hoc
1199 3385 1326 3456 ipso
1358 3383 1720 3439 Christianos
1747 3400 1861 3438 non
1895 3384 2192 3455 probatis;

557 3473 822 3545 quarite,
855 3478 1012 3529 secta
1043 3473 1135 3528 cui
1168 3473 1402 3528 malitias
1432 3473 1745 3543 deputatur
1768 3472 1795 3526 ‘I
1827 3473 1940 3543 Ipsi
1973 3472 2030 3526 in
2079 3473 2193 3528 col-

558 3562 778 3634 loquio,
812 3563 862 3618 si
893 3564 1126 3633 quando
1159 3563 1439 3617 adversus
1470 3578 1596 3628 nos,
1629 3577 1733 3616 cur
1762 3559 1879 3628 ille,
1927 3561 2194 3632 inquitis,

557 3651 885 3720 fraudetur,
921 3651 966 3704 si
1019 3650 1380 3705 abstinentes
1411 3649 1766 3703 Christiani?
1794 3665 1898 3705 cur
1928 3650 2193 3718 immitis,

557 3738 605 3796 si
635 3738 1087 3794 misericordes?
1117 3739 1269 3794 Adeo
1315 3737 1711 3793 testimonium
1761 3738 2024 3808 redditis,
2079 3757 2194 3794 non

555 3843 686 3884 esse
718 3826 860 3883 tales
892 3825 1276 3896 Christianos,
1306 3827 1447 3882 dum
1481 3843 1585 3882 cur
1613 3825 1758 3883 tales
1789 3828 1907 3882 sint
1950 3828 2052 3898 qui
2103 3829 2196 3883 di-

553 3928 768 3981 cuntur
796 3924 1132 3993 Christiani,
1186 3926 1556 3995 retorquetis.
1608 3925 1853 3980 Multum
1905 3927 2194 3982 distantias

550 4013 704 4070 inter
731 4014 954 4070 crimen
984 4017 1040 4070 et
1071 4030 1309 4084 nomen,
1341 4014 1492 4068 inter
1522 4013 1853 4084 opinionem
1887 4020 1943 4070 et
1987 4015 2196 4072 verita-

551 4105 692 4159 tem.
745 4101 891 4160 Nam
937 4106 994 4157 et
1042 4103 1283 4158 nomina
1330 4101 1414 4157 sic
1462 4107 1598 4157 sunt
1642 4101 1927 4173 instituta,
1956 4108 2019 4159 ut
2048 4104 2194 4160 fines

552 4207 691 4247 suos
763 4189 1019 4247 habeant
1085 4191 1234 4247 inter
1281 4189 1396 4246 dici
1446 4196 1504 4246 et
1551 4207 1699 4246 esse.
1748 4191 1899 4256 Quot
1943 4193 2194 4264 denique

551 4279 881 4352 philosOphi
912 4281 1206 4346 dicuntur,
1240 4296 1345 4335 nec
1376 4268 1567 4334 tamen
1596 4279 1780 4350 legem
1813 4279 2193 4353 philosophia

550 4367 922 4442 adimplent?
951 4369 1168 4424 Omnes
1201 4383 1412 4423 nomen
1466 4368 1538 4422 de
1586 4367 2049 4438 professionibus
2095 4386 2194 4442 ge-

548 4461 747 4526 stant;
800 4459 1087 4513 seducant
1139 4473 1348 4513 nomen
1402 4455 1785 4529 professionis
1834 4459 2192 4529 praestantia,

550 4546 651 4617 qui
684 4547 994 4618 superﬁcie
1043 4544 1306 4602 vocabuli
1357 4546 1648 4601 infamant
1693 4547 2016 4603 veritatem.
2068 4553 2194 4604 Non

2303 3391 2667 3447 Christianos
2709 3397 2766 3447 et
2813 3391 3138 3447 reverenda,
3179 3395 3238 3445 et
3283 3388 3656 3445 observandas
3704 3400 3947 3441 censen-

2303 3485 2418 3548 tur,
2455 3480 2713 3551 quandiu
2750 3481 3052 3552 ignoratur
3079 3479 3233 3549 quod
3254 3472 3944 3550 persequuntur;merito,

2304 3576 2438 3642 post
2483 3569 2837 3642 agnitionem
2886 3567 3272 3640 iniquissimis
3323 3570 3583 3638 repertas,
3633 3558 3769 3620 cum
3817 3561 3944 3618 suis

2304 3659 2608 3714 machaeris
2637 3663 2695 3713 et
2725 3657 3004 3730 patibulis
3035 3661 3092 3712 et
3123 3655 3392 3711 leonibus
3423 3655 3792 3726 despuuntur
3822 3669 3835 3708 :
3870 3650 3944 3705 le-

2303 3748 2394 3820 gis
2438 3748 2670 3818 injustw
2718 3747 2906 3802 honor
2948 3745 3146 3801 nullus
3195 3749 3303 3801 est.
3358 3744 3431 3800 Ut
3477 3744 3683 3814 opinor
3721 3745 3940 3808 autem,

2304 3837 2607 3891 dubitatur
2637 3836 2707 3891 de
2737 3836 3047 3908 iniquitate
3095 3833 3292 3906 legum
3342 3832 3754 3905 quarumdam,
3804 3845 3940 3885 cum

2304 3926 2562 3997 quotidie
2593 3927 2755 3981 novis
2786 3923 3070 3981 consultis
3091 3923 3543 3994 constitutisque
3569 3920 3816 3976 duritias
3842 3934 3942 3974 ne-

2304 4014 2640 4087 quitiaeque
2668 4030 2869 4070 earum
2900 4013 3256 4084 temperatis.

2373 4104 2427 4157 7.
2461 4102 2625 4159 Unde
2654 4118 2812 4175 ergo,
2856 4101 3124 4172 inquitis,
3172 4103 3397 4156 tantum
3448 4099 3519 4155 de
3565 4096 3728 4153 vobis
3776 4096 3941 4151 fama

2305 4191 2490 4259 licuit,
2540 4191 2711 4262 cujus
2759 4190 3161 4246 testimonium
3209 4188 3502 4244 suffecerit
3531 4185 3774 4242 forsitan
3804 4200 3942 4240 con-

2302 4280 2590 4336 ditoribus
2622 4279 2859 4352 legum?
2888 4279 3028 4346 Quis
3059 4295 3178 4347 oro,
3209 4293 3457 4349 sponsor
3495 4280 3596 4332 aut
3634 4274 3753 4330 illis
3801 4277 3943 4329 tunc

2304 4373 2405 4426 aut
2433 4369 2639 4426 exinde
2666 4369 2829 4426 vobis
2862 4369 2932 4424 de
2964 4367 3119 4424 fide?
3148 4371 3323 4423 Fama
3352 4369 3670 4422 est.Nonne
3699 4363 3821 4419 hmo
3853 4363 3944 4418 est

2385 4478 2546 4526 Fama
2571 4477 2670 4538 (15)
2703 4475 2917 4534 malum,
2948 4489 3056 4538 quo
3090 4487 3197 4524 non
3231 4473 3370 4538 aliud
3399 4472 3638 4523 velocius
3669 4471 3878 4521 ullum?

2922 4536 3092 4601 (Virg.
3128 4536 3336 4586 Αἰπείώ
3368 4551 3441 4595 1v,
3473 4538 3600 4598 174).

547 4634 750 4691 statim
799 4640 958 4702 sunt,
1013 4634 1115 4706 qui
1163 4635 1473 4704 dicuntur;
1522 4635 1622 4691 sed
1672 4635 1812 4706 quia
1860 4651 1976 4691 non
2026 4643 2183 4692 sunt.
2218 4641 2265 4707 Ι)
2295 4639 2410 4696 Cur
2454 4635 2695 4708 malum,
2729 4636 2778 4692 si
2825 4651 2959 4691 vera
3013 4650 3248 4706 semper
3303 4634 3401 4703 sit,
3459 4650 3575 4688 non
3633 4630 3938 4688 mendacio

1953 4744 2155 4806 Variae
2187 4746 2505 4808 lectiones.

617 4837 638 4871 ⁸
668 4835 786 4907 Rig.
819 4838 1150 4894 assentiente
1179 4838 1407 4894 Havcrc.
1439 4837 1649 4894 mund.
1689 4839 2042 4896 mendacior.

1961 4939 2482 5004 Commentarius.

617 5030 728 5112 (l3)
765 5035 1001 5112 Omnem
1032 5035 1197 5112 uxori
1221 5034 1566 5105 patientiam.
1605 5033 1917 5112 Gentilium
1948 5052 2191 5094 consue-

545 5103 807 5178 tudinem
841 5110 895 5158 et
927 5103 1436 5178 pessimos'mores
1467 5123 1531 5160 ac
1563 5107 2041 5178 corruptissimos
2066 5115 2192 5164 tan-

545 5174 810 5248 git,apud
844 5192 991 5247 quos
1024 5177 1270 5232 maritus
1302 5177 1591 5248 profundo
1624 5174 1830 5234 somno
1861 5179 2187 5236 involutum

543 5246 957 5319 sepultumque
987 5263 1050 5303 se
1081 5249 1259 5304 veluti
1289 5246 1519 5304 ebrium
1551 5249 1818 5318 simulat,
1833 5257 1889 5306 et
1921 5255 1986 5307 ut
2015 5252 2190 5309 habet

545 5318 750 5375 Juven.
784 5318 906 5375 Sat.
937 5325 961 5375 Ι
991 5336 1004 5375 :

1130 5391 1325 5439 Doctus
1354 5394 1597 5453 spectare
1627 5390 1863 5453 lacunar,

669 5452 866 5502 Doctus
896 5455 948 5501 et
977 5451 1044 5501 ad
1074 5453 1291 5502 calicem
1319 5451 1566 5516 vigilanti
1596 5456 1821 5504 stertere
1854 5451 2003 5505 naso.

543 5530 749 5657 Illicpin
798 5531 1151 5589 Christianis
1201 5531 1348 5588 nihil
1399 5532 1686 5604 ejusmodi
1737 5534 1820 5590 ait
1865 5551 2184 5593 occurrere.

589 5618 621 5656 ε
686 5619 741 5657 a.

589 5618 741 5658 ΕΓΒ.

616 5673 1023 5751 (43')1_tlali_dc
1073 5689 1170 5751 suo
1217 5675 1362 5751 malo
1409 5675 1654 5751 radiant.
1702 5677 1968 5750 Insignes
2015 5678 2184 5751 ﬁunt,

548 5741 1052 5816 demonstrantur,
1085 5745 1559 5803 denominantur.
1585 5751 1714 5804 Rm.

2367 5037 2477 5109 (14)
2511 5038 2618 5106 Qui
2643 5053 2699 5093 sc
2725 5053 2929 5109 negare
2977 5041 3354 5109 nocuerunt.
3405 5041 3582 5093 Erant
3627 5037 3802 5109 enim;
3834 5053 3938 5109 pro

2297 5107 2589 5182 fratribus!
2629 5109 2752 5165 suis
2799 5107 2949 5182 mori
2999 5108 3246 5182 invicem
3297 5112 3528 5182 parati:
3566 5113 3743 5182 atque
3789 5107 3942 5165 hanc

2297 5186 2512 5237 mutuas
2544 5180 2845 5237 charitatis
2875 5181 3264 5236 constantiam
3295 5180 3512 5237 ethnici
3553 5180 3938 5237 mirabantur.

2296 5252 2459 5325 Unde
2506 5251 2714 5325 illauin
2745 5253 3084 5323 Apologetico
3117 5268 3132 5308 :
3166 5274 3194 5302 ‹‹
3227 5251 3391 5325 Vide,
3421 5252 3820 5325 inquiunt,ut
3849 5253 3941 5308 in-

2293 5324 2474 5449 viqem
2508 5339 2569 5449 si:
2588 5322 2868 5449 giligant,
2901 5329 2958 5380 et
2982 5328 3048 5380 ut
3077 5340 3181 5396 pro
3211 5322 3669 5382 alterutro—mori
3695 5322 3816 5381 sint
3845 5341 3944 5397 pa-

2296 5413 2360 5449 ra
2391 5412 2428 5448 ι.
2460 5415 2488 5442 κ
2567 5411 2584 5448 1
2631 5435 2642 5449 .

2296 5395 2428 5452 rati.
2460 5415 2488 5442 ω
2522 5395 2642 5449 Hic.

2365 5466 2478 5548 (ᾧ)
2520 5467 2709 5548 Nozmc
2755 5475 2833 5522 est
2873 5465 2996 5548 [me
3031 5467 3328 5548 famas—1
3373 5468 3939 5548 Apologctici_capite

2294 5537 2542 5611 septimo
2590 5537 2807 5611 famam
2857 5537 3264 5611 descripserat,
3315 5537 3932 5611 levemgmendacem,

2293 5608 2577 5682 injustam
2611 5625 2626 5665 :
2659 5608 2754 5663 hic
2782 5609 2985 5665 eadem
3017 5608 3442 5682 repetit—quasi
3494 5610 3651 5667 illius
3703 5608 3933 5668 falsitaé

2291 5679 2411 5736 tem
2459 5679 2672 5736 iterum
2721 5686 3012 5740 argueret.
3053 5679 3326 5739 Crederes
3375 5682 3801 5740 Tertullianum
3842 5701 3930 5740 re-

2293 5751 2518 5824 spicere
2547 5750 2620 5812 ad
2648 5749 2971 5810 Martialem
3002 5752 3104 5824 qui
3131 5752 3234 5810 lib.
3265 5770 3365 5827 vn,
3405 5752 3590 5827 epigr,
3617 5755 3673 5827 5,
3705 5755 3778 5813 de
3817 5754 3930 5814 Do-
