4264 6358
326 396 443 457 637

1551 401 1652 457 Al)
1701 395 2118 457 NATIONES.
2156 425 2233 440 —
2275 396 2425 455 LIB.
2473 396 2522 456 Ι.

3624 400 3744 460 638

326 528 651 602 plurimum
684 528 792 599 (l6)
817 528 844 582 ?
876 545 1004 600 quis
1038 546 1108 585 ne
1140 534 1265 585 tum
1286 530 1525 603 quidem
1561 546 1693 585 cum
1715 546 1850 584 vera
1880 530 1979 584 de-
2009 532 2064 597 Α
2094 543 2190 583 ces
2223 527 2594 585 divinitatem
2628 530 2739 602 (19)
2769 536 3114 600 consecutis,
3147 535 3232 587 tot
3274 532 3531 588 infantia)
3568 532 3745 587 truci-

329 620 460 686 t'ert,
494 636 527 673 a
557 616 802 673 libidine
835 620 1123 674 mendacii
1155 626 1366 687 cessat,
1399 626 1463 675 ut
1497 638 1609 675 non
1644 618 1790 674 falsa
1819 618 1976 673 veris

329 708 551 762 intexet
582 706 862 776 adjiciens
893 708 1227 775 detrahens,
1262 710 1539 764 varietate
1578 708 1969 763 confundens.

330 796 500 866 Quid,
535 796 689 867 quod
722 812 791 851 ea
820 797 1071 852 conditio
1103 796 1208 866 illi,
1246 802 1309 853 ut
1340 798 1572 854 nonnisi
1629 814 1763 853 cum
1816 813 1978 851 men-

332 886 479 941 titur
509 889 875 958 perseveret;
906 888 1111 943 tandiu
1146 888 1300 943 enim
1338 888 1494 957 vivit,
1529 889 1813 960 quamdiu
1863 903 1977 942 non

332 974 539 1047 probat
571 974 896 1047 quidquam
936 993 948 1044 ;
982 976 1276 1049 siquidem
1307 978 1633 1050 approbata
1683 976 1863 1045 cadit,
1923 979 1981 1031 et

331 1063 499 1136 quasi
534 1062 725 1119 ofﬁcio
759 1064 1069 1120 nuntiandi
1104 1066 1303 1122 Iuncta
1333 1067 1561 1123 decedit
1593 1084 1605 1122 :
1641 1067 1847 1122 exinde
1886 1082 1980 1121 res

328 1157 580 1218 tenetur,
643 1169 735 1208 res
825 1155 1203 1222 nominatur;
1259 1172 1364 1211 nec
1422 1156 1735 1228 quisquam
1815 1154 1976 1221 dicit,

325 1241 485 1297 verbi
514 1242 705 1314 gratia
733 1258 745 1297 :
778 1243 885 1297 Hoc
910 1245 1100 1301 Romae
1132 1245 1293 1299 aiunt
1330 1249 1536 1316 factum
1559 1261 1580 1306 ;
1624 1249 1724 1300 aut
1751 1262 1763 1301 :
1812 1246 1977 1299 Fama

324 1334 422 1397 est,
454 1330 615 1385 illum
631 1332 979 1402 prouinciam
998 1337 1259 1388 sortitum
1289 1354 1309 1401 ;
1340 1335 1473 1389 sed:
1508 1335 1605 1389 Ille
1633 1336 1979 1405 provinciam

324 1422 553 1476 sortitus
582 1428 678 1485 est,
711 1424 803 1476 et:
838 1422 943 1477 Hoc
970 1423 1181 1492 factum
1212 1428 1289 1478 est
1322 1425 1527 1480 Homer.
1552 1423 1731 1478 Nemo
1765 1422 1976 1478 famam

327 1509 618 1579 nominat,
653 1509 767 1565 nisi
799 1510 1080 1579 incertus,
1115 1511 1254 1583 quia
1278 1529 1447 1567 nemo
1507 1512 1585 1567 sit
1642 1512 1815 1582 fama,
1875 1511 1976 1567 sed

330 1598 690 1655 conscientia
718 1605 915 1655 certus
946 1616 1155 1669 ;nemo
1181 1601 1351 1656 famas
1368 1601 1571 1669 credit,
1603 1601 1713 1655 nisi
1737 1600 1975 1671 stultus,

330 1687 469 1759 quia
490 1687 727 1760 sapiens
750 1705 863 1744 non
896 1688 1080 1744 credit
1110 1690 1350 1746 incerto.
1390 1692 1581 1759 Fama,
1614 1694 1977 1761 quantacun-

330 1794 442 1848 que
466 1777 785 1833 ambitione
808 1777 1022 1833 diﬂ‘usa
1054 1783 1162 1846 est,
1207 1780 1278 1835 ab
1336 1796 1453 1835 uno
1506 1779 1823 1851 aliquando
1880 1794 1977 1834 ore

328 1870 523 1921 exorta
552 1866 629 1922 sit
661 1882 898 1922 necesse
927 1872 1036 1938 est,
1068 1868 1275 1923 exinde
1306 1867 1363 1922 in
1386 1868 1658 1924 traduces
1688 1868 1975 1939 quodam-

336 1956 509 2011 modo
539 1955 873 2027 linguarum
899 1960 955 2011 et
983 1956 1216 2012 aurium
1250 1957 1397 2013 567
1456 1956 1640 2029 serpit
1684 1963 1740 2012 et
1788 1956 1975 2011 modi-

330 2060 463 2099 cum
496 2044 791 2116 originum
824 2044 1031 2101 vitium
1064 2063 1329 2102 rumores
1361 2046 1655 2115 obscurat,
1692 2050 1757 2100 ut
1804 2061 1975 2101 nemo

328 2133 628 2206 recogitet,
656 2150 725 2188 ne
765 2134 1020 2205 primum
1053 2134 1197 2189 illud
1231 2151 1295 2190 oe
1326 2134 1632 2190 mendacia
1651 2134 1973 2190 seminave-

324 2220 428 2291 rit,
459 2222 615 2293 quod
650 2238 803 2295 saepe
832 2223 898 2278 ﬁt
936 2228 1037 2279 aut
1089 2222 1514 2280 smmulationis
1571 2222 1822 2294 ingenio,
1874 2226 1975 2278 aut

324 2310 680 2383 suspicionis
711 2312 972 2384 arbitrio,
1006 2316 1107 2368 aut
1138 2312 1315 2368 etiam
1352 2330 1497 2368 nova
1527 2311 1844 2368 mentiendi
1878 2328 1973 2367 vo-

325 2398 570 2472 luptate.
603 2401 710 2456 Sed
744 2417 911 2472 pene,
970 2402 1122 2472 quod
1183 2401 1382 2458 omnia
1437 2406 1674 2473 tempus
1737 2400 1972 2473 revelat,

322 2488 577 2544 testibus
608 2488 917 2545 sententiis
967 2494 1023 2545 et
1072 2489 1394 2562 proverbiis
1438 2490 1669 2555 vestris,
1728 2490 1974 2561 ipsaque

324 2580 554 2645 natura,
587 2594 714 2649 quas
743 2577 824 2633 ita
854 2578 1122 2635 ordinata
1151 2585 1259 2647 est,
1295 2583 1359 2634 ut
1391 2578 1535 2634 nihil
1567 2577 1763 2648 lateat,
1796 2577 1970 2633 etiam

323 2665 477 2737 quod
511 2666 667 2721 fama
715 2683 830 2722 non
888 2667 1163 2738 prodidit.
1216 2668 1442 2736 Videte,
1491 2667 1725 2740 qualem
1776 2666 1971 2739 prodi-

323 2754 473 2810 ciam
525 2754 637 2827 (l7)
687 2758 966 2813 adversus
1022 2773 1129 2812 nos
1177 2756 1567 2824 subornastis,
1620 2757 1759 2827 quia
1815 2757 1969 2827 quod

320 2842 503 2899 semel
536 2843 747 2900 detulit
774 2849 1056 2917 tantoque
1085 2851 1348 2917 tempore
1370 2847 1438 2901 ad
1472 2847 1647 2901 ﬁdem
1698 2847 1967 2901 corrobo-

321 2931 491 3002 ravit,
525 2948 713 3004 usque
744 2933 937 2988 adhuc
969 2934 1216 3006 probare
1254 2951 1370 2989 non
1427 2935 1640 3006 potuit.
1706 2934 1971 3005 Principe

317 3025 587 3091 Augusto
616 3021 727 3091 (18)
762 3038 975 3077 nomen
1033 3022 1142 3077 hoc
1194 3028 1385 3077 ortum
1446 3027 1555 3089 est,
1603 3022 1833 3077 Tiberio
1883 3021 1969 3076 di-

320 3107 569 3178 sciplina
605 3110 732 3178 ejus
766 3108 976 3178 illuxit,
1029 3111 1138 3165 sub
1187 3111 1413 3166 Nerone
1463 3110 1754 3167 damnatio
1802 3111 1968 3166 inva-

317 3194 447 3268 luit,
481 3201 545 3251 ut
565 3196 693 3268 jam
725 3197 861 3254 hinc
891 3200 963 3255 de
992 3215 1243 3271 persona
1263 3199 1653 3271 persecutoris
1686 3199 1968 3270 pondere-

316 3284 395 3340 tis
442 3301 454 3340 :
503 3285 553 3341 si
604 3287 737 3356 pius
785 3286 884 3343 ille
952 3268 1469 3361 princeps,_impii
1529 3268 1863 3355 Christiani,
1917 3287 1966 3343 si
1998 3268 2041 3335 (ἶ

314 3376 535 3445 Justus,
567 3374 616 3430 si
648 3379 870 3443 castus,
916 3376 1125 3449 injusti
1172 3382 1229 3433 et
1273 3376 1481 3433 incesti
1526 3376 1861 3445 Christiani,
1918 3378 1967 3432 si

326 3480 441 3519 non
478 3463 668 3521 hostis
701 3465 994 3537 publicus,
1048 3484 1154 3523 nos
1206 3467 1422 3539 publici
1474 3468 1712 3534 hostes;
1764 3464 1968 3537 quales

326 3553 511 3609 simus
538 3554 849 3610 damnator
878 3555 1003 3628 ipse
1034 3556 1473 3627 demonstravit,
1506 3556 1709 3627 utique
1758 3554 1969 3609 aemula

327 3641 437 3698 sibi
473 3644 744 3714 puniens.
769 3648 839 3699 Et
866 3649 1063 3700 tamen
1098 3645 1424 3718 permansit
1453 3645 1641 3701 erasis
1691 3644 1969 3699 omnibus

328 3729 435 3786 hoc
467 3731 659 3788 solum
692 3733 1027 3789 institutum
1062 3734 1485 3801 Neronianum,
1518 3736 1753 3806 justum
1804 3733 1968 3788 deni-

327 3834 440 3890 que
473 3825 533 3875 ut
562 3821 849 3877 dissimile
882 3822 972 3878 sui
1004 3824 1278 3879 auctoris.
1314 3824 1497 3896 Igitur
1543 3823 1700 3879 aetati
1758 3827 1969 3878 nostris

325 3908 585 3964 nondum
621 3909 761 3965 anni
788 3912 913 3966 250.
974 3911 1084 3967 Tot
1137 3910 1327 3983 iniqui
1386 3912 1631 3983 interea,
1697 3914 1783 3968 tot
1838 3928 1971 3966 cru-

2091 617 2257 683 datte,
2300 622 2383 673 tot
2416 636 2596 689 panes
2627 620 2935 686 cruentati,
2962 626 3045 675 tot
3078 626 3304 692 strages
3338 621 3738 689 lucernarum,

2089 711 2174 760 tot
2205 723 2428 761 errores
2463 709 2905 779 nuptiarum,et
2964 710 3155 766 adhuc
3208 709 3555 766 Christianis
3614 710 3740 765 sola

2090 796 2246 850 fama
2278 796 2554 853 decernit.
2597 798 2784 853 Habet
2813 800 3049 869 quidem
3108 801 3330 871 grande
3386 801 3737 856 fundamen-

2088 889 2211 939 tum
2245 886 2315 941 de
2345 885 2481 941 vitio
2513 887 2733 959 ingenii
2775 887 3036 954 humani,
3108 889 3339 944 felicius
3394 890 3453 944 in
3513 888 3737 946 acerbis

2090 975 2500 1047 atrocibusque
2534 977 2853 1045 mentitur;
2886 982 3107 1048 quanto
3139 981 3294 1033 enim
3321 979 3485 1050 proni
3510 979 3582 1033 ad
3612 996 3736 1034 ma-

2089 1062 2295 1130 litiam,
2329 1068 2491 1119 tanto
2523 1064 2593 1119 ad
2624 1064 2762 1119 mali
2798 1066 2966 1121 ﬁdem
3001 1068 3315 1137 opportuni
3368 1067 3552 1133 estis;
3603 1068 3738 1122 faci-

2085 1149 2201 1206 lius
2231 1152 2485 1223 denique
2517 1152 2662 1208 falso
2697 1153 2872 1221 malo,
2907 1170 3085 1225 quam
3119 1172 3248 1211 vero
3276 1155 3423 1211 bono
3452 1156 3732 1212 creditur.

2087 1240 2145 1294 Si
2176 1257 2346 1309 quem
2376 1246 2569 1298 tamen
2602 1244 2756 1313 apud
2790 1260 2890 1297 vos
2918 1244 3240 1313 prudentia:
3274 1244 3469 1299 locum
3511 1244 3733 1317 iniqui-

2088 1333 2177 1385 tas
2209 1331 2541 1401 reliquisset
2572 1340 2642 1385 ad
2675 1331 3093 1402 explorandam
3124 1334 3291 1388 fames
3350 1334 3547 1404 tidem,
3615 1334 3735 1389 uti-

2086 1435 2196 1489 que
2218 1418 2453 1491 justitia
2475 1422 2751 1491 poscebat
2780 1422 3090 1492 dispicere,
3127 1439 3159 1477 a
3188 1423 3406 1493 quibus
3446 1422 3735 1494 potuisset

2087 1512 2143 1562 et
2172 1508 2315 1563 fauis.
2345 1508 2401 1562 in
2432 1508 2664 1580 vulgus,
2695 1514 2751 1563 et
2780 1508 2861 1564 ita
2892 1510 2949 1564 in
2972 1514 3158 1565 totum
3193 1513 3392 1567 orbem
3448 1512 3595 1568 dari.
3650 1512 3735 1568 Ab

2086 1595 2229 1666 ipsis
2260 1596 2414 1652 enim
2475 1596 2825 1653 Christianis
2885 1615 3000 1654 non
3052 1600 3277 1670 opinor,
3338 1616 3471 1655 cum
3527 1600 3619 1656 vel
3667 1617 3739 1657 ex

2088 1685 2273 1740 forma
2306 1702 2370 1741 ac
2404 1684 2528 1757 lege
2560 1687 2827 1741 omnium
2861 1688 3275 1759 mysteriorum
3309 1687 3528 1744 silentii
3588 1689 3735 1746 ﬁdes

2088 1774 2404 1842 debeatur;
2442 1781 2661 1846 quanto
2694 1775 2883 1847 magis
2913 1776 3144 1845 talium,
3177 1794 3305 1847 quae
3336 1776 3568 1849 prodita
3616 1795 3732 1834 non

2087 1864 2372 1919 evitarent
2406 1864 2640 1918 interim
2672 1865 2934 1920 humana
2964 1866 3735 1938 animadversioneprtesen-

2086 1956 2325 2007 taneum
2361 1952 2767 2024 supplicium?
2799 1953 2858 2008 Si
2887 1970 3024 2025 ergo
3066 1971 3182 2010 non
3238 1954 3353 2027 ipsi
3410 1956 3735 2027 proditores

2086 2042 2201 2110 sui,
2235 2041 2503 2114 sequitur
2534 2046 2597 2097 ut
2627 2044 2906 2099 extranei.
2942 2043 3052 2099 Oro
3083 2060 3206 2114 vos,
3249 2044 3540 2101 extraneis
3581 2045 3739 2100 unde

2085 2130 2313 2197 notitia,
2346 2146 2481 2187 cum
2503 2131 2677 2186 etiam
2702 2131 2867 2202 justa
2910 2138 2968 2188 et
3026 2132 3176 2188 568
3234 2132 3395 2189 licita
3453 2132 3735 2205 mysteria

2084 2236 2316 2275 omnem
2368 2220 2594 2276 arbitrii
2637 2224 2978 2277 extraneum
3009 2226 3251 2277 caveant
3289 2222 3316 2276 ?
3364 2221 3479 2277 nisi
3537 2221 3740 2278 inclita

2084 2308 2281 2364 minus
2312 2312 2617 2380 spernunt.
2652 2310 2871 2381 Atquin
2920 2311 3209 2366 extraneis
3266 2315 3386 2366 tam
3445 2311 3735 2366 honorare

2083 2414 2257 2469 quam
2291 2398 2624 2469 confingere
2655 2397 2953 2470 competit.
2999 2439 3012 2453 .
3059 2442 3071 2453 .
3118 2418 3130 2432 ·
3196 2440 3207 2454 .
3269 2400 3731 2455 domesticorum

2083 2487 2389 2543 curiositas
2422 2487 2615 2542 furata
2645 2494 2733 2542 est
2765 2504 2865 2559 per
2883 2486 3127 2543 rimulae
3157 2493 3213 2543 et
3234 2504 3533 2544 cavernas.
3560 2488 3730 2556 Quid,

2083 2592 2216 2632 cum
2252 2575 2553 2631 domestici
2586 2592 2682 2632 eos
2715 2577 2880 2632 vobis
2911 2577 3208 2648 prodant?
3240 2578 3457 2633 Omnes
3487 2594 3519 2632 a
3552 2577 3731 2633 nullis

2080 2665 2268 2736 magis
2299 2664 2622 2737 prodimur,
2649 2670 2867 2736 quanto
2898 2666 3107 2738 magis,
3153 2666 3201 2721 si
3263 2666 3539 2723 atrocitas
3567 2671 3735 2724 tanta

2087 2754 2180 2825 sit,
2214 2771 2342 2824 quas
2375 2752 2611 2825 justitia
2640 2754 3066 2826 indignationis
3096 2771 3329 2811 omnem
3362 2755 3730 2812 familiarita-

2077 2843 2155 2899 tis
2206 2843 2379 2898 fidem
2430 2843 2673 2914 rumpit,
2733 2860 2848 2899 non
2892 2844 3147 2915 potuerit
3195 2844 3513 2915 continere,
3573 2846 3725 2916 quod

2079 2931 2324 2997 horruit,
2361 2947 2547 2997 mens,
2581 2933 2732 3001 quod
2764 2932 3016 3002 expavit,
3048 2932 3296 2988 oculus?
3319 2932 3436 2988 Hoc
3501 2949 3733 3004 quoque

2080 3021 2315 3089 mirum,
2350 3019 2398 3073 si
2432 3025 2487 3074 et
2517 3018 2634 3085 ille,
2668 3020 2766 3090 qui
2801 3026 2962 3075 tanto
2990 3020 3369 3092 impatientius
3404 3023 3540 3091 jure
3595 3038 3730 3093 pro-

2078 3107 2261 3175 siluit,
2297 3107 2521 3163 deferre
2552 3113 2609 3162 et
2641 3124 2754 3162 non
2788 3109 3035 3179 probare
3082 3110 3279 3181 gestit,
3336 3115 3393 3165 et
3448 3109 3564 3181 ille,
3624 3110 3725 3181 qui

2078 3197 2284 3264 audiit,
2310 3213 2422 3252 non
2457 3200 2514 3251 et
2541 3196 2560 3230 ⁷
2590 3196 2783 3253 videre
2815 3196 3076 3265 curavit;
3113 3198 3402 3268 siquidem
3448 3215 3554 3269 par
3608 3199 3729 3253 fru-

2080 3290 2210 3341 ctus
2242 3290 2329 3341 est
2357 3290 2414 3340 et
2445 3284 2741 3353 delatoris,
2802 3286 2849 3341 si
2909 3287 3062 3357 quod
3120 3286 3332 3343 detulit
3388 3287 3613 3359 probet,
3674 3292 3732 3343 et

2078 3373 2382 3441 auditoris,
2417 3374 2465 3428 si
2499 3374 2652 3445 quod
2687 3374 2851 3429 audit
2878 3376 3054 3431 etiam
3106 3375 3219 3429 sibi
3264 3377 3479 3432 credat.
3542 3377 3729 3442 Tunc,

2078 3463 2342 3536 inquitis,
2379 3462 2562 3534 primo
2594 3462 2852 3518 delatum
2884 3470 2940 3519 et
2968 3463 3293 3520 exbibitum
3324 3470 3432 3533 est,
3459 3465 3729 3521 auditum

2079 3559 2135 3608 et
2157 3553 2486 3623 inspectum
2521 3556 2629 3617 cst,
2662 3556 2836 3622 atque
2866 3553 3075 3608 exinde
3126 3555 3293 3610 famas
3351 3555 3730 3611 commenda-

2083 3647 2228 3698 tum.
2264 3641 2381 3696 Hoc
2413 3640 2650 3712 quidem
2684 3642 3094 3713 superscendit
3132 3660 3365 3699 omnem
3394 3643 3728 3701 admiratio-

2081 3748 2233 3798 nem,
2266 3730 2315 3785 si
2347 3728 2527 3785 semel
2555 3730 2985 3801 deprehensum
3012 3738 3102 3787 est
3127 3734 3281 3803 quod
3341 3750 3571 3805 semper
3624 3734 3733 3788 ad-

2081 3820 2354 3886 mittitur,
2390 3818 2501 3873 nisi
2524 3818 2846 3874 desivimus
2868 3820 2995 3889 jam
3026 3819 3165 3876 talia
3188 3820 3478 3877 factitare.
3509 3823 3729 3893 Atquin

2081 3913 2138 3964 et
2168 3908 2324 3963 idem
2344 3923 2644 3976 vocamur,
2675 3910 2732 3962 et
2760 3907 2818 3963 in
2852 3907 3060 3964 iisdem
3110 3909 3485 3981 deputamur,
3544 3913 3600 3966 et
3656 3910 3729 3967 de

1744 4018 1947 4080 Variae
1976 4016 2296 4078 lectiones.

392 4114 412 4150 ⁷
439 4115 655 4188 Rigalt.
689 4133 805 4173 non
837 4120 894 4173 et
922 4117 1168 4190 probare
1196 4148 1264 4161 -—
1294 4121 1351 4174 et
1381 4134 1496 4174 non
1526 4116 1744 4173 videre.

1759 4202 2275 4269 Commentarius.

329 4310 761 4369 mitianireditu
799 4314 886 4369 sic
918 4313 999 4370 ait
1023 4332 1035 4369 :

384 4407 566 4472 Certus
596 4411 745 4461 abest
777 4415 981 4472 auctor,
1013 4411 1103 4461 sed
1135 4426 1240 4461 vox
1269 4412 1372 4461 hoc
1401 4411 1615 4462 nuntiat
1663 4411 1855 4460 omnis.

384 4471 548 4522 Crcdo
579 4474 694 4533 tibi,
730 4488 917 4524 verum
952 4471 1145 4532 dicere,
1168 4478 1325 4534 fama,
1358 4474 1516 4525 soles.

325 4558 395 4614 Ut
426 4561 705 4617 nimirum
738 4562 905 4618 illum
937 4561 1213 4619 falsitatis
1245 4579 1379 4618 cum
1439 4563 1594 4618 fama
1643 4560 1968 4619 deprehen-

328 4579 395 4614 υι
426 4579 705 4617 nimirum
738 4579 905 4618 mum
937 4579 1213 4619 raisitaus
1245 4579 1379 4618 cum
1439 4579 1594 4618 rama
1643 4579 1712 4617 ue
1758 4579 1963 4617 reuen-

321 4632 421 4715 dat
439 4640 496 4688 et
524 4634 847 4715 convincat.
882 4635 1184 4715 Legendus
1232 4634 1583 4715 Plutarchus
1600 4634 1671 4715 ‘in
1698 4579 1963 4715 (famam-

321 4704 484 4759 m'bus
540 4707 818 4761 Romanis.
877 4704 1084 4769 quaest.
1142 4706 1355 4761 5εΔιὰ
1403 4706 1456 4759 τί
1532 4704 1659 4767 τοὺς
1713 4705 1959 4769 τεθνάναι

323 4723 484 4759 mou:
540 4723 818 4761 Immanis.
919 4723 1084 4761 uacet.
1142 4723 1178 4761 τ)
1209 4723 1222 4761 :
1258 4723 1355 4759 Δια
1403 4723 1456 4759 τι
1532 4725 1659 4767 τους
1713 4723 1959 4769 τεθναναι

323 4774 687 4850 φημισθέντας
745 4775 830 4831 ἐπὶ
877 4723 1047 4869 (ξένης
1098 4773 1311 4849 ψευδῶς
1345 4821 1360 4847 ,
1419 4775 1515 4831 κᾶν
1574 4775 1958 4847 δπανέλθωσιν,

323 4847 383 4901 οὐ
443 4845 695 4903 δέγονται
760 4849 895 4903 κατὰ
952 4849 1137 4903 θυοας.
1174 4846 1320 4903 ἁλλὰ
1374 4852 1453 4903 τῶ
1507 4847 1731 4903 modum
1790 4868 1959 4903 ποοσ-

323 4867 383 4901 ου
443 4867 695 4923 οεχονται
760 4867 895 4903 κατα
952 4867 1137 4921 υυρας,
1174 4867 1320 4903 aut/to.
1374 4870 1453 4920 τῳ
1507 4869 1731 4922 κεραμῳ
1790 4868 1957 4922 προσ-

322 4913 595 4983 ϐαίνοντες
650 4918 778 4974 εἶ’σω
835 4926 1079 4995 καθιᾶσιν
1113 4919 1307 4995 αἰέν-τούς
1343 4937 1357 4989 ;
1392 4923 1559 4995 fama
1594 4924 1807 4995 quippe
1834 4922 1957 4975 ἀθυ-

323 5011 592 5066 ροστομος
622 5010 747 5066 seu,
796 5000 873 5066 ut_
906 4994 1083 5049 habet
1120 4993 1363 5066 Nicetes
1384 4993 1718 5063 Choniates,
1762 4996 1821 5049 in
1850 4997 1959 5048 An-

321 5063 594 5138 dronicio
655 5063 1068 5138 ἁθυρογλωττος
1150 5065 1245 5121 Sic
1309 5065 1604 5138 Thebaidos
1666 5082 1749 5137 ιιι,
1805 5068 1963 5136 facta

320 5138 532 5208 infecta
575 5137 728 5209 loqui
759 5137 928 5209 posse
960 5139 1194 5205 dicitur,
1226 5142 1283 5194 et
1312 5139 1467 5209 apud
1498 5137 1699 5193 Claud.
1760 5143 1960 5194 contra

319 5213 557 5282 EutrOp.
588 5209 691 5265 lib.
724 5224 802 5264 II:

378 5309 492 5358 Jam
524 5322 659 5372 vaga
690 5306 973 5372 pallentem
1003 5306 1181 5357 densis
1210 5307 1501 5358 terroribus
1526 5306 1720 5357 aulam.

380 5373 543 5422 Fama
575 5371 765 5435 quatit.

388 5462 499 5533 (16)
530 5461 648 5515 Non
676 5457 961 5533 mendacio
1005 5459 1339 5533 plurimum.
1380 5459 1480 5533 iSic
1534 5459 1712 5533 habet
1758 5473 1956 5533 exem-

318 5530 448 5605 plar
469 5530 779 5605 Agobardi.
806 5530 1265 5605 Emendabimus
1299 5531 1522 5605 reddita
1551 5530 1810 5605 litterula
1831 5546 1961 5601 quas

317 5602 560 5662 excidit:
595 5626 623 5653 ‹‹
657 5603 782 5659 Non
814 5602 1148 5675 mendacior
1175 5603 1496 5675 plurimun.
1534 5624 1563 5653 »
1594 5604 1717 5675 Βισ,

387 5675 794 5748 (t7)AQuate_m
870 5672 1202 5748 prodiciqm‘.
1270 5674 1598 5748 Prodiciam
1654 5674 1749 5748 hic
1794 5674 1962 5748 vocat

316 5742 495 5821 quam
521 5742 997 5820 in'Apologetico,
1027 5742 1305 5803 indicem.
1336 5749 1519 5814 Hanc,
1551 5743 1763 5818 inquit,
1807 5742 1959 5801 iudi-

2081 4325 2205 4365 cem
2238 4307 2520 4381 adversus
2552 4324 2657 4362 nos
2691 4308 2981 4381 profertis,
3015 4325 3166 4381 quae,
3201 4311 3354 4380 quod
3408 4309 3723 4381 aliquando

2072 4379 2343 4452 jactavit,
2380 4382 2662 4452 tantoque
2696 4378 2891 4452 spacio
2924 4380 2981 4434 in
3013 4378 3348 4452 opinionem
3381 4378 3722 4438 corrobora-

2078 4450 2179 4521 vit,
2209 4467 2396 4522 usque
2427 4450 2616 4505 adhuc
2649 4451 2893 4521 probare
2923 4450 3270 4507 nonvvaluit.
3304 4453 3430 4507 Bia.

2149 4523 2257 4595 (18)
2292 4521 2554 4595 Principe
2581 4521 2837 4590 Augusto,
2870 4528 2977 4577 etc.
3014 4529 3158 4595 Dum
3205 4541 3401 4579 rerum
3461 4522 3719 4594 potieba-

2077 4593 2175 4650 tur
2202 4597 2499 4666 Augusgtus
2531 4593 2672 4666 imp.
2708 4599 2882 4649 natus
2940 4599 3060 4666 est”
3084 4594 3350 4651 Christus
3402 4593 3712 4666 Deminus,

1995 4641 2043 4707 Ῑ)
2076 4641 2353 4750 regnante
2383 4641 2847 4750 Tiberiormortis
2872 4664 3225 4750 supplicium
3250 4684 3565 4750 perpessus
3586 4641 3715 4735 est:

2071 4744 2129 4794 at
2146 4736 2482 4819 imperante
2512 4736 2738 4818 Nerone
2766 4736 3092 4823 persecutio
3147 4736 3493 4823 gravissima
3518 4755 3720 4823 nexor-

2069 4815 2130 4866 ta
2158 4807 2265 4875 est,
2300 4809 2357 4863 in
2388 4824 2505 4882 qua
2536 4807 2816 4882 nimirum
2843 4807 3180 4882 interempti
3210 4816 3350 4867 sunt
3370 4810 3557 4867 sancti
3615 4811 3718 4868 Pc-

2069 4887 2196 4938 trus
2226 4887 2283 4937 et
2312 4879 2549 4935 Paulus.
2584 4880 2682 4933 LE.
2716 4879 2814 4934 Pa.

2144 4953 2254 5025 (19)
2308 4954 2481 5023 Igitur
2531 4952 2692 5025 artati
2746 4959 2949 5008 nostra:
2988 4951 3242 5025 nondum
3296 4954 3435 5008 anni
3488 4953 3645 5025 250.
3676 4953 3717 5008 Δ

2076 5024 2214 5081 nato
2238 5024 2474 5080 Christo
2504 5024 2575 5079 ad
2605 5025 2876 5095 seveJum
2910 5024 3020 5079 sub
3053 5040 3167 5095 quo
3196 5025 3345 5079 vixit
3404 5024 3716 5081 Tertullia-

2070 5114 2204 5161 nus,
2244 5096 2505 5151 nondum
2540 5094 2676 5149 anni
2706 5094 2813 5149 250
2842 5094 3208 5153 efﬂuxerant.
3269 5096 3412 5151 Nam
3473 5095 3715 5152 Eboraci

2071 5170 2131 5223 in
2167 5168 2464 5224 Britannia
2494 5165 2733 5235 majoris
2764 5166 2868 5220 ﬁlii
2920 5167 3228 5224 Caracallaa
3274 5167 3512 5223 insidiis
3544 5167 3720 5238 periit

2072 5241 2225 5296 circa
2256 5257 2349 5295 an.
2383 5239 2485 5294 Ch.
2516 5240 2643 5304 211,
2675 5238 3049 5308 regnavitque
3080 5240 3398 5295 oclodecim
3435 5240 3553 5293 fere
3608 5255 3716 5293 an-

2072 5313 2189 5379 nis,
2221 5313 2376 5366 unde
2407 5314 2565 5382 patet
2595 5310 2855 5382 nondum
2884 5308 3183 5369 efﬂuxisse
3212 5328 3397 5367 annos
3426 5311 3498 5365 50
3528 5308 3715 5365 astatis

2069 5381 2554 5441 Christianorum.
2586 5381 2762 5436 Idem.

2140 5456 2251 5527 (20)
2290 5457 2378 5510 Tot
2408 5469 2589 5527 cruces
2618 5452 3124 5527 divinitatemetc.
3175 5453 3390 5527 Tiberii
3440 5452 3713 5527 immani-

2068 5523 2158 5583 tas
2189 5523 2283 5582 hic
2315 5523 2810 5598 reprehenditur,
2858 5524 3157 5598 cujus_ea
3216 5525 3335 5598 fuit
3380 5523 3601 5598 saevitia
3659 5528 3715 5579 et

2069 5594 2689 5671 sanguinis'l‘undendi
2718 5595 2867 5663 sitis,
2901 5601 3017 5651 uta
3039 5596 3419 5671 Constantino
3444 5596 3715 5653 Manasse

2068 5672 2127 5742 in
2158 5668 2356 5742 Ᾱῃῃαι.
2391 5670 2615 5726 dicetur
2644 5668 2844 5742 tutum
2878 5670 3150 5742 sanguine
3199 5669 3544 5742 permistum,
3604 5688 3713 5738 πη-

2068 5738 2163 5804 λὸς
2197 5736 2384 5815 α’ίματι
2415 5734 2755 5817 πιφυρμᾶνος
2784 5735 2949 5797 Idem.
